Timestamp,Price,Size
2024-09-17 10:53:00.021,414.9679576915261,8
2024-09-17 10:53:00.037,414.9514648813119,996
2024-09-17 10:53:00.132,414.9887210397329,996
2024-09-17 10:53:00.148,414.947914962811,100
2024-09-17 10:53:00.164,414.9545304255115,8
2024-09-17 10:53:00.172,414.9379379265812,104
2024-09-17 10:53:00.184,414.9515347861299,100
2024-09-17 10:53:00.278,414.95716741800766,103
2024-09-17 10:53:00.383,414.9531567997519,998
2024-09-17 10:53:00.558,414.9569446980413,1003
2024-09-17 10:53:00.559,414.9427735056712,1000
2024-09-17 10:53:00.591,414.9860688038473,15
2024-09-17 10:53:00.689,415.0002468181431,11
2024-09-17 10:53:00.713,414.99367372715176,1003
2024-09-17 10:53:00.830,414.9766803515871,1003
2024-09-17 10:53:00.992,414.949355901308,13
2024-09-17 10:53:01.066,415.0855224265898,1005
2024-09-17 10:53:01.187,415.0202540482054,1003
2024-09-17 10:53:01.218,415.0255404006621,1000
2024-09-17 10:53:01.235,415.04080187498926,996
2024-09-17 10:53:01.328,415.0274346639525,996
2024-09-17 10:53:01.350,415.047833684845,12
2024-09-17 10:53:01.370,415.08400781775714,1002
2024-09-17 10:53:01.432,415.0414831253911,1001
2024-09-17 10:53:01.532,414.9459212812605,10
2024-09-17 10:53:01.554,415.0393343771527,997
2024-09-17 10:53:01.564,415.0838895087602,101
2024-09-17 10:53:01.586,415.0678388156129,995
2024-09-17 10:53:01.603,414.992942093483,95
2024-09-17 10:53:01.631,414.9723913050576,10
2024-09-17 10:53:01.664,415.0460844937639,100
2024-09-17 10:53:01.695,415.0362307057197,96
2024-09-17 10:53:01.787,414.9518400171215,999
2024-09-17 10:53:01.812,414.957514080008,5
2024-09-17 10:53:01.820,414.9671281277813,96
2024-09-17 10:53:01.851,415.0316819666991,1000
2024-09-17 10:53:01.950,415.04420766358334,14
2024-09-17 10:53:01.957,414.9826122175803,13
2024-09-17 10:53:01.980,415.0398358826647,998
2024-09-17 10:53:02.079,415.0276301311142,11
2024-09-17 10:53:02.107,415.02243422425965,999
2024-09-17 10:53:02.148,415.0107684998084,15
2024-09-17 10:53:02.189,415.0319906165949,102
2024-09-17 10:53:02.312,415.038600657476,95
2024-09-17 10:53:02.331,415.0113670760324,102
2024-09-17 10:53:02.398,415.0237292843495,997
2024-09-17 10:53:02.401,415.0326247262237,996
2024-09-17 10:53:02.423,414.99472403496446,11
2024-09-17 10:53:02.545,414.9991814089915,8
2024-09-17 10:53:02.557,415.085594080052,95
2024-09-17 10:53:02.565,415.0776125254695,14
2024-09-17 10:53:02.692,415.0631677560616,6
2024-09-17 10:53:02.739,414.9990296416608,995
2024-09-17 10:53:02.754,415.08451366280553,10
2024-09-17 10:53:02.798,414.99914829547447,999
2024-09-17 10:53:02.801,415.0715552977598,14
2024-09-17 10:53:02.808,415.0074711536982,104
2024-09-17 10:53:02.949,414.9926601861398,95
2024-09-17 10:53:02.969,414.9904300797919,1001
2024-09-17 10:53:03.014,414.9835101458044,1005
2024-09-17 10:53:03.020,415.0523363446722,101
2024-09-17 10:53:03.057,415.03599005792216,1002
2024-09-17 10:53:03.066,415.04388819349487,1005
2024-09-17 10:53:03.116,414.9713506428725,100
2024-09-17 10:53:03.140,414.9762251753141,104
2024-09-17 10:53:03.160,414.96956543613857,995
2024-09-17 10:53:03.163,415.0101908670128,996
2024-09-17 10:53:03.250,414.9930597667304,105
2024-09-17 10:53:03.259,414.9669907057057,10
2024-09-17 10:53:03.387,415.0281811372847,998
2024-09-17 10:53:03.433,415.0391136726998,104
2024-09-17 10:53:03.450,415.0230736186469,97
2024-09-17 10:53:03.475,415.0390175970423,7
2024-09-17 10:53:03.490,414.9826229404391,105
2024-09-17 10:53:03.509,414.9920577917124,96
2024-09-17 10:53:03.569,415.02017527160655,99
2024-09-17 10:53:03.644,414.9863667707438,7
2024-09-17 10:53:03.727,415.018231119974,9
2024-09-17 10:53:03.795,414.9366954881556,1004
2024-09-17 10:53:03.804,414.9727266416231,98
2024-09-17 10:53:03.836,414.9902461156616,104
2024-09-17 10:53:03.918,414.9829454835345,13
2024-09-17 10:53:03.930,414.984016675154,103
2024-09-17 10:53:03.941,414.9341851337082,8
2024-09-17 10:53:04.060,414.9589302681577,12
2024-09-17 10:53:04.092,414.9497672466434,6
2024-09-17 10:53:04.099,414.8947850611556,13
2024-09-17 10:53:04.114,414.9158020487208,99
2024-09-17 10:53:04.131,414.92899001838254,9
2024-09-17 10:53:04.146,414.9384720981556,1002
2024-09-17 10:53:04.171,414.9613524166919,998
2024-09-17 10:53:04.187,414.953111999751,9
2024-09-17 10:53:04.318,414.94516500918974,10
2024-09-17 10:53:04.332,414.9338825752354,11
2024-09-17 10:53:04.340,414.9508294001295,10
2024-09-17 10:53:04.429,414.9403915194436,98
2024-09-17 10:53:04.468,414.9413465590339,9
2024-09-17 10:53:04.537,414.93529951205954,1005
2024-09-17 10:53:04.577,-414.9458278265244,1005
2024-09-17 10:53:04.658,414.9499062971759,6
2024-09-17 10:53:04.690,414.9532084571158,1005
2024-09-17 10:53:04.716,414.9509242908593,97
2024-09-17 10:53:04.774,414.9411499432216,6
2024-09-17 10:53:04.793,414.92868138605,10
2024-09-17 10:53:04.814,414.93583872006303,1004
2024-09-17 10:53:04.815,414.9644493562195,7
2024-09-17 10:53:04.881,414.948462023654,103
2024-09-17 10:53:04.903,414.9456103122158,1002
2024-09-17 10:53:04.911,414.9053115586085,95
2024-09-17 10:53:04.921,414.95113871007817,96
2024-09-17 10:53:04.936,414.914341142206,99
2024-09-17 10:53:04.937,414.8858013114687,1000
2024-09-17 10:53:04.939,414.9423289917178,996
2024-09-17 10:53:04.988,414.9428857536217,998
2024-09-17 10:53:05.382,414.901771508787,1005
2024-09-17 10:53:06.066,414.9260852968266,9
2024-09-17 10:53:06.076,414.9093738673152,101
2024-09-17 10:53:06.103,414.926016922376,998
2024-09-17 10:53:06.128,414.9141488212021,102
2024-09-17 10:53:06.160,414.932068426484,95
2024-09-17 10:53:06.186,414.92269147361736,5
2024-09-17 10:53:06.320,414.91250412477336,1002
2024-09-17 10:53:06.421,414.93838271854406,999
2024-09-17 10:53:06.438,414.925983137386,1000
2024-09-17 10:53:06.449,414.9372576773157,101
2024-09-17 10:53:06.483,414.9231480027185,1000
2024-09-17 10:53:06.604,414.95521969033126,96
2024-09-17 10:53:06.609,414.9308703872391,1004
2024-09-17 10:53:06.660,414.9232389269956,102
2024-09-17 10:53:06.882,414.9275088356496,1001
2024-09-17 10:53:06.896,414.9498909777096,15
2024-09-17 10:53:06.908,414.9301285588664,8
2024-09-17 10:53:06.942,414.9222347267632,12
2024-09-17 10:53:07.112,414.8619153106641,11
2024-09-17 10:53:07.118,414.88980674567017,997
2024-09-17 10:53:07.248,414.8879128364646,103
2024-09-17 10:53:07.284,414.8925170594523,1002
2024-09-17 10:53:07.354,414.8768978596695,95
2024-09-17 10:53:07.388,414.8729425328418,7
2024-09-17 10:53:07.395,414.8969606287616,105
2024-09-17 10:53:07.674,414.8824271810265,14
2024-09-17 10:53:07.699,414.87391373433024,6
2024-09-17 10:53:07.795,414.9187504504156,5
2024-09-17 10:53:07.842,414.8851644355123,101
2024-09-17 10:53:07.887,414.8854198402968,9
2024-09-17 10:53:07.900,414.8701566694599,95
2024-09-17 10:53:07.957,414.8683339543335,996
2024-09-17 10:53:07.984,414.8685521922108,1004
2024-09-17 10:53:08.123,414.8800323915101,102
2024-09-17 10:53:08.220,414.89339369293134,996
2024-09-17 10:53:08.222,414.8879279318605,100
2024-09-17 10:53:08.275,-414.9289866769243,102
2024-09-17 10:53:08.286,414.8859913971223,99
2024-09-17 10:53:08.302,41.49010143233669,14
2024-09-17 10:53:08.314,414.904811197658,103
2024-09-17 10:53:08.373,41.48902796316196,6
2024-09-17 10:53:08.639,414.8957283515082,6
2024-09-17 10:53:08.664,414.9015000005831,11
2024-09-17 10:53:08.669,414.8859078591468,102
2024-09-17 10:53:08.679,414.90625605421,100
2024-09-17 10:53:08.693,414.89840003018816,14
2024-09-17 10:53:08.699,414.8817025026125,7
2024-09-17 10:53:08.757,414.9176292406083,1005
2024-09-17 10:53:08.771,414.9138592889658,99
2024-09-17 10:53:08.777,414.8933630979096,995
2024-09-17 10:53:08.850,414.9165691577479,12
2024-09-17 10:53:08.932,414.9298277549847,1005
2024-09-17 10:53:08.948,414.8823483046082,11
2024-09-17 10:53:08.991,414.9036412516468,995
2024-09-17 10:53:09.253,414.9333297064226,10
2024-09-17 10:53:09.383,414.8917302418413,997
2024-09-17 10:53:09.428,414.93386530617136,99
2024-09-17 10:53:09.542,414.9083750620989,101
2024-09-17 10:53:09.577,414.9253147228043,103
2024-09-17 10:53:09.651,414.92263843689415,13
2024-09-17 10:53:09.703,414.88151042417815,102
2024-09-17 10:53:09.732,414.8955586303371,1004
2024-09-17 10:53:10.063,414.92151145747295,1004
2024-09-17 10:53:10.067,414.8530962646444,14
2024-09-17 10:53:10.094,414.8726770111535,1004
2024-09-17 10:53:10.095,414.854703119795,97
2024-09-17 10:53:10.153,414.8761254669847,1003
2024-09-17 10:53:10.193,414.87135389379614,98
2024-09-17 10:53:10.213,414.8654278794259,95
2024-09-17 10:53:10.266,414.8988550797101,1004
2024-09-17 10:53:10.412,414.8677200144345,10
2024-09-17 10:53:10.452,414.8728929627258,95
2024-09-17 10:53:10.470,414.87470879849394,97
2024-09-17 10:53:10.534,414.88839471236025,7
2024-09-17 10:53:10.551,414.8689728875156,1004
2024-09-17 10:53:10.708,414.8565493594229,104
2024-09-17 10:53:10.865,414.88077249692986,1002
2024-09-17 10:53:10.882,414.8811375480102,5
2024-09-17 10:53:10.894,414.8766742622777,14
2024-09-17 10:53:10.930,414.87023176381496,1003
2024-09-17 10:53:10.962,414.88897331479865,14
2024-09-17 10:53:10.971,414.9047778864369,6
2024-09-17 10:53:10.995,414.8527866509784,997
2024-09-17 10:53:11.254,414.9152465794318,10
2024-09-17 10:53:11.329,414.9451083035459,995
2024-09-17 10:53:11.437,414.8987899718344,104
2024-09-17 10:53:11.636,414.9300394360307,6
2024-09-17 10:53:11.743,414.8997663469382,1002
2024-09-17 10:53:11.805,414.93860720684,13
2024-09-17 10:53:11.911,414.9160658872629,1003
2024-09-17 10:53:12.040,41.50089684942501,1000
2024-09-17 10:53:12.095,415.02894049487895,6
2024-09-17 10:53:12.121,415.0071677598,14
2024-09-17 10:53:12.196,414.9603987629665,101
2024-09-17 10:53:12.219,415.0224337609472,15
2024-09-17 10:53:12.242,414.9421950333826,7
2024-09-17 10:53:12.285,414.9637959479239,996
2024-09-17 10:53:12.503,414.9681338011076,997
2024-09-17 10:53:12.513,414.9565028311021,9
2024-09-17 10:53:12.575,415.0256348956361,14
2024-09-17 10:53:12.626,414.952202590662,11
2024-09-17 10:53:12.649,414.95631233915975,100
2024-09-17 10:53:12.652,415.0461980648989,1000
2024-09-17 10:53:12.743,414.9618087948431,5
2024-09-17 10:53:12.765,414.97405355556265,7
2024-09-17 10:53:12.783,414.9751891300824,5
2024-09-17 10:53:12.820,414.94831724427,102
2024-09-17 10:53:12.905,414.9491662084457,8
2024-09-17 10:53:12.920,414.9462566686309,104
2024-09-17 10:53:12.985,,7
2024-09-17 10:53:13.331,414.9982156308442,5
2024-09-17 10:53:13.533,414.98942364152464,99
2024-09-17 10:53:13.754,414.9739287329127,7
2024-09-17 10:53:13.904,415.01425485725406,102
2024-09-17 10:53:14.071,414.9547601654139,97
2024-09-17 10:53:14.109,414.9577812374757,102
2024-09-17 10:53:14.753,414.95960038660326,996
2024-09-17 10:53:14.786,414.98914053876047,1002
2024-09-17 10:53:14.815,414.9711763737974,1004
2024-09-17 10:53:15.014,414.9593334008418,15
2024-09-17 10:53:15.027,414.9665224105243,996
2024-09-17 10:53:15.090,414.9530041573544,10
2024-09-17 10:53:15.098,414.9621823478344,1004
2024-09-17 10:53:15.174,414.9746185590169,100
2024-09-17 10:53:15.202,414.9466801311696,104
2024-09-17 10:53:15.302,414.9721328010871,9
2024-09-17 10:53:15.315,414.9777520438005,101
2024-09-17 10:53:15.349,414.9771675788724,999
2024-09-17 10:53:15.353,414.973057902398,5
2024-09-17 10:53:15.396,414.9608955749447,996
2024-09-17 10:53:15.425,414.9737926517201,6
2024-09-17 10:53:15.476,414.9896122798468,1005
2024-09-17 10:53:15.544,414.9399326326644,103
2024-09-17 10:53:15.614,414.9777561205457,1001
2024-09-17 10:53:15.617,414.9620759284482,12
2024-09-17 10:53:15.618,414.9680964670421,99
2024-09-17 10:53:15.638,414.93620687797664,7
2024-09-17 10:53:15.648,414.9478829338065,96
2024-09-17 10:53:15.650,414.91373239847786,14
2024-09-17 10:53:15.715,414.9286621622778,11
2024-09-17 10:53:15.729,414.9458086511176,1001
2024-09-17 10:53:15.926,414.9321429573265,100
2024-09-17 10:53:15.950,414.9791937793421,99
2024-09-17 10:53:15.955,414.9632877830793,96
2024-09-17 10:53:16.029,415.01361162733286,1001
2024-09-17 10:53:16.043,415.0077452577071,102
2024-09-17 10:53:16.083,414.9996375721343,7
2024-09-17 10:53:16.227,415.0035741342844,104
2024-09-17 10:53:16.366,414.9903988732188,12
2024-09-17 10:53:16.383,41.49806880256198,95
2024-09-17 10:53:16.537,415.003701811458,1001
2024-09-17 10:53:16.603,415.0021252479453,95
2024-09-17 10:53:16.647,414.9903562502244,105
2024-09-17 10:53:16.917,414.9864595560217,12
2024-09-17 10:53:16.919,414.9918976867506,9
2024-09-17 10:53:16.953,414.9773074396221,9
2024-09-17 10:53:17.073,414.9711918481252,12
2024-09-17 10:53:17.140,414.9848232793065,12
2024-09-17 10:53:17.150,414.96501059676376,15
2024-09-17 10:53:17.167,414.974617240818,1001
2024-09-17 10:53:17.180,414.9686146570764,101
2024-09-17 10:53:17.187,414.9823228869905,12
2024-09-17 10:53:17.328,414.9904845325139,11
2024-09-17 10:53:17.374,414.98439883520535,1000
2024-09-17 10:53:17.458,414.9722217661415,13
2024-09-17 10:53:17.512,414.9723889562934,14
2024-09-17 10:53:17.652,414.9977447342258,1004
2024-09-17 10:53:17.728,414.9812772013094,96
2024-09-17 10:53:17.813,414.9695435594157,15
2024-09-17 10:53:17.940,414.9772915614486,1003
2024-09-17 10:53:17.947,414.97895510398,13
2024-09-17 10:53:18.042,414.94579687735694,102
2024-09-17 10:53:18.074,414.87494575837655,8
2024-09-17 10:53:18.126,414.8779030185387,9
2024-09-17 10:53:18.147,414.8994107440321,997
2024-09-17 10:53:18.149,414.8984677886933,14
2024-09-17 10:53:18.200,414.89222093821286,1001
2024-09-17 10:53:18.201,414.8941624043211,1000
2024-09-17 10:53:18.298,414.8840663490052,1004
2024-09-17 10:53:18.319,414.9140269493667,96
2024-09-17 10:53:18.346,414.92590299015376,5
2024-09-17 10:53:18.354,414.9999365570556,99
2024-09-17 10:53:18.368,414.8975285971731,15
2024-09-17 10:53:18.419,-414.90463516762384,12
2024-09-17 10:53:18.450,414.8875959942266,102
2024-09-17 10:53:18.486,414.8750363362189,15
2024-09-17 10:53:18.519,414.9066531581721,104
2024-09-17 10:53:18.552,414.8957122342831,8
2024-09-17 10:53:18.556,414.90778872720784,12
2024-09-17 10:53:18.640,414.90253865944544,102
2024-09-17 10:53:18.645,414.9139321404015,13
2024-09-17 10:53:18.649,414.9080179792259,97
2024-09-17 10:53:18.689,414.9023099412466,13
2024-09-17 10:53:18.736,414.8851714502846,102
2024-09-17 10:53:18.737,414.8754627375104,5
2024-09-17 10:53:18.866,414.87831283841376,15
2024-09-17 10:53:18.897,414.9767476280446,101
2024-09-17 10:53:18.908,414.8911814451242,105
2024-09-17 10:53:18.932,414.9646161671863,14
2024-09-17 10:53:18.975,414.9156993326958,9
2024-09-17 10:53:19.011,414.96448192972366,98
2024-09-17 10:53:19.013,414.9510423187422,1001
2024-09-17 10:53:19.081,414.9494828650281,7
2024-09-17 10:53:19.093,414.960090133792,14
2024-09-17 10:53:19.122,414.9185959735989,1004
2024-09-17 10:53:19.136,414.954416545563,13
2024-09-17 10:53:19.137,414.9307881599183,10
2024-09-17 10:53:19.210,414.9345935826525,1004
2024-09-17 10:53:19.298,414.9555494108573,96
2024-09-17 10:53:19.348,414.9457918932359,105
2024-09-17 10:53:19.427,414.9447276556856,10
2024-09-17 10:53:19.430,414.92187536786,96
2024-09-17 10:53:19.432,414.9245446602251,96
2024-09-17 10:53:19.483,414.9368321818252,8
2024-09-17 10:53:19.526,414.9476804350879,1002
2024-09-17 10:53:19.557,414.9160025641042,5
2024-09-17 10:53:19.575,414.96937834786087,14
2024-09-17 10:53:19.617,414.9644179582992,102
2024-09-17 10:53:19.643,414.9373216501559,15
2024-09-17 10:53:19.659,414.9673671051839,9
2024-09-17 10:53:19.713,414.9589662398936,101
2024-09-17 10:53:19.718,414.9174239080717,15
2024-09-17 10:53:19.725,414.9285168106168,1001
2024-09-17 10:53:19.740,414.9513129177241,14
2024-09-17 10:53:19.756,414.95122711767743,9
2024-09-17 10:53:19.766,414.9248219106661,1005
2024-09-17 10:53:19.800,414.9427311815542,101
2024-09-17 10:53:19.890,-414.9471340029572,13
2024-09-17 10:53:19.974,414.9138557365061,1000
2024-09-17 10:53:19.993,414.9581389326965,995
2024-09-17 10:53:20.132,414.9565474122559,11
2024-09-17 10:53:20.245,414.9675428231153,15
2024-09-17 10:53:20.430,414.9434235665344,8
2024-09-17 10:53:20.741,414.9555166920904,8
2024-09-17 10:53:21.057,414.9354765206082,5
2024-09-17 10:53:21.093,414.9464326647228,1005
2024-09-17 10:53:21.196,414.9239160985944,13
2024-09-17 10:53:21.241,414.93566576849776,997
2024-09-17 10:53:21.280,414.9344342255194,99
2024-09-17 10:53:21.314,414.9295633889368,103
2024-09-17 10:53:21.331,414.8993986632499,11
2024-09-17 10:53:21.357,414.89186168689656,96
2024-09-17 10:53:21.378,414.8768405636627,102
2024-09-17 10:53:21.379,414.9229551655651,101
2024-09-17 10:53:21.576,414.9464815787954,8
2024-09-17 10:53:21.717,414.90353295852265,100
2024-09-17 10:53:21.917,414.9201002869077,97
2024-09-17 10:53:21.926,414.9003959588198,103
2024-09-17 10:53:21.942,414.8789559604414,103
2024-09-17 10:53:22.099,414.8765953916755,996
2024-09-17 10:53:22.191,414.7818766568644,1000
2024-09-17 10:53:22.213,414.8997036372903,97
2024-09-17 10:53:22.247,414.8421055645561,99
2024-09-17 10:53:22.397,414.7824526105466,1005
2024-09-17 10:53:22.418,414.8487398482825,13
2024-09-17 10:53:22.519,414.772257082209,995
2024-09-17 10:53:22.544,414.8925132828869,9
2024-09-17 10:53:22.574,414.8402793469389,6
2024-09-17 10:53:22.688,414.775180959099,1003
2024-09-17 10:53:22.695,414.8302076383325,13
2024-09-17 10:53:22.728,414.7600696722291,15
2024-09-17 10:53:22.736,414.7978754846702,9
2024-09-17 10:53:22.756,414.764612973789,995
2024-09-17 10:53:23.072,414.7533362947559,13
2024-09-17 10:53:23.077,414.766446937179,10
2024-09-17 10:53:23.111,414.7885145786746,999
2024-09-17 10:53:23.179,414.7618675092376,105
2024-09-17 10:53:23.190,414.7835962553196,96
2024-09-17 10:53:23.315,414.7624193945841,1001
2024-09-17 10:53:23.838,414.78249394306033,1000
2024-09-17 10:53:23.894,414.7515038742694,97
2024-09-17 10:53:24.066,414.7574544630222,96
2024-09-17 10:53:24.102,414.7229217026797,105
2024-09-17 10:53:24.199,414.7397490665167,95
2024-09-17 10:53:24.209,414.7526316679907,95
2024-09-17 10:53:24.236,414.70787939546346,7
2024-09-17 10:53:24.413,414.7311013462578,996
2024-09-17 10:53:24.476,414.7111168028048,12
2024-09-17 10:53:24.490,414.7222530707927,96
2024-09-17 10:53:24.549,414.75666778640834,104
2024-09-17 10:53:24.555,414.73229141673175,102
2024-09-17 10:53:24.619,414.73116642956086,1002
2024-09-17 10:53:24.628,414.7057907186821,100
2024-09-17 10:53:24.670,414.7350995625593,5
2024-09-17 10:53:24.702,414.7311365059813,14
2024-09-17 10:53:24.733,414.7526691412887,103
2024-09-17 10:53:24.823,414.72494944525454,101
2024-09-17 10:53:24.870,414.7208844440016,13
2024-09-17 10:53:24.890,414.7224431558506,97
2024-09-17 10:53:24.937,414.72726167363146,96
2024-09-17 10:53:24.957,414.7201825860945,12
2024-09-17 10:53:25.003,414.70507314736886,10
2024-09-17 10:53:25.003,414.7223512537346,9
2024-09-17 10:53:25.170,414.7439586493695,96
2024-09-17 10:53:25.256,414.72291223615497,8
2024-09-17 10:53:25.258,414.7359503661491,999
2024-09-17 10:53:25.335,414.7367422914475,95
2024-09-17 10:53:25.377,414.7190936412752,104
2024-09-17 10:53:25.380,414.709112175996,97
2024-09-17 10:53:25.410,414.7337725794171,100
2024-09-17 10:53:25.436,414.7462612487207,10
2024-09-17 10:53:25.512,414.71226065411497,9
2024-09-17 10:53:25.624,414.7192912495847,104
2024-09-17 10:53:25.661,414.7334288639878,96
2024-09-17 10:53:25.699,414.7487501511174,8
2024-09-17 10:53:25.716,414.6970774411364,1001
2024-09-17 10:53:25.777,414.7026504519191,999
2024-09-17 10:53:25.793,414.7063595092192,97
2024-09-17 10:53:25.834,414.70903345787,996
2024-09-17 10:53:25.836,-414.7271034343897,999
2024-09-17 10:53:25.884,414.72395011186165,99
2024-09-17 10:53:25.929,414.7151947299927,96
2024-09-17 10:53:26.006,414.70103424765466,1000
2024-09-17 10:53:26.116,414.7113491650166,98
2024-09-17 10:53:26.154,414.7219190029165,1005
2024-09-17 10:53:26.175,414.706584317307,1000
2024-09-17 10:53:26.439,414.7270724080541,996
2024-09-17 10:53:26.509,414.7137677525904,999
2024-09-17 10:53:26.554,414.6469233432876,104
2024-09-17 10:53:26.610,414.6846576001177,996
2024-09-17 10:53:26.631,414.65477647439934,1004
2024-09-17 10:53:26.860,,1001
2024-09-17 10:53:26.934,414.6889300304257,996
2024-09-17 10:53:27.180,414.65746729107866,103
2024-09-17 10:53:27.264,414.6659591512637,101
2024-09-17 10:53:27.304,414.66464633326143,104
2024-09-17 10:53:27.342,414.65685548799,998
2024-09-17 10:53:27.401,414.6190854018232,8
2024-09-17 10:53:27.408,414.6576159658277,99
2024-09-17 10:53:27.689,-414.6273053718736,6
2024-09-17 10:53:28.024,414.6054601689671,12
2024-09-17 10:53:28.025,414.5938240882207,14
2024-09-17 10:53:28.107,414.614247542315,1002
2024-09-17 10:53:28.297,414.5943861952279,8
2024-09-17 10:53:28.298,414.5926830840783,15
2024-09-17 10:53:28.391,414.5965295044584,9
2024-09-17 10:53:28.391,414.60390812608574,99
2024-09-17 10:53:28.443,414.5862494793949,12
2024-09-17 10:53:28.676,414.59572299159856,12
2024-09-17 10:53:28.834,414.5966003718004,98
2024-09-17 10:53:28.935,414.59468191787647,95
2024-09-17 10:53:29.250,414.6335244914952,101
2024-09-17 10:53:29.678,414.6185307938037,1000
2024-09-17 10:53:29.750,414.6498590743741,995
2024-09-17 10:53:29.774,414.6327375371512,1000
2024-09-17 10:53:30.096,414.693157108576,6
2024-09-17 10:53:30.107,414.6685426305776,1003
2024-09-17 10:53:30.117,414.66024644412033,98
2024-09-17 10:53:30.141,414.70937121900334,998
2024-09-17 10:53:30.246,414.6377112554383,14
2024-09-17 10:53:30.305,414.6573160835644,1001
2024-09-17 10:53:30.476,414.6897354917469,1005
2024-09-17 10:53:30.583,414.6516663941848,100
2024-09-17 10:53:30.638,-414.6493953330806,95
2024-09-17 10:53:30.726,414.70293345267385,1000
2024-09-17 10:53:30.778,414.7194531679094,997
2024-09-17 10:53:30.805,,1004
2024-09-17 10:53:30.847,414.6648857428765,100
2024-09-17 10:53:31.013,414.6877228063796,1003
2024-09-17 10:53:31.091,414.6905804122208,995
2024-09-17 10:53:31.104,414.6851647430357,10
2024-09-17 10:53:31.462,414.6890859903569,104
2024-09-17 10:53:31.571,414.6933575003473,98
2024-09-17 10:53:31.591,414.6993224742287,6
2024-09-17 10:53:31.603,414.69706444696106,100
2024-09-17 10:53:31.641,414.6915271508066,103
2024-09-17 10:53:31.703,414.6867049650708,998
2024-09-17 10:53:31.728,414.72350201656144,15
2024-09-17 10:53:31.728,414.69086819169047,101
2024-09-17 10:53:31.797,414.66291760665695,997
2024-09-17 10:53:31.877,414.6780209354824,1003
2024-09-17 10:53:31.886,414.6903507715014,1005
2024-09-17 10:53:31.953,414.7029062047298,995
2024-09-17 10:53:32.002,414.63000866583735,996
2024-09-17 10:53:32.126,414.6428431650614,14
2024-09-17 10:53:32.208,414.6319063415976,12
2024-09-17 10:53:32.311,414.62580868095,104
2024-09-17 10:53:32.375,414.6366444719912,9
2024-09-17 10:53:32.471,414.6358938678756,104
2024-09-17 10:53:32.721,414.6607529916034,1000
2024-09-17 10:53:32.779,414.63578273434587,999
2024-09-17 10:53:32.805,414.64744608947376,995
2024-09-17 10:53:32.821,414.6177922817528,999
2024-09-17 10:53:33.007,414.63380856393815,104
2024-09-17 10:53:33.088,414.6160353615582,15
2024-09-17 10:53:33.201,414.6271500899039,101
2024-09-17 10:53:33.284,414.6355596586818,97
2024-09-17 10:53:33.350,414.64302595781527,99
2024-09-17 10:53:33.422,414.62549690483183,11
2024-09-17 10:53:33.478,414.630683536385,102
2024-09-17 10:53:33.478,414.6532584122806,97
2024-09-17 10:53:33.480,414.63369864585513,1005
2024-09-17 10:53:33.503,414.6335140046446,997
2024-09-17 10:53:33.534,414.6344182130202,104
2024-09-17 10:53:33.567,414.6203660037594,998
2024-09-17 10:53:33.656,,1002
2024-09-17 10:53:33.736,414.6106956454805,105
2024-09-17 10:53:33.771,414.63462314626287,1005
2024-09-17 10:53:33.786,414.6311958063556,13
2024-09-17 10:53:33.871,414.6269923399547,13
2024-09-17 10:53:33.942,414.6311607780094,9
2024-09-17 10:53:33.946,414.61965373086986,98
2024-09-17 10:53:34.025,414.66208787324206,1001
2024-09-17 10:53:34.038,414.6557519549855,98
2024-09-17 10:53:34.085,414.6188733488977,11
2024-09-17 10:53:34.108,414.6301207299803,999
2024-09-17 10:53:34.113,414.6641765204564,7
2024-09-17 10:53:34.144,414.66900701838415,999
2024-09-17 10:53:34.259,414.609565388209,13
2024-09-17 10:53:34.275,414.661819144803,104
2024-09-17 10:53:34.304,414.6500987100244,6
2024-09-17 10:53:34.322,414.6676512797085,1002
2024-09-17 10:53:34.377,414.6363075514288,103
2024-09-17 10:53:34.381,414.6146547229103,14
2024-09-17 10:53:34.412,414.6761577376363,999
2024-09-17 10:53:34.471,414.62799512381537,11
2024-09-17 10:53:34.542,414.6281770160561,1004
2024-09-17 10:53:34.546,414.6424909857101,7
2024-09-17 10:53:34.554,414.6148078553396,96
2024-09-17 10:53:34.578,414.648445191136,6
2024-09-17 10:53:34.594,414.65966889875904,10
2024-09-17 10:53:34.643,414.6221378343317,8
2024-09-17 10:53:34.663,414.6680551580281,5
2024-09-17 10:53:34.668,414.638595756627,97
2024-09-17 10:53:34.686,414.66480269820727,7
2024-09-17 10:53:34.699,414.68191830950144,96
2024-09-17 10:53:34.766,414.625380692609,105
2024-09-17 10:53:34.847,414.6745778462086,102
2024-09-17 10:53:34.956,414.6386177120679,13
2024-09-17 10:53:34.960,414.6605794323257,1003
2024-09-17 10:53:34.979,414.6267984779409,14
2024-09-17 10:53:35.033,41.46834909135801,101
2024-09-17 10:53:35.188,414.6639899528597,101
2024-09-17 10:53:35.258,414.6648153695152,9
2024-09-17 10:53:35.267,414.6627693467216,13
2024-09-17 10:53:35.300,414.66889110088624,1000
2024-09-17 10:53:35.499,414.66184503225054,100
2024-09-17 10:53:35.572,414.6647603490338,998
2024-09-17 10:53:35.574,414.6769848593538,13
2024-09-17 10:53:35.678,414.6686898618401,103
2024-09-17 10:53:35.783,414.67981590703687,15
2024-09-17 10:53:35.966,414.67828880571983,9
2024-09-17 10:53:36.041,414.71961383848014,11
2024-09-17 10:53:36.051,414.7177174877287,99
2024-09-17 10:53:36.200,414.6934224027813,995
2024-09-17 10:53:36.247,414.7108462386296,99
2024-09-17 10:53:36.357,414.72227790237406,1001
2024-09-17 10:53:36.417,414.67455043804296,999
2024-09-17 10:53:36.522,414.7409504980868,1002
2024-09-17 10:53:36.593,414.7332606073447,98
2024-09-17 10:53:36.738,414.70034733221934,100
2024-09-17 10:53:36.752,414.7098099823357,10
2024-09-17 10:53:36.754,414.6653576209484,15
2024-09-17 10:53:36.810,414.6541548507296,9
2024-09-17 10:53:36.842,414.7310232420927,8
2024-09-17 10:53:36.918,414.7180821493856,9
2024-09-17 10:53:37.000,414.72820998761495,96
2024-09-17 10:53:37.059,414.7669554986974,9
2024-09-17 10:53:37.087,414.737970533046,9
2024-09-17 10:53:37.135,414.7796542666418,1002
2024-09-17 10:53:37.167,-414.7885387792864,95
2024-09-17 10:53:37.183,414.7649270571087,995
2024-09-17 10:53:37.198,414.7321498715775,97
2024-09-17 10:53:37.302,414.72337460751777,15
2024-09-17 10:53:37.303,414.7864138888257,1001
2024-09-17 10:53:37.387,414.7811832423349,6
2024-09-17 10:53:37.439,414.74152403639823,14
2024-09-17 10:53:37.489,414.73728243406,1001
2024-09-17 10:53:37.515,414.7313767575899,103
2024-09-17 10:53:37.536,414.77495980256106,97
2024-09-17 10:53:37.564,414.743111238608,99
2024-09-17 10:53:37.613,414.79474143468286,104
2024-09-17 10:53:37.638,414.7760635485314,95
2024-09-17 10:53:37.716,414.7356683709028,15
2024-09-17 10:53:37.802,414.7797832051661,996
2024-09-17 10:53:37.840,414.7859947665531,7
2024-09-17 10:53:37.905,414.7911835922346,100
2024-09-17 10:53:37.910,414.77518972308457,14
2024-09-17 10:53:37.939,414.7915258463759,100
2024-09-17 10:53:38.003,414.7847809628533,99
2024-09-17 10:53:38.103,414.76766311507095,1001
2024-09-17 10:53:38.160,414.7652969080461,95
2024-09-17 10:53:38.203,414.7629289511552,95
2024-09-17 10:53:38.214,414.7752733789364,103
2024-09-17 10:53:38.487,414.7395000586179,102
2024-09-17 10:53:38.516,414.7804835247418,13
2024-09-17 10:53:38.529,414.77464293457865,103
2024-09-17 10:53:38.577,414.7811717680463,14
2024-09-17 10:53:38.846,414.7599826176063,999
2024-09-17 10:53:38.995,41.47953996761458,997
2024-09-17 10:53:39.087,414.79839378077054,999
2024-09-17 10:53:39.116,,14
2024-09-17 10:53:39.127,414.78550731406034,9
2024-09-17 10:53:39.136,414.7643407213858,10
2024-09-17 10:53:39.174,414.71923971312833,998
2024-09-17 10:53:39.220,414.73673396483247,1003
2024-09-17 10:53:39.276,414.7677361453443,5
2024-09-17 10:53:39.285,414.7326732865148,11
2024-09-17 10:53:39.441,414.7916601769488,1004
2024-09-17 10:53:39.454,414.6881479085108,8
2024-09-17 10:53:39.475,414.77980514599847,96
2024-09-17 10:53:39.533,414.7970953198348,996
2024-09-17 10:53:39.579,414.6929386597555,12
2024-09-17 10:53:39.598,414.7883887298023,6
2024-09-17 10:53:39.633,414.7708379827065,96
2024-09-17 10:53:39.758,41.471997652049424,11
2024-09-17 10:53:39.759,414.77764450305386,97
2024-09-17 10:53:39.811,414.7621255523104,100
2024-09-17 10:53:39.824,414.726881621314,1000
2024-09-17 10:53:39.860,414.72168393238303,5
2024-09-17 10:53:39.884,414.72019742187234,5
2024-09-17 10:53:39.899,414.7546055211121,1005
2024-09-17 10:53:39.918,414.71437264767405,15
2024-09-17 10:53:39.935,414.7113991551551,15
2024-09-17 10:53:39.946,414.7750294081024,7
2024-09-17 10:53:40.085,-414.7340674837368,105
2024-09-17 10:53:40.165,414.7456503856525,102
2024-09-17 10:53:40.240,414.742116787083,998
2024-09-17 10:53:40.298,414.7259771633243,103
2024-09-17 10:53:40.579,414.7297290606541,998
2024-09-17 10:53:40.740,414.7317618419124,996
2024-09-17 10:53:40.777,414.73263086817246,97
2024-09-17 10:53:40.904,414.7385574262054,1005
2024-09-17 10:53:42.165,414.75478754562414,1003
2024-09-17 10:53:42.816,414.74930470380855,105
2024-09-17 10:53:43.068,414.7519084590597,1005
2024-09-17 10:53:43.093,414.7563564847969,101
2024-09-17 10:53:43.109,414.7495417277456,99
2024-09-17 10:53:43.523,414.749340469346,100
2024-09-17 10:53:43.542,414.75074972752526,104
2024-09-17 10:53:43.611,414.766767881231,1001
2024-09-17 10:53:43.683,414.7516660951286,100
2024-09-17 10:53:43.719,414.76573664217057,98
2024-09-17 10:53:43.834,414.7595294797258,7
2024-09-17 10:53:43.927,414.7362317286148,1001
2024-09-17 10:53:44.039,414.7695640790303,96
2024-09-17 10:53:44.063,414.7787908928475,8
2024-09-17 10:53:44.081,414.772675768506,1005
2024-09-17 10:53:44.095,414.7493611967084,6
2024-09-17 10:53:44.118,414.796365945955,95
2024-09-17 10:53:44.239,414.7639567605527,100
2024-09-17 10:53:44.277,414.7417820233513,995
2024-09-17 10:53:44.320,414.7640628279914,13
2024-09-17 10:53:44.335,414.8030204084191,1005
2024-09-17 10:53:44.450,414.8029943597284,100
2024-09-17 10:53:44.453,414.7946118387878,998
2024-09-17 10:53:44.593,414.7536089080818,102
2024-09-17 10:53:44.615,414.7996176658835,998
2024-09-17 10:53:44.657,414.7621815626599,9
2024-09-17 10:53:44.783,414.7613423794536,102
2024-09-17 10:53:44.808,414.8092921639432,95
2024-09-17 10:53:44.829,414.7325177572789,10
2024-09-17 10:53:44.884,414.79408698753065,98
2024-09-17 10:53:45.006,414.823353971608,104
2024-09-17 10:53:45.018,414.8098609494728,1004
2024-09-17 10:53:45.159,414.7924886295645,995
2024-09-17 10:53:45.178,414.7971582122891,99
2024-09-17 10:53:45.183,414.7944690239068,104
2024-09-17 10:53:45.338,414.7868519151985,9
2024-09-17 10:53:45.452,414.80058264116025,1004
2024-09-17 10:53:45.475,414.8272053952864,100
2024-09-17 10:53:45.480,414.7988310800351,12
2024-09-17 10:53:45.522,414.80029315534233,103
2024-09-17 10:53:45.840,414.8188764672565,13
2024-09-17 10:53:45.883,414.8163876428262,1003
2024-09-17 10:53:46.079,,96
2024-09-17 10:53:46.144,414.7725695170821,100
2024-09-17 10:53:46.164,414.8193175924833,998
2024-09-17 10:53:46.166,414.8208370677035,10
2024-09-17 10:53:46.167,414.784650969511,6
2024-09-17 10:53:46.241,-414.8140196722493,1003
2024-09-17 10:53:46.260,414.8100216298027,8
2024-09-17 10:53:46.307,414.8053011311546,1005
2024-09-17 10:53:46.377,414.780251307329,102
2024-09-17 10:53:46.378,414.8184445702241,13
2024-09-17 10:53:46.405,414.8140248683688,1004
2024-09-17 10:53:46.415,414.7913855455773,1005
2024-09-17 10:53:46.427,414.8247414018604,11
2024-09-17 10:53:46.471,414.8055948217457,7
2024-09-17 10:53:46.492,414.82085795935984,5
2024-09-17 10:53:46.506,414.7686632889528,105
2024-09-17 10:53:46.625,414.8037559476098,97
2024-09-17 10:53:46.711,414.8421923145787,997
2024-09-17 10:53:46.845,414.8258385205139,1002
2024-09-17 10:53:46.974,414.8159139728294,13
2024-09-17 10:53:46.979,414.8159684569058,7
2024-09-17 10:53:47.501,414.7892678742711,105
2024-09-17 10:53:47.545,414.8075806212985,10
2024-09-17 10:53:47.790,414.790248672403,99
2024-09-17 10:53:47.819,414.8083073044633,99
2024-09-17 10:53:47.975,414.80789934900514,1000
2024-09-17 10:53:48.182,414.7337049676447,7
2024-09-17 10:53:48.205,414.7979702986978,996
2024-09-17 10:53:48.248,414.8223354768824,996
2024-09-17 10:53:48.422,414.78311644259566,1000
2024-09-17 10:53:48.574,414.7556723567564,8
2024-09-17 10:53:48.613,414.7419694554239,999
2024-09-17 10:53:48.769,414.76741936475366,6
2024-09-17 10:53:48.799,414.7358369140872,1004
2024-09-17 10:53:48.831,414.78608885351167,995
2024-09-17 10:53:49.259,414.75220241392526,1005
2024-09-17 10:53:49.269,414.71803830106256,1001
2024-09-17 10:53:49.403,414.734916579919,95
2024-09-17 10:53:49.492,414.72379036643366,9
2024-09-17 10:53:49.563,414.741218213853,96
2024-09-17 10:53:49.582,414.7033663484957,998
2024-09-17 10:53:49.587,414.744861100221,998
2024-09-17 10:53:49.712,414.73750502782246,1000
2024-09-17 10:53:49.766,414.7195955047522,98
2024-09-17 10:53:50.002,414.6659598809509,96
2024-09-17 10:53:50.020,414.7236802317589,999
2024-09-17 10:53:50.087,414.71781741450775,102
2024-09-17 10:53:50.237,414.67479767276654,6
2024-09-17 10:53:50.478,414.66614394542125,6
2024-09-17 10:53:50.626,414.6944357963263,100
2024-09-17 10:53:50.632,414.6681945251986,101
2024-09-17 10:53:50.643,414.7032205909868,999
2024-09-17 10:53:50.657,414.6907209892928,15
2024-09-17 10:53:50.677,414.7038250265079,97
2024-09-17 10:53:50.692,414.7028570188888,1004
2024-09-17 10:53:50.734,414.6985391727526,104
2024-09-17 10:53:50.756,414.70644990043706,105
2024-09-17 10:53:50.898,414.6670339205758,11
2024-09-17 10:53:50.920,414.70363394086894,1003
2024-09-17 10:53:51.013,414.7469388829208,10
2024-09-17 10:53:51.043,414.7202237700057,99
2024-09-17 10:53:51.061,414.7058626506266,14
2024-09-17 10:53:51.072,414.7222080852818,6
2024-09-17 10:53:51.134,414.7439277733024,13
2024-09-17 10:53:51.159,414.69303176119945,13
2024-09-17 10:53:51.163,414.70509168541327,1005
2024-09-17 10:53:51.171,414.71442116801927,999
2024-09-17 10:53:51.234,414.75408405570687,997
2024-09-17 10:53:51.240,414.7583701795465,104
2024-09-17 10:53:51.335,414.7256712367224,11
2024-09-17 10:53:51.372,414.68915999096606,995
2024-09-17 10:53:51.509,414.6931950618006,9
2024-09-17 10:53:51.557,414.7531931875874,11
2024-09-17 10:53:51.563,414.7228769962858,97
2024-09-17 10:53:51.664,414.74532951258846,6
2024-09-17 10:53:51.677,414.70119962586494,997
2024-09-17 10:53:51.725,414.7252092029815,96
2024-09-17 10:53:51.739,414.7055073428595,12
2024-09-17 10:53:51.752,414.7153859751682,98
2024-09-17 10:53:51.768,414.7252336170834,102
2024-09-17 10:53:51.773,414.74864664122566,15
2024-09-17 10:53:51.853,414.7080582585038,103
2024-09-17 10:53:51.871,414.7402038652732,996
2024-09-17 10:53:51.903,414.75126895215,996
2024-09-17 10:53:51.994,414.7093295971174,97
2024-09-17 10:53:53.013,414.6951902352717,99
2024-09-17 10:53:53.147,414.72255721306834,98
2024-09-17 10:53:53.200,414.73624923443526,103
2024-09-17 10:53:53.236,414.692034401389,8
2024-09-17 10:53:53.265,414.7134610045508,998
2024-09-17 10:53:53.282,414.7387558216009,95
2024-09-17 10:53:53.356,414.72072978719353,15
2024-09-17 10:53:53.375,414.7063815537143,995
2024-09-17 10:53:53.397,414.74104359815937,13
2024-09-17 10:53:53.484,414.7014969284186,998
2024-09-17 10:53:53.740,414.6925493594685,995
2024-09-17 10:53:53.783,414.7295270256139,8
2024-09-17 10:53:53.828,414.7008118728826,100
2024-09-17 10:53:53.849,-414.6850432569967,6
2024-09-17 10:53:53.967,414.74441507146,11
2024-09-17 10:53:54.259,414.734712525627,1004
2024-09-17 10:53:54.307,,11
2024-09-17 10:53:54.691,414.7258566504189,8
2024-09-17 10:53:55.162,41.47098422154452,1001
2024-09-17 10:53:55.670,414.7319254663636,105
2024-09-17 10:53:55.671,414.7453072105,1005
2024-09-17 10:53:55.797,414.7453601027159,105
2024-09-17 10:53:55.799,414.7481057669749,6
2024-09-17 10:53:56.039,414.67680057904346,999
2024-09-17 10:53:56.083,414.6854258337917,11
2024-09-17 10:53:56.152,414.69165505169593,105
2024-09-17 10:53:56.160,414.68957714491074,13
2024-09-17 10:53:56.276,414.7145403383664,105
2024-09-17 10:53:56.306,414.6926292867157,1002
2024-09-17 10:53:56.404,414.7120496828906,102
2024-09-17 10:53:56.464,414.71048600935706,1001
2024-09-17 10:53:56.538,414.6852682738523,999
2024-09-17 10:53:56.555,414.71574863534846,1005
2024-09-17 10:53:56.564,414.7119861519213,95
2024-09-17 10:53:56.611,414.6751881738161,12
2024-09-17 10:53:56.752,,99
2024-09-17 10:53:56.787,414.7041939239167,98
2024-09-17 10:53:56.803,414.7033038805605,10
2024-09-17 10:53:56.835,414.6964557192882,103
2024-09-17 10:53:56.849,414.7166343693451,998
2024-09-17 10:53:56.851,414.7087455505789,1003
2024-09-17 10:53:57.027,414.6822541026565,13
2024-09-17 10:53:57.031,414.6582442075028,104
2024-09-17 10:53:57.039,414.67852465388006,1001
2024-09-17 10:53:57.044,414.6990059099381,98
2024-09-17 10:53:57.074,414.6663539587798,998
2024-09-17 10:53:57.095,414.6765553937597,8
2024-09-17 10:53:57.133,414.679228260048,1004
2024-09-17 10:53:57.147,414.6779033236714,105
2024-09-17 10:53:57.241,414.6760844061333,11
2024-09-17 10:53:57.313,414.6744012842476,1004
2024-09-17 10:53:57.385,414.6805249432354,997
2024-09-17 10:53:57.399,414.6850103500634,9
2024-09-17 10:53:57.411,414.67031246380384,8
2024-09-17 10:53:57.494,414.6875259328549,7
2024-09-17 10:53:57.514,414.6756504014253,997
2024-09-17 10:53:57.525,414.66899011915183,13
2024-09-17 10:53:57.534,414.6684627487341,103
2024-09-17 10:53:57.538,414.6989879819312,999
2024-09-17 10:53:57.572,414.6776687100052,6
2024-09-17 10:53:57.605,414.6832868658794,12
2024-09-17 10:53:57.611,414.64883464234686,101
2024-09-17 10:53:57.638,414.6901645694546,101
2024-09-17 10:53:57.677,414.667068005716,996
2024-09-17 10:53:57.907,414.6894889643872,997
2024-09-17 10:53:57.926,414.6745618501823,998
2024-09-17 10:53:57.947,414.6895974506928,105
2024-09-17 10:53:57.954,414.6846477049037,1004
2024-09-17 10:53:57.963,414.7027376007688,995
2024-09-17 10:53:57.964,414.67454865349913,98
2024-09-17 10:53:58.874,414.65969218891945,14
2024-09-17 10:53:59.005,414.7521632685251,100
2024-09-17 10:53:59.183,414.75075200972265,12
2024-09-17 10:53:59.221,414.7243953991512,105
2024-09-17 10:53:59.387,414.7210434071151,999
2024-09-17 10:53:59.405,414.74235031358216,995
2024-09-17 10:53:59.425,414.740139407731,1000
2024-09-17 10:53:59.441,414.7650079387703,9
2024-09-17 10:53:59.466,414.6975489675244,15
2024-09-17 10:53:59.474,414.757067831208,996
2024-09-17 10:53:59.616,414.7321704060624,101
2024-09-17 10:53:59.635,414.70190422016526,8
2024-09-17 10:53:59.697,414.7634511414572,5
2024-09-17 10:53:59.719,414.7626919526891,1003
2024-09-17 10:53:59.827,414.66330090794247,5
2024-09-17 10:53:59.842,414.6781299118285,11
2024-09-17 10:53:59.923,414.6940530838056,998
2024-09-17 10:53:59.975,414.68769111730336,8
