Timestamp,Price,Size
2024-09-17 10:18:00.056,414.1417367604742,996
2024-09-17 10:18:00.185,414.1347411401542,995
2024-09-17 10:18:00.205,414.0921006157585,1000
2024-09-17 10:18:00.241,414.12589279524354,104
2024-09-17 10:18:00.269,414.1051477769689,995
2024-09-17 10:18:00.404,414.1160731626511,104
2024-09-17 10:18:00.413,414.1294538218333,1003
2024-09-17 10:18:00.750,414.1154528750703,5
2024-09-17 10:18:00.883,414.1305805050484,10
2024-09-17 10:18:00.947,414.14420701309257,103
2024-09-17 10:18:00.966,414.1614480004046,104
2024-09-17 10:18:00.994,414.1685805222154,98
2024-09-17 10:18:01.040,414.2257233906554,7
2024-09-17 10:18:01.047,414.1720763099689,97
2024-09-17 10:18:01.054,414.2726524912172,1002
2024-09-17 10:18:01.148,414.2060642563938,7
2024-09-17 10:18:01.271,414.1793074001672,1005
2024-09-17 10:18:01.271,414.1987242422354,105
2024-09-17 10:18:01.292,414.20523925344736,1002
2024-09-17 10:18:01.366,414.22798626224863,996
2024-09-17 10:18:01.376,414.1896584475514,99
2024-09-17 10:18:01.519,414.25492862048793,997
2024-09-17 10:18:01.557,-414.170733673728,5
2024-09-17 10:18:01.612,414.2368125634461,998
2024-09-17 10:18:01.647,414.2559301091913,6
2024-09-17 10:18:01.670,414.2340831526624,999
2024-09-17 10:18:01.750,41.42387893528235,96
2024-09-17 10:18:01.769,414.1542946046328,1001
2024-09-17 10:18:01.836,414.1764370418368,1005
2024-09-17 10:18:01.981,414.1977967841208,995
2024-09-17 10:18:02.071,414.2654036493879,102
2024-09-17 10:18:02.090,414.2753805410583,105
2024-09-17 10:18:02.131,414.2827365297065,999
2024-09-17 10:18:02.190,414.28379421951166,95
2024-09-17 10:18:02.192,414.2840875285112,103
2024-09-17 10:18:02.225,414.3286336557932,6
2024-09-17 10:18:02.384,414.2778002263049,998
2024-09-17 10:18:02.405,414.3109143763669,98
2024-09-17 10:18:02.409,414.2800137211239,1000
2024-09-17 10:18:02.458,414.2879429921984,11
2024-09-17 10:18:02.500,414.32928129243527,15
2024-09-17 10:18:02.550,414.2451879103993,15
2024-09-17 10:18:02.552,414.2732879039592,1005
2024-09-17 10:18:02.579,414.2830140440995,13
2024-09-17 10:18:02.604,414.329612217397,95
2024-09-17 10:18:02.614,414.30838232519824,10
2024-09-17 10:18:02.641,414.27924352874334,10
2024-09-17 10:18:02.728,414.29747006865273,997
2024-09-17 10:18:02.728,414.2907341642758,6
2024-09-17 10:18:02.740,414.3206728822464,1002
2024-09-17 10:18:02.741,414.2687875283767,104
2024-09-17 10:18:02.832,414.2858319743133,14
2024-09-17 10:18:02.835,414.2569857255528,1002
2024-09-17 10:18:02.924,414.3215462378482,99
2024-09-17 10:18:02.933,414.2360612501469,7
2024-09-17 10:18:02.939,414.3374448103421,1000
2024-09-17 10:18:02.963,414.26923915086,1003
2024-09-17 10:18:03.018,414.2030893623396,105
2024-09-17 10:18:03.050,414.21595671244586,13
2024-09-17 10:18:03.132,414.1969626724354,1005
2024-09-17 10:18:03.200,414.2034571098386,14
2024-09-17 10:18:03.217,414.1962399224799,104
2024-09-17 10:18:03.218,414.2446976204071,97
2024-09-17 10:18:03.253,414.19645869771375,96
2024-09-17 10:18:03.319,414.188614240004,13
2024-09-17 10:18:03.320,414.1958355122885,5
2024-09-17 10:18:03.419,414.2209578777196,14
2024-09-17 10:18:03.487,414.2320403724113,13
2024-09-17 10:18:03.510,414.2391176928144,99
2024-09-17 10:18:03.540,414.24277983992215,96
2024-09-17 10:18:03.553,414.20047394570094,999
2024-09-17 10:18:03.567,414.1829211698062,101
2024-09-17 10:18:03.568,414.1813683555068,11
2024-09-17 10:18:03.624,414.20462638810864,1001
2024-09-17 10:18:03.663,41.418729120193376,1001
2024-09-17 10:18:03.740,414.19904279196777,1001
2024-09-17 10:18:03.742,414.21006744689305,995
2024-09-17 10:18:03.787,414.2359534139736,100
2024-09-17 10:18:03.821,414.1832850227273,104
2024-09-17 10:18:03.850,414.20778240035366,1005
2024-09-17 10:18:03.890,414.22978173647465,98
2024-09-17 10:18:03.970,414.2046612141912,95
2024-09-17 10:18:03.980,414.1867240284106,999
2024-09-17 10:18:04.078,414.2862842601229,998
2024-09-17 10:18:04.089,414.2962242296542,98
2024-09-17 10:18:04.219,414.2484048735528,8
2024-09-17 10:18:04.413,414.3008721939551,12
2024-09-17 10:18:04.457,414.29628325936415,101
2024-09-17 10:18:04.478,414.31374231583584,97
2024-09-17 10:18:04.516,414.2935053304474,996
2024-09-17 10:18:04.647,414.3088015803683,103
2024-09-17 10:18:04.652,414.294515247384,14
2024-09-17 10:18:04.664,414.2497015388689,95
2024-09-17 10:18:04.678,414.31396794677113,996
2024-09-17 10:18:04.758,414.28604695625046,998
2024-09-17 10:18:04.775,414.2717855770001,7
2024-09-17 10:18:04.782,414.3202393477293,1004
2024-09-17 10:18:04.791,414.3001284071378,98
2024-09-17 10:18:04.798,414.3035129142561,104
2024-09-17 10:18:04.848,414.2413629765743,6
2024-09-17 10:18:04.861,414.30138686873,1005
2024-09-17 10:18:04.864,414.3210617733196,995
2024-09-17 10:18:04.926,414.3040938762605,1002
2024-09-17 10:18:04.944,414.3189229993261,6
2024-09-17 10:18:04.975,414.2957918170929,99
2024-09-17 10:18:04.989,414.3132956655093,997
2024-09-17 10:18:05.081,414.2648313462729,11
2024-09-17 10:18:05.171,414.2458084736485,1005
2024-09-17 10:18:05.375,414.2580187443813,1003
2024-09-17 10:18:05.574,414.286369363955,10
2024-09-17 10:18:05.717,414.2633970490512,103
2024-09-17 10:18:05.747,414.27907666357805,996
2024-09-17 10:18:05.850,414.2879836941455,13
2024-09-17 10:18:05.904,414.2485753306162,1004
2024-09-17 10:18:05.940,414.31429124746086,6
2024-09-17 10:18:06.004,414.2902303664314,12
2024-09-17 10:18:06.076,414.2812756642547,998
2024-09-17 10:18:06.133,414.2772633955011,1003
2024-09-17 10:18:06.153,414.2969143435662,995
2024-09-17 10:18:06.206,414.2586554007975,7
2024-09-17 10:18:06.228,414.2777969759155,996
2024-09-17 10:18:06.307,414.2729375550296,104
2024-09-17 10:18:06.333,414.2743532158102,9
2024-09-17 10:18:06.341,414.25782542966925,105
2024-09-17 10:18:06.589,414.2673796257966,13
2024-09-17 10:18:06.592,414.2886614682038,11
2024-09-17 10:18:06.622,414.278289752862,105
2024-09-17 10:18:06.644,414.2565828936589,996
2024-09-17 10:18:06.711,414.26107027536176,97
2024-09-17 10:18:06.763,414.27503037878927,8
2024-09-17 10:18:06.835,414.27597259240366,7
2024-09-17 10:18:06.851,414.268117188401,96
2024-09-17 10:18:06.893,414.2578628933357,99
2024-09-17 10:18:06.926,414.2547681508868,103
2024-09-17 10:18:07.008,414.26272795736304,998
2024-09-17 10:18:07.016,414.251733063058,12
2024-09-17 10:18:07.016,414.2470869931896,95
2024-09-17 10:18:07.072,414.2496751480442,11
2024-09-17 10:18:07.083,414.2864462013857,15
2024-09-17 10:18:07.121,414.28366959435226,104
2024-09-17 10:18:07.168,414.2829001112879,1004
2024-09-17 10:18:07.177,414.2200832002248,999
2024-09-17 10:18:07.189,414.2865286113782,999
2024-09-17 10:18:07.248,414.2789331733384,99
2024-09-17 10:18:07.248,414.24198819970127,10
2024-09-17 10:18:07.270,414.2262538949564,1000
2024-09-17 10:18:07.478,414.2838435718511,1004
2024-09-17 10:18:07.481,414.2758340748974,99
2024-09-17 10:18:07.650,414.2767934253878,99
2024-09-17 10:18:07.687,414.24955678030784,1005
2024-09-17 10:18:07.690,414.2836465593604,98
2024-09-17 10:18:07.705,-414.2396557127374,100
2024-09-17 10:18:07.718,414.2267174840976,101
2024-09-17 10:18:07.799,414.2806750684501,97
2024-09-17 10:18:07.853,414.2319617015872,95
2024-09-17 10:18:07.916,414.2706679482904,95
2024-09-17 10:18:07.932,414.29010204905376,9
2024-09-17 10:18:07.940,414.21980030423447,98
2024-09-17 10:18:08.010,414.2375693188577,999
2024-09-17 10:18:08.017,414.2031131466673,11
2024-09-17 10:18:08.018,414.1859038407802,101
2024-09-17 10:18:08.040,414.22728310852096,12
2024-09-17 10:18:08.045,414.2447613902265,1005
2024-09-17 10:18:08.128,41.41866640141478,105
2024-09-17 10:18:08.138,414.2087027180828,95
2024-09-17 10:18:08.169,414.2317716266527,997
2024-09-17 10:18:08.173,414.1687564251611,1001
2024-09-17 10:18:08.340,414.264533485284,11
2024-09-17 10:18:08.352,414.1835124239269,1000
2024-09-17 10:18:08.398,414.17892900381327,11
2024-09-17 10:18:08.444,414.233297842153,997
2024-09-17 10:18:08.598,-414.19002511063707,997
2024-09-17 10:18:08.607,414.1865890670138,997
2024-09-17 10:18:08.670,414.17395914189046,98
2024-09-17 10:18:08.733,414.2394479430212,102
2024-09-17 10:18:08.737,414.18022064758696,10
2024-09-17 10:18:08.842,414.18779070230937,95
2024-09-17 10:18:08.924,414.2501479504737,10
2024-09-17 10:18:09.093,414.2611772324154,97
2024-09-17 10:18:09.189,414.2041437725951,1002
2024-09-17 10:18:09.202,414.23888174614746,15
2024-09-17 10:18:09.209,414.2082229050278,100
2024-09-17 10:18:09.306,414.210265400456,105
2024-09-17 10:18:09.439,414.2523723478833,14
2024-09-17 10:18:09.451,414.191518506958,995
2024-09-17 10:18:09.490,414.2349010947548,95
2024-09-17 10:18:09.537,414.19203954554587,99
2024-09-17 10:18:09.700,414.2469434149141,96
2024-09-17 10:18:09.714,414.2757507606711,1000
2024-09-17 10:18:09.847,414.1915895447057,13
2024-09-17 10:18:09.878,414.2800883460068,15
2024-09-17 10:18:10.049,414.2536140580697,102
2024-09-17 10:18:10.218,414.2265148451508,1004
2024-09-17 10:18:10.251,414.2376649798345,96
2024-09-17 10:18:10.308,414.1660236100349,104
2024-09-17 10:18:10.392,414.2597190415729,104
2024-09-17 10:18:10.392,414.2278059915662,999
2024-09-17 10:18:10.411,414.272386378827,1005
2024-09-17 10:18:10.412,414.1540503854714,995
2024-09-17 10:18:10.433,414.23242465057245,6
2024-09-17 10:18:10.468,414.2555079258884,98
2024-09-17 10:18:10.488,414.2598101905027,95
2024-09-17 10:18:10.534,414.1707297725167,98
2024-09-17 10:18:10.568,414.1735144250767,1005
2024-09-17 10:18:10.659,414.1969183534772,1002
2024-09-17 10:18:10.675,414.170627030172,999
2024-09-17 10:18:10.704,414.1847524971927,98
2024-09-17 10:18:10.717,414.2138606700448,995
2024-09-17 10:18:10.845,414.23985537608087,98
2024-09-17 10:18:10.926,414.2483924679118,98
2024-09-17 10:18:10.949,414.1373122239312,8
2024-09-17 10:18:10.979,414.1464176160751,101
2024-09-17 10:18:11.007,414.224850110632,101
2024-09-17 10:18:11.021,414.1577235288143,1001
2024-09-17 10:18:11.152,414.16074854250223,1002
2024-09-17 10:18:11.176,414.1655995459315,103
2024-09-17 10:18:11.338,414.1932212090764,102
2024-09-17 10:18:11.363,414.15889248198505,998
2024-09-17 10:18:11.418,414.1904160059124,98
2024-09-17 10:18:11.418,414.23278274624977,100
2024-09-17 10:18:11.457,414.204524882318,996
2024-09-17 10:18:11.490,414.19792809168246,10
2024-09-17 10:18:11.511,414.172980832205,98
2024-09-17 10:18:11.530,414.1608627898032,9
2024-09-17 10:18:11.609,414.2034314993639,1001
2024-09-17 10:18:11.625,414.19264206919365,103
2024-09-17 10:18:11.766,414.23220067375473,99
2024-09-17 10:18:11.767,414.1628136020849,95
2024-09-17 10:18:11.818,414.2173244276593,998
2024-09-17 10:18:11.828,414.2360644734495,1004
2024-09-17 10:18:11.945,414.1781734593332,6
2024-09-17 10:18:12.058,414.1943530755671,98
2024-09-17 10:18:12.062,414.0820584832288,1002
2024-09-17 10:18:12.071,414.1279423875576,100
2024-09-17 10:18:12.158,414.0404260364325,10
2024-09-17 10:18:12.167,414.0612734488828,9
2024-09-17 10:18:12.215,414.05257055227327,5
2024-09-17 10:18:12.248,414.07227729523294,96
2024-09-17 10:18:12.274,414.0640049179232,7
2024-09-17 10:18:12.276,414.1720250728559,999
2024-09-17 10:18:12.284,414.13999396161904,1003
2024-09-17 10:18:12.322,414.0457395543568,11
2024-09-17 10:18:12.352,414.0466749512313,1005
2024-09-17 10:18:12.441,414.1309440961067,14
2024-09-17 10:18:12.518,414.2133681179008,102
2024-09-17 10:18:12.609,414.0313840788379,97
2024-09-17 10:18:12.664,414.0803898493828,103
2024-09-17 10:18:12.694,414.12783875076167,998
2024-09-17 10:18:12.709,414.09410152238365,996
2024-09-17 10:18:12.777,414.05035627333547,999
2024-09-17 10:18:12.791,414.0930170843696,15
2024-09-17 10:18:12.831,414.1306418299444,101
2024-09-17 10:18:12.867,414.0674260644653,996
2024-09-17 10:18:12.905,-414.0225615137668,1001
2024-09-17 10:18:12.929,414.03919566586086,999
2024-09-17 10:18:12.960,414.1555288089125,12
2024-09-17 10:18:13.204,413.9777230574818,7
2024-09-17 10:18:13.233,413.9729564757541,97
2024-09-17 10:18:13.269,414.0051617636873,1003
2024-09-17 10:18:13.358,414.0004480317574,103
2024-09-17 10:18:13.462,413.9882164700599,995
2024-09-17 10:18:13.633,,997
2024-09-17 10:18:13.720,414.00873164725226,1005
2024-09-17 10:18:13.729,413.9918970784507,1002
2024-09-17 10:18:13.781,413.99503159545424,1001
2024-09-17 10:18:13.882,414.0038772309573,14
2024-09-17 10:18:13.940,414.0134173612841,997
2024-09-17 10:18:14.052,413.95225511589103,9
2024-09-17 10:18:14.075,413.9583867830903,99
2024-09-17 10:18:14.131,413.9541955588773,1001
2024-09-17 10:18:14.246,413.9615274726137,998
2024-09-17 10:18:14.335,413.9633171810709,5
2024-09-17 10:18:14.340,413.9549828437776,101
2024-09-17 10:18:14.563,413.9624566686472,105
2024-09-17 10:18:14.687,413.9636646943373,6
2024-09-17 10:18:14.699,413.951928089809,100
2024-09-17 10:18:14.862,413.9831077176359,995
2024-09-17 10:18:15.019,414.0164257255108,1003
2024-09-17 10:18:15.044,414.0388917725968,1005
2024-09-17 10:18:15.226,413.9749876586004,1003
2024-09-17 10:18:15.256,413.9571753791404,1001
2024-09-17 10:18:15.295,414.1038739952225,7
2024-09-17 10:18:15.347,413.98105451781873,1004
2024-09-17 10:18:15.350,413.9857151991,1003
2024-09-17 10:18:15.415,413.99518266433313,99
2024-09-17 10:18:15.416,414.0540872617387,11
2024-09-17 10:18:15.479,414.0469324215076,1003
2024-09-17 10:18:15.486,413.9582969629101,1005
2024-09-17 10:18:15.518,414.0452281443398,15
2024-09-17 10:18:15.587,413.9844618407263,95
2024-09-17 10:18:15.631,413.9926771342703,97
2024-09-17 10:18:15.636,414.0670403063228,12
2024-09-17 10:18:15.673,413.9815870031613,15
2024-09-17 10:18:15.712,,13
2024-09-17 10:18:15.789,414.09890555430206,6
2024-09-17 10:18:15.805,413.962466557694,98
2024-09-17 10:18:15.956,414.06065692292697,11
2024-09-17 10:18:15.957,413.9812903913475,9
2024-09-17 10:18:15.993,414.11110486618566,1005
2024-09-17 10:18:16.207,414.1157899340482,996
2024-09-17 10:18:16.473,414.1107859269137,1005
2024-09-17 10:18:16.475,414.12386668376496,8
2024-09-17 10:18:16.486,414.0810507124601,1002
2024-09-17 10:18:16.880,414.0965443922286,7
2024-09-17 10:18:16.955,414.1188017319011,6
2024-09-17 10:18:17.037,414.1839130765471,12
2024-09-17 10:18:17.079,414.12689959995134,98
2024-09-17 10:18:17.103,414.1890699724941,13
2024-09-17 10:18:17.235,414.1632128794543,9
2024-09-17 10:18:17.245,414.1600911337813,102
2024-09-17 10:18:17.268,414.15398898095225,101
2024-09-17 10:18:17.390,414.0756777694377,13
2024-09-17 10:18:17.503,414.158168882608,1003
2024-09-17 10:18:17.556,414.1757741172538,7
2024-09-17 10:18:17.566,414.1603678475559,996
2024-09-17 10:18:17.567,414.1456513658028,96
2024-09-17 10:18:17.593,414.0893100297524,995
2024-09-17 10:18:17.707,414.1803586786293,997
2024-09-17 10:18:17.752,414.0960286245028,6
2024-09-17 10:18:17.781,414.19189236837616,102
2024-09-17 10:18:17.899,414.2007313640983,14
2024-09-17 10:18:18.137,414.21014945378687,11
2024-09-17 10:18:18.165,414.21272016920506,13
2024-09-17 10:18:18.326,414.177120353604,101
2024-09-17 10:18:18.344,414.1873187024489,100
2024-09-17 10:18:18.369,414.2047966485909,104
2024-09-17 10:18:18.393,414.211620199153,101
2024-09-17 10:18:18.396,414.1697088612194,9
2024-09-17 10:18:18.416,414.163621717332,99
2024-09-17 10:18:18.417,414.1978130857371,998
2024-09-17 10:18:18.494,414.1794851556641,997
2024-09-17 10:18:18.519,414.1494972302302,1000
2024-09-17 10:18:18.526,414.2153213410075,13
2024-09-17 10:18:18.770,414.1716176024821,96
2024-09-17 10:18:18.858,414.1482680589473,100
2024-09-17 10:18:18.902,414.1934867154845,7
2024-09-17 10:18:18.909,41.41893631918123,5
2024-09-17 10:18:18.974,414.1845152397596,11
2024-09-17 10:18:19.026,414.19965402446127,1001
2024-09-17 10:18:19.227,414.1952686854025,11
2024-09-17 10:18:19.394,414.1947345858545,103
2024-09-17 10:18:19.399,414.21183469375416,11
2024-09-17 10:18:19.467,414.1962941808581,11
2024-09-17 10:18:19.973,414.18897636839,102
2024-09-17 10:18:20.002,414.1671332569301,8
2024-09-17 10:18:20.073,414.1215304155391,5
2024-09-17 10:18:20.134,414.1798191022267,97
2024-09-17 10:18:20.146,414.1172468168911,96
2024-09-17 10:18:20.229,414.1188568520098,11
2024-09-17 10:18:20.239,414.1166082874246,12
2024-09-17 10:18:20.283,414.14556661976326,95
2024-09-17 10:18:20.382,414.13389683261335,12
2024-09-17 10:18:20.431,414.0924707389509,105
2024-09-17 10:18:20.531,414.169212195037,102
2024-09-17 10:18:20.560,414.1657056668268,1004
2024-09-17 10:18:20.565,414.12669321776445,97
2024-09-17 10:18:20.579,414.1080869126586,101
2024-09-17 10:18:20.610,414.1562421321684,13
2024-09-17 10:18:20.619,414.1563707753102,103
2024-09-17 10:18:20.623,414.1326927347179,102
2024-09-17 10:18:20.648,414.1651089600291,998
2024-09-17 10:18:20.650,414.1525115492436,12
2024-09-17 10:18:20.689,414.115309253756,996
2024-09-17 10:18:20.737,414.1597985728423,95
2024-09-17 10:18:20.817,414.1988829265551,12
2024-09-17 10:18:20.895,414.1298076198669,99
2024-09-17 10:18:20.915,414.1517538496757,100
2024-09-17 10:18:21.075,414.1087940515969,996
2024-09-17 10:18:21.204,414.0863789529176,103
2024-09-17 10:18:21.247,414.0803705313983,1002
2024-09-17 10:18:21.317,414.1175343567416,14
2024-09-17 10:18:21.334,414.0958804220377,104
2024-09-17 10:18:21.374,414.080994394936,9
2024-09-17 10:18:21.422,414.1099391354106,102
2024-09-17 10:18:21.635,414.1108551161175,999
2024-09-17 10:18:21.788,414.0764566726103,12
2024-09-17 10:18:21.795,414.0982543026598,14
2024-09-17 10:18:21.834,414.10738772111415,1004
2024-09-17 10:18:21.879,41.40813338202541,997
2024-09-17 10:18:21.937,414.07243517244416,1001
2024-09-17 10:18:21.963,414.1176187208464,97
2024-09-17 10:18:21.969,414.0708864394723,9
2024-09-17 10:18:21.969,414.0962463487332,100
2024-09-17 10:18:21.976,414.11623150452414,1002
2024-09-17 10:18:21.992,414.1028008351511,102
2024-09-17 10:18:21.996,414.0923684333876,95
2024-09-17 10:18:22.210,414.0846683862475,6
2024-09-17 10:18:22.369,414.0906130650201,1003
2024-09-17 10:18:22.488,414.0934349219469,995
2024-09-17 10:18:22.802,414.0996860062732,12
2024-09-17 10:18:22.889,414.0814060731354,102
2024-09-17 10:18:23.013,414.1086867859266,1002
2024-09-17 10:18:23.016,414.1395804615801,1002
2024-09-17 10:18:23.032,414.13884460854666,15
2024-09-17 10:18:23.173,414.1437405377639,7
2024-09-17 10:18:23.307,414.1365200693085,995
2024-09-17 10:18:23.676,414.1267876541932,999
2024-09-17 10:18:23.713,414.1531884118613,12
2024-09-17 10:18:23.819,414.1197923597606,95
2024-09-17 10:18:23.820,414.1072380120597,1000
2024-09-17 10:18:23.860,414.1525900216377,95
2024-09-17 10:18:24.024,414.1481428904982,97
2024-09-17 10:18:24.032,414.1260431293717,104
2024-09-17 10:18:24.186,414.16046397042624,998
2024-09-17 10:18:24.295,414.1693177735288,102
2024-09-17 10:18:24.300,414.1631816004777,102
2024-09-17 10:18:24.321,414.16042691887264,98
2024-09-17 10:18:24.754,414.1360892274656,14
2024-09-17 10:18:24.772,414.1576588226236,102
2024-09-17 10:18:24.857,414.15237581982944,996
2024-09-17 10:18:24.999,414.1607722081316,7
2024-09-17 10:18:25.112,414.095065254821,100
2024-09-17 10:18:25.173,414.1187211142857,102
2024-09-17 10:18:25.254,414.0864795788078,1001
2024-09-17 10:18:25.410,414.0983124313159,99
2024-09-17 10:18:25.439,414.0918229055407,96
2024-09-17 10:18:25.442,414.10274434905983,102
2024-09-17 10:18:25.562,414.1248938503808,96
2024-09-17 10:18:25.582,414.1238338997425,10
2024-09-17 10:18:25.582,414.0845957875659,1004
2024-09-17 10:18:25.628,414.0946402576909,96
2024-09-17 10:18:25.659,414.1038025105185,999
2024-09-17 10:18:25.684,414.1029463021264,1005
2024-09-17 10:18:25.707,414.09080680139147,98
2024-09-17 10:18:25.750,414.11067787716905,998
2024-09-17 10:18:25.782,414.0848665349069,101
2024-09-17 10:18:25.784,414.1001145760054,997
2024-09-17 10:18:25.786,414.1342306764291,1003
2024-09-17 10:18:25.817,414.0997573233462,99
2024-09-17 10:18:25.847,,105
2024-09-17 10:18:25.857,414.0947897244391,1000
2024-09-17 10:18:25.877,414.10712156304646,101
2024-09-17 10:18:25.926,414.08042291830657,1002
2024-09-17 10:18:25.957,414.1499551248338,1002
2024-09-17 10:18:25.978,414.0894756505148,8
2024-09-17 10:18:25.980,414.0912767123736,1004
2024-09-17 10:18:26.014,414.10974750394143,12
2024-09-17 10:18:26.039,414.0956514323574,7
2024-09-17 10:18:26.136,414.0707723769034,1003
2024-09-17 10:18:26.218,414.08634758444606,1000
2024-09-17 10:18:26.355,414.0614595171052,102
2024-09-17 10:18:26.411,414.1060948980044,11
2024-09-17 10:18:26.436,414.0945521292375,100
2024-09-17 10:18:26.532,414.0810381877741,98
2024-09-17 10:18:26.555,414.0644293999113,995
2024-09-17 10:18:26.597,414.065246566503,1001
2024-09-17 10:18:26.620,-414.1033284077523,101
2024-09-17 10:18:26.641,414.0480688905207,13
2024-09-17 10:18:26.656,414.1043738907536,8
2024-09-17 10:18:26.801,414.0969607244938,999
2024-09-17 10:18:26.960,414.07483238865865,996
2024-09-17 10:18:27.004,414.18269704904304,7
2024-09-17 10:18:27.004,414.1161833848656,15
2024-09-17 10:18:27.038,414.1225611313943,103
2024-09-17 10:18:27.084,414.1738774318465,95
2024-09-17 10:18:27.136,414.17101317368105,95
2024-09-17 10:18:27.291,414.09245815236153,99
2024-09-17 10:18:27.338,414.1746770933228,104
2024-09-17 10:18:27.410,414.0842749626856,105
2024-09-17 10:18:27.432,414.08729565034014,6
2024-09-17 10:18:27.434,414.1112024623188,1004
2024-09-17 10:18:27.446,414.1279695901918,105
2024-09-17 10:18:27.477,414.0966280887452,98
2024-09-17 10:18:27.636,414.1776271934394,104
2024-09-17 10:18:27.650,414.0831059032405,100
2024-09-17 10:18:27.728,414.1801395819924,95
2024-09-17 10:18:27.743,414.1014571925558,97
2024-09-17 10:18:27.924,414.2043675809479,12
2024-09-17 10:18:28.021,414.1504229425228,1004
2024-09-17 10:18:28.039,414.20390171889017,1003
2024-09-17 10:18:28.225,414.12630272040894,998
2024-09-17 10:18:28.228,414.1959703416169,14
2024-09-17 10:18:28.241,414.20068461485033,1004
2024-09-17 10:18:28.247,414.1776429358313,14
2024-09-17 10:18:28.265,414.17516314986045,6
2024-09-17 10:18:28.389,414.1759076121879,105
2024-09-17 10:18:28.400,414.11445841409727,1003
2024-09-17 10:18:28.426,414.1221683325347,105
2024-09-17 10:18:28.437,,7
2024-09-17 10:18:28.486,414.1185868564573,6
2024-09-17 10:18:28.507,414.1244847915247,13
2024-09-17 10:18:28.571,414.1918786055689,95
2024-09-17 10:18:28.592,414.1690720553878,7
2024-09-17 10:18:28.766,414.1870097014914,99
2024-09-17 10:18:28.775,414.2073608150524,1001
2024-09-17 10:18:28.808,414.1903401019728,995
2024-09-17 10:18:28.855,414.1205956022226,13
2024-09-17 10:18:28.860,414.1268834519067,104
2024-09-17 10:18:28.866,414.1879418115477,1000
2024-09-17 10:18:29.036,414.120824520891,103
2024-09-17 10:18:29.055,414.1459227889599,999
2024-09-17 10:18:29.075,414.2226873732242,104
2024-09-17 10:18:29.131,414.20420615459153,5
2024-09-17 10:18:29.134,414.1706286325107,5
2024-09-17 10:18:29.239,414.188995519204,13
2024-09-17 10:18:29.280,414.19660361977446,999
2024-09-17 10:18:29.413,414.2048000134711,13
2024-09-17 10:18:29.426,414.1773401017392,99
2024-09-17 10:18:29.473,414.1887194246704,1005
2024-09-17 10:18:29.475,414.2207711446781,97
2024-09-17 10:18:29.489,414.17681951828536,995
2024-09-17 10:18:29.494,414.1991953969692,100
2024-09-17 10:18:29.517,414.1456762931969,997
2024-09-17 10:18:29.532,414.1567884575424,9
2024-09-17 10:18:29.570,414.1723060522021,11
2024-09-17 10:18:29.570,414.1669487346505,6
2024-09-17 10:18:29.585,414.1757856862007,99
2024-09-17 10:18:29.710,414.17924944008456,13
2024-09-17 10:18:29.777,414.1527413078807,12
2024-09-17 10:18:29.782,414.1752920781051,14
2024-09-17 10:18:29.803,414.13618713108434,996
2024-09-17 10:18:29.862,414.2029558131233,98
2024-09-17 10:18:29.906,414.174220628133,9
2024-09-17 10:18:29.930,414.2234775862534,101
2024-09-17 10:18:29.980,414.1970827405598,999
2024-09-17 10:18:30.004,414.3137533115589,1004
2024-09-17 10:18:30.022,414.2317679814453,997
2024-09-17 10:18:30.038,414.2639789357971,98
2024-09-17 10:18:30.141,414.3309378187608,98
2024-09-17 10:18:30.189,414.2193196598653,1001
2024-09-17 10:18:30.192,414.218457868985,100
2024-09-17 10:18:30.313,414.3208352953868,1004
2024-09-17 10:18:30.370,414.2792617115553,100
2024-09-17 10:18:30.376,414.31425562502665,102
2024-09-17 10:18:30.554,414.2439644997102,99
2024-09-17 10:18:30.676,414.3002844118705,11
2024-09-17 10:18:30.679,414.2133356586528,1005
2024-09-17 10:18:30.739,414.3307949068477,96
2024-09-17 10:18:30.755,414.27454663268514,1000
2024-09-17 10:18:30.760,414.2210555751312,97
2024-09-17 10:18:30.901,414.2345701897447,14
2024-09-17 10:18:30.924,414.2280731207039,102
2024-09-17 10:18:30.999,414.3027459942687,1000
2024-09-17 10:18:31.046,414.3636543354372,1003
2024-09-17 10:18:31.085,414.37266926410894,95
2024-09-17 10:18:31.366,414.33984079117846,11
2024-09-17 10:18:31.421,414.3577265345036,98
2024-09-17 10:18:31.429,414.3321533230968,11
2024-09-17 10:18:31.466,414.3254347187169,99
2024-09-17 10:18:31.618,414.3456540039937,98
2024-09-17 10:18:31.687,414.35969661775385,98
2024-09-17 10:18:31.738,414.3825574224624,10
2024-09-17 10:18:31.874,414.331249383106,99
2024-09-17 10:18:32.087,414.26755482954985,96
2024-09-17 10:18:32.138,414.28415802516224,96
2024-09-17 10:18:32.223,414.3077470949602,999
2024-09-17 10:18:32.381,414.3183150844831,9
2024-09-17 10:18:32.441,414.3337625464554,5
2024-09-17 10:18:32.474,414.3294990693708,6
2024-09-17 10:18:32.541,414.2633006917714,7
2024-09-17 10:18:32.571,414.3380848358534,12
2024-09-17 10:18:32.605,,6
2024-09-17 10:18:32.609,414.2565077609257,10
2024-09-17 10:18:32.612,414.3300471401248,13
2024-09-17 10:18:32.711,414.34414347709946,105
2024-09-17 10:18:32.770,414.288915809474,1001
2024-09-17 10:18:32.773,414.2843329752167,15
2024-09-17 10:18:32.936,414.3311249979183,98
2024-09-17 10:18:33.008,414.24174996512966,11
2024-09-17 10:18:33.020,414.26034507825767,1002
2024-09-17 10:18:33.030,,103
2024-09-17 10:18:33.070,414.2333699989117,95
2024-09-17 10:18:33.194,414.2558335492101,14
2024-09-17 10:18:33.200,414.2641874961652,8
2024-09-17 10:18:33.347,414.2775887929287,10
2024-09-17 10:18:33.377,414.24601349012926,98
2024-09-17 10:18:33.460,414.27084698041887,104
2024-09-17 10:18:33.477,414.2624566376026,1000
2024-09-17 10:18:33.485,414.279481556082,6
2024-09-17 10:18:33.586,414.28261061877424,105
2024-09-17 10:18:33.696,414.2484551037373,98
2024-09-17 10:18:33.743,414.2228041585061,998
2024-09-17 10:18:33.746,414.2791110559832,13
2024-09-17 10:18:33.746,414.24164869331577,1001
2024-09-17 10:18:33.769,414.2611705456458,8
2024-09-17 10:18:33.772,414.2416745388849,5
2024-09-17 10:18:33.834,414.25300693455455,1001
2024-09-17 10:18:33.904,414.23024997469406,100
2024-09-17 10:18:33.921,414.2730907710524,102
2024-09-17 10:18:34.047,414.2901492997414,1002
2024-09-17 10:18:34.074,414.2746243141752,14
2024-09-17 10:18:34.095,414.2579696548893,1000
2024-09-17 10:18:34.121,414.2599751955222,8
2024-09-17 10:18:34.192,414.2536646513577,1001
2024-09-17 10:18:34.196,414.2535073714956,8
2024-09-17 10:18:34.268,414.2903571444877,1002
2024-09-17 10:18:34.287,414.2796825479588,10
2024-09-17 10:18:34.345,414.2894756191482,100
2024-09-17 10:18:34.349,414.2720950047064,9
2024-09-17 10:18:34.350,414.26148870595887,5
2024-09-17 10:18:34.451,414.2676646266951,103
2024-09-17 10:18:34.488,414.2926245737108,999
2024-09-17 10:18:34.537,414.2823402592017,12
2024-09-17 10:18:34.617,414.298572837108,96
2024-09-17 10:18:34.618,414.2897719824266,104
2024-09-17 10:18:34.650,414.22946907509777,13
2024-09-17 10:18:34.656,-414.2452577843322,104
2024-09-17 10:18:34.763,,5
2024-09-17 10:18:34.799,414.32230041032096,13
2024-09-17 10:18:34.902,414.2483738040985,11
2024-09-17 10:18:34.938,414.3087354610099,98
2024-09-17 10:18:34.963,414.2670192851352,7
2024-09-17 10:18:34.972,414.2914419365678,11
2024-09-17 10:18:34.973,414.2775046700891,7
2024-09-17 10:18:34.975,414.32712338895385,996
2024-09-17 10:18:34.995,414.2664912450969,12
2024-09-17 10:18:35.018,414.2657258048344,998
2024-09-17 10:18:35.040,414.2852702090845,1003
2024-09-17 10:18:35.043,414.2662928726538,14
2024-09-17 10:18:35.053,414.2427829193412,97
2024-09-17 10:18:35.081,414.2630895028671,1001
2024-09-17 10:18:35.129,414.2750431538292,5
2024-09-17 10:18:35.151,414.2807266316924,95
2024-09-17 10:18:35.202,414.2777899760189,97
2024-09-17 10:18:35.218,414.23108036194367,995
2024-09-17 10:18:35.390,414.2393027444826,5
2024-09-17 10:18:35.395,414.24460877109647,996
2024-09-17 10:18:35.442,414.2453681582932,97
2024-09-17 10:18:35.512,414.26311761777447,97
2024-09-17 10:18:35.530,414.2730650044963,6
2024-09-17 10:18:35.548,414.2503787965469,996
2024-09-17 10:18:35.559,414.2492469977613,13
2024-09-17 10:18:35.561,414.26907766699554,15
2024-09-17 10:18:35.575,414.2735633654557,12
2024-09-17 10:18:35.650,414.271406786448,101
2024-09-17 10:18:35.694,414.2573023298858,102
2024-09-17 10:18:35.763,414.2672138526945,5
2024-09-17 10:18:35.824,414.25394402764726,1000
2024-09-17 10:18:35.830,414.25270524691456,1003
2024-09-17 10:18:35.848,414.2616025866502,1001
2024-09-17 10:18:35.848,414.2649145791656,11
2024-09-17 10:18:35.952,414.269864953396,997
2024-09-17 10:18:36.316,414.24497573107766,996
2024-09-17 10:18:36.339,414.2360838973634,99
2024-09-17 10:18:36.405,414.22531879133015,102
2024-09-17 10:18:36.466,414.2515566717351,1002
2024-09-17 10:18:36.523,414.22422098595376,999
2024-09-17 10:18:36.547,414.2231248821425,9
2024-09-17 10:18:36.684,414.2412054607551,1001
2024-09-17 10:18:36.693,414.2183173579372,103
2024-09-17 10:18:36.751,414.259922875807,10
2024-09-17 10:18:36.838,414.2422821488286,105
2024-09-17 10:18:36.900,414.2398490859636,104
2024-09-17 10:18:37.024,414.2427597956041,103
2024-09-17 10:18:37.030,414.23782560639984,100
2024-09-17 10:18:37.084,414.24728868244256,995
2024-09-17 10:18:37.123,414.2866516603342,12
2024-09-17 10:18:37.144,414.2243878863161,100
2024-09-17 10:18:37.199,414.2423432864002,1005
2024-09-17 10:18:37.214,414.2235023851569,96
2024-09-17 10:18:37.293,414.24185351217824,96
2024-09-17 10:18:37.301,414.2430054416461,5
2024-09-17 10:18:37.414,414.1950880372925,995
2024-09-17 10:18:37.536,414.2427449959232,11
2024-09-17 10:18:37.538,414.2831014242716,15
2024-09-17 10:18:37.553,414.2292014238915,11
2024-09-17 10:18:37.612,414.2548499012688,999
2024-09-17 10:18:37.672,414.2300588789247,102
2024-09-17 10:18:37.677,414.2482515134721,6
2024-09-17 10:18:37.756,414.2526169128545,998
2024-09-17 10:18:37.789,414.2918625988684,103
2024-09-17 10:18:37.801,414.244347532436,1001
2024-09-17 10:18:37.819,414.2793518539798,997
2024-09-17 10:18:37.836,414.1906459499236,998
2024-09-17 10:18:37.848,414.2120786717242,99
2024-09-17 10:18:37.862,-414.19588820981016,995
2024-09-17 10:18:37.882,414.2277008696239,105
2024-09-17 10:18:37.899,414.23785302832727,8
2024-09-17 10:18:37.945,414.2436293371469,103
2024-09-17 10:18:38.104,414.25125110708734,102
2024-09-17 10:18:38.279,414.2854302307196,101
2024-09-17 10:18:38.281,414.2695187179836,10
2024-09-17 10:18:38.400,414.2448399277499,1000
2024-09-17 10:18:38.548,414.23491339104527,105
2024-09-17 10:18:38.959,414.2801795397042,14
2024-09-17 10:18:38.972,414.240259327687,96
2024-09-17 10:18:39.178,414.2560377903756,6
2024-09-17 10:18:39.308,414.25471164046,9
2024-09-17 10:18:40.967,414.2616360112546,95
2024-09-17 10:18:41.023,414.24662865302486,96
2024-09-17 10:18:41.035,414.3059190489528,9
2024-09-17 10:18:41.044,414.2539009525397,999
2024-09-17 10:18:41.079,414.3178698129298,6
2024-09-17 10:18:41.126,414.3326171418855,98
2024-09-17 10:18:41.179,414.3211364459312,105
2024-09-17 10:18:41.209,414.2771760650908,104
2024-09-17 10:18:41.227,414.2907051524531,1001
2024-09-17 10:18:41.311,414.3139808470184,9
2024-09-17 10:18:41.361,414.3222967073143,7
2024-09-17 10:18:41.363,41.43268556905531,1005
2024-09-17 10:18:41.444,414.31323634341095,8
2024-09-17 10:18:41.445,414.2850984542968,97
2024-09-17 10:18:41.501,414.27363854005273,95
2024-09-17 10:18:41.507,414.32386091998063,99
2024-09-17 10:18:41.510,414.3180489307199,103
2024-09-17 10:18:41.511,414.2596250203182,1001
2024-09-17 10:18:41.655,414.3134232510228,5
2024-09-17 10:18:41.762,414.3205070042391,103
2024-09-17 10:18:41.852,414.31118338605023,11
2024-09-17 10:18:41.860,414.31875628837753,10
2024-09-17 10:18:41.868,414.3208341860898,1002
2024-09-17 10:18:41.871,414.2569727550486,98
2024-09-17 10:18:41.901,414.3212967831178,99
2024-09-17 10:18:41.923,414.3181545794698,100
2024-09-17 10:18:41.933,414.3043586718337,11
2024-09-17 10:18:41.963,414.3014048810594,5
2024-09-17 10:18:42.085,414.3037090236371,103
2024-09-17 10:18:42.106,414.2805150511497,1002
2024-09-17 10:18:42.605,414.2804389318069,97
2024-09-17 10:18:42.705,414.28530918804336,5
2024-09-17 10:18:42.995,414.2757995541576,96
2024-09-17 10:18:43.046,414.2780037719817,103
2024-09-17 10:18:43.082,414.2256249619912,5
2024-09-17 10:18:43.148,414.2547100555936,95
2024-09-17 10:18:43.210,414.2615633175794,1002
2024-09-17 10:18:43.280,414.2581102484232,105
2024-09-17 10:18:43.437,414.2170548989752,7
2024-09-17 10:18:43.669,414.2767618870875,12
2024-09-17 10:18:43.683,414.2333498367947,996
2024-09-17 10:18:43.708,414.2345085297358,101
2024-09-17 10:18:43.718,414.2287247812229,103
2024-09-17 10:18:43.832,414.2426234981083,1004
2024-09-17 10:18:43.846,,103
2024-09-17 10:18:43.859,414.2103436103709,96
2024-09-17 10:18:43.883,414.2201990047674,1000
2024-09-17 10:18:43.999,414.263914722357,105
2024-09-17 10:18:44.047,414.34082408415856,999
2024-09-17 10:18:44.053,414.3980461026371,97
2024-09-17 10:18:44.114,414.2939385571439,95
2024-09-17 10:18:44.161,414.2468448704193,999
2024-09-17 10:18:44.163,414.3831277709746,99
2024-09-17 10:18:44.171,414.3835593805749,13
2024-09-17 10:18:44.178,414.3898231910768,96
2024-09-17 10:18:44.325,414.2854180532704,1003
2024-09-17 10:18:44.413,414.29086571536106,103
2024-09-17 10:18:44.455,414.2642100342403,95
2024-09-17 10:18:44.690,414.37969065489233,997
2024-09-17 10:18:44.722,414.3731192927476,100
2024-09-17 10:18:44.745,414.3016455229141,12
2024-09-17 10:18:44.753,414.26791065106295,7
2024-09-17 10:18:44.760,414.294945327164,1005
2024-09-17 10:18:44.807,414.30714391464943,97
2024-09-17 10:18:44.843,414.32202843396846,996
2024-09-17 10:18:44.848,414.25350568013215,15
2024-09-17 10:18:44.991,414.36198117817065,1001
2024-09-17 10:18:45.029,414.3926466697561,13
2024-09-17 10:18:45.085,414.4820022670477,13
2024-09-17 10:18:45.114,414.4057877539792,15
2024-09-17 10:18:45.124,414.38676293138985,104
2024-09-17 10:18:45.143,414.3946520064672,10
2024-09-17 10:18:45.172,414.4085351317198,996
2024-09-17 10:18:45.198,414.4674441047232,103
2024-09-17 10:18:45.220,414.49862797562446,1000
2024-09-17 10:18:45.265,414.5166370748863,11
2024-09-17 10:18:45.301,414.4358794443228,97
2024-09-17 10:18:45.311,414.50439413527465,12
2024-09-17 10:18:45.425,414.5166069028694,104
2024-09-17 10:18:45.504,414.48778358486334,98
2024-09-17 10:18:45.543,414.38210776086856,13
2024-09-17 10:18:45.548,414.41639236593807,995
2024-09-17 10:18:45.579,414.5077405824491,1001
2024-09-17 10:18:45.708,414.4969676215735,9
2024-09-17 10:18:45.753,414.4876060596268,997
2024-09-17 10:18:45.765,414.46179211503033,998
2024-09-17 10:18:45.869,414.3846802923619,7
2024-09-17 10:18:45.876,414.4135399748541,11
2024-09-17 10:18:45.943,414.3834808330225,12
2024-09-17 10:18:46.007,414.5356403507429,103
2024-09-17 10:18:46.079,414.5087562112551,12
2024-09-17 10:18:46.106,414.5319403289319,7
2024-09-17 10:18:46.109,414.4709136617213,15
2024-09-17 10:18:46.128,414.4784429743055,102
2024-09-17 10:18:46.139,414.5033030181373,998
2024-09-17 10:18:46.188,414.47236412998507,996
2024-09-17 10:18:46.246,414.48735773810256,98
2024-09-17 10:18:46.267,414.5294634550269,10
2024-09-17 10:18:46.412,414.5117701544518,1001
2024-09-17 10:18:46.588,414.5273476420149,10
2024-09-17 10:18:46.661,414.5196484034536,5
2024-09-17 10:18:46.699,414.5187739609593,1001
2024-09-17 10:18:46.713,414.5229639911815,13
2024-09-17 10:18:46.739,414.5309588197345,102
2024-09-17 10:18:46.747,414.5016072697469,998
2024-09-17 10:18:46.757,414.5339136024044,7
2024-09-17 10:18:46.773,414.5097316080101,100
2024-09-17 10:18:46.823,414.4912712049031,1001
2024-09-17 10:18:46.858,414.5229944490191,9
2024-09-17 10:18:46.887,414.5153698362264,997
2024-09-17 10:18:46.890,414.4652238597996,997
2024-09-17 10:18:46.911,414.5002741521736,1001
2024-09-17 10:18:46.917,414.5195451955816,6
2024-09-17 10:18:46.950,414.4974993954746,8
2024-09-17 10:18:46.997,414.4964690469216,997
2024-09-17 10:18:47.018,414.5344541525844,997
2024-09-17 10:18:47.077,414.52157515095473,1005
2024-09-17 10:18:47.308,414.5350181866925,1002
2024-09-17 10:18:47.376,414.54418052744535,8
2024-09-17 10:18:47.436,414.5274711415656,1000
2024-09-17 10:18:47.449,414.53862600086745,995
2024-09-17 10:18:47.466,414.5514269565837,15
2024-09-17 10:18:47.494,414.519255989448,95
2024-09-17 10:18:47.629,414.5298432681132,1002
2024-09-17 10:18:47.679,414.5140147255033,105
2024-09-17 10:18:47.693,414.5345165903132,12
2024-09-17 10:18:47.721,414.5223726268488,13
2024-09-17 10:18:47.757,414.5337904276836,1002
2024-09-17 10:18:47.779,414.5422767448955,1003
2024-09-17 10:18:48.078,414.4685418950297,996
2024-09-17 10:18:48.101,414.459950127787,105
2024-09-17 10:18:48.287,414.5013337695872,99
2024-09-17 10:18:48.304,-414.4781776794972,97
2024-09-17 10:18:48.323,414.4827592883025,12
2024-09-17 10:18:48.380,414.47843600950426,9
2024-09-17 10:18:48.394,414.4954925361087,101
2024-09-17 10:18:48.507,414.4752521250114,95
2024-09-17 10:18:48.526,414.4893391046229,99
2024-09-17 10:18:48.586,414.5185428962513,13
2024-09-17 10:18:48.953,414.4843435489292,1003
2024-09-17 10:18:48.973,414.50090290741736,10
2024-09-17 10:18:48.975,-414.47679333412646,105
2024-09-17 10:18:49.336,414.4699787314215,996
2024-09-17 10:18:50.061,414.443771494173,999
2024-09-17 10:18:50.083,414.4699131147521,995
2024-09-17 10:18:50.097,414.4334763313657,14
2024-09-17 10:18:50.099,414.4287428883597,998
2024-09-17 10:18:50.179,414.4766919647943,5
2024-09-17 10:18:50.229,414.4324677993945,15
2024-09-17 10:18:50.344,414.4647585751092,8
2024-09-17 10:18:50.380,414.4737029059237,1005
2024-09-17 10:18:50.466,414.4425007540387,103
2024-09-17 10:18:50.508,414.44639021059015,13
2024-09-17 10:18:50.559,414.44887914502704,105
2024-09-17 10:18:50.560,414.4239177421188,996
2024-09-17 10:18:50.573,414.43303819774815,96
2024-09-17 10:18:50.600,-414.47498660641344,100
2024-09-17 10:18:50.688,414.4593683677596,95
2024-09-17 10:18:50.725,414.4766570690991,1000
2024-09-17 10:18:50.782,414.4555655605607,1003
2024-09-17 10:18:50.883,414.47849926447947,995
2024-09-17 10:18:50.978,414.4540832225797,98
2024-09-17 10:18:51.006,414.3472962182795,95
2024-09-17 10:18:51.009,414.3342421006327,1005
2024-09-17 10:18:51.091,414.3528045159841,11
2024-09-17 10:18:51.111,414.3903279620336,999
2024-09-17 10:18:51.132,414.35880866096414,11
2024-09-17 10:18:51.153,414.3500892568869,5
2024-09-17 10:18:51.235,414.3394916969456,96
2024-09-17 10:18:51.284,414.3256372589393,104
2024-09-17 10:18:51.401,414.39453724673183,998
2024-09-17 10:18:51.406,414.3431370059688,15
2024-09-17 10:18:51.456,414.34658509883945,6
2024-09-17 10:18:51.536,414.3634401542821,97
2024-09-17 10:18:51.626,414.3523436891812,999
2024-09-17 10:18:51.721,414.3393309103445,102
2024-09-17 10:18:51.727,414.3598074140693,1000
2024-09-17 10:18:51.742,414.4134582446986,1005
2024-09-17 10:18:51.885,414.3565721856067,996
2024-09-17 10:18:52.019,414.3551340537852,97
2024-09-17 10:18:52.090,414.35233429149065,998
2024-09-17 10:18:52.134,414.3672368682778,1000
2024-09-17 10:18:52.228,414.3545813141754,14
2024-09-17 10:18:52.435,41.43765202451986,1005
2024-09-17 10:18:52.440,414.36520574729377,997
2024-09-17 10:18:52.518,414.3672602336527,95
2024-09-17 10:18:52.565,414.3504618909172,11
2024-09-17 10:18:52.610,414.3451706098047,1005
2024-09-17 10:18:52.679,414.3674932087326,102
2024-09-17 10:18:52.821,414.3437211479734,14
2024-09-17 10:18:52.949,414.3785138788219,97
2024-09-17 10:18:52.974,414.3716520662835,6
2024-09-17 10:18:53.028,414.37080594579976,1004
2024-09-17 10:18:53.063,414.3944082961673,105
2024-09-17 10:18:53.095,414.3731021921874,105
2024-09-17 10:18:53.124,,8
2024-09-17 10:18:53.329,414.3555667694667,102
2024-09-17 10:18:53.345,414.4004542619039,8
2024-09-17 10:18:53.472,414.4138605751993,1002
2024-09-17 10:18:53.531,414.3651693625225,100
2024-09-17 10:18:53.557,414.38398824543697,8
2024-09-17 10:18:53.602,414.3739466050879,13
2024-09-17 10:18:53.649,414.425238062893,15
2024-09-17 10:18:53.658,414.3929393887584,104
2024-09-17 10:18:53.805,414.3555083616156,100
2024-09-17 10:18:53.892,414.345372467104,9
2024-09-17 10:18:53.898,414.4121029527793,1001
2024-09-17 10:18:53.908,414.3605280142832,97
2024-09-17 10:18:53.939,414.3664102797407,1001
2024-09-17 10:18:54.642,414.3586587987529,101
2024-09-17 10:18:56.186,414.3257889314323,96
2024-09-17 10:18:56.268,414.3843469417305,15
2024-09-17 10:18:56.319,414.35724084882753,1002
2024-09-17 10:18:56.339,414.3806154335372,9
2024-09-17 10:18:56.365,414.3399840566873,104
2024-09-17 10:18:56.469,414.3785119850826,96
2024-09-17 10:18:56.657,414.3936358330403,104
2024-09-17 10:18:56.682,414.3853063291669,5
2024-09-17 10:18:56.724,414.3969032483124,5
2024-09-17 10:18:56.728,414.380251689461,999
2024-09-17 10:18:56.766,414.3418016593009,9
2024-09-17 10:18:56.772,414.36126414945545,6
2024-09-17 10:18:56.783,414.3287992258095,7
2024-09-17 10:18:56.891,414.38862254482666,1002
2024-09-17 10:18:56.907,414.3694341132664,97
2024-09-17 10:18:56.917,414.35514743047696,996
2024-09-17 10:18:56.954,414.32850283797137,7
2024-09-17 10:18:56.962,414.3564286175489,9
2024-09-17 10:18:56.981,414.3745564155784,998
2024-09-17 10:18:57.878,414.3543537711279,104
2024-09-17 10:18:58.001,414.343491880617,9
2024-09-17 10:18:58.337,414.3838818758185,996
2024-09-17 10:18:58.387,414.3514263312824,97
2024-09-17 10:18:58.399,414.3415551585599,103
2024-09-17 10:18:58.539,414.3517860246727,96
2024-09-17 10:18:58.592,414.3485241185669,10
2024-09-17 10:18:58.627,414.3484319019761,6
2024-09-17 10:18:58.931,414.3474406969465,10
2024-09-17 10:18:59.008,414.38276522617656,15
2024-09-17 10:18:59.115,414.39838971190926,5
2024-09-17 10:18:59.187,414.3714094262461,1005
2024-09-17 10:18:59.275,414.38715576057257,1002
2024-09-17 10:18:59.522,414.39446345119,102
2024-09-17 10:18:59.803,414.35914668886784,12
2024-09-17 10:18:59.904,414.3958027325962,9
2024-09-17 10:18:59.915,414.3748781933888,7
