Timestamp,Price,Size
2024-09-18 11:48:00.150,415.5537841024393,999
2024-09-18 11:48:00.206,415.5650119791006,5
2024-09-18 11:48:00.449,415.52254719171935,999
2024-09-18 11:48:00.531,415.55743701492514,995
2024-09-18 11:48:00.562,415.5550695222762,1004
2024-09-18 11:48:00.573,415.5577914012647,15
2024-09-18 11:48:00.599,415.5596658586244,104
2024-09-18 11:48:00.689,415.5683131732672,95
2024-09-18 11:48:00.802,415.5222277405639,101
2024-09-18 11:48:00.900,-415.5482005776025,998
2024-09-18 11:48:00.994,415.5539476039042,101
2024-09-18 11:48:01.051,415.62475869858406,97
2024-09-18 11:48:01.066,415.5916227191833,97
2024-09-18 11:48:01.067,415.5625408982654,996
2024-09-18 11:48:01.080,415.60134670242405,99
2024-09-18 11:48:01.091,415.63706610486565,97
2024-09-18 11:48:01.202,415.5749104698919,15
2024-09-18 11:48:01.223,415.6079532280167,96
2024-09-18 11:48:01.230,415.61076182018337,1002
2024-09-18 11:48:01.242,415.6153067720436,7
2024-09-18 11:48:01.361,415.6125772593557,8
2024-09-18 11:48:01.459,415.5990823936512,99
2024-09-18 11:48:01.538,415.6126395703204,99
2024-09-18 11:48:01.619,415.6212615769793,997
2024-09-18 11:48:01.671,415.61457481868126,95
2024-09-18 11:48:01.762,41.561189956287336,102
2024-09-18 11:48:02.048,415.5989580786107,1000
2024-09-18 11:48:02.104,415.657878964172,98
2024-09-18 11:48:02.268,415.5993962672328,7
2024-09-18 11:48:02.455,415.6358152691298,102
2024-09-18 11:48:02.526,415.6306538943973,1001
2024-09-18 11:48:02.532,415.66249573691965,96
2024-09-18 11:48:02.569,415.6588048938405,102
2024-09-18 11:48:02.723,415.6456391200098,1000
2024-09-18 11:48:02.752,415.6521838696503,997
2024-09-18 11:48:02.786,415.6088228078836,7
2024-09-18 11:48:02.832,415.5926551798891,95
2024-09-18 11:48:03.148,415.7194108729077,999
2024-09-18 11:48:03.237,415.7354182836662,6
2024-09-18 11:48:03.274,415.7419180916894,996
2024-09-18 11:48:03.359,415.6447912146568,998
2024-09-18 11:48:03.378,415.66867890817423,101
2024-09-18 11:48:03.431,415.64405676596,5
2024-09-18 11:48:03.437,415.6737053199127,96
2024-09-18 11:48:03.442,415.63224722118207,999
2024-09-18 11:48:03.484,415.7185591646692,101
2024-09-18 11:48:03.537,415.7065227781764,997
2024-09-18 11:48:03.563,415.7139044251235,998
2024-09-18 11:48:03.586,415.6708937584574,96
2024-09-18 11:48:03.690,415.6741982656591,1004
2024-09-18 11:48:03.740,415.6653256415231,7
2024-09-18 11:48:03.793,415.63613645292673,997
2024-09-18 11:48:03.831,415.6768906836271,998
2024-09-18 11:48:03.893,415.6575291889085,6
2024-09-18 11:48:03.916,415.682736934274,997
2024-09-18 11:48:03.950,415.671087685894,8
2024-09-18 11:48:04.207,415.72837226265057,1004
2024-09-18 11:48:04.251,41.57277100664376,999
2024-09-18 11:48:04.261,415.7252511526221,11
2024-09-18 11:48:04.376,415.7149127690309,99
2024-09-18 11:48:04.748,415.7169155424464,14
2024-09-18 11:48:04.821,415.72375344705983,11
2024-09-18 11:48:04.842,415.730898375544,998
2024-09-18 11:48:04.879,415.7192516048033,14
2024-09-18 11:48:04.933,415.71240779803264,105
2024-09-18 11:48:05.011,415.74908380485607,13
2024-09-18 11:48:05.051,415.7447214734845,9
2024-09-18 11:48:05.085,415.7158345075949,105
2024-09-18 11:48:05.094,415.7428232603629,7
2024-09-18 11:48:05.143,415.7164592560409,995
2024-09-18 11:48:05.266,415.7273859151682,1001
2024-09-18 11:48:05.274,415.7528346288715,102
2024-09-18 11:48:05.325,415.7068595482359,15
2024-09-18 11:48:05.333,415.7098952769372,9
2024-09-18 11:48:05.344,415.72011353050186,104
2024-09-18 11:48:05.376,415.72343674023625,99
2024-09-18 11:48:05.429,415.70341328670816,5
2024-09-18 11:48:05.488,415.6996929855708,11
2024-09-18 11:48:05.508,415.703609395688,5
2024-09-18 11:48:05.592,415.73594896718174,10
2024-09-18 11:48:05.623,415.7107622196205,995
2024-09-18 11:48:05.655,415.69007191331946,995
2024-09-18 11:48:05.664,415.7014917056777,997
2024-09-18 11:48:05.776,415.723068199818,95
2024-09-18 11:48:05.776,415.69975906956296,14
2024-09-18 11:48:05.784,415.7291554433433,995
2024-09-18 11:48:05.800,-415.7130453306159,6
2024-09-18 11:48:05.822,415.6986314731229,5
2024-09-18 11:48:05.869,415.73007863670654,1003
2024-09-18 11:48:05.886,415.7278070002028,7
2024-09-18 11:48:05.905,415.7249420488636,103
2024-09-18 11:48:05.927,415.7293478291221,11
2024-09-18 11:48:05.936,415.7390240643062,99
2024-09-18 11:48:06.018,415.7208682985416,1001
2024-09-18 11:48:06.147,415.7254401007954,996
2024-09-18 11:48:06.263,415.72034219473113,998
2024-09-18 11:48:06.280,415.7290102224823,1005
2024-09-18 11:48:06.290,415.7296622969557,1003
2024-09-18 11:48:06.706,415.7126725337628,5
2024-09-18 11:48:06.848,415.7173617335186,1002
2024-09-18 11:48:06.866,415.72106116708136,1004
2024-09-18 11:48:07.025,415.7511374762281,96
2024-09-18 11:48:07.067,415.7447501054512,15
2024-09-18 11:48:07.154,415.7575069347303,1003
2024-09-18 11:48:07.258,415.715316493915,14
2024-09-18 11:48:07.301,415.71814720139815,95
2024-09-18 11:48:07.338,415.7318942242981,998
2024-09-18 11:48:07.446,415.7677306010737,96
2024-09-18 11:48:07.447,415.7294710936202,998
2024-09-18 11:48:07.457,415.7589130606676,1003
2024-09-18 11:48:07.528,415.72382198108016,105
2024-09-18 11:48:07.561,415.7538495652333,5
2024-09-18 11:48:07.609,415.7330551026113,1005
2024-09-18 11:48:07.612,415.7146903176969,995
2024-09-18 11:48:07.628,415.7062368040881,1005
2024-09-18 11:48:07.635,415.754139382219,95
2024-09-18 11:48:07.702,415.7664258481407,102
2024-09-18 11:48:07.814,415.7442453919932,1003
2024-09-18 11:48:07.900,415.757777876946,12
2024-09-18 11:48:07.981,415.7655392394999,13
2024-09-18 11:48:07.990,415.76559539904,12
2024-09-18 11:48:08.001,415.7495273669728,6
2024-09-18 11:48:08.111,415.72830025411326,100
2024-09-18 11:48:08.141,415.7633739069504,1004
2024-09-18 11:48:08.184,415.78382548670834,14
2024-09-18 11:48:08.222,415.72214301294537,998
2024-09-18 11:48:08.260,415.71839354380137,104
2024-09-18 11:48:08.294,415.7277382565475,8
2024-09-18 11:48:08.304,415.7580227780306,10
2024-09-18 11:48:08.314,415.747282442088,996
2024-09-18 11:48:08.351,415.7432176528769,1002
2024-09-18 11:48:08.361,415.722260629894,999
2024-09-18 11:48:08.479,415.7523311344072,97
2024-09-18 11:48:08.504,415.7124195513094,998
2024-09-18 11:48:08.541,415.7200114108752,1003
2024-09-18 11:48:08.590,415.7417219280227,1003
2024-09-18 11:48:08.593,415.75069889437617,102
2024-09-18 11:48:08.604,415.7578486511863,8
2024-09-18 11:48:08.627,415.7360521851944,95
2024-09-18 11:48:08.643,415.7576724612108,996
2024-09-18 11:48:08.710,415.76104927391214,999
2024-09-18 11:48:08.710,415.7244069046181,103
2024-09-18 11:48:08.751,415.7311005862538,11
2024-09-18 11:48:08.778,415.7347473659228,10
2024-09-18 11:48:08.815,415.7477630315578,103
2024-09-18 11:48:08.854,415.7571010164317,1001
2024-09-18 11:48:08.973,415.75230028440495,11
2024-09-18 11:48:09.125,415.783716487114,1002
2024-09-18 11:48:09.176,415.78589612019954,7
2024-09-18 11:48:09.187,415.7768341466277,99
2024-09-18 11:48:09.229,415.7972828325847,104
2024-09-18 11:48:09.278,415.8024533905479,6
2024-09-18 11:48:09.303,415.7875242902366,13
2024-09-18 11:48:09.329,415.77427855324976,105
2024-09-18 11:48:09.371,415.7901877771185,1001
2024-09-18 11:48:09.493,415.803998141989,100
2024-09-18 11:48:09.511,415.7933788921491,995
2024-09-18 11:48:09.549,415.7922886448532,98
2024-09-18 11:48:09.593,415.7674244123283,1003
2024-09-18 11:48:09.724,,11
2024-09-18 11:48:09.777,415.785462911188,105
2024-09-18 11:48:09.809,415.7932076016574,100
2024-09-18 11:48:09.895,41.57850743978546,1000
2024-09-18 11:48:10.013,415.8114730261146,101
2024-09-18 11:48:10.022,415.8190955554868,96
2024-09-18 11:48:10.047,415.8575829636187,997
2024-09-18 11:48:10.065,415.8250685722082,101
2024-09-18 11:48:10.072,415.8252928856173,9
2024-09-18 11:48:10.253,415.82023492472587,98
2024-09-18 11:48:10.263,415.815734861822,97
2024-09-18 11:48:10.264,415.8362936984783,98
2024-09-18 11:48:10.356,415.8018295255449,1000
2024-09-18 11:48:10.370,415.7988515948651,1002
2024-09-18 11:48:10.409,415.8126950380063,13
2024-09-18 11:48:10.480,415.8365917913109,96
2024-09-18 11:48:10.532,415.8823228841068,97
2024-09-18 11:48:10.554,415.8566400354043,1005
2024-09-18 11:48:10.563,415.80809374288646,12
2024-09-18 11:48:10.631,415.8137110806464,998
2024-09-18 11:48:10.639,415.8330559571396,102
2024-09-18 11:48:10.641,415.8189370606698,998
2024-09-18 11:48:10.702,415.8098647412227,13
2024-09-18 11:48:10.723,415.8505781070014,1002
2024-09-18 11:48:10.734,415.8359328820061,10
2024-09-18 11:48:10.818,415.8456006347444,6
2024-09-18 11:48:10.911,415.8464474889914,95
2024-09-18 11:48:10.916,415.84935993843527,15
2024-09-18 11:48:10.933,415.8242617442674,98
2024-09-18 11:48:11.500,415.906020567213,997
2024-09-18 11:48:11.726,415.89757742890686,1004
2024-09-18 11:48:11.863,415.8834997342062,96
2024-09-18 11:48:12.254,415.936731954362,96
2024-09-18 11:48:12.693,415.9121148301453,13
2024-09-18 11:48:12.701,415.91331870179965,1002
2024-09-18 11:48:12.787,415.9370725435408,10
2024-09-18 11:48:12.829,415.9291852358557,995
2024-09-18 11:48:12.901,415.92037795092,103
2024-09-18 11:48:12.960,415.9329688155065,5
2024-09-18 11:48:13.007,415.9301953902505,15
2024-09-18 11:48:13.035,415.90114518943176,999
2024-09-18 11:48:13.089,415.8604896173264,997
2024-09-18 11:48:13.097,415.89003965946455,105
2024-09-18 11:48:13.110,415.873149501322,102
2024-09-18 11:48:13.163,415.9386087121256,998
2024-09-18 11:48:13.186,415.8497887804065,1005
2024-09-18 11:48:13.249,415.8871891213244,99
2024-09-18 11:48:13.261,415.86415059706746,997
2024-09-18 11:48:13.296,415.9228439383857,1001
2024-09-18 11:48:13.328,415.9441934840046,105
2024-09-18 11:48:13.358,415.8257062300021,996
2024-09-18 11:48:13.429,415.831371778384,995
2024-09-18 11:48:13.459,415.9274398656981,9
2024-09-18 11:48:13.469,415.8354735814228,14
2024-09-18 11:48:13.614,415.8717434899845,1003
2024-09-18 11:48:13.633,415.8587587667283,6
2024-09-18 11:48:13.639,415.8116278840229,100
2024-09-18 11:48:13.690,415.8287486715818,7
2024-09-18 11:48:13.697,415.8767970159183,1000
2024-09-18 11:48:13.864,415.8527298879018,14
2024-09-18 11:48:13.897,415.9170822881873,11
2024-09-18 11:48:14.057,415.7975742563725,105
2024-09-18 11:48:14.078,415.81420731108216,102
2024-09-18 11:48:14.141,415.7924368632069,95
2024-09-18 11:48:14.188,415.7619998318013,105
2024-09-18 11:48:14.220,415.7742406500476,5
2024-09-18 11:48:14.236,415.80840581541,12
2024-09-18 11:48:14.239,415.8164646492339,11
2024-09-18 11:48:14.282,415.7762323939821,100
2024-09-18 11:48:14.364,415.814058664719,7
2024-09-18 11:48:14.486,415.8072812341692,13
2024-09-18 11:48:14.540,415.8114026970894,997
2024-09-18 11:48:14.573,415.7840890766665,8
2024-09-18 11:48:14.614,415.7794556859653,1002
2024-09-18 11:48:14.657,415.8010241754709,98
2024-09-18 11:48:14.674,415.7863880821625,97
2024-09-18 11:48:14.690,415.7924018421487,1003
2024-09-18 11:48:14.745,415.7615642580832,15
2024-09-18 11:48:14.779,415.8041404586017,12
2024-09-18 11:48:14.795,415.81490177048704,7
2024-09-18 11:48:14.952,415.7879214827119,102
2024-09-18 11:48:15.188,415.8087594246691,15
2024-09-18 11:48:15.607,415.8064211965004,103
2024-09-18 11:48:15.723,415.8074777168941,96
2024-09-18 11:48:16.002,415.7842374466669,1000
2024-09-18 11:48:16.025,415.8373995282216,101
2024-09-18 11:48:16.027,415.8260633782444,14
2024-09-18 11:48:16.038,415.8431372711932,995
2024-09-18 11:48:16.062,415.7849199201934,1003
2024-09-18 11:48:16.133,415.83639064079256,104
2024-09-18 11:48:16.234,415.7872650053554,6
2024-09-18 11:48:16.271,415.8141980705126,100
2024-09-18 11:48:16.277,415.7962925278006,12
2024-09-18 11:48:16.280,415.8396509188616,5
2024-09-18 11:48:16.281,415.8255837964994,5
2024-09-18 11:48:16.294,415.7757059333403,102
2024-09-18 11:48:16.295,415.8213384410416,9
2024-09-18 11:48:16.346,415.8614754054555,1002
2024-09-18 11:48:16.405,415.82020726806456,14
2024-09-18 11:48:16.406,415.7862353708737,99
2024-09-18 11:48:16.412,415.79997345242265,10
2024-09-18 11:48:16.548,415.8155548597527,1002
2024-09-18 11:48:16.731,415.8295722918478,997
2024-09-18 11:48:16.747,415.82875297538055,102
2024-09-18 11:48:16.758,415.7931730535548,100
2024-09-18 11:48:16.831,415.7926012014151,6
2024-09-18 11:48:16.878,415.7861275985477,1001
2024-09-18 11:48:16.918,415.7913842577093,8
2024-09-18 11:48:16.958,415.789292373789,996
2024-09-18 11:48:16.968,415.8061208666211,1000
2024-09-18 11:48:16.975,415.7983256791146,96
2024-09-18 11:48:16.982,415.7988917679592,8
2024-09-18 11:48:16.999,415.7980121806473,100
2024-09-18 11:48:17.118,415.7979157037261,7
2024-09-18 11:48:17.238,415.7989244642652,996
2024-09-18 11:48:17.277,415.8099793580673,95
2024-09-18 11:48:17.289,415.78369219886673,995
2024-09-18 11:48:17.334,415.7841516192195,100
2024-09-18 11:48:17.356,415.7813532334766,1003
2024-09-18 11:48:17.380,415.8060001603937,99
2024-09-18 11:48:17.452,41.58060767229552,97
2024-09-18 11:48:17.579,415.81271712815806,8
2024-09-18 11:48:17.633,415.81152518120257,10
2024-09-18 11:48:17.640,415.79638113222825,1005
2024-09-18 11:48:17.650,415.8157859291038,1005
2024-09-18 11:48:17.774,415.8250842320811,996
2024-09-18 11:48:17.995,415.78889245442497,95
2024-09-18 11:48:17.998,415.7730614989868,95
2024-09-18 11:48:18.020,415.8685276002709,1002
2024-09-18 11:48:18.064,415.8366382801453,7
2024-09-18 11:48:18.078,415.9001385530552,13
2024-09-18 11:48:18.100,415.8171478410353,1005
2024-09-18 11:48:18.137,415.78969701465024,96
2024-09-18 11:48:18.242,415.8335861073749,98
2024-09-18 11:48:18.333,415.806059787458,11
2024-09-18 11:48:18.544,415.8630145213802,96
2024-09-18 11:48:18.591,415.8174719725964,97
2024-09-18 11:48:18.622,415.8079256474849,995
2024-09-18 11:48:18.630,415.8180371196346,1000
2024-09-18 11:48:18.635,415.8323199958459,999
2024-09-18 11:48:18.645,415.81091545708216,1001
2024-09-18 11:48:18.689,415.8155190241943,14
2024-09-18 11:48:18.733,415.8198047427558,5
2024-09-18 11:48:18.742,415.81789961831225,15
2024-09-18 11:48:18.845,415.8093314916037,9
2024-09-18 11:48:18.923,415.8289993851636,102
2024-09-18 11:48:18.980,415.8388538932647,101
2024-09-18 11:48:18.996,415.8564062529224,995
2024-09-18 11:48:19.055,415.89847324951234,96
2024-09-18 11:48:19.197,415.9459282048334,998
2024-09-18 11:48:19.201,415.9109375143375,95
2024-09-18 11:48:19.241,415.9811005483152,14
2024-09-18 11:48:19.261,415.9325711147237,96
2024-09-18 11:48:19.330,415.9103078860654,95
2024-09-18 11:48:19.347,,10
2024-09-18 11:48:19.361,415.9140107397536,1002
2024-09-18 11:48:19.370,415.9626634477388,7
2024-09-18 11:48:19.410,415.8926358260546,100
2024-09-18 11:48:19.451,415.89254438068576,6
2024-09-18 11:48:19.458,415.9075080048919,1002
2024-09-18 11:48:19.569,415.9196227344474,14
2024-09-18 11:48:19.573,415.9031343656778,103
2024-09-18 11:48:19.628,415.89644353505855,15
2024-09-18 11:48:19.661,415.9208349217267,95
2024-09-18 11:48:19.771,415.9114777550784,97
2024-09-18 11:48:19.781,415.9398433726136,6
2024-09-18 11:48:19.801,415.9504957919699,15
2024-09-18 11:48:19.820,415.9149940768609,998
2024-09-18 11:48:19.832,415.9214134327805,100
2024-09-18 11:48:19.915,415.8823046428714,1005
2024-09-18 11:48:20.005,415.8870754709554,9
2024-09-18 11:48:20.186,415.9224717911053,96
2024-09-18 11:48:20.188,415.9010747204789,11
2024-09-18 11:48:20.222,415.9509270287986,997
2024-09-18 11:48:20.264,415.9278307330872,99
2024-09-18 11:48:20.353,415.8787333624129,97
2024-09-18 11:48:20.385,415.9190336508024,995
2024-09-18 11:48:20.389,415.9079403675215,999
2024-09-18 11:48:20.474,415.9161877031581,95
2024-09-18 11:48:20.506,415.9438026369291,99
2024-09-18 11:48:20.564,415.9199783691622,8
2024-09-18 11:48:20.582,415.8508740881562,15
2024-09-18 11:48:20.628,415.90397336289766,7
2024-09-18 11:48:20.632,415.8598446490621,14
2024-09-18 11:48:20.633,415.9001683912822,12
2024-09-18 11:48:20.653,415.880485222733,998
2024-09-18 11:48:20.853,415.9569916893184,99
2024-09-18 11:48:20.864,415.84658515848497,1000
2024-09-18 11:48:20.884,415.9221245903881,1001
2024-09-18 11:48:20.932,415.920437016707,102
2024-09-18 11:48:21.034,415.78797921470095,102
2024-09-18 11:48:21.111,415.7951717898186,13
2024-09-18 11:48:21.175,415.826413030851,104
2024-09-18 11:48:21.311,415.7970822126527,11
2024-09-18 11:48:21.323,415.7965561987883,96
2024-09-18 11:48:21.337,415.7813549947636,997
2024-09-18 11:48:21.357,415.8094101341276,8
2024-09-18 11:48:22.032,415.8357273826487,998
2024-09-18 11:48:22.086,415.79245502225433,10
2024-09-18 11:48:22.104,415.8188645915529,995
2024-09-18 11:48:22.307,415.8398600258198,998
2024-09-18 11:48:22.889,415.8042483098236,105
2024-09-18 11:48:22.943,415.7906418248541,6
2024-09-18 11:48:23.041,415.888335791178,995
2024-09-18 11:48:23.085,415.8961200112687,96
2024-09-18 11:48:23.103,415.8777830686045,7
2024-09-18 11:48:23.184,415.8687706919289,98
2024-09-18 11:48:23.194,415.9026282971535,104
2024-09-18 11:48:23.214,415.9027939288294,97
2024-09-18 11:48:23.236,415.8527989746193,13
2024-09-18 11:48:23.242,415.8935707592605,9
2024-09-18 11:48:23.355,415.8937935278972,103
2024-09-18 11:48:23.363,415.9026665872949,1000
2024-09-18 11:48:23.405,415.9275104194695,8
2024-09-18 11:48:23.610,415.8488408300253,10
2024-09-18 11:48:23.614,415.89009575494566,96
2024-09-18 11:48:23.657,415.9003888763342,105
2024-09-18 11:48:23.684,415.92685931968106,99
2024-09-18 11:48:23.762,415.9025915789233,1003
2024-09-18 11:48:23.797,415.9093259152973,1004
2024-09-18 11:48:23.861,415.9208582428695,103
2024-09-18 11:48:23.878,415.8431249532738,101
2024-09-18 11:48:23.925,415.903864786756,9
2024-09-18 11:48:23.950,415.89487256574125,7
2024-09-18 11:48:23.993,415.91075010423776,13
2024-09-18 11:48:24.039,415.9333522838375,998
2024-09-18 11:48:24.062,415.9504158988022,1001
2024-09-18 11:48:24.153,41.59684413111488,7
2024-09-18 11:48:24.170,415.9698288902271,8
2024-09-18 11:48:24.288,415.9748257876524,96
2024-09-18 11:48:24.306,415.96928331323016,95
2024-09-18 11:48:24.318,415.9688368932278,1001
2024-09-18 11:48:24.339,415.91678551298384,11
2024-09-18 11:48:24.363,415.949697067148,998
2024-09-18 11:48:24.365,415.9724017172255,101
2024-09-18 11:48:24.410,415.9556413825516,997
2024-09-18 11:48:24.476,415.9558250370189,96
2024-09-18 11:48:24.488,415.9586035451973,1003
2024-09-18 11:48:24.539,415.9683755364304,7
2024-09-18 11:48:24.595,415.9637485172596,105
2024-09-18 11:48:24.630,415.964973852074,103
2024-09-18 11:48:24.670,415.9673046585918,103
2024-09-18 11:48:24.715,415.9827113464274,11
2024-09-18 11:48:24.836,415.9443395893648,105
2024-09-18 11:48:24.861,415.9792039781343,15
2024-09-18 11:48:24.894,415.9641322491099,12
2024-09-18 11:48:24.927,415.96794244706496,995
2024-09-18 11:48:24.955,415.9730250663785,104
2024-09-18 11:48:25.038,415.9977077266049,998
2024-09-18 11:48:25.086,416.0000355441354,9
2024-09-18 11:48:25.228,415.99860836462153,12
2024-09-18 11:48:25.265,416.0024648545893,1002
2024-09-18 11:48:25.269,415.9982919758892,5
2024-09-18 11:48:25.345,416.020805195259,5
2024-09-18 11:48:25.389,415.9836751551391,1004
2024-09-18 11:48:25.403,415.995517141219,1005
2024-09-18 11:48:25.518,415.9932313558097,97
2024-09-18 11:48:25.553,416.00786494462056,998
2024-09-18 11:48:25.567,416.0178713702472,997
2024-09-18 11:48:25.573,416.00547002265847,998
2024-09-18 11:48:25.584,416.0077356748312,7
2024-09-18 11:48:25.586,415.9601914150901,997
2024-09-18 11:48:25.656,416.0204604802999,998
2024-09-18 11:48:25.665,416.0008401331154,102
2024-09-18 11:48:25.680,415.9777863833471,999
2024-09-18 11:48:25.695,415.9875652114012,100
2024-09-18 11:48:25.798,415.994887336426,12
2024-09-18 11:48:25.823,415.9872707258172,7
2024-09-18 11:48:25.832,416.01557923821576,1001
2024-09-18 11:48:25.961,416.0080386002104,104
2024-09-18 11:48:25.992,416.0118615628821,996
2024-09-18 11:48:26.239,415.99814802774574,14
2024-09-18 11:48:26.255,416.0175228398191,1004
2024-09-18 11:48:26.284,416.03112933221615,96
2024-09-18 11:48:26.336,416.02018237538925,1002
2024-09-18 11:48:26.435,416.01843090422153,95
2024-09-18 11:48:26.475,416.0416923789082,15
2024-09-18 11:48:26.524,41.60238706381699,11
2024-09-18 11:48:26.613,416.0032029419566,1002
2024-09-18 11:48:26.783,416.0287325594734,996
2024-09-18 11:48:26.919,416.01917433678034,96
2024-09-18 11:48:26.937,416.0208983195049,997
2024-09-18 11:48:26.999,416.0338808122398,100
2024-09-18 11:48:27.069,415.99535193874937,15
2024-09-18 11:48:27.078,416.02280360108375,14
2024-09-18 11:48:27.088,416.0112050333129,9
2024-09-18 11:48:27.125,416.0397612340551,1002
2024-09-18 11:48:27.137,415.98796789469054,14
2024-09-18 11:48:27.170,415.9950969600951,996
2024-09-18 11:48:27.182,415.9722474839372,10
2024-09-18 11:48:27.231,416.0184884012962,997
2024-09-18 11:48:27.261,416.00871582325385,95
2024-09-18 11:48:27.362,416.00951629329376,5
2024-09-18 11:48:27.423,416.0047315793281,1003
2024-09-18 11:48:27.448,416.0353655160118,997
2024-09-18 11:48:27.453,416.0127152400352,104
2024-09-18 11:48:27.460,415.97354085114017,14
2024-09-18 11:48:27.486,41.598764429376935,99
2024-09-18 11:48:27.567,415.9716064508734,99
2024-09-18 11:48:27.592,415.9969568365693,10
2024-09-18 11:48:27.611,416.0140949256101,1002
2024-09-18 11:48:27.650,416.0158497109676,96
2024-09-18 11:48:27.678,415.9768217842755,996
2024-09-18 11:48:27.704,416.0218581406989,1004
2024-09-18 11:48:27.739,415.9760365434158,101
2024-09-18 11:48:27.893,416.00165769606366,12
2024-09-18 11:48:27.906,416.0055041900816,12
2024-09-18 11:48:27.925,416.0157989615092,1004
2024-09-18 11:48:27.947,416.02741990141664,8
2024-09-18 11:48:27.973,415.9952742189282,10
2024-09-18 11:48:28.028,416.0128775025245,1003
2024-09-18 11:48:28.326,416.033766507129,1001
2024-09-18 11:48:28.467,416.0300003802928,11
2024-09-18 11:48:28.469,416.0366988273907,101
2024-09-18 11:48:28.825,416.04247683887553,8
2024-09-18 11:48:28.871,416.0091012128075,12
2024-09-18 11:48:28.906,416.0398278716307,105
2024-09-18 11:48:29.060,415.9986657161611,996
2024-09-18 11:48:29.088,416.0201054053636,7
2024-09-18 11:48:29.101,416.0176442473772,102
2024-09-18 11:48:29.176,416.0193172869273,7
2024-09-18 11:48:29.185,416.0173123743163,97
2024-09-18 11:48:29.234,416.0110271454191,995
2024-09-18 11:48:29.272,416.0073287352254,997
2024-09-18 11:48:29.297,415.9961164860581,102
2024-09-18 11:48:29.407,416.0269686867763,105
2024-09-18 11:48:29.471,416.0084007952487,96
2024-09-18 11:48:29.500,416.0085118505307,1003
2024-09-18 11:48:29.526,416.01284972698,6
2024-09-18 11:48:29.625,416.01180328294686,1003
2024-09-18 11:48:29.630,416.01132707826616,8
2024-09-18 11:48:29.656,416.0033489220412,102
2024-09-18 11:48:29.712,-415.99738137444695,10
2024-09-18 11:48:29.783,415.9879678536334,1002
2024-09-18 11:48:29.853,415.9943392187509,11
2024-09-18 11:48:29.908,416.0275980312595,9
2024-09-18 11:48:29.933,416.0111938676299,7
2024-09-18 11:48:29.957,416.0038479128531,98
2024-09-18 11:48:30.003,416.0299908386526,102
2024-09-18 11:48:30.123,416.0145286070085,1003
2024-09-18 11:48:30.236,416.0444633215912,1003
2024-09-18 11:48:30.443,416.0280649957819,996
2024-09-18 11:48:30.867,416.0194080215165,97
2024-09-18 11:48:30.942,416.02626733685344,99
2024-09-18 11:48:31.040,416.013164788604,999
2024-09-18 11:48:31.110,,99
2024-09-18 11:48:31.110,416.068771518584,1004
2024-09-18 11:48:31.143,416.0430586179631,995
2024-09-18 11:48:31.152,416.05779518036974,995
2024-09-18 11:48:31.159,416.0337083927764,1000
2024-09-18 11:48:31.168,416.0510247371517,95
2024-09-18 11:48:31.254,416.0813411036126,102
2024-09-18 11:48:31.301,416.0242363603758,95
2024-09-18 11:48:31.304,416.06975180301714,95
2024-09-18 11:48:31.481,416.0732894221052,102
2024-09-18 11:48:31.482,416.02099747545634,10
2024-09-18 11:48:31.560,416.0346831324244,1002
2024-09-18 11:48:31.579,416.0287447935077,9
2024-09-18 11:48:31.586,416.00698460122015,996
2024-09-18 11:48:31.613,416.0444105446282,1005
2024-09-18 11:48:31.688,416.051249001456,7
2024-09-18 11:48:31.714,416.0033185179112,102
2024-09-18 11:48:31.828,416.0474444700098,997
2024-09-18 11:48:31.845,416.0381920284608,100
2024-09-18 11:48:31.932,416.0293479327682,1004
2024-09-18 11:48:31.961,416.02520776271547,13
2024-09-18 11:48:31.968,416.0279759926436,8
2024-09-18 11:48:32.032,415.9207380171775,1003
2024-09-18 11:48:32.101,416.0268222931216,11
2024-09-18 11:48:32.122,415.9802406261807,96
2024-09-18 11:48:32.154,415.9546532555185,15
2024-09-18 11:48:32.162,,95
2024-09-18 11:48:32.162,415.9468017765772,98
2024-09-18 11:48:32.201,416.0191468323228,9
2024-09-18 11:48:32.234,415.9722274397268,1002
2024-09-18 11:48:32.262,415.9795171295724,15
2024-09-18 11:48:32.316,416.0030953509053,101
2024-09-18 11:48:32.328,416.0070160160689,104
2024-09-18 11:48:32.398,416.0323103364297,997
2024-09-18 11:48:32.432,415.9742605456324,998
2024-09-18 11:48:32.469,415.9725649089991,11
2024-09-18 11:48:32.476,416.05457327094615,8
2024-09-18 11:48:32.488,416.00055172824256,13
2024-09-18 11:48:32.620,415.97561525564686,6
2024-09-18 11:48:32.630,415.9928917766504,8
2024-09-18 11:48:32.633,416.0067477595665,995
2024-09-18 11:48:32.688,416.0267862694004,100
2024-09-18 11:48:32.717,415.94193405640885,1000
2024-09-18 11:48:32.726,416.00199361913695,104
2024-09-18 11:48:32.752,416.0135952177409,99
2024-09-18 11:48:32.754,416.02625778915257,1001
2024-09-18 11:48:32.754,415.9041286155792,101
2024-09-18 11:48:32.760,416.0009938677899,5
2024-09-18 11:48:32.772,416.0072948306157,995
2024-09-18 11:48:32.834,416.0121726692194,95
2024-09-18 11:48:33.375,415.8965630026911,9
2024-09-18 11:48:33.448,415.8992093646594,95
2024-09-18 11:48:33.957,415.9267018969296,100
2024-09-18 11:48:34.013,415.903243520264,104
2024-09-18 11:48:34.032,415.9196620461982,15
2024-09-18 11:48:34.071,415.9322404278974,995
2024-09-18 11:48:34.087,415.9504308918703,97
2024-09-18 11:48:34.138,415.9337630224977,12
2024-09-18 11:48:34.311,415.8997662652805,996
2024-09-18 11:48:34.347,415.9444153534976,1003
2024-09-18 11:48:34.416,415.9079758056091,999
2024-09-18 11:48:34.454,415.9335296203852,6
2024-09-18 11:48:34.469,415.9388050064595,102
2024-09-18 11:48:34.475,415.9790765927662,1003
2024-09-18 11:48:34.504,415.9762888143762,103
2024-09-18 11:48:34.569,415.91585785836605,98
2024-09-18 11:48:34.593,415.929576725698,98
2024-09-18 11:48:34.610,415.9559704928959,100
2024-09-18 11:48:34.656,415.99307662671487,12
2024-09-18 11:48:34.682,415.9408425270003,104
2024-09-18 11:48:34.742,415.9373118695594,1003
2024-09-18 11:48:34.789,415.9225753536032,14
2024-09-18 11:48:34.793,415.9926382395933,9
2024-09-18 11:48:34.808,415.9289164574995,101
2024-09-18 11:48:34.822,415.9294991088253,6
2024-09-18 11:48:34.924,415.9355201685884,13
2024-09-18 11:48:34.980,415.9930380756773,13
2024-09-18 11:48:34.998,415.9946787130645,101
2024-09-18 11:48:35.094,415.9466230668226,15
2024-09-18 11:48:35.122,415.97905780022006,101
2024-09-18 11:48:35.207,415.96147132855214,996
2024-09-18 11:48:35.252,-415.9430716798237,6
2024-09-18 11:48:35.297,415.9460007359156,105
2024-09-18 11:48:35.375,415.9665989491082,15
2024-09-18 11:48:35.382,415.9448604824557,996
2024-09-18 11:48:35.490,415.96629547515306,996
2024-09-18 11:48:35.524,415.9630604373042,998
2024-09-18 11:48:35.587,415.9512829966063,14
2024-09-18 11:48:35.598,415.983358624129,13
2024-09-18 11:48:35.607,415.972530138603,5
2024-09-18 11:48:35.634,415.964031639365,1002
2024-09-18 11:48:35.677,41.59876822337195,101
2024-09-18 11:48:35.738,415.98550199287297,6
2024-09-18 11:48:35.745,415.9390898236272,5
2024-09-18 11:48:35.814,415.991056974746,5
2024-09-18 11:48:36.001,415.9809772357661,1005
2024-09-18 11:48:36.012,415.9788445719017,97
2024-09-18 11:48:36.018,415.97368085973727,8
2024-09-18 11:48:36.062,415.9650324533722,1001
2024-09-18 11:48:36.097,415.99006089599055,100
2024-09-18 11:48:36.139,415.9796310311519,7
2024-09-18 11:48:36.215,415.9953199022565,1002
2024-09-18 11:48:36.221,415.9744107366008,1005
2024-09-18 11:48:36.232,415.9663324150107,11
2024-09-18 11:48:36.267,415.9716651945295,995
2024-09-18 11:48:36.277,415.9776651432491,7
2024-09-18 11:48:36.293,416.0020018166383,102
2024-09-18 11:48:36.322,415.9806725875979,6
2024-09-18 11:48:36.322,416.0160159328676,998
2024-09-18 11:48:36.371,415.9690112794252,1003
2024-09-18 11:48:36.394,415.9904307443082,6
2024-09-18 11:48:36.426,415.9876623576679,997
2024-09-18 11:48:36.427,416.0106445774664,7
2024-09-18 11:48:36.537,415.9811865606701,105
2024-09-18 11:48:36.611,415.9682848756952,99
2024-09-18 11:48:36.636,415.9943017195189,98
2024-09-18 11:48:36.639,415.9524244228787,6
2024-09-18 11:48:36.685,415.97646131474266,1004
2024-09-18 11:48:36.707,415.9754432251008,100
2024-09-18 11:48:36.778,415.9853036456125,1000
2024-09-18 11:48:36.801,415.9716508984113,995
2024-09-18 11:48:36.889,415.9728443569903,12
2024-09-18 11:48:36.973,415.97040258104994,11
2024-09-18 11:48:36.985,415.9782332624568,97
2024-09-18 11:48:37.133,415.9098514758331,5
2024-09-18 11:48:37.141,415.99062634692814,6
2024-09-18 11:48:37.210,41.5901976722299,7
2024-09-18 11:48:37.227,415.96910784095,95
2024-09-18 11:48:37.230,415.9030268137787,1000
2024-09-18 11:48:37.268,415.97791449793135,6
2024-09-18 11:48:37.270,415.90780281926936,1003
2024-09-18 11:48:37.392,415.9629479163224,95
2024-09-18 11:48:37.492,415.9478489060137,1005
2024-09-18 11:48:37.595,415.90654473228216,7
2024-09-18 11:48:37.622,415.890274060335,95
2024-09-18 11:48:37.633,416.0090532954064,103
2024-09-18 11:48:37.681,415.9626379901595,997
2024-09-18 11:48:37.692,415.9180076379227,15
2024-09-18 11:48:37.742,415.9558114481514,1000
2024-09-18 11:48:37.755,415.9387498326476,11
2024-09-18 11:48:37.803,415.9501142250453,14
2024-09-18 11:48:37.814,415.9745148833594,1004
2024-09-18 11:48:37.890,415.9717792123389,1000
2024-09-18 11:48:37.901,415.94623562187246,102
2024-09-18 11:48:37.972,415.95492937880186,15
2024-09-18 11:48:37.990,415.9374721487361,102
2024-09-18 11:48:38.002,415.90005378463934,102
2024-09-18 11:48:38.032,415.8790193432978,11
2024-09-18 11:48:38.097,415.88715624130185,5
2024-09-18 11:48:38.150,415.9017010070216,104
2024-09-18 11:48:38.184,415.9020994862077,11
2024-09-18 11:48:38.212,415.9149543463015,1005
2024-09-18 11:48:38.227,415.9045602575604,1001
2024-09-18 11:48:38.233,415.9060475200233,8
2024-09-18 11:48:38.236,415.8778361115452,11
2024-09-18 11:48:38.262,415.91922467285394,13
2024-09-18 11:48:38.359,415.8775898928087,11
2024-09-18 11:48:38.402,415.9124503103913,9
2024-09-18 11:48:38.444,415.93070150156194,15
2024-09-18 11:48:38.488,415.9036108074231,13
2024-09-18 11:48:38.488,41.589348688062735,1005
2024-09-18 11:48:38.574,415.9053626840679,1001
2024-09-18 11:48:38.619,415.909878459329,104
2024-09-18 11:48:38.634,415.8984336826349,14
2024-09-18 11:48:38.677,-415.9229341214347,11
2024-09-18 11:48:38.708,415.88268933404674,14
2024-09-18 11:48:38.717,415.890808311005,1003
2024-09-18 11:48:38.747,415.8689290706941,1003
2024-09-18 11:48:38.835,415.90323629985807,97
2024-09-18 11:48:38.916,415.8888855346502,996
2024-09-18 11:48:38.942,415.9289710916804,101
2024-09-18 11:48:39.006,415.895313094425,99
2024-09-18 11:48:39.037,415.9107505809787,10
2024-09-18 11:48:39.065,415.91583589889655,998
2024-09-18 11:48:39.106,415.91626846532193,105
2024-09-18 11:48:39.273,415.9005268159832,1003
2024-09-18 11:48:39.284,415.914137156422,13
2024-09-18 11:48:39.323,415.9043972036053,9
2024-09-18 11:48:39.433,415.9188708540517,996
2024-09-18 11:48:39.437,415.907388103993,1004
2024-09-18 11:48:39.437,415.9218937525853,95
2024-09-18 11:48:39.449,415.9217274157045,999
2024-09-18 11:48:39.578,415.90451243869626,97
2024-09-18 11:48:39.742,415.9029998181292,996
2024-09-18 11:48:39.778,415.91415349316287,5
2024-09-18 11:48:39.815,415.91571618061016,105
2024-09-18 11:48:39.872,415.93284618387577,1002
2024-09-18 11:48:39.905,415.9071402004646,1002
2024-09-18 11:48:39.910,415.9113916459948,95
2024-09-18 11:48:40.086,415.88298215446014,100
2024-09-18 11:48:40.111,415.8848872924549,14
2024-09-18 11:48:40.154,415.9082731442241,6
2024-09-18 11:48:40.658,415.870879468443,1002
2024-09-18 11:48:40.670,415.8672127567368,6
2024-09-18 11:48:40.751,415.8758653290669,8
2024-09-18 11:48:40.804,415.9163949094632,5
2024-09-18 11:48:40.902,415.9023675548589,12
2024-09-18 11:48:40.998,415.915642186954,6
2024-09-18 11:48:41.004,415.9009967712762,15
2024-09-18 11:48:41.020,415.8831098300953,1000
2024-09-18 11:48:41.032,415.8802209041873,11
2024-09-18 11:48:41.046,415.91275848668784,995
2024-09-18 11:48:41.254,415.90627610050086,9
2024-09-18 11:48:41.311,415.8700652248697,6
2024-09-18 11:48:41.336,415.91197562423343,99
2024-09-18 11:48:41.392,415.94540764802855,100
2024-09-18 11:48:41.575,-415.9135380263032,12
2024-09-18 11:48:41.629,415.92647606661535,996
2024-09-18 11:48:42.010,415.9218527716313,6
2024-09-18 11:48:42.136,415.9203903270517,12
2024-09-18 11:48:42.175,415.9219707433024,1001
2024-09-18 11:48:42.482,415.9148497891711,12
2024-09-18 11:48:42.703,415.901205360074,15
2024-09-18 11:48:42.841,415.9335382227839,102
2024-09-18 11:48:42.981,415.92223436392914,1001
2024-09-18 11:48:43.300,415.9769278380364,996
2024-09-18 11:48:43.332,415.9427998575368,95
2024-09-18 11:48:43.448,415.93110189332526,8
2024-09-18 11:48:43.620,415.9531006665455,97
2024-09-18 11:48:43.714,415.93807031076346,1002
2024-09-18 11:48:44.177,416.0147679114593,995
2024-09-18 11:48:44.287,415.9695197188129,11
2024-09-18 11:48:44.364,416.00358321319607,103
2024-09-18 11:48:44.367,415.99601948153327,98
2024-09-18 11:48:44.461,415.976072674525,7
2024-09-18 11:48:44.521,416.00804762321536,1003
2024-09-18 11:48:44.686,416.0087424206912,1003
2024-09-18 11:48:44.796,416.04373032986894,11
2024-09-18 11:48:44.831,416.0385768057707,996
2024-09-18 11:48:44.852,416.0361746526587,1004
2024-09-18 11:48:45.069,416.03254248190655,1004
2024-09-18 11:48:45.168,416.0414373322038,9
2024-09-18 11:48:45.254,416.0444272942745,6
2024-09-18 11:48:45.328,416.0199676862886,101
2024-09-18 11:48:45.532,41.6033633159816,100
2024-09-18 11:48:45.557,41.603730507426896,98
2024-09-18 11:48:45.601,416.025795771681,14
2024-09-18 11:48:45.771,416.0036187123674,11
2024-09-18 11:48:45.808,416.0478531532332,995
2024-09-18 11:48:45.815,416.026609085208,14
2024-09-18 11:48:45.819,416.044983013101,1004
2024-09-18 11:48:45.873,416.0148161599704,998
2024-09-18 11:48:45.907,416.0398897714782,999
2024-09-18 11:48:45.984,416.0410849238357,98
2024-09-18 11:48:45.996,416.03312884166536,95
2024-09-18 11:48:46.061,416.0468900163538,97
2024-09-18 11:48:46.073,415.9937997159387,99
2024-09-18 11:48:46.078,415.9496262010579,101
2024-09-18 11:48:46.121,416.0022588345201,104
2024-09-18 11:48:46.149,416.0335219200672,1001
2024-09-18 11:48:46.155,416.03675699095214,95
2024-09-18 11:48:46.176,416.02870108427845,14
2024-09-18 11:48:46.180,416.02805485843214,1005
2024-09-18 11:48:46.233,416.0048081146824,8
2024-09-18 11:48:46.256,416.0316783282225,7
2024-09-18 11:48:46.263,415.9463416102976,6
2024-09-18 11:48:46.320,415.9642602588608,999
2024-09-18 11:48:46.361,416.0194646489414,103
2024-09-18 11:48:46.377,415.9965065735819,996
2024-09-18 11:48:46.403,415.9967911421929,96
2024-09-18 11:48:46.556,415.95081866866747,95
2024-09-18 11:48:46.599,416.0508217887378,1004
2024-09-18 11:48:46.622,416.0348440242777,7
2024-09-18 11:48:46.647,415.9996949822934,98
2024-09-18 11:48:46.648,415.9828321170439,1001
2024-09-18 11:48:46.746,416.0283630504021,998
2024-09-18 11:48:46.756,416.0285694143269,6
2024-09-18 11:48:46.766,416.0278522860558,14
2024-09-18 11:48:46.790,416.0142201460628,97
2024-09-18 11:48:46.816,416.0335742861554,998
2024-09-18 11:48:46.824,416.0212836775295,8
2024-09-18 11:48:46.841,415.9916084805335,103
2024-09-18 11:48:46.897,416.0299060655255,95
2024-09-18 11:48:46.952,415.9983988036748,97
2024-09-18 11:48:47.494,415.942321134094,97
2024-09-18 11:48:47.838,,97
2024-09-18 11:48:47.964,415.9481087959361,99
2024-09-18 11:48:48.653,415.9728593644081,15
2024-09-18 11:48:49.167,415.944610452139,102
2024-09-18 11:48:49.228,415.9591961628487,996
2024-09-18 11:48:49.341,415.96068599918414,8
2024-09-18 11:48:49.364,415.94949346847534,1003
2024-09-18 11:48:49.410,415.9458312390488,96
2024-09-18 11:48:49.449,415.95918487009504,105
2024-09-18 11:48:49.538,415.94750709680966,98
2024-09-18 11:48:49.562,415.9621294040546,15
2024-09-18 11:48:49.583,415.9629727317807,1000
2024-09-18 11:48:49.782,415.95950560803806,10
2024-09-18 11:48:49.872,415.94266448899447,997
2024-09-18 11:48:49.954,415.94367703778863,15
2024-09-18 11:48:50.036,415.9674775538772,11
2024-09-18 11:48:50.090,415.9483354912848,995
2024-09-18 11:48:50.350,415.9598445791996,997
2024-09-18 11:48:50.374,415.9588313726491,995
2024-09-18 11:48:50.623,415.95735657447096,97
2024-09-18 11:48:50.888,415.9450628978613,14
2024-09-18 11:48:51.060,415.98382689011606,101
2024-09-18 11:48:51.155,415.980757296211,98
2024-09-18 11:48:51.167,415.9810098446637,100
2024-09-18 11:48:51.200,415.9802700803213,15
2024-09-18 11:48:51.231,415.9503034462244,1003
2024-09-18 11:48:51.276,415.98162089750576,102
2024-09-18 11:48:51.367,415.9949516982823,995
2024-09-18 11:48:51.418,415.9660754961897,100
2024-09-18 11:48:51.476,415.9807058884511,102
2024-09-18 11:48:51.570,415.97209775299297,95
2024-09-18 11:48:51.616,415.962592717441,1001
2024-09-18 11:48:51.633,415.93714755418654,999
2024-09-18 11:48:51.771,415.9834560604001,1002
2024-09-18 11:48:51.864,415.9683516032391,99
2024-09-18 11:48:51.874,415.9472381800964,101
2024-09-18 11:48:51.991,415.9892832195033,98
2024-09-18 11:48:52.003,416.01290391252513,999
2024-09-18 11:48:52.027,415.9555743852573,101
2024-09-18 11:48:52.134,415.9811365985547,997
2024-09-18 11:48:52.145,416.02898693345503,11
2024-09-18 11:48:52.167,415.9663138683407,6
2024-09-18 11:48:52.210,416.036285094931,998
2024-09-18 11:48:52.343,416.0419888563913,11
2024-09-18 11:48:52.360,415.9826808742899,99
2024-09-18 11:48:52.502,-416.0614294897877,10
2024-09-18 11:48:52.540,415.9929826171718,1002
2024-09-18 11:48:52.571,415.978472112317,1005
2024-09-18 11:48:52.582,415.9696103116808,7
2024-09-18 11:48:52.609,415.99758863685867,996
2024-09-18 11:48:52.626,415.9755154167146,998
2024-09-18 11:48:52.669,415.969356305444,997
2024-09-18 11:48:52.680,416.0466991907527,99
2024-09-18 11:48:52.694,416.0028966956951,1001
2024-09-18 11:48:52.695,415.9797979551972,1001
2024-09-18 11:48:52.755,416.0749048206114,99
2024-09-18 11:48:52.769,416.0693073926136,105
2024-09-18 11:48:52.793,415.96047230973,102
2024-09-18 11:48:53.053,415.96679695599295,15
2024-09-18 11:48:53.093,415.98308393828825,9
2024-09-18 11:48:53.250,415.9915355357317,1000
2024-09-18 11:48:53.343,415.9800945935861,101
2024-09-18 11:48:53.362,415.9877269645,95
2024-09-18 11:48:53.467,415.9653747109345,98
2024-09-18 11:48:53.583,415.9877399228506,96
2024-09-18 11:48:53.645,415.9778371637989,10
2024-09-18 11:48:53.775,415.9959931296599,9
2024-09-18 11:48:53.874,415.9800018503536,1001
2024-09-18 11:48:53.932,415.9828643939852,9
2024-09-18 11:48:53.936,415.9982584230149,104
2024-09-18 11:48:54.105,415.9608488320238,96
2024-09-18 11:48:54.149,415.9180612644752,102
2024-09-18 11:48:54.233,415.92596951261424,13
2024-09-18 11:48:54.253,415.9508876298237,98
2024-09-18 11:48:54.313,415.9273336709711,14
2024-09-18 11:48:54.317,415.9772421120137,999
2024-09-18 11:48:54.655,415.86404232956073,11
2024-09-18 11:48:54.740,415.9803620484487,15
2024-09-18 11:48:54.813,415.90628676029104,1000
2024-09-18 11:48:55.032,41.5882962487384,8
2024-09-18 11:48:55.062,415.85966711507706,999
2024-09-18 11:48:55.089,415.8810237064275,996
2024-09-18 11:48:55.308,415.8629673469816,105
2024-09-18 11:48:55.383,415.86627065091335,5
2024-09-18 11:48:55.417,415.8881417543307,95
2024-09-18 11:48:55.529,415.88956777108615,999
2024-09-18 11:48:55.621,415.8974279033262,105
2024-09-18 11:48:55.630,415.8643046459201,99
2024-09-18 11:48:55.634,415.8806806907991,1002
2024-09-18 11:48:55.743,415.8977586084605,100
2024-09-18 11:48:55.745,415.8868671919224,102
2024-09-18 11:48:56.093,-415.8845938310472,96
2024-09-18 11:48:56.156,415.8688009918084,999
2024-09-18 11:48:56.272,415.88501583739344,15
2024-09-18 11:48:56.292,415.89469103269136,8
2024-09-18 11:48:56.459,415.8811417527307,13
2024-09-18 11:48:56.601,415.8797535938909,995
2024-09-18 11:48:56.638,415.88799341452255,102
2024-09-18 11:48:56.736,415.8942999217096,14
2024-09-18 11:48:56.937,415.8792658918299,14
2024-09-18 11:48:57.056,415.9531922829274,7
2024-09-18 11:48:57.190,415.9457159119441,995
2024-09-18 11:48:57.234,415.95489914203847,99
2024-09-18 11:48:57.349,415.9436525338596,102
2024-09-18 11:48:57.894,-415.9274986870248,95
2024-09-18 11:48:57.908,415.90752269402407,15
2024-09-18 11:48:58.054,415.9464530121681,997
2024-09-18 11:48:58.081,415.9174960807034,101
2024-09-18 11:48:58.103,415.914139746902,7
2024-09-18 11:48:58.191,415.9301975492622,104
2024-09-18 11:48:58.333,415.9355431325241,5
2024-09-18 11:48:58.355,415.95756081759606,101
2024-09-18 11:48:58.403,415.9398115498438,9
2024-09-18 11:48:58.536,415.9193553312277,997
2024-09-18 11:48:58.556,415.9379442041324,13
2024-09-18 11:48:59.119,415.8834946364573,101
2024-09-18 11:48:59.126,415.90336629078814,999
2024-09-18 11:48:59.156,415.9155593569351,13
2024-09-18 11:48:59.205,415.9006702486169,8
2024-09-18 11:48:59.231,415.893738239646,1001
2024-09-18 11:48:59.235,-415.8690517239378,15
2024-09-18 11:48:59.258,415.89979705695055,100
2024-09-18 11:48:59.374,415.9119922315648,104
2024-09-18 11:48:59.388,415.9050644949472,11
2024-09-18 11:48:59.456,415.9117871635253,103
2024-09-18 11:48:59.458,415.8524343281605,103
2024-09-18 11:48:59.463,415.90367477144457,101
2024-09-18 11:48:59.507,415.93156471882776,6
2024-09-18 11:48:59.531,415.861565026546,12
2024-09-18 11:48:59.547,415.898750359215,1003
2024-09-18 11:48:59.552,415.8796250215402,7
2024-09-18 11:48:59.563,415.9193704455109,8
2024-09-18 11:48:59.564,415.9037809168699,102
2024-09-18 11:48:59.658,415.86421244611466,997
2024-09-18 11:48:59.660,415.9164232468034,104
2024-09-18 11:48:59.720,415.88207334376784,105
2024-09-18 11:48:59.730,415.93585938303744,8
2024-09-18 11:48:59.746,415.9180413507486,96
2024-09-18 11:48:59.820,415.8623717630187,14
2024-09-18 11:48:59.883,415.89310232156936,95
2024-09-18 11:48:59.911,415.8558921563304,11
2024-09-18 11:48:59.912,415.9354401231621,1005
2024-09-18 11:48:59.972,415.87300418393255,998
