Timestamp,Price,Size
2024-09-16 09:45:00.072,419.7226152021683,997
2024-09-16 09:45:00.110,419.6866697091044,96
2024-09-16 09:45:00.162,419.68876279985375,95
2024-09-16 09:45:00.245,419.7005014286637,7
2024-09-16 09:45:00.246,419.6974641932638,9
2024-09-16 09:45:00.413,419.7057759185996,98
2024-09-16 09:45:00.423,419.691647470334,104
2024-09-16 09:45:00.423,419.7006281037936,100
2024-09-16 09:45:00.523,419.69753174878224,105
2024-09-16 09:45:00.551,419.7290873203136,997
2024-09-16 09:45:00.610,419.7084542068422,96
2024-09-16 09:45:00.670,419.6737490658484,1005
2024-09-16 09:45:00.700,419.6902578074188,105
2024-09-16 09:45:00.721,419.7091283408405,1004
2024-09-16 09:45:00.731,419.7078177720973,1004
2024-09-16 09:45:00.780,419.7188240676303,1001
2024-09-16 09:45:00.803,419.6963924345382,105
2024-09-16 09:45:00.878,419.6863384094205,996
2024-09-16 09:45:00.912,419.72325594426377,99
2024-09-16 09:45:00.930,419.659400202904,1005
2024-09-16 09:45:01.358,419.74136776001615,9
2024-09-16 09:45:01.405,419.7407545186134,13
2024-09-16 09:45:01.567,419.7504851903272,103
2024-09-16 09:45:01.568,419.74666104901297,103
2024-09-16 09:45:01.829,419.7557532478007,998
2024-09-16 09:45:02.115,41.98379622330686,7
2024-09-16 09:45:02.122,419.8762105881745,1001
2024-09-16 09:45:02.126,419.8295239699731,105
2024-09-16 09:45:02.177,419.8797883834023,103
2024-09-16 09:45:02.348,419.7539069541053,1004
2024-09-16 09:45:02.375,419.7537173324856,1003
2024-09-16 09:45:02.407,419.8010475013844,12
2024-09-16 09:45:02.408,419.8360235610142,96
2024-09-16 09:45:02.433,419.88060718563554,8
2024-09-16 09:45:02.565,419.7701448462397,1000
2024-09-16 09:45:02.591,419.80198150035176,1004
2024-09-16 09:45:02.654,419.77199895349935,13
2024-09-16 09:45:02.655,419.77813001993286,15
2024-09-16 09:45:02.694,419.8283054935994,11
2024-09-16 09:45:02.719,419.81570565449647,15
2024-09-16 09:45:02.723,419.7706921663042,998
2024-09-16 09:45:02.743,419.8149039494637,1003
2024-09-16 09:45:02.752,419.8430943406371,102
2024-09-16 09:45:02.879,419.8518686592148,6
2024-09-16 09:45:02.882,419.8081557697096,1004
2024-09-16 09:45:02.889,419.8002902597012,97
2024-09-16 09:45:02.896,419.8717884472655,7
2024-09-16 09:45:02.928,419.86456516193647,1005
2024-09-16 09:45:02.941,419.8218443403966,1004
2024-09-16 09:45:02.984,419.77703881479,9
2024-09-16 09:45:03.095,419.84473054297024,102
2024-09-16 09:45:03.159,419.86522372087705,7
2024-09-16 09:45:03.492,419.8460627450832,101
2024-09-16 09:45:03.519,419.8550717703359,103
2024-09-16 09:45:03.599,419.8651599871996,999
2024-09-16 09:45:03.667,419.8635233895867,100
2024-09-16 09:45:03.741,419.8390787979606,10
2024-09-16 09:45:03.811,419.8537051573109,12
2024-09-16 09:45:03.838,419.8443218058244,9
2024-09-16 09:45:03.859,419.8454966573497,14
2024-09-16 09:45:03.998,419.8489233424943,1005
2024-09-16 09:45:04.013,419.8106551572751,97
2024-09-16 09:45:04.027,419.8362066704938,995
2024-09-16 09:45:04.123,419.8340901289044,101
2024-09-16 09:45:04.133,419.81992315834674,7
2024-09-16 09:45:04.172,419.82265725422434,1000
2024-09-16 09:45:04.476,419.8086556135442,103
2024-09-16 09:45:04.556,419.8109188372398,7
2024-09-16 09:45:04.646,419.8256133434619,999
2024-09-16 09:45:04.698,419.8036974853144,98
2024-09-16 09:45:04.706,419.82852165357,1004
2024-09-16 09:45:04.879,419.8139844567492,98
2024-09-16 09:45:04.935,419.8127505525367,996
2024-09-16 09:45:05.040,419.7782853048689,8
2024-09-16 09:45:05.081,419.8251364795025,98
2024-09-16 09:45:05.314,419.8066455968056,15
2024-09-16 09:45:05.352,419.8047578346868,96
2024-09-16 09:45:05.576,419.8105061594298,997
2024-09-16 09:45:05.594,419.7938380271684,11
2024-09-16 09:45:05.685,419.79421793034817,8
2024-09-16 09:45:05.804,419.8070888229335,7
2024-09-16 09:45:05.850,419.7648448885846,8
2024-09-16 09:45:05.856,419.8017687220104,101
2024-09-16 09:45:05.923,419.7918521887663,98
2024-09-16 09:45:05.963,419.8186796787282,5
2024-09-16 09:45:06.063,419.7936531277015,102
2024-09-16 09:45:06.093,419.7965972217276,99
2024-09-16 09:45:06.096,419.7809685142007,1001
2024-09-16 09:45:06.125,419.7739877479704,996
2024-09-16 09:45:06.193,419.8023396016094,1000
2024-09-16 09:45:06.207,419.7994788617922,1000
2024-09-16 09:45:06.236,419.7921453470888,7
2024-09-16 09:45:06.268,419.7814800935314,100
2024-09-16 09:45:06.283,419.7901993454149,1004
2024-09-16 09:45:06.331,419.7930069802716,9
2024-09-16 09:45:06.332,419.7884994511873,998
2024-09-16 09:45:06.342,419.7906123113386,11
2024-09-16 09:45:06.370,419.80849707695234,8
2024-09-16 09:45:06.414,419.7962158382159,9
2024-09-16 09:45:06.461,419.81115907302586,98
2024-09-16 09:45:06.514,419.7662370581834,1004
2024-09-16 09:45:06.540,419.7855325793106,9
2024-09-16 09:45:06.574,419.7751153409136,15
2024-09-16 09:45:06.651,419.7828927400518,1001
2024-09-16 09:45:06.678,419.8109129801095,11
2024-09-16 09:45:06.689,419.78906821321465,104
2024-09-16 09:45:06.782,419.7894095182288,15
2024-09-16 09:45:06.833,419.7673745616349,10
2024-09-16 09:45:06.852,419.7716756001636,999
2024-09-16 09:45:06.883,419.7834344696451,996
2024-09-16 09:45:06.988,419.7990375268277,6
2024-09-16 09:45:06.989,419.81058808948376,8
2024-09-16 09:45:06.999,419.789629968894,1002
2024-09-16 09:45:07.055,419.850060747901,95
2024-09-16 09:45:07.113,419.8481255714647,13
2024-09-16 09:45:07.120,419.8420390890704,998
2024-09-16 09:45:07.169,419.834063443168,1005
2024-09-16 09:45:07.256,-419.8446172318775,98
2024-09-16 09:45:07.295,419.8423881676897,7
2024-09-16 09:45:07.351,419.8133642306708,5
2024-09-16 09:45:07.501,419.8494022245324,102
2024-09-16 09:45:07.518,419.8393245389544,103
2024-09-16 09:45:07.656,419.8499096751521,12
2024-09-16 09:45:07.722,419.8561759007629,6
2024-09-16 09:45:07.731,419.81429332211616,9
2024-09-16 09:45:07.931,419.8271147320068,1003
2024-09-16 09:45:07.968,419.8393108689281,997
2024-09-16 09:45:08.128,419.86258049654737,100
2024-09-16 09:45:08.163,,99
2024-09-16 09:45:08.190,419.83679423367255,5
2024-09-16 09:45:08.191,419.80287555051535,100
2024-09-16 09:45:08.256,419.79338319708177,12
2024-09-16 09:45:08.261,419.8116752434671,10
2024-09-16 09:45:08.414,419.7889313476711,102
2024-09-16 09:45:08.552,419.8199796450844,6
2024-09-16 09:45:08.585,419.837709667521,1004
2024-09-16 09:45:08.650,419.7942549438245,102
2024-09-16 09:45:08.727,419.8470111007765,10
2024-09-16 09:45:08.751,419.8465872999505,1005
2024-09-16 09:45:08.806,419.8559021851013,105
2024-09-16 09:45:08.823,419.7968471511216,97
2024-09-16 09:45:08.842,419.85727133008265,997
2024-09-16 09:45:08.853,419.8176030879794,1003
2024-09-16 09:45:08.869,419.8531546881722,12
2024-09-16 09:45:08.880,419.8601865855687,1000
2024-09-16 09:45:08.888,419.8599746123632,102
2024-09-16 09:45:08.946,419.8093994703476,1005
2024-09-16 09:45:09.046,419.8232238650157,102
2024-09-16 09:45:09.077,419.81804330423614,997
2024-09-16 09:45:09.236,419.8243281296465,998
2024-09-16 09:45:09.348,419.84349680587087,105
2024-09-16 09:45:09.351,419.8118836086395,102
2024-09-16 09:45:09.403,419.8109330817642,15
2024-09-16 09:45:09.460,419.8274295662756,103
2024-09-16 09:45:09.612,419.843516945642,997
2024-09-16 09:45:09.720,419.8018235343171,1004
2024-09-16 09:45:09.762,419.8056032140093,102
2024-09-16 09:45:09.771,419.81270830386,104
2024-09-16 09:45:09.809,419.8430739735071,102
2024-09-16 09:45:09.884,419.8167116397145,7
2024-09-16 09:45:09.917,419.82756083646535,97
2024-09-16 09:45:09.934,419.81239261432665,5
2024-09-16 09:45:10.010,419.7720765746832,8
2024-09-16 09:45:10.023,419.768287503384,8
2024-09-16 09:45:10.067,419.74850035336266,13
2024-09-16 09:45:10.152,419.7474366402071,995
2024-09-16 09:45:10.267,419.7566769829977,15
2024-09-16 09:45:10.284,419.74426038313584,6
2024-09-16 09:45:10.285,419.76677648494416,1000
2024-09-16 09:45:10.287,419.7460782697844,11
2024-09-16 09:45:10.305,419.7315125449185,10
2024-09-16 09:45:10.306,419.7497666573842,5
2024-09-16 09:45:10.479,419.7760314627277,103
2024-09-16 09:45:10.542,419.7723209335275,5
2024-09-16 09:45:10.626,419.75197706653967,1005
2024-09-16 09:45:10.638,419.7684016249906,996
2024-09-16 09:45:10.653,419.7477221937984,998
2024-09-16 09:45:10.675,419.736345112299,996
2024-09-16 09:45:10.786,419.7587712283546,997
2024-09-16 09:45:10.802,419.77654241003313,7
2024-09-16 09:45:10.898,419.7468478137189,1002
2024-09-16 09:45:10.935,419.7457638764684,7
2024-09-16 09:45:10.974,419.802454562621,9
2024-09-16 09:45:11.129,419.7022472327535,8
2024-09-16 09:45:11.145,419.6939888556562,14
2024-09-16 09:45:11.239,419.7059013031206,996
2024-09-16 09:45:11.291,419.7079751497917,104
2024-09-16 09:45:11.307,419.70125880921313,1002
2024-09-16 09:45:11.311,419.7154944787709,6
2024-09-16 09:45:11.379,419.694756692756,996
2024-09-16 09:45:11.429,419.7194921844656,1005
2024-09-16 09:45:11.531,419.7537353647642,1002
2024-09-16 09:45:11.551,419.6961992317144,1001
2024-09-16 09:45:11.625,419.7649408788527,9
2024-09-16 09:45:11.629,41.975687378391406,101
2024-09-16 09:45:11.742,41.97008654690206,1002
2024-09-16 09:45:11.773,419.7121227138083,13
2024-09-16 09:45:11.786,419.7125832897744,101
2024-09-16 09:45:11.821,419.7228801818118,1004
2024-09-16 09:45:11.823,419.7461278378596,14
2024-09-16 09:45:11.872,419.7042096301181,13
2024-09-16 09:45:11.884,419.7595020698765,1002
2024-09-16 09:45:11.941,419.71004698171794,103
2024-09-16 09:45:12.019,41.97543258599253,95
2024-09-16 09:45:12.196,,999
2024-09-16 09:45:12.228,419.7568200335936,9
2024-09-16 09:45:12.259,419.73833193520767,11
2024-09-16 09:45:12.512,419.7743185506241,102
2024-09-16 09:45:12.613,419.7192569930747,95
2024-09-16 09:45:12.754,419.71359395120754,13
2024-09-16 09:45:12.790,419.7738377154932,995
2024-09-16 09:45:12.805,419.7753762693951,996
2024-09-16 09:45:12.891,419.72202975778487,1001
2024-09-16 09:45:13.104,419.716859023577,8
2024-09-16 09:45:13.113,419.7050712682123,97
2024-09-16 09:45:13.127,419.7183206915835,1004
2024-09-16 09:45:13.163,419.6597087541948,99
2024-09-16 09:45:13.170,419.7083174051885,1000
2024-09-16 09:45:13.206,419.6920568365576,9
2024-09-16 09:45:13.237,419.6654279415219,98
2024-09-16 09:45:13.260,419.7096496186912,1003
2024-09-16 09:45:13.302,419.6562111770463,1001
2024-09-16 09:45:13.321,419.7021941188925,103
2024-09-16 09:45:13.345,-419.7344749050809,105
2024-09-16 09:45:13.389,419.7393022456855,97
2024-09-16 09:45:13.534,419.6567221624785,1001
2024-09-16 09:45:13.640,419.7340569854196,995
2024-09-16 09:45:13.674,419.66644627011294,100
2024-09-16 09:45:13.701,419.6550655939129,95
2024-09-16 09:45:13.702,419.72501781137055,999
2024-09-16 09:45:13.708,419.71737574672926,102
2024-09-16 09:45:13.725,419.7176523665492,95
2024-09-16 09:45:13.777,419.6999283733072,10
2024-09-16 09:45:13.847,419.70324399424976,97
2024-09-16 09:45:13.885,419.6803939548047,12
2024-09-16 09:45:13.940,419.6668159752329,1003
2024-09-16 09:45:13.949,419.71809853626826,7
2024-09-16 09:45:13.958,419.6958028437506,995
2024-09-16 09:45:13.965,419.68881209826304,1000
2024-09-16 09:45:14.164,419.6562300665855,102
2024-09-16 09:45:14.418,,102
2024-09-16 09:45:14.911,419.6608603475301,100
2024-09-16 09:45:14.937,419.6819839923834,998
2024-09-16 09:45:15.239,419.6659418404399,104
2024-09-16 09:45:15.527,419.6871090995154,96
2024-09-16 09:45:15.551,419.67983750859526,102
2024-09-16 09:45:16.196,419.7075262085049,105
2024-09-16 09:45:16.266,419.6971672291137,1003
2024-09-16 09:45:17.011,419.7489187916968,105
2024-09-16 09:45:17.050,419.6936652537394,104
2024-09-16 09:45:17.064,419.72197222877895,15
2024-09-16 09:45:17.237,419.7229104403269,12
2024-09-16 09:45:17.322,419.7139361891011,997
2024-09-16 09:45:17.335,419.7312958042784,12
2024-09-16 09:45:17.344,419.7066005907012,1005
2024-09-16 09:45:17.351,419.73919146658426,104
2024-09-16 09:45:17.365,419.68722832962646,104
2024-09-16 09:45:17.367,419.6871960635016,1003
2024-09-16 09:45:17.458,419.7153328611221,10
2024-09-16 09:45:17.706,419.7259043373582,1003
2024-09-16 09:45:17.732,419.7016955749773,100
2024-09-16 09:45:17.789,419.7452559237843,8
2024-09-16 09:45:17.813,419.7268984417869,102
2024-09-16 09:45:17.902,419.7291708102528,6
2024-09-16 09:45:17.938,419.7363901831815,101
2024-09-16 09:45:17.945,419.7122382254662,1000
2024-09-16 09:45:18.091,419.7069166726036,1000
2024-09-16 09:45:18.095,419.72141017469215,15
2024-09-16 09:45:18.166,419.7344143152455,95
2024-09-16 09:45:18.189,419.7103849726226,1005
2024-09-16 09:45:18.225,419.7296864464514,1004
2024-09-16 09:45:18.331,419.7467770308028,11
2024-09-16 09:45:18.443,419.7218417481413,1001
2024-09-16 09:45:18.526,419.7155830855102,11
2024-09-16 09:45:18.549,419.73586304162967,1003
2024-09-16 09:45:18.596,419.7147626308676,1004
2024-09-16 09:45:18.616,419.7090621279864,13
2024-09-16 09:45:18.666,419.720408516317,13
2024-09-16 09:45:18.741,419.73162370558725,104
2024-09-16 09:45:18.800,419.7193354215452,995
2024-09-16 09:45:18.813,419.7181408370479,13
2024-09-16 09:45:18.816,419.700592791656,1003
2024-09-16 09:45:18.880,419.6961004421659,95
2024-09-16 09:45:18.901,419.7280969703954,1002
2024-09-16 09:45:18.991,419.7014859688071,12
2024-09-16 09:45:19.003,419.7185434920219,99
2024-09-16 09:45:19.049,419.6939279605829,996
2024-09-16 09:45:19.076,419.6918855476182,14
2024-09-16 09:45:19.105,419.7218407803631,99
2024-09-16 09:45:19.114,419.72426197786456,15
2024-09-16 09:45:19.139,419.684038799307,11
2024-09-16 09:45:19.166,419.7485072554307,11
2024-09-16 09:45:19.198,419.7252884340778,1004
2024-09-16 09:45:19.244,419.6994163586648,1002
2024-09-16 09:45:19.499,419.721391916321,1005
2024-09-16 09:45:19.629,419.7287370407437,95
2024-09-16 09:45:19.652,41.97600597650703,1005
2024-09-16 09:45:19.652,419.7202936558883,1000
2024-09-16 09:45:19.691,419.7127423639744,97
2024-09-16 09:45:19.692,419.7770608710698,995
2024-09-16 09:45:19.788,419.6759379497682,11
2024-09-16 09:45:19.827,419.7217662954245,103
2024-09-16 09:45:19.859,419.6895350879485,98
2024-09-16 09:45:19.889,41.971621601079406,100
2024-09-16 09:45:19.893,419.68779232493614,1000
2024-09-16 09:45:19.904,419.7228362901828,103
2024-09-16 09:45:19.945,419.74404316520105,102
2024-09-16 09:45:19.965,419.7297347493948,997
2024-09-16 09:45:19.989,,12
2024-09-16 09:45:20.029,419.79222059627375,1001
2024-09-16 09:45:20.091,419.7613988533231,104
2024-09-16 09:45:20.110,419.7484023679084,11
2024-09-16 09:45:20.182,419.7510787719231,13
2024-09-16 09:45:20.207,419.75643615033897,1001
2024-09-16 09:45:20.347,419.74149411253927,1002
2024-09-16 09:45:20.394,419.7728813070602,102
2024-09-16 09:45:20.474,419.7149019779024,10
2024-09-16 09:45:20.484,419.7647301832868,105
2024-09-16 09:45:20.521,419.7561150454805,7
2024-09-16 09:45:20.628,419.76500171477545,6
2024-09-16 09:45:20.630,419.7383851163264,97
2024-09-16 09:45:20.660,419.7458839693528,997
2024-09-16 09:45:20.668,419.7456493108991,1001
2024-09-16 09:45:20.679,419.7951070350775,15
2024-09-16 09:45:20.973,419.755163362355,1001
2024-09-16 09:45:20.977,419.7557204867066,104
2024-09-16 09:45:21.129,419.77183053351473,1004
2024-09-16 09:45:21.134,419.7607739717814,14
2024-09-16 09:45:21.176,419.7989150564311,1004
2024-09-16 09:45:21.287,419.78025650767904,7
2024-09-16 09:45:21.294,419.7783166465306,101
2024-09-16 09:45:21.412,419.7522018747447,15
2024-09-16 09:45:21.474,-419.7900664255354,1003
2024-09-16 09:45:21.596,419.7831143642493,998
2024-09-16 09:45:21.642,419.8047836430425,15
2024-09-16 09:45:21.657,419.7676890488625,5
2024-09-16 09:45:21.670,419.7826311602609,6
2024-09-16 09:45:21.713,419.7809168983442,1004
2024-09-16 09:45:21.772,419.7681494370742,10
2024-09-16 09:45:22.002,419.7850395092339,995
2024-09-16 09:45:22.066,419.79047202070245,11
2024-09-16 09:45:22.071,419.8007913072804,105
2024-09-16 09:45:22.140,419.782946372103,105
2024-09-16 09:45:22.183,419.7840199347947,99
2024-09-16 09:45:22.557,419.768716019539,97
2024-09-16 09:45:22.689,419.8238034746088,5
2024-09-16 09:45:22.963,419.74759771260346,998
2024-09-16 09:45:23.099,419.8621838471167,96
2024-09-16 09:45:23.114,419.8247459440528,98
2024-09-16 09:45:23.255,419.8224721995628,15
2024-09-16 09:45:23.274,419.8263126050872,97
2024-09-16 09:45:23.279,419.8199541767296,102
2024-09-16 09:45:23.357,419.8158560507088,100
2024-09-16 09:45:23.425,419.8224511816736,998
2024-09-16 09:45:23.587,419.81205550021497,6
2024-09-16 09:45:23.610,419.8252193311457,13
2024-09-16 09:45:23.638,419.8208679904524,96
2024-09-16 09:45:23.758,419.838259208383,1005
2024-09-16 09:45:23.759,419.8320626523181,996
2024-09-16 09:45:23.807,419.8630153127175,9
2024-09-16 09:45:23.899,419.8346344471245,998
2024-09-16 09:45:23.994,419.8639679114712,9
2024-09-16 09:45:24.006,419.8119017810197,105
2024-09-16 09:45:24.074,419.7919926767513,5
2024-09-16 09:45:24.222,419.79965387645535,15
2024-09-16 09:45:24.474,419.77810787114174,100
2024-09-16 09:45:24.549,,97
2024-09-16 09:45:24.635,419.8352467499773,98
2024-09-16 09:45:24.659,419.77009246905794,1002
2024-09-16 09:45:24.728,419.78975201765473,10
2024-09-16 09:45:24.728,419.8467950768559,1000
2024-09-16 09:45:24.738,419.7704996928908,96
2024-09-16 09:45:24.801,419.8453303330395,105
2024-09-16 09:45:24.812,419.7712894749814,7
2024-09-16 09:45:24.914,419.7691758829244,996
2024-09-16 09:45:25.030,419.7840749337354,5
2024-09-16 09:45:25.129,419.79685783780747,998
2024-09-16 09:45:25.238,419.7754329304594,996
2024-09-16 09:45:25.261,419.7552771859374,1002
2024-09-16 09:45:25.548,419.78959958666417,7
2024-09-16 09:45:25.553,419.7727368152923,105
2024-09-16 09:45:25.597,419.7601878640101,11
2024-09-16 09:45:25.621,419.7662875179002,1002
2024-09-16 09:45:25.648,419.78336178541537,998
2024-09-16 09:45:25.713,419.76533818034153,1001
2024-09-16 09:45:25.887,419.7983238938384,996
2024-09-16 09:45:25.980,419.7678022585783,97
2024-09-16 09:45:25.988,419.7896958747264,104
2024-09-16 09:45:25.992,419.7797830920146,996
2024-09-16 09:45:26.012,419.7499463688849,98
2024-09-16 09:45:26.017,419.7472162765325,100
2024-09-16 09:45:26.040,419.71415874153183,996
2024-09-16 09:45:26.049,419.7392515901951,12
2024-09-16 09:45:26.105,419.7253280571419,98
2024-09-16 09:45:26.107,419.72607929504255,98
2024-09-16 09:45:26.127,419.7203653892539,8
2024-09-16 09:45:26.168,419.7488975569655,15
2024-09-16 09:45:26.180,419.7555692263568,103
2024-09-16 09:45:26.196,419.7417012246389,1000
2024-09-16 09:45:26.218,419.7440697406026,105
2024-09-16 09:45:26.229,419.7971200510237,8
2024-09-16 09:45:26.271,419.7791037457473,9
2024-09-16 09:45:26.320,419.68319067872847,98
2024-09-16 09:45:26.360,419.78716519233006,9
2024-09-16 09:45:26.369,419.70458583185416,101
2024-09-16 09:45:26.373,419.7634796704934,1003
2024-09-16 09:45:26.398,419.767274051055,97
2024-09-16 09:45:26.399,419.7362450728754,98
2024-09-16 09:45:26.421,419.7666514709998,12
2024-09-16 09:45:26.478,419.7547919045192,1004
2024-09-16 09:45:26.499,419.7864587044784,995
2024-09-16 09:45:26.538,419.72500409430256,96
2024-09-16 09:45:26.594,419.78083720224646,999
2024-09-16 09:45:26.631,419.719556600928,9
2024-09-16 09:45:26.698,419.7028426666989,100
2024-09-16 09:45:26.705,419.7259694673471,996
2024-09-16 09:45:26.906,419.7756444394219,102
2024-09-16 09:45:26.908,419.7758553428694,15
2024-09-16 09:45:26.971,419.76826273417424,6
2024-09-16 09:45:28.021,419.7133408851472,1001
2024-09-16 09:45:28.024,419.71375334068654,9
2024-09-16 09:45:28.102,419.6795416954951,96
2024-09-16 09:45:28.141,419.6782746617291,6
2024-09-16 09:45:28.181,-419.698622366285,99
2024-09-16 09:45:28.278,419.69768918535766,1005
2024-09-16 09:45:28.323,419.6834354295232,97
2024-09-16 09:45:28.340,419.68494094804,8
2024-09-16 09:45:28.382,419.6881330482216,104
2024-09-16 09:45:28.433,419.7059881185223,7
2024-09-16 09:45:28.490,419.71554466117766,13
2024-09-16 09:45:28.494,419.672445534744,99
2024-09-16 09:45:28.538,419.7232304004999,1003
2024-09-16 09:45:28.664,419.6641003928205,8
2024-09-16 09:45:28.688,419.68891155689977,96
2024-09-16 09:45:28.858,419.6905447008044,101
2024-09-16 09:45:28.865,419.6967021880105,98
2024-09-16 09:45:28.898,419.6619390901243,100
2024-09-16 09:45:28.930,419.695957783786,104
2024-09-16 09:45:28.994,419.7112869300102,100
2024-09-16 09:45:29.091,419.6627557999119,99
2024-09-16 09:45:29.124,419.67656934678826,6
2024-09-16 09:45:29.264,419.6659296820405,98
2024-09-16 09:45:29.334,419.6812741556509,96
2024-09-16 09:45:29.357,419.7066677933568,9
2024-09-16 09:45:29.439,419.7058403340869,97
2024-09-16 09:45:29.514,,104
2024-09-16 09:45:29.529,419.6943866212469,998
2024-09-16 09:45:29.638,419.6746741089526,100
2024-09-16 09:45:29.650,419.6681192234449,997
2024-09-16 09:45:29.692,419.6501210588901,998
2024-09-16 09:45:29.700,419.7186512977356,1001
2024-09-16 09:45:29.706,419.6724452696727,12
2024-09-16 09:45:29.780,419.7309460206824,15
2024-09-16 09:45:29.781,419.7052189073274,6
2024-09-16 09:45:29.782,419.67488607563456,104
2024-09-16 09:45:29.824,419.68060025838406,104
2024-09-16 09:45:29.839,419.7093630495713,99
2024-09-16 09:45:29.877,419.6763297939466,97
2024-09-16 09:45:29.935,41.97309224918904,14
2024-09-16 09:45:30.137,419.76387609312616,997
2024-09-16 09:45:30.151,419.7932580364329,997
2024-09-16 09:45:30.254,419.76268787317497,997
2024-09-16 09:45:30.260,419.7528950616004,99
2024-09-16 09:45:30.329,419.7423420872876,103
2024-09-16 09:45:30.341,419.7261646434837,1002
2024-09-16 09:45:30.384,419.7528420572316,10
2024-09-16 09:45:30.388,419.73664474803184,1004
2024-09-16 09:45:30.395,41.97498833409082,999
2024-09-16 09:45:30.409,41.97538825802593,99
2024-09-16 09:45:30.421,419.7755989696132,105
2024-09-16 09:45:30.596,,11
2024-09-16 09:45:30.619,419.7506654269486,999
2024-09-16 09:45:30.733,419.753461185224,10
2024-09-16 09:45:30.752,419.7444402222944,96
2024-09-16 09:45:30.761,419.7523195418269,10
2024-09-16 09:45:30.762,419.7268260936261,100
2024-09-16 09:45:30.866,419.72322516978943,12
2024-09-16 09:45:30.930,419.7494484912787,8
2024-09-16 09:45:30.942,419.7384819910323,1000
2024-09-16 09:45:30.998,419.7191677302209,1004
2024-09-16 09:45:31.115,419.789057190416,9
2024-09-16 09:45:31.734,419.78556628671714,14
2024-09-16 09:45:32.046,-419.7865553557157,996
2024-09-16 09:45:32.152,419.7845267323378,96
2024-09-16 09:45:32.157,419.7723899056693,995
2024-09-16 09:45:32.189,419.8095774116516,11
2024-09-16 09:45:32.257,419.76390070381,996
2024-09-16 09:45:32.368,-419.8049915725665,996
2024-09-16 09:45:32.379,419.7635273690008,102
2024-09-16 09:45:32.594,419.8219660581714,97
2024-09-16 09:45:32.606,419.764738629406,100
2024-09-16 09:45:32.641,419.7802077819958,997
2024-09-16 09:45:32.748,419.7944016831404,996
2024-09-16 09:45:32.765,419.8166370726559,1005
2024-09-16 09:45:32.852,419.7777604710353,11
2024-09-16 09:45:32.854,419.7847072969106,11
2024-09-16 09:45:33.050,419.8062020830982,104
2024-09-16 09:45:33.064,419.78292660146735,1002
2024-09-16 09:45:33.113,419.7948887081176,7
2024-09-16 09:45:33.186,419.846866480856,1004
2024-09-16 09:45:33.190,419.82492843441554,996
2024-09-16 09:45:33.198,419.8057396685537,13
2024-09-16 09:45:33.217,419.8114610399896,1004
2024-09-16 09:45:33.233,41.97842735014266,99
2024-09-16 09:45:33.256,419.8271979751592,1000
2024-09-16 09:45:33.297,419.8034989405638,5
2024-09-16 09:45:33.309,419.8305162702876,5
2024-09-16 09:45:33.438,419.8183299532258,10
2024-09-16 09:45:33.475,419.8155719448238,999
2024-09-16 09:45:33.605,419.8060070112205,11
2024-09-16 09:45:33.623,419.8374884454844,1001
2024-09-16 09:45:33.648,419.7855071458937,10
2024-09-16 09:45:33.820,419.7873214130008,7
2024-09-16 09:45:33.868,419.8152314888946,9
2024-09-16 09:45:33.964,419.8365315738857,14
2024-09-16 09:45:33.979,419.83078335634514,1004
2024-09-16 09:45:33.986,419.80166970688464,997
2024-09-16 09:45:34.015,419.7895914633303,9
2024-09-16 09:45:34.036,419.7882870600002,98
2024-09-16 09:45:34.087,419.7376582559357,999
2024-09-16 09:45:34.172,419.7466442253033,101
2024-09-16 09:45:34.189,419.8223473057622,1003
2024-09-16 09:45:34.253,419.74482681557913,996
2024-09-16 09:45:34.284,419.7472968228501,1000
2024-09-16 09:45:34.331,419.73339734477855,8
2024-09-16 09:45:34.373,419.799601140624,6
2024-09-16 09:45:34.385,419.7420572003633,997
2024-09-16 09:45:34.436,419.7779468759199,1000
2024-09-16 09:45:34.444,419.7761105273864,998
2024-09-16 09:45:34.478,419.7518537772109,12
2024-09-16 09:45:34.637,419.74243305109104,1005
2024-09-16 09:45:34.696,419.7701334157649,99
2024-09-16 09:45:34.745,419.81044483649,1005
2024-09-16 09:45:34.747,419.754557262769,105
2024-09-16 09:45:34.784,419.7464643693172,1001
2024-09-16 09:45:34.804,419.75593131227816,14
2024-09-16 09:45:34.832,419.7355785882529,1003
2024-09-16 09:45:34.837,419.7962256649385,101
2024-09-16 09:45:34.888,419.7284665886961,1001
2024-09-16 09:45:34.937,419.75590483153394,997
2024-09-16 09:45:34.949,419.7475032037918,12
2024-09-16 09:45:35.112,419.7341989813651,1003
2024-09-16 09:45:35.205,419.7423075590236,7
2024-09-16 09:45:35.223,419.7270579581637,103
2024-09-16 09:45:35.275,419.7274125892969,102
2024-09-16 09:45:35.374,419.74780150772193,15
2024-09-16 09:45:35.414,419.7173241194988,100
2024-09-16 09:45:35.705,419.7260436536184,101
2024-09-16 09:45:35.778,419.7204296828672,102
2024-09-16 09:45:35.935,419.7397944738947,100
2024-09-16 09:45:35.953,419.7267948955978,15
2024-09-16 09:45:36.040,419.740423924046,1004
2024-09-16 09:45:36.049,419.7191704491157,99
2024-09-16 09:45:36.176,419.6846715447251,1002
2024-09-16 09:45:36.351,419.7230907843358,99
2024-09-16 09:45:36.388,419.731659943234,99
2024-09-16 09:45:36.409,419.67170522787046,13
2024-09-16 09:45:36.510,419.7196623672558,102
2024-09-16 09:45:36.521,419.7069998251937,999
2024-09-16 09:45:36.692,419.7045411193744,999
2024-09-16 09:45:36.867,419.6876802383973,105
2024-09-16 09:45:36.904,419.74414652628354,12
2024-09-16 09:45:37.035,419.6459717852725,999
2024-09-16 09:45:37.107,419.66018374242174,95
2024-09-16 09:45:37.166,419.6444747610084,104
2024-09-16 09:45:37.278,419.62419896700624,1001
2024-09-16 09:45:37.314,419.63823991107455,1005
2024-09-16 09:45:37.349,419.6489577632522,1004
2024-09-16 09:45:37.406,419.6540517623202,98
2024-09-16 09:45:37.578,419.6601948282951,1004
2024-09-16 09:45:37.790,419.6428694422839,995
2024-09-16 09:45:38.059,419.6003776992348,1005
2024-09-16 09:45:38.101,419.6054857774511,999
2024-09-16 09:45:38.151,419.5728835245462,95
2024-09-16 09:45:38.160,419.61380661234176,96
2024-09-16 09:45:38.293,419.6054523388216,96
2024-09-16 09:45:38.339,419.597183687182,999
2024-09-16 09:45:38.456,41.95648664635057,95
2024-09-16 09:45:38.544,419.59004640817886,998
2024-09-16 09:45:38.611,419.6129871072594,14
2024-09-16 09:45:38.672,419.60707131803855,997
2024-09-16 09:45:38.704,419.6037731555846,1003
2024-09-16 09:45:38.792,419.601629036603,14
2024-09-16 09:45:38.814,419.5844129066154,997
2024-09-16 09:45:38.938,419.61412211485873,1001
2024-09-16 09:45:38.997,419.6125919979106,15
2024-09-16 09:45:39.350,419.550428478305,13
2024-09-16 09:45:39.465,419.49372072530656,12
2024-09-16 09:45:39.726,419.5354288840224,103
2024-09-16 09:45:39.797,419.5034428774068,1004
2024-09-16 09:45:39.816,,14
2024-09-16 09:45:39.869,419.5458893414394,101
2024-09-16 09:45:39.987,419.5510594450228,97
2024-09-16 09:45:40.057,419.5076084956036,1001
2024-09-16 09:45:40.352,419.5095009244552,1002
2024-09-16 09:45:40.502,419.4932485645948,1003
2024-09-16 09:45:40.729,419.5273988014593,98
2024-09-16 09:45:40.883,419.510765191509,105
2024-09-16 09:45:41.143,419.5389047884818,1001
2024-09-16 09:45:41.150,419.46361016747386,14
2024-09-16 09:45:41.294,419.5084149587858,11
2024-09-16 09:45:41.416,419.5133744773445,995
2024-09-16 09:45:41.421,419.47122688173846,996
2024-09-16 09:45:41.494,419.4769502563844,101
2024-09-16 09:45:41.557,419.4691901810893,97
2024-09-16 09:45:41.632,419.5395635844886,999
2024-09-16 09:45:41.655,419.5184231658088,1005
2024-09-16 09:45:41.954,419.5232371046875,1004
2024-09-16 09:45:41.988,419.5197641774494,99
2024-09-16 09:45:42.025,419.4360413543529,105
2024-09-16 09:45:42.046,419.4639845044606,97
2024-09-16 09:45:42.090,419.4308103044138,1004
2024-09-16 09:45:42.125,419.4426684664557,9
2024-09-16 09:45:42.129,419.41218706771696,6
2024-09-16 09:45:42.135,419.44371676375016,98
2024-09-16 09:45:42.140,419.4446415746923,9
2024-09-16 09:45:42.169,419.4285947746819,999
2024-09-16 09:45:42.279,419.4025937666924,1002
2024-09-16 09:45:42.380,419.44817841381126,996
2024-09-16 09:45:42.538,419.4326650804758,1003
2024-09-16 09:45:42.592,419.4332683140632,97
2024-09-16 09:45:42.613,419.4209801066362,102
2024-09-16 09:45:42.618,419.36647076218287,998
2024-09-16 09:45:42.620,419.4138661972881,11
2024-09-16 09:45:42.627,419.42461955363,101
2024-09-16 09:45:42.638,419.3802549503413,102
2024-09-16 09:45:42.661,419.4487973608706,997
2024-09-16 09:45:42.680,419.46641933357984,101
2024-09-16 09:45:42.816,419.4252248533584,95
2024-09-16 09:45:42.846,419.4480096919181,95
2024-09-16 09:45:42.850,419.3807621075294,95
2024-09-16 09:45:42.886,419.4470928728504,105
2024-09-16 09:45:43.004,419.5447423825364,103
2024-09-16 09:45:43.029,419.5620073499127,7
2024-09-16 09:45:43.150,419.501370390084,102
2024-09-16 09:45:43.196,419.48611117068526,9
2024-09-16 09:45:43.261,419.5332576833315,11
2024-09-16 09:45:43.301,-419.5488487190231,99
2024-09-16 09:45:43.302,419.4542772840191,99
2024-09-16 09:45:43.334,419.5189021330097,97
2024-09-16 09:45:43.359,419.5114688015431,7
2024-09-16 09:45:43.373,419.5346785649342,99
2024-09-16 09:45:43.403,419.5416917192717,14
2024-09-16 09:45:43.412,419.4914701930876,104
2024-09-16 09:45:43.552,419.5586111921368,1004
2024-09-16 09:45:43.559,419.5320581355276,105
2024-09-16 09:45:43.563,419.5195963161691,996
2024-09-16 09:45:43.576,419.4611378096075,1001
2024-09-16 09:45:43.598,419.5127465782199,9
2024-09-16 09:45:43.634,419.5257030863477,9
2024-09-16 09:45:43.678,419.5457005397452,996
2024-09-16 09:45:43.699,419.5557688442144,997
2024-09-16 09:45:43.720,419.5519511983768,7
2024-09-16 09:45:43.725,419.5599375770108,1005
2024-09-16 09:45:43.761,419.5370078833736,14
2024-09-16 09:45:43.901,419.505256196261,997
2024-09-16 09:45:43.915,419.55251876492713,1004
2024-09-16 09:45:43.955,419.5216434473325,11
2024-09-16 09:45:44.012,419.5128942584399,1004
2024-09-16 09:45:44.018,419.4583730461744,99
2024-09-16 09:45:44.026,419.4719047059688,996
2024-09-16 09:45:44.037,,10
2024-09-16 09:45:44.091,419.4904222590215,105
2024-09-16 09:45:44.109,419.5115760729032,14
2024-09-16 09:45:44.121,419.49806926739535,103
2024-09-16 09:45:44.358,419.5432399388064,1001
2024-09-16 09:45:44.382,419.4820612397569,14
2024-09-16 09:45:44.402,419.5233825437453,1005
2024-09-16 09:45:44.424,419.5176221015625,14
2024-09-16 09:45:44.451,419.5240105836086,1001
2024-09-16 09:45:44.689,419.5145594224583,105
2024-09-16 09:45:44.691,419.529263235087,999
2024-09-16 09:45:44.745,419.5329552196532,999
2024-09-16 09:45:44.806,419.5263583931687,999
2024-09-16 09:45:44.883,419.49853577523146,105
2024-09-16 09:45:44.918,419.46883126321256,996
2024-09-16 09:45:44.969,419.5299394742932,996
2024-09-16 09:45:44.995,419.5301941773144,105
2024-09-16 09:45:45.092,419.4653190628905,103
2024-09-16 09:45:45.261,419.47831840728907,1005
2024-09-16 09:45:45.335,,99
2024-09-16 09:45:45.388,419.4498768504661,101
2024-09-16 09:45:45.418,419.4589149162848,105
2024-09-16 09:45:45.599,419.4499563890048,8
2024-09-16 09:45:45.900,419.4543934317083,105
2024-09-16 09:45:46.035,419.4202883295808,1004
2024-09-16 09:45:46.040,419.4682121550252,5
2024-09-16 09:45:46.047,-419.4147863773051,1002
2024-09-16 09:45:46.101,419.44454477170166,14
2024-09-16 09:45:46.134,419.4016755779339,14
2024-09-16 09:45:46.183,419.44415991620224,99
2024-09-16 09:45:46.218,419.4405018712105,5
2024-09-16 09:45:46.255,419.4244683763231,104
2024-09-16 09:45:46.284,419.3710056987461,8
2024-09-16 09:45:46.301,419.4423632696247,103
2024-09-16 09:45:46.418,419.4418722604173,999
2024-09-16 09:45:46.420,419.43871793822495,102
2024-09-16 09:45:46.427,419.40276554799794,5
2024-09-16 09:45:46.427,419.4530403600911,105
2024-09-16 09:45:46.544,419.4318502645232,104
2024-09-16 09:45:46.585,419.4389740109523,15
2024-09-16 09:45:46.604,419.4519882485183,105
2024-09-16 09:45:46.693,419.4495725204008,5
2024-09-16 09:45:46.719,419.3498320594124,11
2024-09-16 09:45:46.751,419.4339635313113,1003
2024-09-16 09:45:46.808,419.4759170497917,1004
2024-09-16 09:45:46.901,419.45670332074985,11
2024-09-16 09:45:46.902,419.3695484299862,98
2024-09-16 09:45:46.999,419.4479678505263,1001
2024-09-16 09:45:47.028,419.4094499292557,97
2024-09-16 09:45:47.051,419.3771472055886,101
2024-09-16 09:45:47.167,419.4216364004646,98
2024-09-16 09:45:47.204,419.3813675471595,95
2024-09-16 09:45:47.231,419.3940845841661,14
2024-09-16 09:45:47.238,419.37634017021816,999
2024-09-16 09:45:47.290,419.3905544864351,1002
2024-09-16 09:45:47.315,419.3585172106485,1002
2024-09-16 09:45:47.335,419.3927547553572,1002
2024-09-16 09:45:47.367,419.37080591797,104
2024-09-16 09:45:47.370,41.941372896718846,96
2024-09-16 09:45:47.389,419.38228724021377,1004
2024-09-16 09:45:47.499,419.3749068465583,1005
2024-09-16 09:45:47.536,419.42229604303424,10
2024-09-16 09:45:47.547,419.3937541940702,8
2024-09-16 09:45:47.576,419.34070299464815,12
2024-09-16 09:45:47.591,419.4173815813431,101
2024-09-16 09:45:47.621,419.4216853573016,999
2024-09-16 09:45:47.696,419.3987037402544,105
2024-09-16 09:45:47.697,419.41802717139313,105
2024-09-16 09:45:47.794,419.4267403673915,104
2024-09-16 09:45:47.805,419.3918825955435,13
2024-09-16 09:45:47.845,419.4063035335149,13
2024-09-16 09:45:47.854,419.3976182330287,1004
2024-09-16 09:45:47.855,419.404623024916,100
2024-09-16 09:45:47.907,419.4147393165469,996
2024-09-16 09:45:47.931,419.4280370612378,95
2024-09-16 09:45:48.350,419.453341818521,999
2024-09-16 09:45:48.796,419.44046033927486,8
2024-09-16 09:45:48.955,419.4295615627994,105
2024-09-16 09:45:49.001,419.4399523389504,1002
2024-09-16 09:45:49.011,419.3781370010074,14
2024-09-16 09:45:49.039,419.3798334858338,1002
2024-09-16 09:45:49.055,419.39891952889866,103
2024-09-16 09:45:49.107,419.420817812612,1003
2024-09-16 09:45:49.138,419.4515349053558,103
2024-09-16 09:45:49.323,419.44781149262457,95
2024-09-16 09:45:49.334,419.4482816001859,6
2024-09-16 09:45:49.431,419.4466014992957,1005
2024-09-16 09:45:49.504,419.3730441461145,99
2024-09-16 09:45:49.514,419.456958552322,12
2024-09-16 09:45:49.546,419.44075372759454,10
2024-09-16 09:45:49.624,419.4159159765903,998
2024-09-16 09:45:49.652,419.4562607822447,999
2024-09-16 09:45:49.698,419.3927413735054,101
2024-09-16 09:45:49.747,419.4226204453398,1000
2024-09-16 09:45:49.780,419.4253805903303,96
2024-09-16 09:45:49.783,419.370593841919,95
2024-09-16 09:45:49.818,419.4252773594972,996
2024-09-16 09:45:49.827,419.4378943632202,997
2024-09-16 09:45:49.878,419.4393739160006,103
2024-09-16 09:45:49.948,419.35888471868856,1004
2024-09-16 09:45:49.965,419.4355644597813,101
2024-09-16 09:45:49.972,419.37459788323525,95
2024-09-16 09:45:49.974,419.4389012489713,11
2024-09-16 09:45:50.234,419.3669294858772,997
2024-09-16 09:45:50.296,419.377340112509,10
2024-09-16 09:45:50.423,419.4068244586242,999
2024-09-16 09:45:50.572,419.3892443327349,1004
2024-09-16 09:45:50.627,419.3682847371213,1001
2024-09-16 09:45:50.915,419.39127533464057,15
2024-09-16 09:45:50.972,419.3858212124296,98
2024-09-16 09:45:51.026,419.43020670408725,104
2024-09-16 09:45:51.028,419.3716252914751,8
2024-09-16 09:45:51.077,419.414025184897,100
2024-09-16 09:45:51.172,419.40519132195817,100
2024-09-16 09:45:51.183,419.3914210646271,12
2024-09-16 09:45:51.274,419.3776435402465,15
2024-09-16 09:45:51.423,419.3997070005567,97
2024-09-16 09:45:51.448,419.3911484926112,1005
2024-09-16 09:45:51.519,419.4064805396023,1003
2024-09-16 09:45:51.530,419.3836552894281,11
2024-09-16 09:45:51.538,419.3799053680461,98
2024-09-16 09:45:51.545,419.3807432161826,103
2024-09-16 09:45:51.560,419.4014987523722,104
2024-09-16 09:45:51.567,419.3911471341437,14
2024-09-16 09:45:51.602,419.39286956644605,104
2024-09-16 09:45:51.613,419.3718595554681,14
2024-09-16 09:45:51.614,419.38787433378855,1004
2024-09-16 09:45:51.641,-419.3923496027386,1002
2024-09-16 09:45:51.664,419.3904853364485,6
2024-09-16 09:45:51.736,419.40480499822,105
2024-09-16 09:45:51.746,419.3888736625198,15
2024-09-16 09:45:51.756,419.3942090464093,15
2024-09-16 09:45:51.867,419.38136196700856,100
2024-09-16 09:45:51.925,419.38011117563326,99
2024-09-16 09:45:51.990,419.3849129205269,1005
2024-09-16 09:45:52.028,419.3949330541415,96
2024-09-16 09:45:52.072,419.3769969452328,104
2024-09-16 09:45:52.094,419.3862733971372,995
2024-09-16 09:45:52.103,419.3743889897871,14
2024-09-16 09:45:52.125,419.3872278495759,96
2024-09-16 09:45:52.135,419.41115546133767,104
2024-09-16 09:45:52.158,419.4058433863111,99
2024-09-16 09:45:52.199,419.3772854055325,95
2024-09-16 09:45:52.212,419.3499586683217,5
2024-09-16 09:45:52.226,419.3753513814363,11
2024-09-16 09:45:52.234,419.4118243615973,15
2024-09-16 09:45:52.281,419.4144408422236,15
2024-09-16 09:45:52.286,419.369557953645,1005
2024-09-16 09:45:52.315,419.3520931286371,1003
2024-09-16 09:45:52.320,419.3800567006323,1005
2024-09-16 09:45:52.343,419.3975914712032,6
2024-09-16 09:45:52.494,419.392212516212,103
2024-09-16 09:45:52.517,419.37659342402986,105
2024-09-16 09:45:52.587,419.416328250158,99
2024-09-16 09:45:52.601,419.4040745400953,1003
2024-09-16 09:45:52.642,419.37941734855366,14
2024-09-16 09:45:52.645,419.41811644238334,1002
2024-09-16 09:45:52.656,419.3735277397884,100
2024-09-16 09:45:52.673,419.3711134064855,7
2024-09-16 09:45:52.691,419.4128208956986,1004
2024-09-16 09:45:52.722,419.37281705916615,1001
2024-09-16 09:45:52.762,419.3947729140652,10
2024-09-16 09:45:53.011,419.3577267567767,100
2024-09-16 09:45:53.121,419.40922698193856,13
2024-09-16 09:45:53.140,419.41281543228,1001
2024-09-16 09:45:53.181,419.399481773992,10
2024-09-16 09:45:53.183,419.4224927809799,6
2024-09-16 09:45:53.258,419.35548754199885,995
2024-09-16 09:45:53.317,419.4132240019427,13
2024-09-16 09:45:53.343,419.35827062338734,1004
2024-09-16 09:45:53.398,419.3972599899458,103
2024-09-16 09:45:53.427,419.3530287555135,995
2024-09-16 09:45:53.460,419.424063855506,14
2024-09-16 09:45:53.552,419.342382726636,14
2024-09-16 09:45:53.557,419.39575006067327,997
2024-09-16 09:45:53.597,419.4107577974556,6
2024-09-16 09:45:53.776,419.3842616639325,12
2024-09-16 09:45:53.894,419.4010446670917,1005
2024-09-16 09:45:53.918,419.3729868119163,15
2024-09-16 09:45:54.032,419.2988274404498,1005
2024-09-16 09:45:54.053,419.3167688644592,10
2024-09-16 09:45:54.072,419.3264811902876,1000
2024-09-16 09:45:54.123,419.25759230973256,14
2024-09-16 09:45:54.137,,103
2024-09-16 09:45:54.147,419.3102674202413,97
2024-09-16 09:45:54.164,419.32858532575295,1004
2024-09-16 09:45:54.268,419.29304472970136,995
2024-09-16 09:45:54.328,419.3031170275236,7
2024-09-16 09:45:54.330,419.3174968473598,1000
2024-09-16 09:45:54.348,419.291741591219,8
2024-09-16 09:45:54.425,419.3162357029828,100
2024-09-16 09:45:54.442,419.3084228574197,102
2024-09-16 09:45:54.522,419.3189360147356,997
2024-09-16 09:45:54.622,419.2900766642856,995
2024-09-16 09:45:54.635,419.2925936225012,8
2024-09-16 09:45:54.636,419.2995211586299,999
2024-09-16 09:45:54.653,419.3030771867221,6
2024-09-16 09:45:54.658,419.3072630531027,96
2024-09-16 09:45:54.697,419.3306514309246,100
2024-09-16 09:45:54.712,419.3039669508415,102
2024-09-16 09:45:54.716,419.3097215271527,1002
2024-09-16 09:45:54.744,419.3002332505755,104
2024-09-16 09:45:54.747,419.2776605081304,96
2024-09-16 09:45:54.830,419.2995712568678,100
2024-09-16 09:45:54.933,419.3123640089404,15
2024-09-16 09:45:54.939,419.326536372711,997
2024-09-16 09:45:55.008,419.3577723105396,1001
2024-09-16 09:45:55.047,419.3496592213221,999
2024-09-16 09:45:55.063,419.3290952931629,102
2024-09-16 09:45:55.082,419.3066204678661,997
2024-09-16 09:45:55.166,419.39159575214507,97
2024-09-16 09:45:55.224,419.3652143275484,995
2024-09-16 09:45:55.225,419.3548659520806,105
2024-09-16 09:45:55.291,419.3804598427375,8
2024-09-16 09:45:55.341,419.370309950851,1000
2024-09-16 09:45:55.369,419.38409560982734,996
2024-09-16 09:45:55.372,419.3176053486077,6
2024-09-16 09:45:55.494,419.34026280520936,1005
2024-09-16 09:45:55.509,419.31826875647545,97
2024-09-16 09:45:55.510,419.33363951242944,7
2024-09-16 09:45:55.617,419.2925247438954,105
2024-09-16 09:45:55.622,419.3193016030641,8
2024-09-16 09:45:55.654,419.32788636199285,102
2024-09-16 09:45:55.664,419.3892948418914,998
2024-09-16 09:45:55.719,419.37028086270885,1001
2024-09-16 09:45:55.719,419.37478752722257,1000
2024-09-16 09:45:55.719,419.36990916146976,103
2024-09-16 09:45:55.754,419.3446515900399,102
2024-09-16 09:45:55.772,419.3432338942071,1001
2024-09-16 09:45:55.839,419.3198237569721,1001
2024-09-16 09:45:55.849,419.3468209356571,10
2024-09-16 09:45:55.919,419.3135116787149,1001
2024-09-16 09:45:55.938,419.34348609324513,997
2024-09-16 09:45:56.262,419.3807206716113,1001
2024-09-16 09:45:56.374,419.37200299881465,15
2024-09-16 09:45:56.443,419.3756292977783,14
2024-09-16 09:45:56.900,419.3743068289938,96
2024-09-16 09:45:57.127,419.4045179430245,997
2024-09-16 09:45:57.145,419.3836136317684,1005
2024-09-16 09:45:57.267,419.4092433715528,1002
2024-09-16 09:45:57.363,419.4196394273385,8
2024-09-16 09:45:57.481,419.396684032359,102
2024-09-16 09:45:57.624,419.4124801271101,998
2024-09-16 09:45:57.672,419.41581722260906,5
2024-09-16 09:45:57.773,419.3964300105376,97
2024-09-16 09:45:58.209,419.4407945978009,1000
2024-09-16 09:45:58.697,419.4325188446328,995
2024-09-16 09:45:58.788,419.4079625375613,996
2024-09-16 09:45:59.052,419.415065587757,102
2024-09-16 09:45:59.061,419.421256752543,998
2024-09-16 09:45:59.089,419.4236951365443,12
2024-09-16 09:45:59.221,419.44157433090027,100
2024-09-16 09:45:59.258,419.4208378512747,99
2024-09-16 09:45:59.301,419.4426917572346,7
2024-09-16 09:45:59.317,419.37297315016855,8
2024-09-16 09:45:59.344,419.4170574384512,1001
2024-09-16 09:45:59.398,419.4175889244039,1000
2024-09-16 09:45:59.402,419.3800358268474,103
2024-09-16 09:45:59.420,419.3913508423142,96
2024-09-16 09:45:59.433,419.4140231732284,995
2024-09-16 09:45:59.442,419.3855008153829,10
2024-09-16 09:45:59.484,419.3985723539648,1001
2024-09-16 09:45:59.495,419.4352342349847,11
2024-09-16 09:45:59.527,419.3962887107483,996
2024-09-16 09:45:59.553,419.4384311941456,1000
2024-09-16 09:45:59.558,419.4065501311352,995
2024-09-16 09:45:59.581,419.4289826368846,1002
2024-09-16 09:45:59.602,419.45112504984826,12
2024-09-16 09:45:59.716,419.40265367769865,96
2024-09-16 09:45:59.779,419.4386293235708,102
2024-09-16 09:45:59.818,419.4174076033138,105
2024-09-16 09:45:59.908,419.4060966784649,1003
2024-09-16 09:45:59.952,419.4224373735397,1003
