Timestamp,Price,Size
2024-09-19 13:54:00.006,419.1180012111444,1002
2024-09-19 13:54:00.006,419.11245851717086,996
2024-09-19 13:54:00.021,419.09505660019806,1005
2024-09-19 13:54:00.131,419.1222798299668,10
2024-09-19 13:54:00.141,419.0941693605033,6
2024-09-19 13:54:00.199,419.12440392825874,97
2024-09-19 13:54:00.316,419.1256142960585,6
2024-09-19 13:54:00.340,419.0950431043,105
2024-09-19 13:54:00.346,419.11243131567375,104
2024-09-19 13:54:00.537,419.1233270933161,14
2024-09-19 13:54:00.593,419.12530901231895,11
2024-09-19 13:54:00.608,,9
2024-09-19 13:54:00.664,419.1045054286824,13
2024-09-19 13:54:00.694,419.09713152173714,7
2024-09-19 13:54:00.725,419.1335270220958,103
2024-09-19 13:54:00.744,419.1321518795134,1002
2024-09-19 13:54:00.790,419.1243658918937,103
2024-09-19 13:54:00.797,419.11425158142606,1005
2024-09-19 13:54:00.917,419.0860477063589,98
2024-09-19 13:54:00.928,419.1123953388197,104
2024-09-19 13:54:00.954,419.11648061397216,105
2024-09-19 13:54:01.040,419.2107283152867,1000
2024-09-19 13:54:01.084,419.16238307756737,104
2024-09-19 13:54:01.090,419.1959881065318,100
2024-09-19 13:54:01.091,419.2118585119071,999
2024-09-19 13:54:01.092,419.1935843483311,104
2024-09-19 13:54:01.098,419.2038472425125,1004
2024-09-19 13:54:01.139,419.2184554718796,1004
2024-09-19 13:54:01.195,419.1722343644649,98
2024-09-19 13:54:01.283,419.215196868664,96
2024-09-19 13:54:01.292,419.1976969053807,10
2024-09-19 13:54:01.304,419.2095138907561,1004
2024-09-19 13:54:01.328,419.1537445374855,100
2024-09-19 13:54:01.375,419.1944660701515,99
2024-09-19 13:54:01.476,419.22054782685547,15
2024-09-19 13:54:01.605,-419.1609461497048,5
2024-09-19 13:54:01.610,419.19727892055135,12
2024-09-19 13:54:01.645,419.19858008568497,9
2024-09-19 13:54:01.646,419.1816693119851,9
2024-09-19 13:54:01.662,419.1913520564789,105
2024-09-19 13:54:01.720,419.2112824118512,95
2024-09-19 13:54:01.771,419.19169132868456,1004
2024-09-19 13:54:01.795,419.21520956128165,14
2024-09-19 13:54:01.850,419.1801549646236,995
2024-09-19 13:54:01.852,419.1994252737347,100
2024-09-19 13:54:01.918,419.2139671773136,102
2024-09-19 13:54:01.928,419.22167426015903,1000
2024-09-19 13:54:02.001,419.2379900201596,99
2024-09-19 13:54:02.042,419.2344940157031,995
2024-09-19 13:54:02.056,419.2184318000687,13
2024-09-19 13:54:02.079,419.2336441166873,11
2024-09-19 13:54:02.230,419.23427659024895,8
2024-09-19 13:54:02.297,419.2199653757038,1000
2024-09-19 13:54:02.370,419.2330196983541,7
2024-09-19 13:54:02.447,419.2579525821942,997
2024-09-19 13:54:02.468,419.2244945304982,8
2024-09-19 13:54:02.527,419.2288063119053,101
2024-09-19 13:54:02.531,419.21974944667016,6
2024-09-19 13:54:02.575,419.231275343241,104
2024-09-19 13:54:02.670,419.2276427848393,103
2024-09-19 13:54:02.689,419.2252046422469,10
2024-09-19 13:54:02.732,419.21738700218674,103
2024-09-19 13:54:02.862,419.21627173438486,1002
2024-09-19 13:54:02.932,419.2146897004175,9
2024-09-19 13:54:02.939,419.2298540223493,102
2024-09-19 13:54:03.083,419.24258771652353,12
2024-09-19 13:54:03.164,419.19369773946704,6
2024-09-19 13:54:03.176,419.20704367887583,13
2024-09-19 13:54:03.242,419.1877922482516,996
2024-09-19 13:54:03.272,419.23235834507807,996
2024-09-19 13:54:03.318,419.237918478798,999
2024-09-19 13:54:03.321,419.24998168188137,12
2024-09-19 13:54:03.399,419.1924629962371,1004
2024-09-19 13:54:03.428,419.2594515594207,1000
2024-09-19 13:54:03.522,419.20192893108384,7
2024-09-19 13:54:03.607,419.2263023447824,998
2024-09-19 13:54:03.623,419.2529266674839,11
2024-09-19 13:54:03.625,419.229043830812,95
2024-09-19 13:54:03.641,419.2109484251792,999
2024-09-19 13:54:03.647,419.247655896932,1001
2024-09-19 13:54:03.775,419.2641226196593,8
2024-09-19 13:54:03.784,419.2514332096389,7
2024-09-19 13:54:03.856,419.2300441887484,102
2024-09-19 13:54:03.923,419.2680376540535,103
2024-09-19 13:54:03.928,419.200426656502,8
2024-09-19 13:54:03.979,419.259171265456,102
2024-09-19 13:54:03.995,419.2276319797243,104
2024-09-19 13:54:03.998,419.24639238897936,7
2024-09-19 13:54:04.274,41.92303936502447,101
2024-09-19 13:54:04.483,419.2183533701839,96
2024-09-19 13:54:05.008,419.19990608591473,102
2024-09-19 13:54:05.011,419.2071848311022,10
2024-09-19 13:54:05.028,419.215096922923,11
2024-09-19 13:54:05.165,419.232166196252,995
2024-09-19 13:54:05.278,419.19721402589937,9
2024-09-19 13:54:05.317,41.92226266293491,15
2024-09-19 13:54:05.469,419.18370554446585,999
2024-09-19 13:54:05.518,419.17926265889776,13
2024-09-19 13:54:05.533,419.2299450719793,997
2024-09-19 13:54:05.759,419.19579397875583,5
2024-09-19 13:54:05.837,419.1851323728519,995
2024-09-19 13:54:05.853,419.1799669484632,1003
2024-09-19 13:54:06.022,419.1637668999723,1004
2024-09-19 13:54:06.206,419.17084562259566,995
2024-09-19 13:54:06.250,419.1870479198108,97
2024-09-19 13:54:06.260,419.1931379371391,13
2024-09-19 13:54:06.270,419.18686275957975,15
2024-09-19 13:54:06.393,419.175927895036,996
2024-09-19 13:54:06.424,419.1849311421908,104
2024-09-19 13:54:06.438,419.1677034947081,1005
2024-09-19 13:54:06.440,419.1942851463001,15
2024-09-19 13:54:06.447,419.2094995925938,9
2024-09-19 13:54:06.512,419.1900122479898,6
2024-09-19 13:54:06.693,419.17482952553337,998
2024-09-19 13:54:06.816,419.213908068828,1002
2024-09-19 13:54:06.843,419.1617559728488,1005
2024-09-19 13:54:06.915,419.1992179941368,5
2024-09-19 13:54:06.956,419.1849012392555,1004
2024-09-19 13:54:06.960,419.1746881393824,999
2024-09-19 13:54:06.985,419.170154810208,15
2024-09-19 13:54:06.989,419.1794739077093,1004
2024-09-19 13:54:06.990,419.17657068946704,11
2024-09-19 13:54:07.076,419.1912841880833,995
2024-09-19 13:54:07.160,419.20000612509983,7
2024-09-19 13:54:07.168,419.2216365427525,104
2024-09-19 13:54:07.178,419.17818606722,103
2024-09-19 13:54:07.217,419.19533581891255,97
2024-09-19 13:54:07.231,419.2095648103271,1004
2024-09-19 13:54:07.279,419.1987037298594,14
2024-09-19 13:54:07.329,419.1866772383928,999
2024-09-19 13:54:07.356,419.1922676103616,15
2024-09-19 13:54:07.357,419.1938018007956,1003
2024-09-19 13:54:07.368,419.2050255601312,95
2024-09-19 13:54:07.523,419.2012549420327,12
2024-09-19 13:54:07.598,419.204789249377,996
2024-09-19 13:54:07.708,419.1873375769332,6
2024-09-19 13:54:07.747,419.2135785708881,14
2024-09-19 13:54:07.764,419.20426070846185,97
2024-09-19 13:54:07.791,419.1933919950996,104
2024-09-19 13:54:07.967,419.191701603086,105
2024-09-19 13:54:07.968,419.2017496933598,1004
2024-09-19 13:54:07.992,419.170883607217,1003
2024-09-19 13:54:08.106,419.24974005701415,105
2024-09-19 13:54:08.131,419.2091182903102,104
2024-09-19 13:54:08.165,419.1948393289266,97
2024-09-19 13:54:08.200,419.2009574781885,100
2024-09-19 13:54:08.273,419.17744989350575,102
2024-09-19 13:54:08.316,419.178988267289,1005
2024-09-19 13:54:08.576,419.1898525877357,1003
2024-09-19 13:54:08.607,419.1852463964132,98
2024-09-19 13:54:08.608,419.20324914528834,1000
2024-09-19 13:54:08.695,419.22127958924034,1000
2024-09-19 13:54:08.725,419.1664506273518,104
2024-09-19 13:54:08.771,419.1881095005945,8
2024-09-19 13:54:08.821,419.19530685505975,98
2024-09-19 13:54:08.832,419.1930048380474,101
2024-09-19 13:54:09.108,,99
2024-09-19 13:54:09.147,419.20931376146615,98
2024-09-19 13:54:09.187,419.1845060127259,999
2024-09-19 13:54:09.196,419.1605954001953,100
2024-09-19 13:54:09.200,419.1628521943016,95
2024-09-19 13:54:09.249,419.1701867897801,997
2024-09-19 13:54:09.301,419.19316852538776,101
2024-09-19 13:54:09.361,419.1821338558958,101
2024-09-19 13:54:09.375,419.1748051691593,1004
2024-09-19 13:54:09.391,419.17830717681386,101
2024-09-19 13:54:09.402,419.1537031649904,98
2024-09-19 13:54:09.455,419.18683324935455,997
2024-09-19 13:54:09.465,419.1902330634287,1005
2024-09-19 13:54:09.465,419.1870479976352,995
2024-09-19 13:54:09.489,419.1993551750489,5
2024-09-19 13:54:09.536,419.2005350566237,105
2024-09-19 13:54:09.556,419.1797568722587,5
2024-09-19 13:54:09.573,419.1865000230889,997
2024-09-19 13:54:09.574,419.1867464642547,95
2024-09-19 13:54:09.596,419.1796660752139,6
2024-09-19 13:54:09.609,419.19393983445656,998
2024-09-19 13:54:09.703,419.19129250967126,14
2024-09-19 13:54:09.721,419.1641379186213,104
2024-09-19 13:54:09.726,419.1922591660483,105
2024-09-19 13:54:09.772,419.1944508924145,1004
2024-09-19 13:54:09.778,419.20076208661743,7
2024-09-19 13:54:09.813,,99
2024-09-19 13:54:09.828,419.1896411154454,12
2024-09-19 13:54:09.936,419.2075013859475,11
2024-09-19 13:54:09.977,419.2105916688043,996
2024-09-19 13:54:10.002,419.1952964841968,104
2024-09-19 13:54:10.072,419.21808456813545,995
2024-09-19 13:54:10.102,419.20593606094775,11
2024-09-19 13:54:10.142,419.2075836081259,1005
2024-09-19 13:54:10.149,419.18894867004144,104
2024-09-19 13:54:10.185,419.2298365560367,5
2024-09-19 13:54:10.201,419.19860870041225,1005
2024-09-19 13:54:10.238,419.1958444755013,1003
2024-09-19 13:54:10.275,419.2169675081108,997
2024-09-19 13:54:10.298,419.2222266300835,103
2024-09-19 13:54:10.299,419.2079412472182,14
2024-09-19 13:54:10.342,419.1829539174392,997
2024-09-19 13:54:10.480,419.1899899664401,1003
2024-09-19 13:54:10.535,419.1813513664122,7
2024-09-19 13:54:10.552,419.2180889426704,10
2024-09-19 13:54:10.555,419.1916877387936,102
2024-09-19 13:54:10.560,419.2251444009746,11
2024-09-19 13:54:10.583,419.1948703081576,1004
2024-09-19 13:54:10.631,419.2055650478525,998
2024-09-19 13:54:10.643,,998
2024-09-19 13:54:10.650,419.2078827881382,1003
2024-09-19 13:54:10.689,419.2124506349252,1004
2024-09-19 13:54:10.719,419.2053751033541,1004
2024-09-19 13:54:10.739,419.2248949740406,8
2024-09-19 13:54:10.802,419.212665014213,15
2024-09-19 13:54:10.839,419.1853224562307,12
2024-09-19 13:54:10.915,419.204259013778,101
2024-09-19 13:54:10.973,419.199256148475,14
2024-09-19 13:54:11.021,419.1595080844611,1000
2024-09-19 13:54:11.164,419.1943844836453,104
2024-09-19 13:54:11.281,419.179250440148,101
2024-09-19 13:54:11.514,419.1579852083977,996
2024-09-19 13:54:11.529,419.1881073181689,103
2024-09-19 13:54:11.572,419.14268086960914,12
2024-09-19 13:54:11.577,419.1501531068736,101
2024-09-19 13:54:11.593,419.1642063029648,1003
2024-09-19 13:54:11.617,419.1702961154044,11
2024-09-19 13:54:11.639,419.1500437510442,103
2024-09-19 13:54:11.653,419.1762316328562,998
2024-09-19 13:54:11.660,419.1715523919716,13
2024-09-19 13:54:11.678,419.1923887081094,10
2024-09-19 13:54:11.690,419.1813680785135,100
2024-09-19 13:54:11.719,419.1711025823765,14
2024-09-19 13:54:11.757,419.16372195971405,1002
2024-09-19 13:54:12.053,419.1404947191616,1002
2024-09-19 13:54:12.119,419.19234291743135,101
2024-09-19 13:54:12.153,419.1940384093455,1002
2024-09-19 13:54:12.427,419.1973990410445,104
2024-09-19 13:54:12.496,419.1377970296458,7
2024-09-19 13:54:12.603,41.91759709039533,95
2024-09-19 13:54:12.691,419.1574563463523,8
2024-09-19 13:54:12.751,419.14975757196265,95
2024-09-19 13:54:12.775,419.1435489480182,13
2024-09-19 13:54:12.981,419.1765617366372,1003
2024-09-19 13:54:13.044,419.1955734399797,100
2024-09-19 13:54:13.047,419.1996002406564,1001
2024-09-19 13:54:13.051,419.2026213088907,1002
2024-09-19 13:54:13.054,419.19855840807656,1002
2024-09-19 13:54:13.054,419.2120667136649,101
2024-09-19 13:54:13.100,419.1764941170316,101
2024-09-19 13:54:13.102,419.2113686273881,103
2024-09-19 13:54:13.103,419.18660097618766,100
2024-09-19 13:54:13.232,419.2243143040454,104
2024-09-19 13:54:13.385,419.18683802907896,998
2024-09-19 13:54:13.437,419.2134708892989,995
2024-09-19 13:54:13.497,419.186690288333,11
2024-09-19 13:54:13.505,419.2138796121484,997
2024-09-19 13:54:13.506,419.2076344670303,1003
2024-09-19 13:54:13.572,419.1984616109293,996
2024-09-19 13:54:13.576,419.2014973120356,8
2024-09-19 13:54:13.633,419.21056581393657,100
2024-09-19 13:54:13.692,419.22144406447154,97
2024-09-19 13:54:13.725,419.2008488011449,105
2024-09-19 13:54:13.737,419.1763699190336,15
2024-09-19 13:54:13.767,419.19810618300784,6
2024-09-19 13:54:13.790,419.2167333195536,999
2024-09-19 13:54:13.839,419.1723790761301,14
2024-09-19 13:54:13.847,419.187364425886,9
2024-09-19 13:54:14.036,419.0989438240256,103
2024-09-19 13:54:14.042,419.0910696244807,98
2024-09-19 13:54:14.096,419.0920260234667,99
2024-09-19 13:54:14.137,419.1232726077432,995
2024-09-19 13:54:14.233,419.179785748223,5
2024-09-19 13:54:14.385,419.18463598665545,10
2024-09-19 13:54:14.413,419.1613374637834,1002
2024-09-19 13:54:14.469,419.1132016277636,99
2024-09-19 13:54:14.492,419.09608119959046,995
2024-09-19 13:54:14.518,419.17346566841945,1002
2024-09-19 13:54:14.543,419.0891293449841,995
2024-09-19 13:54:14.546,419.20012023295897,1005
2024-09-19 13:54:14.552,419.2046695963529,996
2024-09-19 13:54:14.607,419.11343027663,998
2024-09-19 13:54:14.619,419.0948790733589,12
2024-09-19 13:54:14.723,419.1142293445649,999
2024-09-19 13:54:14.738,419.1837661521431,5
2024-09-19 13:54:14.872,419.0834137602533,1003
2024-09-19 13:54:14.898,419.1495867192997,97
2024-09-19 13:54:14.906,419.1778277404909,5
2024-09-19 13:54:14.944,419.1823970203168,1004
2024-09-19 13:54:14.977,419.09816640714695,98
2024-09-19 13:54:15.019,419.0821138451347,101
2024-09-19 13:54:15.125,419.035145969981,1004
2024-09-19 13:54:15.157,419.0250887324033,6
2024-09-19 13:54:15.182,419.0972861592666,100
2024-09-19 13:54:15.186,419.0790342721433,1001
2024-09-19 13:54:15.206,419.03186089833054,8
2024-09-19 13:54:15.211,419.09015453654985,1005
2024-09-19 13:54:15.265,419.0710372485168,6
2024-09-19 13:54:15.302,419.0865475653509,103
2024-09-19 13:54:15.334,419.0811427689464,96
2024-09-19 13:54:15.335,419.0997113096242,996
2024-09-19 13:54:15.397,419.0455736684353,9
2024-09-19 13:54:15.548,419.0812191724653,7
2024-09-19 13:54:15.557,419.1201724984481,105
2024-09-19 13:54:15.564,419.09955397730073,101
2024-09-19 13:54:15.565,419.100672130974,6
2024-09-19 13:54:15.615,419.0654239309956,104
2024-09-19 13:54:15.652,419.078884497517,996
2024-09-19 13:54:15.708,419.08599815019153,5
2024-09-19 13:54:15.741,419.0988470816382,15
2024-09-19 13:54:15.770,419.0492744426716,11
2024-09-19 13:54:15.776,419.05282941132185,995
2024-09-19 13:54:15.898,419.0119676360344,995
2024-09-19 13:54:15.930,419.0737680806717,104
2024-09-19 13:54:15.959,419.1187453653802,998
2024-09-19 13:54:15.999,419.0297531610975,11
2024-09-19 13:54:16.013,419.0578528526357,7
2024-09-19 13:54:16.033,419.0909292495844,7
2024-09-19 13:54:16.104,419.0734820275885,105
2024-09-19 13:54:16.420,419.0553623588466,12
2024-09-19 13:54:16.423,419.1052518632666,996
2024-09-19 13:54:16.435,419.0385033210777,101
2024-09-19 13:54:16.437,419.0494689253679,104
2024-09-19 13:54:16.457,419.1029565035827,5
2024-09-19 13:54:16.556,419.0716612153968,104
2024-09-19 13:54:16.802,419.0823314476305,105
2024-09-19 13:54:16.835,419.0674501134593,9
2024-09-19 13:54:17.133,419.0737968514133,1003
2024-09-19 13:54:17.157,419.1019711920411,996
2024-09-19 13:54:17.185,419.08834444443966,999
2024-09-19 13:54:17.292,419.0702421996359,95
2024-09-19 13:54:17.631,419.0910752805768,101
2024-09-19 13:54:17.680,419.0965923404015,10
2024-09-19 13:54:17.790,419.0503371005441,103
2024-09-19 13:54:17.806,419.0930840962504,100
2024-09-19 13:54:17.822,419.0798797895847,13
2024-09-19 13:54:17.865,419.1003237892647,101
2024-09-19 13:54:17.913,419.0779052005304,1001
2024-09-19 13:54:17.922,419.07200687728135,15
2024-09-19 13:54:17.959,419.0945313423876,12
2024-09-19 13:54:17.964,419.05167480281386,97
2024-09-19 13:54:17.976,419.0904895649833,103
2024-09-19 13:54:18.036,419.1089263521837,104
2024-09-19 13:54:18.042,419.1140434499837,9
2024-09-19 13:54:18.088,419.1037130291441,999
2024-09-19 13:54:18.257,419.09459464161125,95
2024-09-19 13:54:18.322,419.0977919193255,5
2024-09-19 13:54:18.342,419.0951829946856,1002
2024-09-19 13:54:18.351,419.1319627508199,8
2024-09-19 13:54:18.593,419.0891338872807,1004
2024-09-19 13:54:18.596,419.0958966187207,1004
2024-09-19 13:54:18.612,419.08733704571966,99
2024-09-19 13:54:18.690,419.09293834152334,998
2024-09-19 13:54:18.699,419.0986207173744,97
2024-09-19 13:54:18.742,419.0938496043303,101
2024-09-19 13:54:18.801,419.0893453335859,999
2024-09-19 13:54:18.805,419.0952526514439,995
2024-09-19 13:54:18.856,419.09542581208495,1001
2024-09-19 13:54:18.858,,997
2024-09-19 13:54:18.903,419.0878432923404,95
2024-09-19 13:54:18.932,419.11043938082304,5
2024-09-19 13:54:18.934,419.1195164409628,13
2024-09-19 13:54:19.066,419.1118881735429,1005
2024-09-19 13:54:19.136,419.1031091589829,97
2024-09-19 13:54:19.170,419.1263782722144,14
2024-09-19 13:54:19.179,419.08649425476926,996
2024-09-19 13:54:19.258,419.10159386501977,13
2024-09-19 13:54:19.325,419.0779165408654,11
2024-09-19 13:54:19.342,419.1006141977725,13
2024-09-19 13:54:19.343,419.1048197640697,997
2024-09-19 13:54:19.403,419.1160621246487,1005
2024-09-19 13:54:19.485,419.1099137418233,1000
2024-09-19 13:54:19.502,419.0917312205098,99
2024-09-19 13:54:19.653,419.11452177500166,15
2024-09-19 13:54:19.685,419.1481225262309,11
2024-09-19 13:54:19.731,419.0928905466207,101
2024-09-19 13:54:19.751,419.0847385411202,6
2024-09-19 13:54:19.771,419.12301755218846,999
2024-09-19 13:54:19.825,419.09897509474416,7
2024-09-19 13:54:19.847,419.1121358129682,1004
2024-09-19 13:54:19.888,419.0885959080167,1004
2024-09-19 13:54:19.892,419.0968467678712,14
2024-09-19 13:54:19.895,419.1028689270264,7
2024-09-19 13:54:20.342,419.1205278815654,996
2024-09-19 13:54:20.519,419.0873591338168,1003
2024-09-19 13:54:20.853,419.0987760745616,996
2024-09-19 13:54:20.932,419.1177356730298,5
2024-09-19 13:54:21.017,419.1637207482309,103
2024-09-19 13:54:21.022,419.14513803297217,95
2024-09-19 13:54:21.041,419.1310173202718,996
2024-09-19 13:54:21.060,419.1200462412304,1001
2024-09-19 13:54:21.100,419.1521249985223,97
2024-09-19 13:54:21.103,419.13038160007926,98
2024-09-19 13:54:21.110,419.136929676202,13
2024-09-19 13:54:21.114,419.126397117913,8
2024-09-19 13:54:21.116,419.1516105914623,103
2024-09-19 13:54:21.144,419.1129953701063,8
2024-09-19 13:54:21.205,419.15574775857,1004
2024-09-19 13:54:21.206,419.1486911024151,9
2024-09-19 13:54:21.230,419.138547095273,13
2024-09-19 13:54:21.248,419.1446395474699,105
2024-09-19 13:54:21.271,419.1329344046491,105
2024-09-19 13:54:21.333,419.15140140153,13
2024-09-19 13:54:21.352,419.1423831077057,104
2024-09-19 13:54:21.444,419.1431457713017,98
2024-09-19 13:54:21.636,419.1718070051636,105
2024-09-19 13:54:21.636,419.1225913811304,102
2024-09-19 13:54:21.673,41.910042768840704,105
2024-09-19 13:54:21.683,419.1642477451858,95
2024-09-19 13:54:21.709,419.1358804350936,996
2024-09-19 13:54:21.829,419.1289456694658,998
2024-09-19 13:54:21.847,419.1494086892292,1003
2024-09-19 13:54:21.871,419.1556950383999,998
2024-09-19 13:54:21.876,419.1643546415825,1003
2024-09-19 13:54:21.905,419.12954156133617,1003
2024-09-19 13:54:22.173,419.166893984448,10
2024-09-19 13:54:22.201,419.1685335485011,1004
2024-09-19 13:54:22.820,419.1620214455696,100
2024-09-19 13:54:22.954,419.1773421190984,1002
2024-09-19 13:54:23.177,419.141539843141,99
2024-09-19 13:54:23.264,419.139157064976,1004
2024-09-19 13:54:23.339,419.10751147825295,1001
2024-09-19 13:54:23.519,419.0998715193721,99
2024-09-19 13:54:23.749,419.1065635436265,998
2024-09-19 13:54:23.868,419.08935519001824,1005
2024-09-19 13:54:24.147,419.0649439740524,96
2024-09-19 13:54:24.626,419.0709389243892,997
2024-09-19 13:54:25.208,419.0547550513338,1000
2024-09-19 13:54:25.961,419.0718755843831,1003
2024-09-19 13:54:26.043,419.08388045439193,999
2024-09-19 13:54:26.104,419.0767151037795,999
2024-09-19 13:54:26.117,419.0958559025784,97
2024-09-19 13:54:26.147,419.0469992055744,1003
2024-09-19 13:54:26.164,419.0843144210029,996
2024-09-19 13:54:26.222,419.04086590535167,95
2024-09-19 13:54:26.233,419.0780385818314,1004
2024-09-19 13:54:26.335,419.0736544212892,9
2024-09-19 13:54:26.471,419.0782634791282,6
2024-09-19 13:54:26.486,419.023675125028,14
2024-09-19 13:54:26.596,419.1084168457788,5
2024-09-19 13:54:26.817,419.090843532024,99
2024-09-19 13:54:26.907,419.0807823849913,996
2024-09-19 13:54:26.937,419.0422530078659,995
2024-09-19 13:54:26.961,419.0243374978335,103
2024-09-19 13:54:26.973,-419.0821652122759,1000
2024-09-19 13:54:27.032,419.080641561746,13
2024-09-19 13:54:27.085,419.1226881010852,104
2024-09-19 13:54:27.120,419.1034112171931,9
2024-09-19 13:54:27.137,41.91599108495217,1002
2024-09-19 13:54:27.158,419.1279150719611,13
2024-09-19 13:54:27.161,419.133061683279,12
2024-09-19 13:54:27.198,419.14622239359375,999
2024-09-19 13:54:27.200,419.1358483343193,11
2024-09-19 13:54:27.210,419.1911278001986,1002
2024-09-19 13:54:27.288,419.1860902138174,95
2024-09-19 13:54:27.298,419.19791351257584,10
2024-09-19 13:54:27.333,419.1503001411045,997
2024-09-19 13:54:27.342,419.1253601359023,101
2024-09-19 13:54:27.359,419.1797624355644,9
2024-09-19 13:54:27.430,419.0947951663525,1003
2024-09-19 13:54:27.430,419.08207548750056,1004
2024-09-19 13:54:27.491,419.1945617866626,95
2024-09-19 13:54:27.575,419.200112156292,999
2024-09-19 13:54:27.612,419.1458731319271,1000
2024-09-19 13:54:27.670,419.0694103639625,11
2024-09-19 13:54:27.710,419.1841495904825,100
2024-09-19 13:54:27.778,419.08123693149497,999
2024-09-19 13:54:27.813,419.2076550381329,96
2024-09-19 13:54:27.885,419.1877444322437,10
2024-09-19 13:54:27.909,419.1300675664258,99
2024-09-19 13:54:27.926,419.1437409609728,96
2024-09-19 13:54:27.931,419.14262888726086,999
2024-09-19 13:54:27.950,419.17188433260094,13
2024-09-19 13:54:27.985,419.1187734202165,7
2024-09-19 13:54:28.046,419.24636232909086,6
2024-09-19 13:54:28.098,419.25748388112913,102
2024-09-19 13:54:28.224,419.2202738641464,10
2024-09-19 13:54:28.281,419.2367187609167,1002
2024-09-19 13:54:28.307,419.2046668265423,102
2024-09-19 13:54:28.344,419.26268967568313,14
2024-09-19 13:54:28.346,419.2412180573926,95
2024-09-19 13:54:28.392,419.2290320997635,13
2024-09-19 13:54:28.545,419.24037462889765,105
2024-09-19 13:54:28.595,419.2295138393631,98
2024-09-19 13:54:28.612,419.2191055997385,997
2024-09-19 13:54:28.632,419.22944094878295,997
2024-09-19 13:54:28.666,419.21986451949374,10
2024-09-19 13:54:28.676,419.2142985142591,1004
2024-09-19 13:54:28.684,419.2095997067676,10
2024-09-19 13:54:28.719,419.221687644796,97
2024-09-19 13:54:28.733,419.236646088485,996
2024-09-19 13:54:28.779,419.2183705210565,6
2024-09-19 13:54:28.812,419.2035781499197,99
2024-09-19 13:54:28.906,419.2169045645565,95
2024-09-19 13:54:28.938,419.22744022896046,1005
2024-09-19 13:54:28.938,419.2461554312909,1005
2024-09-19 13:54:28.990,419.2369819673172,997
2024-09-19 13:54:29.794,419.22762982337485,997
2024-09-19 13:54:30.005,419.2757971330752,99
2024-09-19 13:54:30.059,419.22750301902806,105
2024-09-19 13:54:30.081,419.2402340992385,101
2024-09-19 13:54:30.131,419.2319877586528,102
2024-09-19 13:54:30.157,419.2371876773921,996
2024-09-19 13:54:30.182,419.3272761891381,95
2024-09-19 13:54:30.189,419.3353458671175,9
2024-09-19 13:54:30.393,419.2926588582128,103
2024-09-19 13:54:30.470,419.2134779984396,6
2024-09-19 13:54:30.614,419.26087464681166,100
2024-09-19 13:54:30.705,419.2441954624133,105
2024-09-19 13:54:30.809,419.3245495292284,14
2024-09-19 13:54:30.848,419.307144553786,8
2024-09-19 13:54:30.929,419.3265296955114,103
2024-09-19 13:54:31.053,419.2745889964784,995
2024-09-19 13:54:31.108,419.273453933374,12
2024-09-19 13:54:31.163,419.2800129737252,1000
2024-09-19 13:54:31.231,419.2526006368206,104
2024-09-19 13:54:31.236,419.3160472033518,9
2024-09-19 13:54:31.346,419.2814193742034,98
2024-09-19 13:54:31.376,419.2748724206985,99
2024-09-19 13:54:31.690,419.2505049008654,96
2024-09-19 13:54:31.704,419.27537419733545,6
2024-09-19 13:54:31.716,419.2669025565089,1001
2024-09-19 13:54:31.738,419.28631319896135,999
2024-09-19 13:54:31.749,419.26700828706873,8
2024-09-19 13:54:31.775,-419.3240666066159,1003
2024-09-19 13:54:31.847,419.2760643141235,98
2024-09-19 13:54:31.883,419.28533064970327,103
2024-09-19 13:54:31.917,419.3121897321155,6
2024-09-19 13:54:31.946,419.2757171046312,7
2024-09-19 13:54:31.946,-419.2752407608015,10
2024-09-19 13:54:32.061,419.24314518854027,1001
2024-09-19 13:54:32.220,419.3100401215163,1000
2024-09-19 13:54:32.237,419.3372649779445,1001
2024-09-19 13:54:32.282,419.2397616369005,9
2024-09-19 13:54:32.285,419.3067703359733,12
2024-09-19 13:54:32.322,419.3021152105421,103
2024-09-19 13:54:32.342,419.2810998775533,13
2024-09-19 13:54:32.479,419.3465631936061,95
2024-09-19 13:54:32.513,419.3273675129818,6
2024-09-19 13:54:32.554,419.2522957435999,999
2024-09-19 13:54:32.600,419.3131106125795,10
2024-09-19 13:54:32.709,419.2951311620002,10
2024-09-19 13:54:32.736,419.2340594734011,1001
2024-09-19 13:54:32.834,419.23407800013007,1002
2024-09-19 13:54:32.873,419.2986671737353,98
2024-09-19 13:54:32.881,419.2399367311013,7
2024-09-19 13:54:32.888,419.3042755156087,1005
2024-09-19 13:54:32.910,419.2399792856071,96
2024-09-19 13:54:32.931,419.3695706043009,1002
2024-09-19 13:54:32.939,419.2982699015008,5
2024-09-19 13:54:32.941,419.3413049928412,1000
2024-09-19 13:54:32.992,419.2680164715527,6
2024-09-19 13:54:33.173,419.3746274890574,999
2024-09-19 13:54:33.549,419.3341630801623,7
2024-09-19 13:54:33.554,419.37858842023866,5
2024-09-19 13:54:33.614,419.34014669411386,997
2024-09-19 13:54:33.738,419.3424744698239,14
2024-09-19 13:54:33.740,41.93598691121348,1000
2024-09-19 13:54:33.855,,997
2024-09-19 13:54:33.891,419.3667438962026,1004
2024-09-19 13:54:33.946,419.3491187834699,95
2024-09-19 13:54:34.005,419.4050607472397,95
2024-09-19 13:54:34.008,419.4588468767516,101
2024-09-19 13:54:34.012,419.3307498210903,11
2024-09-19 13:54:34.076,419.3651598266475,96
2024-09-19 13:54:34.218,419.3510792063344,1004
2024-09-19 13:54:34.280,419.3772890082839,1005
2024-09-19 13:54:34.334,419.45059822085176,1005
2024-09-19 13:54:34.339,419.4182463562876,11
2024-09-19 13:54:34.355,419.3309473776352,998
2024-09-19 13:54:34.355,419.38093280181545,1005
2024-09-19 13:54:34.391,419.4154592266854,1003
2024-09-19 13:54:34.419,419.3189769181729,1002
2024-09-19 13:54:34.422,419.4354267270224,1003
2024-09-19 13:54:34.442,419.3487298471316,8
2024-09-19 13:54:34.443,419.4576783987569,999
2024-09-19 13:54:34.459,419.38656657534665,1003
2024-09-19 13:54:34.464,419.442349278495,999
2024-09-19 13:54:34.685,419.43020374734624,995
2024-09-19 13:54:34.700,419.3639642652382,1002
2024-09-19 13:54:34.710,419.307788043492,999
2024-09-19 13:54:34.793,419.3112821849196,11
2024-09-19 13:54:34.805,419.3775040429935,15
2024-09-19 13:54:34.843,419.347324898768,8
2024-09-19 13:54:34.941,419.3294500364093,997
2024-09-19 13:54:34.959,419.4064309145717,5
2024-09-19 13:54:35.021,419.3479473843283,104
2024-09-19 13:54:35.045,419.4143111614,1002
2024-09-19 13:54:35.055,419.3653430769684,999
2024-09-19 13:54:35.341,419.363796583516,1001
2024-09-19 13:54:35.407,419.3961124457672,995
2024-09-19 13:54:35.493,419.36840530130206,13
2024-09-19 13:54:35.721,419.379832343568,6
2024-09-19 13:54:35.727,419.40711060227255,996
2024-09-19 13:54:35.757,419.3888737197312,12
2024-09-19 13:54:35.969,419.39460140007816,104
2024-09-19 13:54:36.059,419.32534220612615,1004
2024-09-19 13:54:36.096,419.350252429649,12
2024-09-19 13:54:36.099,419.28569335037673,1000
2024-09-19 13:54:36.124,419.2869404148672,1005
2024-09-19 13:54:36.144,419.34918877799606,1001
2024-09-19 13:54:36.280,419.31625843359615,1002
2024-09-19 13:54:36.321,419.31127168793256,104
2024-09-19 13:54:36.323,419.2925212928329,104
2024-09-19 13:54:36.327,419.31858350088686,10
2024-09-19 13:54:36.396,419.34927585568863,98
2024-09-19 13:54:36.440,419.3143927057254,999
2024-09-19 13:54:36.441,419.3310002531767,104
2024-09-19 13:54:36.539,419.2872826225938,105
2024-09-19 13:54:36.595,419.3765052488036,1000
2024-09-19 13:54:36.625,419.2720371372477,9
2024-09-19 13:54:36.650,419.2995670707046,1005
2024-09-19 13:54:36.720,419.3151338908387,104
2024-09-19 13:54:36.731,419.2992431315453,1005
2024-09-19 13:54:36.786,419.3073956908671,996
2024-09-19 13:54:36.870,419.32082113644753,102
2024-09-19 13:54:36.878,419.31418385084606,96
2024-09-19 13:54:36.902,419.3207014889335,13
2024-09-19 13:54:36.948,419.3479662166083,101
2024-09-19 13:54:37.237,419.2932610111096,1000
2024-09-19 13:54:37.315,419.29392269396016,1000
2024-09-19 13:54:37.580,419.2646435020318,105
2024-09-19 13:54:37.617,419.2753393134611,97
2024-09-19 13:54:37.714,419.28373217331153,96
2024-09-19 13:54:37.836,419.3001562687098,6
2024-09-19 13:54:37.840,419.2710940116679,999
2024-09-19 13:54:37.862,419.2852754870526,12
2024-09-19 13:54:38.028,419.300369955726,105
2024-09-19 13:54:38.056,419.2971258914852,95
2024-09-19 13:54:38.086,419.2788718117805,12
2024-09-19 13:54:38.119,419.3130286065825,5
2024-09-19 13:54:38.293,419.2867084723776,14
2024-09-19 13:54:38.355,419.28286744414464,12
2024-09-19 13:54:38.480,419.3000577623145,13
2024-09-19 13:54:38.572,419.3005855712189,96
2024-09-19 13:54:38.676,419.3004908188749,101
2024-09-19 13:54:38.728,419.3136621941052,997
2024-09-19 13:54:38.731,419.2802474772603,96
2024-09-19 13:54:38.834,419.2906488796056,95
2024-09-19 13:54:38.952,419.308037766241,101
2024-09-19 13:54:39.059,419.3259249957663,97
2024-09-19 13:54:39.059,419.3253433382,97
2024-09-19 13:54:39.166,419.3005267170043,10
2024-09-19 13:54:39.182,419.3031754741095,997
2024-09-19 13:54:39.303,419.2880335291045,13
2024-09-19 13:54:39.320,419.3110911708752,12
2024-09-19 13:54:39.342,419.31159300579753,13
2024-09-19 13:54:39.483,419.3140083082232,103
2024-09-19 13:54:39.541,419.2845916552657,98
2024-09-19 13:54:39.592,419.31830042994,999
2024-09-19 13:54:39.593,419.2757426111774,998
2024-09-19 13:54:39.599,419.2868779281861,1000
2024-09-19 13:54:39.601,419.3148496648223,105
2024-09-19 13:54:39.615,419.30731767359015,997
2024-09-19 13:54:39.637,419.2937486322874,104
2024-09-19 13:54:39.666,419.2846467232967,10
2024-09-19 13:54:39.710,419.30400127075126,11
2024-09-19 13:54:39.725,419.2784199088471,100
2024-09-19 13:54:39.874,419.3067483424964,100
2024-09-19 13:54:39.884,419.30405630424906,1002
2024-09-19 13:54:39.886,419.2872989067554,12
2024-09-19 13:54:39.958,419.3219255201714,1000
2024-09-19 13:54:39.978,419.30209584492377,997
2024-09-19 13:54:40.073,419.3580209251,999
2024-09-19 13:54:40.237,419.36840907908993,1005
2024-09-19 13:54:40.813,419.33869288472977,1002
2024-09-19 13:54:40.911,419.3176282485069,996
2024-09-19 13:54:40.934,419.3515855045874,103
2024-09-19 13:54:41.023,419.3887113684604,97
2024-09-19 13:54:41.028,419.3725836752975,14
2024-09-19 13:54:41.133,419.3807106548424,103
2024-09-19 13:54:41.334,419.38930682553297,14
2024-09-19 13:54:41.398,419.37652109944025,7
2024-09-19 13:54:41.549,419.4008947550863,1001
2024-09-19 13:54:41.626,419.3861809188359,995
2024-09-19 13:54:41.695,419.3942930827835,96
2024-09-19 13:54:41.722,419.396061723213,1004
2024-09-19 13:54:44.131,419.29920979697965,999
2024-09-19 13:54:44.162,419.359545314216,97
2024-09-19 13:54:44.274,419.382103014396,12
2024-09-19 13:54:44.365,419.3204913413211,6
2024-09-19 13:54:44.408,419.3211394275157,1002
2024-09-19 13:54:44.604,419.36366196946216,104
2024-09-19 13:54:44.647,419.3782572442972,1004
2024-09-19 13:54:44.695,419.2962981227298,999
2024-09-19 13:54:44.771,419.3056746155506,999
2024-09-19 13:54:44.790,419.3771372595108,995
2024-09-19 13:54:44.823,419.33892086053726,99
2024-09-19 13:54:44.873,419.3035256507471,96
2024-09-19 13:54:44.999,419.3553658912093,104
2024-09-19 13:54:45.044,419.2888802874224,99
2024-09-19 13:54:45.054,419.3094298746813,1001
2024-09-19 13:54:45.111,419.32874366344777,98
2024-09-19 13:54:45.195,419.3207564800235,1001
2024-09-19 13:54:45.253,419.2906879653034,102
2024-09-19 13:54:45.365,419.3071031314489,999
2024-09-19 13:54:45.439,419.3079272540984,1004
2024-09-19 13:54:45.444,419.3023792967505,1004
2024-09-19 13:54:45.468,419.3382011555323,14
2024-09-19 13:54:45.525,419.31017118314674,97
2024-09-19 13:54:45.560,419.2913207220161,1004
2024-09-19 13:54:45.602,419.2908783662813,5
2024-09-19 13:54:45.604,419.3063198623457,1004
2024-09-19 13:54:45.639,419.30608783768463,101
2024-09-19 13:54:45.651,419.28409416336166,1005
2024-09-19 13:54:45.667,419.29819813280966,11
2024-09-19 13:54:45.705,419.34168127584167,98
2024-09-19 13:54:45.706,419.2886246227502,102
2024-09-19 13:54:45.784,,10
2024-09-19 13:54:45.799,419.31268860184144,7
2024-09-19 13:54:45.841,419.2913166017809,99
2024-09-19 13:54:45.849,419.3341029989048,100
2024-09-19 13:54:45.858,419.3274969046479,5
2024-09-19 13:54:45.883,419.33943823355287,1002
2024-09-19 13:54:45.931,419.3385378563887,997
2024-09-19 13:54:45.940,-419.3326938114743,998
2024-09-19 13:54:46.079,419.2762742438111,5
2024-09-19 13:54:46.273,419.2604136182953,996
2024-09-19 13:54:46.278,,995
2024-09-19 13:54:46.317,419.3005606474103,15
2024-09-19 13:54:46.695,419.2567886627595,8
2024-09-19 13:54:46.768,419.274055372982,104
2024-09-19 13:54:46.958,419.29036199276464,6
2024-09-19 13:54:47.024,-419.2488360954884,99
2024-09-19 13:54:47.051,419.2235960573303,15
2024-09-19 13:54:47.126,419.23224457359527,102
2024-09-19 13:54:47.252,419.24568024914106,103
2024-09-19 13:54:47.288,419.280675570345,1004
2024-09-19 13:54:47.328,419.2851461123471,11
2024-09-19 13:54:47.365,419.2405313514984,996
2024-09-19 13:54:47.439,419.2360461970569,96
2024-09-19 13:54:47.488,419.2377693209402,13
2024-09-19 13:54:47.491,419.2516224783347,95
2024-09-19 13:54:47.599,419.2519696885872,10
2024-09-19 13:54:47.801,419.219911614214,101
2024-09-19 13:54:47.972,419.22104758651466,96
2024-09-19 13:54:48.194,419.3347647302385,996
2024-09-19 13:54:48.636,419.3085487451074,14
2024-09-19 13:54:48.753,419.2950362800153,104
2024-09-19 13:54:48.792,419.32828055352775,12
2024-09-19 13:54:48.931,419.3028733883431,997
2024-09-19 13:54:48.954,419.3363374497719,1004
2024-09-19 13:54:49.178,419.2607647919522,1003
2024-09-19 13:54:49.310,419.23733091704497,1004
2024-09-19 13:54:49.370,419.25948706685625,1001
2024-09-19 13:54:49.411,419.2352584732144,100
2024-09-19 13:54:49.463,419.25184974318086,9
2024-09-19 13:54:49.482,419.2568276694747,15
2024-09-19 13:54:49.497,419.33750682767845,998
2024-09-19 13:54:49.538,419.2454209548847,998
2024-09-19 13:54:49.581,419.2784542227216,1002
2024-09-19 13:54:49.641,419.3052494883693,105
2024-09-19 13:54:49.653,419.2598094711884,6
2024-09-19 13:54:49.738,419.2523342989176,1005
2024-09-19 13:54:49.827,419.2279769086588,99
2024-09-19 13:54:49.862,419.2062319083384,100
2024-09-19 13:54:49.877,419.3452541426026,997
2024-09-19 13:54:49.912,419.2218157605679,8
2024-09-19 13:54:49.931,419.2480230796816,12
2024-09-19 13:54:50.034,419.2901502034415,1003
2024-09-19 13:54:50.057,419.29196407405794,1005
2024-09-19 13:54:50.061,419.2895091399984,99
2024-09-19 13:54:50.120,41.92933940695187,1004
2024-09-19 13:54:50.127,419.2827770045407,1003
2024-09-19 13:54:50.127,419.2940815403921,103
2024-09-19 13:54:50.132,-419.289825306832,998
2024-09-19 13:54:50.223,419.3013415847673,8
2024-09-19 13:54:50.333,419.2831072877358,13
2024-09-19 13:54:50.361,419.2985654445652,105
2024-09-19 13:54:50.366,419.2906125259794,998
2024-09-19 13:54:50.384,419.297674325383,1004
2024-09-19 13:54:50.433,419.30365876758367,998
2024-09-19 13:54:50.518,419.2841304768976,995
2024-09-19 13:54:50.534,419.2943545310882,96
2024-09-19 13:54:50.564,419.2993201788775,995
2024-09-19 13:54:50.679,419.3106411288906,1002
2024-09-19 13:54:50.698,419.26266840701686,995
2024-09-19 13:54:50.717,419.28293252203207,999
2024-09-19 13:54:50.742,419.268314965708,7
2024-09-19 13:54:50.790,419.2634719039657,103
2024-09-19 13:54:50.865,419.2736505380309,8
2024-09-19 13:54:50.931,419.2855942159513,999
2024-09-19 13:54:50.945,419.2844072866208,99
2024-09-19 13:54:51.034,419.2198615940388,996
2024-09-19 13:54:51.062,419.24401836565806,14
2024-09-19 13:54:51.082,419.2477098927136,996
2024-09-19 13:54:51.098,419.24791752718943,103
2024-09-19 13:54:51.145,419.22421629826886,5
2024-09-19 13:54:51.167,419.2478618262948,1000
2024-09-19 13:54:51.352,419.2279647600535,8
2024-09-19 13:54:51.408,419.2343938780356,100
2024-09-19 13:54:51.441,419.2293611166297,105
2024-09-19 13:54:51.475,41.92528853943511,5
2024-09-19 13:54:51.485,419.2285161549617,97
2024-09-19 13:54:51.493,419.2335977110516,1001
2024-09-19 13:54:51.520,419.2416583357311,7
2024-09-19 13:54:51.636,419.2433446391392,96
2024-09-19 13:54:51.647,419.2685787871775,999
2024-09-19 13:54:51.670,419.2350201408092,104
2024-09-19 13:54:51.687,,13
2024-09-19 13:54:51.688,419.22726747111454,11
2024-09-19 13:54:51.727,419.2416495286189,98
2024-09-19 13:54:51.769,419.2111491848345,1000
2024-09-19 13:54:51.794,419.27086799711327,103
2024-09-19 13:54:51.814,419.2216104512537,1003
2024-09-19 13:54:51.852,419.2228179660429,103
2024-09-19 13:54:51.959,419.2433065157283,11
2024-09-19 13:54:51.989,419.2422427280313,14
2024-09-19 13:54:52.053,419.222107477891,101
2024-09-19 13:54:52.117,419.22345209810976,5
2024-09-19 13:54:52.161,419.2590886089999,96
2024-09-19 13:54:52.205,419.2401996648013,11
2024-09-19 13:54:52.229,419.2432258545056,14
2024-09-19 13:54:52.231,419.2505332557548,999
2024-09-19 13:54:52.293,419.2379659259217,9
2024-09-19 13:54:52.305,41.92236620332705,7
2024-09-19 13:54:52.340,419.21206723925474,105
2024-09-19 13:54:52.353,419.2288632675121,104
2024-09-19 13:54:52.385,419.2201603996583,13
2024-09-19 13:54:52.453,419.22334010961936,999
2024-09-19 13:54:52.476,419.2585190938683,10
2024-09-19 13:54:52.480,419.25117205913085,997
2024-09-19 13:54:52.534,419.2199837331,103
2024-09-19 13:54:52.546,419.2522413016711,101
2024-09-19 13:54:52.557,419.2220585948363,103
2024-09-19 13:54:52.609,419.2477579450612,1005
2024-09-19 13:54:52.710,419.2499577761743,1002
2024-09-19 13:54:52.794,419.22263590361285,15
2024-09-19 13:54:52.796,419.2470987199215,7
2024-09-19 13:54:52.954,419.2130928045179,1000
2024-09-19 13:54:53.016,419.23232729024056,13
2024-09-19 13:54:53.063,419.1951961173966,6
2024-09-19 13:54:53.066,419.26805251502,98
2024-09-19 13:54:53.074,419.208361141162,99
2024-09-19 13:54:53.102,419.2393754357367,100
2024-09-19 13:54:53.155,419.2740269114099,998
2024-09-19 13:54:53.207,419.2265019523731,14
2024-09-19 13:54:53.256,419.1924836946226,6
2024-09-19 13:54:53.306,419.2321798941286,104
2024-09-19 13:54:53.383,419.1955591319429,1002
2024-09-19 13:54:53.388,419.28972765423447,12
2024-09-19 13:54:53.411,,100
2024-09-19 13:54:53.443,419.2017345148609,1005
2024-09-19 13:54:53.447,419.2874410906992,998
2024-09-19 13:54:53.459,419.26179921147633,10
2024-09-19 13:54:53.471,419.229660419196,1002
2024-09-19 13:54:53.486,419.20487437415295,996
2024-09-19 13:54:53.492,419.254821404289,100
2024-09-19 13:54:53.503,419.2480793971225,1005
2024-09-19 13:54:53.505,419.2140655079712,1002
2024-09-19 13:54:53.526,419.21647447523617,95
2024-09-19 13:54:53.571,419.2623718415,13
2024-09-19 13:54:53.595,419.2462687868598,1003
2024-09-19 13:54:53.644,419.2520064494273,98
2024-09-19 13:54:53.670,419.1864502550064,14
2024-09-19 13:54:53.673,419.1923649134187,10
2024-09-19 13:54:53.706,419.268724083582,999
2024-09-19 13:54:53.881,419.2475980336588,104
2024-09-19 13:54:53.956,419.20456817832974,10
2024-09-19 13:54:54.086,419.2749032489472,995
2024-09-19 13:54:54.328,419.2863136207183,6
2024-09-19 13:54:54.348,419.29045348768426,996
2024-09-19 13:54:54.373,419.2733555303109,14
2024-09-19 13:54:54.404,419.27941294054784,7
2024-09-19 13:54:54.453,419.2631193056754,10
2024-09-19 13:54:54.462,419.2727002831608,9
2024-09-19 13:54:54.875,419.275935143452,10
2024-09-19 13:54:55.023,419.24090067202064,100
2024-09-19 13:54:55.086,419.2066338801075,105
2024-09-19 13:54:55.087,419.2933828625315,1004
2024-09-19 13:54:55.104,419.2380605791228,15
2024-09-19 13:54:55.107,419.3172006784221,1003
2024-09-19 13:54:55.133,419.2253609471846,15
2024-09-19 13:54:55.143,419.25732117980806,996
2024-09-19 13:54:55.159,419.23241720021656,995
2024-09-19 13:54:55.184,419.2798285561448,996
2024-09-19 13:54:55.185,419.3125099519704,1000
2024-09-19 13:54:55.204,419.2897552846844,14
2024-09-19 13:54:55.223,419.203019407021,100
2024-09-19 13:54:55.232,419.19194145204,1002
2024-09-19 13:54:55.288,419.28736393239217,1005
2024-09-19 13:54:55.392,419.20955066401575,997
2024-09-19 13:54:55.393,419.2144765570174,104
2024-09-19 13:54:55.465,419.296839361174,9
2024-09-19 13:54:55.580,419.2451887941439,1001
2024-09-19 13:54:55.589,419.29625912537256,99
2024-09-19 13:54:55.590,419.29506612754943,1000
2024-09-19 13:54:55.613,419.20456657133184,105
2024-09-19 13:54:55.635,419.2863390451852,996
2024-09-19 13:54:55.700,419.2696549821601,8
2024-09-19 13:54:55.745,419.29372401957335,13
2024-09-19 13:54:55.986,419.20735446528806,101
2024-09-19 13:54:56.019,419.2614392188509,105
2024-09-19 13:54:56.086,419.2463485606253,1000
2024-09-19 13:54:56.251,419.2519141745354,101
2024-09-19 13:54:56.419,419.2635793482816,1005
2024-09-19 13:54:56.426,419.2275654737245,13
2024-09-19 13:54:56.440,419.23709535737567,1002
2024-09-19 13:54:56.483,419.2573652634803,103
2024-09-19 13:54:56.545,419.2414463481941,8
2024-09-19 13:54:56.545,419.2255528412101,100
2024-09-19 13:54:56.573,419.232384800718,998
2024-09-19 13:54:56.686,419.24692145837,9
2024-09-19 13:54:56.719,419.2592213564176,96
2024-09-19 13:54:56.839,419.2484406040027,101
2024-09-19 13:54:56.974,419.2404981481628,998
2024-09-19 13:54:58.255,419.2341750659263,104
2024-09-19 13:54:58.276,419.24552933943903,997
2024-09-19 13:54:58.277,419.2587634457186,101
2024-09-19 13:54:58.350,419.2740983951306,15
2024-09-19 13:54:58.554,419.2585528787944,13
2024-09-19 13:54:58.638,419.260633120939,1001
2024-09-19 13:54:58.748,419.2551046493103,103
2024-09-19 13:54:58.817,419.25055709194095,995
2024-09-19 13:54:58.869,419.24927706888434,1003
2024-09-19 13:54:58.956,419.2734387439845,96
2024-09-19 13:54:59.056,419.2186099683824,8
2024-09-19 13:54:59.069,419.1888737983168,97
2024-09-19 13:54:59.097,419.1836025040672,11
2024-09-19 13:54:59.219,419.1828277937135,97
2024-09-19 13:54:59.252,419.20284718401047,13
2024-09-19 13:54:59.324,419.2125091060331,1000
2024-09-19 13:54:59.374,419.20842767201646,99
2024-09-19 13:54:59.435,419.216986800102,102
2024-09-19 13:54:59.442,419.2101906282917,105
2024-09-19 13:54:59.455,419.2049804311157,105
2024-09-19 13:54:59.501,419.2070401105485,14
2024-09-19 13:54:59.514,419.2014149681168,1002
2024-09-19 13:54:59.760,419.2239975395167,1001
2024-09-19 13:54:59.901,41.92154287415755,101
2024-09-19 13:54:59.912,419.2323617121322,11
2024-09-19 13:54:59.973,419.2029412659025,995
2024-09-19 13:54:59.994,419.2020329986936,102
