Timestamp,Price,Size
2024-09-20 10:17:00.018,424.3191335527517,1001
2024-09-20 10:17:00.063,424.282577472173,1000
2024-09-20 10:17:00.132,424.3189729798224,1003
2024-09-20 10:17:00.336,424.2931134645639,105
2024-09-20 10:17:00.338,424.31606941011466,105
2024-09-20 10:17:00.343,424.3187826415419,996
2024-09-20 10:17:00.377,424.3099361323907,1005
2024-09-20 10:17:00.389,424.3125072847701,1004
2024-09-20 10:17:00.425,424.3215409143613,999
2024-09-20 10:17:00.470,424.299377783644,6
2024-09-20 10:17:00.470,424.3115179551066,98
2024-09-20 10:17:00.503,424.3010233564444,11
2024-09-20 10:17:00.518,424.3151190237976,100
2024-09-20 10:17:00.557,424.3236916881415,995
2024-09-20 10:17:00.668,424.2911954295442,5
2024-09-20 10:17:00.704,424.30504184343823,13
2024-09-20 10:17:00.773,424.2935672688726,9
2024-09-20 10:17:00.799,424.3119444782658,9
2024-09-20 10:17:00.874,424.3103315817556,7
2024-09-20 10:17:00.895,424.3115972038152,1001
2024-09-20 10:17:00.896,424.2992271408026,95
2024-09-20 10:17:00.930,424.28596423701066,8
2024-09-20 10:17:00.947,424.3236434542741,997
2024-09-20 10:17:00.990,424.3079626551327,1002
2024-09-20 10:17:01.060,424.3851651571293,999
2024-09-20 10:17:01.072,424.3262885509527,99
2024-09-20 10:17:01.085,424.3386893466588,99
2024-09-20 10:17:01.094,-424.37312455885456,100
2024-09-20 10:17:01.109,424.39764778393953,100
2024-09-20 10:17:01.171,424.36178822910455,995
2024-09-20 10:17:01.194,424.3839425618036,8
2024-09-20 10:17:01.320,424.41145054008655,999
2024-09-20 10:17:01.336,424.3502810029128,1001
2024-09-20 10:17:01.430,424.40228528998176,102
2024-09-20 10:17:01.537,424.4061563065775,95
2024-09-20 10:17:01.561,424.40895401929487,1005
2024-09-20 10:17:01.599,424.4027325581813,100
2024-09-20 10:17:01.767,424.3508513852216,95
2024-09-20 10:17:01.842,424.39309682756686,15
2024-09-20 10:17:01.872,424.4175556305961,102
2024-09-20 10:17:01.914,424.4045063088888,14
2024-09-20 10:17:01.928,424.4132459974364,97
2024-09-20 10:17:01.939,424.39577981505016,101
2024-09-20 10:17:02.112,424.4294484209821,100
2024-09-20 10:17:02.545,42.44244079727014,100
2024-09-20 10:17:02.586,424.4150586579083,105
2024-09-20 10:17:02.871,424.4020294159747,102
2024-09-20 10:17:03.067,424.4369024580866,7
2024-09-20 10:17:03.509,424.4318386510946,1002
2024-09-20 10:17:03.554,424.415512295831,96
2024-09-20 10:17:03.645,424.4225585658268,1004
2024-09-20 10:17:03.692,424.4048872164967,102
2024-09-20 10:17:03.845,424.4089221821202,997
2024-09-20 10:17:03.898,424.404410665548,100
2024-09-20 10:17:04.331,,99
2024-09-20 10:17:04.356,424.4168303294512,103
2024-09-20 10:17:04.363,424.4121744757677,6
2024-09-20 10:17:04.419,424.3988701210624,100
2024-09-20 10:17:04.446,424.4114249029896,1005
2024-09-20 10:17:04.458,424.4080372561037,11
2024-09-20 10:17:04.512,424.3908891078584,1001
2024-09-20 10:17:04.563,424.407906353176,104
2024-09-20 10:17:04.564,424.438700095477,103
2024-09-20 10:17:04.578,424.4312040828633,5
2024-09-20 10:17:04.617,424.42653868358974,13
2024-09-20 10:17:04.619,424.4118836503248,99
2024-09-20 10:17:04.658,424.4185845313251,1000
2024-09-20 10:17:04.675,424.43025890154433,96
2024-09-20 10:17:04.714,424.4303330665184,9
2024-09-20 10:17:04.720,424.40774273153335,103
2024-09-20 10:17:04.796,424.4004507683111,998
2024-09-20 10:17:04.978,424.4139986054261,1002
2024-09-20 10:17:05.020,424.4572068415056,996
2024-09-20 10:17:05.121,424.4583373996783,1001
2024-09-20 10:17:05.191,424.4363406092768,1001
2024-09-20 10:17:05.273,424.4481394448948,13
2024-09-20 10:17:05.317,424.450657710726,12
2024-09-20 10:17:05.375,424.4484278690192,1005
2024-09-20 10:17:05.418,424.4304847068311,13
2024-09-20 10:17:05.453,424.4656981786635,999
2024-09-20 10:17:05.475,42.44481141042576,104
2024-09-20 10:17:05.529,424.4572842021507,95
2024-09-20 10:17:05.606,424.4391292301672,6
2024-09-20 10:17:05.616,424.4444495040989,15
2024-09-20 10:17:05.704,424.4409437368592,100
2024-09-20 10:17:05.754,424.43146839557807,998
2024-09-20 10:17:05.787,424.4600096649416,8
2024-09-20 10:17:05.795,424.4565498762766,1002
2024-09-20 10:17:05.815,424.45148172295126,14
2024-09-20 10:17:05.832,424.4372875694915,103
2024-09-20 10:17:05.849,424.4332082435287,8
2024-09-20 10:17:05.937,424.46488434648114,103
2024-09-20 10:17:05.942,424.4487860556021,95
2024-09-20 10:17:06.303,424.429231656349,105
2024-09-20 10:17:06.478,424.4147530261356,100
2024-09-20 10:17:06.486,424.44058856839865,995
2024-09-20 10:17:06.746,424.42162054887353,996
2024-09-20 10:17:06.992,424.41644074374574,999
2024-09-20 10:17:07.030,424.4339491302847,995
2024-09-20 10:17:07.072,424.4362485695442,9
2024-09-20 10:17:07.101,-424.4794994104444,98
2024-09-20 10:17:07.149,424.42091523553296,1003
2024-09-20 10:17:07.209,424.4385706157399,103
2024-09-20 10:17:07.285,424.4830087826752,101
2024-09-20 10:17:07.303,424.4803754290675,6
2024-09-20 10:17:07.446,424.4139463259304,1003
2024-09-20 10:17:07.458,424.4424915421942,104
2024-09-20 10:17:07.649,424.41744639949127,1002
2024-09-20 10:17:07.687,424.4527840152661,10
2024-09-20 10:17:07.713,424.462088653373,997
2024-09-20 10:17:07.714,424.43548409791566,1000
2024-09-20 10:17:07.741,424.4872144571094,1004
2024-09-20 10:17:07.776,424.422324504643,1000
2024-09-20 10:17:08.046,424.4824654962071,98
2024-09-20 10:17:08.055,424.4826493802997,11
2024-09-20 10:17:08.087,424.4812758786898,14
2024-09-20 10:17:08.117,424.4845497930596,1003
2024-09-20 10:17:08.125,424.500678012281,1005
2024-09-20 10:17:08.160,424.4800329134175,102
2024-09-20 10:17:08.208,424.4542544898722,11
2024-09-20 10:17:08.211,424.49559969428793,6
2024-09-20 10:17:08.214,424.49119518757993,1005
2024-09-20 10:17:08.222,424.4812274225746,999
2024-09-20 10:17:08.282,424.48815674548,999
2024-09-20 10:17:08.291,424.4945678812459,1004
2024-09-20 10:17:08.292,424.51867189730245,5
2024-09-20 10:17:08.292,424.501500380437,96
2024-09-20 10:17:08.294,424.48019376670527,997
2024-09-20 10:17:08.317,424.4814608364744,101
2024-09-20 10:17:08.333,424.4907220274091,102
2024-09-20 10:17:08.393,424.4284503513296,7
2024-09-20 10:17:08.452,424.4492283198908,1001
2024-09-20 10:17:08.483,424.475071991292,12
2024-09-20 10:17:08.487,424.5013119674276,14
2024-09-20 10:17:08.492,424.4329760027963,1002
2024-09-20 10:17:08.525,424.4927463846883,14
2024-09-20 10:17:08.568,,103
2024-09-20 10:17:08.656,-424.4668196202615,997
2024-09-20 10:17:08.734,424.5076978007688,12
2024-09-20 10:17:08.767,424.4413326782619,5
2024-09-20 10:17:08.869,424.5031372678611,6
2024-09-20 10:17:08.911,424.5255728962845,8
2024-09-20 10:17:09.065,424.438848817129,1001
2024-09-20 10:17:09.121,424.4001360930836,1001
2024-09-20 10:17:09.123,424.4016611508253,1004
2024-09-20 10:17:09.143,424.4436854873175,100
2024-09-20 10:17:09.165,424.4416602806795,95
2024-09-20 10:17:09.178,424.4269311233552,7
2024-09-20 10:17:09.288,424.4031042223978,12
2024-09-20 10:17:09.377,424.4316405672032,12
2024-09-20 10:17:09.401,424.4222474842591,1003
2024-09-20 10:17:09.451,424.3827546064997,995
2024-09-20 10:17:09.467,424.4353927004838,5
2024-09-20 10:17:09.532,424.4504063780529,98
2024-09-20 10:17:09.579,424.41246335059947,97
2024-09-20 10:17:09.581,424.4425561542541,102
2024-09-20 10:17:09.696,424.4593509003295,97
2024-09-20 10:17:09.793,424.4425519917699,997
2024-09-20 10:17:09.826,424.3967501338664,11
2024-09-20 10:17:09.841,424.43875197408266,105
2024-09-20 10:17:09.885,424.4388070475367,12
2024-09-20 10:17:09.911,424.4671984577216,15
2024-09-20 10:17:09.920,424.4692530078596,15
2024-09-20 10:17:09.981,424.4490767987079,105
2024-09-20 10:17:10.095,424.44055656730575,6
2024-09-20 10:17:10.121,424.4508188448677,97
2024-09-20 10:17:10.148,424.4225405295468,1002
2024-09-20 10:17:10.609,424.4573806115704,99
2024-09-20 10:17:10.641,424.4502169322615,97
2024-09-20 10:17:10.946,424.4564243586868,104
2024-09-20 10:17:10.969,424.4511919789948,96
2024-09-20 10:17:10.969,424.4039472704359,1005
2024-09-20 10:17:11.089,424.4379806087877,12
2024-09-20 10:17:11.116,424.4427741847465,7
2024-09-20 10:17:11.358,424.42007340635496,1001
2024-09-20 10:17:11.397,424.3956797926527,15
2024-09-20 10:17:11.534,424.4506305811786,1004
2024-09-20 10:17:11.784,424.4381283171692,9
2024-09-20 10:17:11.793,424.43736287249584,15
2024-09-20 10:17:11.837,424.4486527907365,102
2024-09-20 10:17:11.992,424.4413079452194,1001
2024-09-20 10:17:12.781,424.4206555223439,1005
2024-09-20 10:17:12.922,424.3984284114628,1004
2024-09-20 10:17:13.028,424.4758107087721,14
2024-09-20 10:17:13.071,424.4662943636024,101
2024-09-20 10:17:13.158,424.43844466331535,1000
2024-09-20 10:17:13.176,424.4798963462356,95
2024-09-20 10:17:13.183,424.484563792586,1005
2024-09-20 10:17:13.306,424.4365358623065,1001
2024-09-20 10:17:13.383,424.4859589639345,103
2024-09-20 10:17:13.386,424.4600862624728,14
2024-09-20 10:17:13.504,424.4684006886198,99
2024-09-20 10:17:13.575,424.4234945446737,10
2024-09-20 10:17:13.586,424.487145629096,6
2024-09-20 10:17:13.672,424.4174684699626,5
2024-09-20 10:17:13.675,424.4250697539279,13
2024-09-20 10:17:13.713,424.4852212927694,996
2024-09-20 10:17:13.718,424.43261781953976,995
2024-09-20 10:17:13.725,424.4904062584997,103
2024-09-20 10:17:13.729,424.477769570566,103
2024-09-20 10:17:13.766,424.488872788744,1002
2024-09-20 10:17:13.766,424.4131040848971,1004
2024-09-20 10:17:13.793,424.4836664993483,14
2024-09-20 10:17:13.804,424.4165679585005,13
2024-09-20 10:17:13.805,424.48926367786976,999
2024-09-20 10:17:13.811,424.4934608767256,995
2024-09-20 10:17:13.837,424.4196885022372,999
2024-09-20 10:17:13.847,424.5013883117714,101
2024-09-20 10:17:13.851,424.487989702233,5
2024-09-20 10:17:13.864,424.3915759867521,14
2024-09-20 10:17:13.900,424.4302609058919,1000
2024-09-20 10:17:14.094,-424.4100748890894,1005
2024-09-20 10:17:14.115,424.4279347529441,7
2024-09-20 10:17:14.119,424.4443093424774,11
2024-09-20 10:17:14.146,424.4962157585495,15
2024-09-20 10:17:14.150,424.4413028629149,12
2024-09-20 10:17:14.158,424.4027459306767,5
2024-09-20 10:17:14.359,424.477230409144,1003
2024-09-20 10:17:14.526,424.4917847246088,98
2024-09-20 10:17:14.625,424.4233861014498,1002
2024-09-20 10:17:14.674,424.49101881712966,15
2024-09-20 10:17:14.802,424.521219012663,99
2024-09-20 10:17:14.932,424.41603116927314,7
2024-09-20 10:17:14.970,424.4713298388983,100
2024-09-20 10:17:15.075,424.42001825912007,15
2024-09-20 10:17:15.361,424.40597066949886,100
2024-09-20 10:17:15.379,424.4223522379177,1003
2024-09-20 10:17:15.456,42.44363387987791,100
2024-09-20 10:17:16.088,424.36934392662977,1002
2024-09-20 10:17:16.143,424.39198599630254,1005
2024-09-20 10:17:16.218,424.42608035622334,8
2024-09-20 10:17:16.270,424.4037527455939,1005
2024-09-20 10:17:16.274,424.4201842031746,96
2024-09-20 10:17:16.288,424.3991593237626,102
2024-09-20 10:17:16.335,424.4370945607934,1000
2024-09-20 10:17:16.353,424.4125703960843,97
2024-09-20 10:17:16.354,424.400609613726,8
2024-09-20 10:17:16.505,424.3980358706039,12
2024-09-20 10:17:16.554,424.4506861718236,1004
2024-09-20 10:17:16.577,-424.4587928232697,105
2024-09-20 10:17:16.579,424.41055524832416,102
2024-09-20 10:17:16.697,424.4225339806208,5
2024-09-20 10:17:16.726,424.406602272298,7
2024-09-20 10:17:16.770,424.43822379255255,96
2024-09-20 10:17:16.876,424.4340062686193,97
2024-09-20 10:17:16.879,424.44841564276896,15
2024-09-20 10:17:16.923,424.4307697145886,999
2024-09-20 10:17:16.934,424.45143615786657,12
2024-09-20 10:17:17.006,424.4558242359594,100
2024-09-20 10:17:17.013,424.3814859330416,11
2024-09-20 10:17:17.082,424.4595164951208,11
2024-09-20 10:17:17.086,424.3946839970173,15
2024-09-20 10:17:17.174,424.4536520054549,1005
2024-09-20 10:17:17.218,42.44609992647,96
2024-09-20 10:17:17.276,424.3731520915724,102
2024-09-20 10:17:17.369,424.45336784908375,1001
2024-09-20 10:17:17.415,424.4654216957751,14
2024-09-20 10:17:17.463,424.37110704279706,9
2024-09-20 10:17:17.465,424.41480062806926,999
2024-09-20 10:17:17.509,424.3687567277682,100
2024-09-20 10:17:17.658,424.46006367638137,7
2024-09-20 10:17:17.723,424.3904024488879,97
2024-09-20 10:17:17.769,424.37230716026994,7
2024-09-20 10:17:17.780,424.3715278005759,8
2024-09-20 10:17:17.783,424.4023066631936,8
2024-09-20 10:17:17.862,424.4350700610197,15
2024-09-20 10:17:17.863,424.387515000106,999
2024-09-20 10:17:17.959,424.39062892193226,15
2024-09-20 10:17:18.033,424.3792945622032,5
2024-09-20 10:17:18.046,424.4250687544708,103
2024-09-20 10:17:18.205,424.4088759929659,998
2024-09-20 10:17:18.601,424.4337472667583,96
2024-09-20 10:17:18.641,424.3927745850663,9
2024-09-20 10:17:20.019,424.5613992586016,997
2024-09-20 10:17:20.078,424.48182467398,13
2024-09-20 10:17:20.079,424.4744305358647,102
2024-09-20 10:17:20.125,424.546803938417,5
2024-09-20 10:17:20.130,424.5389244031738,996
2024-09-20 10:17:20.149,424.5654638470664,99
2024-09-20 10:17:20.168,424.5446621672492,101
2024-09-20 10:17:20.168,424.5598756175821,104
2024-09-20 10:17:20.212,424.5504048433308,996
2024-09-20 10:17:20.266,424.5684982684942,995
2024-09-20 10:17:20.322,424.5518287536753,8
2024-09-20 10:17:20.444,424.5502089318183,5
2024-09-20 10:17:20.485,424.4647659433077,1004
2024-09-20 10:17:20.488,424.5483006640952,1001
2024-09-20 10:17:20.535,424.5482402023323,12
2024-09-20 10:17:20.550,424.4471821608059,102
2024-09-20 10:17:20.560,424.5439953521944,13
2024-09-20 10:17:20.561,424.5364441376016,8
2024-09-20 10:17:20.561,424.4928069049554,15
2024-09-20 10:17:20.588,424.5852716735623,1004
2024-09-20 10:17:20.632,424.4604540733128,15
2024-09-20 10:17:20.637,424.5214551765503,104
2024-09-20 10:17:20.660,424.48820349335017,11
2024-09-20 10:17:20.698,424.5430233775059,10
2024-09-20 10:17:20.706,424.5877744339701,97
2024-09-20 10:17:20.726,424.5334453422066,999
2024-09-20 10:17:20.751,424.45226113906295,1004
2024-09-20 10:17:20.759,424.5284197451229,1003
2024-09-20 10:17:20.858,424.5616727667051,997
2024-09-20 10:17:20.921,424.55614129792,13
2024-09-20 10:17:21.082,424.55293282684784,95
2024-09-20 10:17:21.154,424.5593588820023,7
2024-09-20 10:17:21.264,424.5528675462357,995
2024-09-20 10:17:21.297,424.5668802893391,995
2024-09-20 10:17:21.410,424.5635478983425,97
2024-09-20 10:17:21.539,424.564205036768,11
2024-09-20 10:17:21.572,424.5779618938558,995
2024-09-20 10:17:21.634,424.58950167718336,1002
2024-09-20 10:17:21.654,424.5664514774526,997
2024-09-20 10:17:21.736,424.5571956128631,1005
2024-09-20 10:17:21.838,424.574931236296,10
2024-09-20 10:17:21.884,424.5552170487817,1005
2024-09-20 10:17:22.225,424.5875299342693,103
2024-09-20 10:17:22.313,-424.59516931102127,102
2024-09-20 10:17:22.626,424.57027900581625,100
2024-09-20 10:17:22.766,424.6000223988944,11
2024-09-20 10:17:22.773,424.6030937035137,9
2024-09-20 10:17:22.888,424.5853581437444,10
2024-09-20 10:17:22.906,424.5571747072081,1004
2024-09-20 10:17:22.942,424.6060833136359,14
2024-09-20 10:17:23.012,424.6036603250363,101
2024-09-20 10:17:23.026,424.5865225752641,104
2024-09-20 10:17:23.069,424.60955874972376,997
2024-09-20 10:17:23.097,-424.5913002219219,14
2024-09-20 10:17:23.109,424.6211883247056,104
2024-09-20 10:17:23.120,424.5884725367564,95
2024-09-20 10:17:23.208,424.6162573580792,15
2024-09-20 10:17:23.219,424.5845957442052,12
2024-09-20 10:17:23.220,424.59419388413136,999
2024-09-20 10:17:23.323,424.6068831817998,13
2024-09-20 10:17:23.335,424.56244779503976,98
2024-09-20 10:17:23.355,424.596285411672,998
2024-09-20 10:17:23.456,424.6259425696436,15
2024-09-20 10:17:23.459,424.57185740540655,1001
2024-09-20 10:17:23.651,,1004
2024-09-20 10:17:23.653,424.6115242376282,98
2024-09-20 10:17:23.690,424.5721795131735,104
2024-09-20 10:17:23.745,424.6187886507343,1000
2024-09-20 10:17:23.782,424.60823367315874,96
2024-09-20 10:17:23.814,424.6378593935837,8
2024-09-20 10:17:23.843,424.5904821825609,104
2024-09-20 10:17:23.861,424.5945512968044,95
2024-09-20 10:17:23.909,424.6294229521984,97
2024-09-20 10:17:23.916,424.5995872302811,1001
2024-09-20 10:17:23.946,424.6098185782632,100
2024-09-20 10:17:23.965,424.62395606291625,95
2024-09-20 10:17:23.973,424.6053315532857,100
2024-09-20 10:17:24.405,424.5852744865886,5
2024-09-20 10:17:24.531,424.60522240959824,101
2024-09-20 10:17:25.152,424.5922869307753,104
2024-09-20 10:17:25.279,424.5831320655034,104
2024-09-20 10:17:25.391,424.5775786856707,8
2024-09-20 10:17:25.759,424.5873263248316,1000
2024-09-20 10:17:25.796,424.5756832734156,95
2024-09-20 10:17:26.086,424.5775643201743,98
2024-09-20 10:17:26.101,424.6196905455388,99
2024-09-20 10:17:26.150,424.6075769868824,998
2024-09-20 10:17:26.187,424.6170781725066,8
2024-09-20 10:17:26.192,424.63150672539246,1002
2024-09-20 10:17:26.195,424.5913951026449,996
2024-09-20 10:17:26.253,424.6339210201907,7
2024-09-20 10:17:26.301,424.5961613276133,15
2024-09-20 10:17:26.312,424.6410894063729,100
2024-09-20 10:17:26.353,424.6195117813089,14
2024-09-20 10:17:26.368,424.6398019405258,12
2024-09-20 10:17:26.480,42.45952942393595,998
2024-09-20 10:17:26.515,424.61014667118405,15
2024-09-20 10:17:26.573,424.6400994237521,102
2024-09-20 10:17:26.639,424.60650065311785,1004
2024-09-20 10:17:26.808,424.5880412449854,995
2024-09-20 10:17:26.838,424.600122197548,10
2024-09-20 10:17:26.843,424.60738602206817,1003
2024-09-20 10:17:26.891,424.6204766283629,5
2024-09-20 10:17:27.076,424.5964619958496,997
2024-09-20 10:17:27.176,424.5667630950899,15
2024-09-20 10:17:27.180,424.6026628625165,98
2024-09-20 10:17:27.235,424.6046812407967,9
2024-09-20 10:17:27.281,424.6182430191894,999
2024-09-20 10:17:27.281,424.59036240131934,998
2024-09-20 10:17:27.295,424.5862224977221,996
2024-09-20 10:17:27.305,424.5938542586676,997
2024-09-20 10:17:27.321,424.592958479073,1004
2024-09-20 10:17:27.391,424.5830342671904,100
2024-09-20 10:17:27.414,424.5961884735512,999
2024-09-20 10:17:27.428,424.59232953378125,996
2024-09-20 10:17:27.493,424.58849679213904,97
2024-09-20 10:17:27.537,424.5935986825704,15
2024-09-20 10:17:27.650,424.601696863141,1003
2024-09-20 10:17:27.756,424.5908893557431,97
2024-09-20 10:17:27.768,424.59993036818025,15
2024-09-20 10:17:27.822,424.60528539147913,7
2024-09-20 10:17:27.854,424.5943111502722,997
2024-09-20 10:17:27.892,424.6000347362488,999
2024-09-20 10:17:27.953,424.6034369213409,9
2024-09-20 10:17:27.996,424.5999860994865,5
2024-09-20 10:17:28.136,424.5917661747892,15
2024-09-20 10:17:28.552,424.5751951100244,999
2024-09-20 10:17:28.895,424.5616299299672,96
2024-09-20 10:17:28.923,424.5486955536855,10
2024-09-20 10:17:28.926,424.5455139464906,96
2024-09-20 10:17:28.958,424.56231625645137,995
2024-09-20 10:17:28.969,424.58084383122207,15
2024-09-20 10:17:29.296,424.5487945406757,10
2024-09-20 10:17:29.409,424.572686177612,98
2024-09-20 10:17:29.808,424.5417334502943,15
2024-09-20 10:17:30.093,-424.5309452612036,99
2024-09-20 10:17:30.119,424.5210220375903,8
2024-09-20 10:17:30.162,424.53030333399073,95
2024-09-20 10:17:30.171,424.5485677535041,15
2024-09-20 10:17:30.175,424.5539260612034,95
2024-09-20 10:17:30.212,424.5524743012376,101
2024-09-20 10:17:30.328,424.5814764100524,100
2024-09-20 10:17:30.378,424.5258286196232,6
2024-09-20 10:17:30.400,424.5485793461423,6
2024-09-20 10:17:30.446,424.587720548474,95
2024-09-20 10:17:30.467,424.5312341234583,14
2024-09-20 10:17:30.474,424.52379455121377,1005
2024-09-20 10:17:30.583,424.5414494021778,5
2024-09-20 10:17:30.589,424.5668952631959,1000
2024-09-20 10:17:30.603,424.5419849823628,7
2024-09-20 10:17:30.739,424.5762846047118,14
2024-09-20 10:17:30.749,424.5974740569593,14
2024-09-20 10:17:30.770,424.53396086057086,998
2024-09-20 10:17:30.799,424.5436309909459,14
2024-09-20 10:17:30.800,424.5400828856479,998
2024-09-20 10:17:30.803,424.581714844902,103
2024-09-20 10:17:30.927,424.5944125330733,5
2024-09-20 10:17:30.977,424.5707063190357,1004
2024-09-20 10:17:30.995,424.5366153081209,100
2024-09-20 10:17:31.191,424.59353189214255,102
2024-09-20 10:17:31.258,424.5788263917013,10
2024-09-20 10:17:31.475,424.5774717698288,13
2024-09-20 10:17:31.839,424.57688381797766,95
2024-09-20 10:17:31.997,424.58237058129765,8
2024-09-20 10:17:32.044,,1005
2024-09-20 10:17:32.179,424.58094599709233,102
2024-09-20 10:17:32.185,424.5907708569618,104
2024-09-20 10:17:32.235,424.59323329655234,1001
2024-09-20 10:17:32.345,424.6124100909338,997
2024-09-20 10:17:32.504,424.5944471651272,100
2024-09-20 10:17:32.567,424.58284877016126,101
2024-09-20 10:17:32.745,424.5753256391108,1000
2024-09-20 10:17:32.901,424.5843867101119,98
2024-09-20 10:17:32.905,424.595068161504,1004
2024-09-20 10:17:33.049,424.6100127354742,1002
2024-09-20 10:17:33.052,424.5982363681841,101
2024-09-20 10:17:33.068,424.5926045827032,1003
2024-09-20 10:17:33.214,424.5983676117642,998
2024-09-20 10:17:33.231,424.61354081585336,103
2024-09-20 10:17:33.263,424.6029655060767,8
2024-09-20 10:17:33.506,424.6153148278238,1002
2024-09-20 10:17:33.690,424.5883201861342,13
2024-09-20 10:17:33.784,424.6236030728807,102
2024-09-20 10:17:33.936,424.6087991186136,13
2024-09-20 10:17:33.937,424.6038952239022,6
2024-09-20 10:17:34.024,424.70143333596246,11
2024-09-20 10:17:34.041,424.6659935137436,98
2024-09-20 10:17:34.061,424.68484948608,105
2024-09-20 10:17:34.139,424.69667376049256,101
2024-09-20 10:17:34.172,424.6880521457418,104
2024-09-20 10:17:34.183,424.68720128910513,95
2024-09-20 10:17:34.238,424.68154912192335,10
2024-09-20 10:17:34.274,424.6242916630611,1002
2024-09-20 10:17:34.317,424.6094785594728,1005
2024-09-20 10:17:34.336,424.6120124888558,12
2024-09-20 10:17:34.389,42.461172913348,99
2024-09-20 10:17:34.474,424.6883909627575,100
2024-09-20 10:17:34.516,424.6004717294091,12
2024-09-20 10:17:34.564,424.6737175561958,1002
2024-09-20 10:17:34.577,424.6749281725546,1004
2024-09-20 10:17:34.589,424.6004032930599,1001
2024-09-20 10:17:34.628,424.68401653847394,1002
2024-09-20 10:17:34.659,424.6845830795677,1003
2024-09-20 10:17:34.674,424.61881515904105,104
2024-09-20 10:17:34.769,424.60606281432007,11
2024-09-20 10:17:34.794,424.6082195540697,12
2024-09-20 10:17:34.805,424.6795532210465,1001
2024-09-20 10:17:34.878,424.60395484391927,1002
2024-09-20 10:17:34.925,,104
2024-09-20 10:17:34.945,424.6348957215207,96
2024-09-20 10:17:35.007,424.69814352810994,15
2024-09-20 10:17:35.017,424.70602140798576,95
2024-09-20 10:17:35.022,424.7050141559071,14
2024-09-20 10:17:35.048,424.7165463780603,100
2024-09-20 10:17:35.061,424.6852970768111,97
2024-09-20 10:17:35.078,424.70612613581307,101
2024-09-20 10:17:35.097,424.7228782217416,1001
2024-09-20 10:17:35.100,424.69360884222334,99
2024-09-20 10:17:35.103,424.7159601732295,1005
2024-09-20 10:17:35.181,424.6712512082296,95
2024-09-20 10:17:35.192,424.7054981499461,98
2024-09-20 10:17:35.211,424.6673411905121,10
2024-09-20 10:17:35.270,424.7216168368819,1000
2024-09-20 10:17:35.275,424.6951275109572,13
2024-09-20 10:17:35.329,424.6526951121738,996
2024-09-20 10:17:35.340,424.66112552555546,999
2024-09-20 10:17:35.424,424.70795100087673,15
2024-09-20 10:17:35.459,424.7189353454981,95
2024-09-20 10:17:35.520,424.7035763988799,98
2024-09-20 10:17:35.534,424.7247586949313,99
2024-09-20 10:17:35.556,424.6849851856681,8
2024-09-20 10:17:35.605,424.6890019920068,5
2024-09-20 10:17:35.645,424.677591146183,95
2024-09-20 10:17:35.668,424.7181093192413,96
2024-09-20 10:17:35.729,424.7410679212352,14
2024-09-20 10:17:35.954,424.6947290732226,98
2024-09-20 10:17:35.989,424.6918800874938,15
2024-09-20 10:17:35.993,424.7063079552133,102
2024-09-20 10:17:36.196,424.70452962000695,999
2024-09-20 10:17:36.294,424.7163405212689,97
2024-09-20 10:17:36.639,424.73733769306887,11
2024-09-20 10:17:36.722,424.722548875916,101
2024-09-20 10:17:36.994,424.7245434421621,1002
2024-09-20 10:17:37.019,424.6689395922471,1002
2024-09-20 10:17:37.095,424.6633003833476,1005
2024-09-20 10:17:37.133,424.6415771142502,13
2024-09-20 10:17:37.299,424.6472692551052,99
2024-09-20 10:17:37.358,424.7013468068744,105
2024-09-20 10:17:37.365,424.627504442282,102
2024-09-20 10:17:37.402,424.594443994151,1001
2024-09-20 10:17:37.402,424.651406805119,101
2024-09-20 10:17:37.463,424.7009016706835,995
2024-09-20 10:17:37.478,424.6090573061966,13
2024-09-20 10:17:37.522,424.7294328222793,100
2024-09-20 10:17:37.537,424.7021035567557,5
2024-09-20 10:17:37.557,424.60999596519457,1000
2024-09-20 10:17:37.572,424.6432829639314,95
2024-09-20 10:17:37.585,424.5991848569015,10
2024-09-20 10:17:37.604,424.65391932229807,6
2024-09-20 10:17:37.619,424.7130945337919,98
2024-09-20 10:17:37.714,424.6358584699034,101
2024-09-20 10:17:37.715,424.6537607370191,105
2024-09-20 10:17:37.758,424.71717490771925,98
2024-09-20 10:17:37.783,424.6258552042811,6
2024-09-20 10:17:37.787,424.72963607407166,103
2024-09-20 10:17:37.883,424.6351202787327,104
2024-09-20 10:17:37.900,424.6886777742293,995
2024-09-20 10:17:37.948,424.6172206805655,11
2024-09-20 10:17:37.951,424.61375741507214,102
2024-09-20 10:17:38.006,424.6708346842303,8
2024-09-20 10:17:38.006,42.468304471551455,5
2024-09-20 10:17:38.030,424.6389672638993,12
2024-09-20 10:17:38.033,424.60964996352055,9
2024-09-20 10:17:38.077,424.6300746743219,10
2024-09-20 10:17:38.119,424.6699475483085,9
2024-09-20 10:17:38.171,424.6438459705862,105
2024-09-20 10:17:38.184,424.6647123914578,15
2024-09-20 10:17:38.222,424.6307566213828,1001
2024-09-20 10:17:38.277,424.60765731874034,997
2024-09-20 10:17:38.457,424.6720503875568,9
2024-09-20 10:17:38.466,424.6447082197162,7
2024-09-20 10:17:38.467,424.6763343018828,1000
2024-09-20 10:17:38.491,424.6576595779613,104
2024-09-20 10:17:38.492,424.64169826105376,95
2024-09-20 10:17:38.534,424.6581705183625,1000
2024-09-20 10:17:38.548,424.6169970945697,14
2024-09-20 10:17:38.612,424.6772176454002,14
2024-09-20 10:17:38.716,424.6330410917631,998
2024-09-20 10:17:38.791,424.6312216550615,105
2024-09-20 10:17:38.809,424.6312749465085,8
2024-09-20 10:17:38.863,424.6152784169316,100
2024-09-20 10:17:38.889,424.6757999228806,99
2024-09-20 10:17:38.907,424.65538962107183,12
2024-09-20 10:17:38.955,424.6608482861864,9
2024-09-20 10:17:39.075,424.6142945022977,14
2024-09-20 10:17:39.131,424.5213101142165,104
2024-09-20 10:17:39.278,424.53170341030153,995
2024-09-20 10:17:39.290,424.6189099281909,1005
2024-09-20 10:17:39.456,424.5753108897645,99
2024-09-20 10:17:39.503,424.50463153924073,9
2024-09-20 10:17:39.551,424.565811659433,6
2024-09-20 10:17:39.563,424.52981824518986,105
2024-09-20 10:17:39.631,424.523592637519,101
2024-09-20 10:17:39.704,424.5274176285666,997
2024-09-20 10:17:39.786,424.5416865529607,1003
2024-09-20 10:17:39.910,424.5664397299507,995
2024-09-20 10:17:39.951,424.5177092824529,13
2024-09-20 10:17:39.962,42.45299960802304,998
2024-09-20 10:17:39.992,424.5499444089862,1000
2024-09-20 10:17:40.211,424.4933339023718,1002
2024-09-20 10:17:40.271,424.4699130293008,1001
2024-09-20 10:17:40.316,424.48824834241583,103
2024-09-20 10:17:40.624,424.4943535093957,999
2024-09-20 10:17:40.783,424.4705909863035,5
2024-09-20 10:17:40.887,424.4602872967147,15
2024-09-20 10:17:41.001,424.4079883492943,11
2024-09-20 10:17:41.033,424.41936286673854,7
2024-09-20 10:17:41.061,-424.4192815170315,999
2024-09-20 10:17:41.100,424.4002250146477,96
2024-09-20 10:17:41.104,,1001
2024-09-20 10:17:41.229,424.404846493626,1000
2024-09-20 10:17:41.341,424.4205069972878,11
2024-09-20 10:17:41.423,424.3958572688096,1001
2024-09-20 10:17:41.429,424.4679615425743,997
2024-09-20 10:17:41.435,424.43623198700135,5
2024-09-20 10:17:41.508,,105
2024-09-20 10:17:41.537,424.392607122969,14
2024-09-20 10:17:41.552,424.39590171805696,5
2024-09-20 10:17:41.616,424.3861846085448,998
2024-09-20 10:17:41.625,424.4154148301837,95
2024-09-20 10:17:41.654,424.4693673120212,1002
2024-09-20 10:17:41.678,424.4743561763998,98
2024-09-20 10:17:41.715,424.4084887849375,997
2024-09-20 10:17:41.724,424.404671454711,13
2024-09-20 10:17:41.848,424.4694597192703,105
2024-09-20 10:17:41.854,424.4135180770968,97
2024-09-20 10:17:41.927,424.42694231555816,13
2024-09-20 10:17:41.975,424.4016791588841,8
2024-09-20 10:17:41.977,424.4471977338456,5
2024-09-20 10:17:42.048,424.3741594567089,14
2024-09-20 10:17:42.072,424.3619086058957,7
2024-09-20 10:17:42.093,424.3904122883333,7
2024-09-20 10:17:42.169,424.37961923557066,100
2024-09-20 10:17:42.202,424.3983250388287,99
2024-09-20 10:17:42.277,424.4495444409442,13
2024-09-20 10:17:42.300,424.3928362245431,996
2024-09-20 10:17:42.306,424.3533761238568,1005
2024-09-20 10:17:42.315,424.3595426430669,9
2024-09-20 10:17:42.424,424.36703510696645,1005
2024-09-20 10:17:42.425,424.3817741049813,997
2024-09-20 10:17:42.434,424.3604597650348,7
2024-09-20 10:17:42.469,424.3729694743135,1000
2024-09-20 10:17:42.524,424.3891837694272,96
2024-09-20 10:17:42.594,424.4028332106399,1001
2024-09-20 10:17:42.687,424.36875816859657,95
2024-09-20 10:17:42.740,424.3920124624312,10
2024-09-20 10:17:42.809,424.37710401220966,996
2024-09-20 10:17:42.821,424.4263007789865,98
2024-09-20 10:17:42.868,424.4461428996232,999
2024-09-20 10:17:42.953,424.3883655921695,98
2024-09-20 10:17:42.986,424.3769924057369,11
2024-09-20 10:17:43.225,424.4371554131104,997
2024-09-20 10:17:43.850,424.430382876629,1001
2024-09-20 10:17:44.058,424.4420671497598,95
2024-09-20 10:17:44.097,424.4436773109956,98
2024-09-20 10:17:44.108,-424.4292446125483,102
2024-09-20 10:17:44.304,424.4205939847191,103
2024-09-20 10:17:44.316,424.4196173771476,998
2024-09-20 10:17:44.510,424.40678507115007,98
2024-09-20 10:17:44.520,424.4552926450934,999
2024-09-20 10:17:44.580,424.39687149965016,97
2024-09-20 10:17:44.832,424.3946085789335,7
2024-09-20 10:17:44.852,424.4327196046959,10
2024-09-20 10:17:44.858,424.419978130679,9
2024-09-20 10:17:44.871,424.4017317837013,1000
2024-09-20 10:17:45.148,424.44775173465297,9
2024-09-20 10:17:45.238,424.4104796170717,100
2024-09-20 10:17:45.264,424.4229705422504,996
2024-09-20 10:17:45.286,424.4446575233034,1002
2024-09-20 10:17:45.293,424.4174777207467,95
2024-09-20 10:17:45.293,424.431787879305,103
2024-09-20 10:17:45.502,424.4256937973194,7
2024-09-20 10:17:45.602,424.4328892382184,6
2024-09-20 10:17:45.701,424.4481387457763,1002
2024-09-20 10:17:45.764,424.43600721242296,104
2024-09-20 10:17:45.776,424.4358451007407,1000
2024-09-20 10:17:45.795,424.4107751093217,103
2024-09-20 10:17:45.895,424.43502920238416,96
2024-09-20 10:17:45.916,424.4247930751176,995
2024-09-20 10:17:45.922,424.448302935064,98
2024-09-20 10:17:45.927,424.4321502705416,8
2024-09-20 10:17:45.946,424.46528186514536,1001
2024-09-20 10:17:45.968,424.4124486816408,1004
2024-09-20 10:17:45.991,424.4130239199904,998
2024-09-20 10:17:46.003,424.43013631917233,15
2024-09-20 10:17:46.006,424.4229205964985,14
2024-09-20 10:17:46.006,424.4618125078903,15
2024-09-20 10:17:46.030,424.40697042927326,1005
2024-09-20 10:17:46.035,424.4618840772359,96
2024-09-20 10:17:46.042,424.44515350665057,14
2024-09-20 10:17:46.082,424.4667499329469,103
2024-09-20 10:17:46.118,424.4451985091287,11
2024-09-20 10:17:46.132,42.445712020853136,14
2024-09-20 10:17:46.190,424.4118351898999,15
2024-09-20 10:17:46.197,424.4364950824488,997
2024-09-20 10:17:46.200,424.4662177840698,5
2024-09-20 10:17:46.330,424.4436899387118,8
2024-09-20 10:17:46.332,424.4494360197052,1001
2024-09-20 10:17:46.372,424.4703355394707,12
2024-09-20 10:17:46.392,424.4565726267117,99
2024-09-20 10:17:46.441,424.4366127432266,105
2024-09-20 10:17:46.449,424.4058249906764,997
2024-09-20 10:17:46.498,424.4426529090543,97
2024-09-20 10:17:46.575,424.40326577295326,95
2024-09-20 10:17:46.624,424.4609326729608,999
2024-09-20 10:17:46.655,424.447916986175,1003
2024-09-20 10:17:46.710,424.38538947249634,99
2024-09-20 10:17:46.731,424.4585337059856,1005
2024-09-20 10:17:46.774,424.40809974946166,105
2024-09-20 10:17:46.789,424.4529480942822,995
2024-09-20 10:17:46.824,424.4336501687879,10
2024-09-20 10:17:46.830,424.43544538548633,14
2024-09-20 10:17:46.893,424.4441416101658,15
2024-09-20 10:17:47.020,424.4138172666665,105
2024-09-20 10:17:47.138,424.4091685816716,103
2024-09-20 10:17:47.428,424.3724023024925,99
2024-09-20 10:17:47.465,424.39457851804906,97
2024-09-20 10:17:47.554,424.3646825598781,96
2024-09-20 10:17:47.736,424.3864845999741,100
2024-09-20 10:17:47.899,424.408462457871,100
2024-09-20 10:17:47.911,424.3824580654785,10
2024-09-20 10:17:48.019,424.3527701254957,13
2024-09-20 10:17:48.029,424.34680281999175,8
2024-09-20 10:17:48.099,424.3836171243792,1004
2024-09-20 10:17:48.142,424.37348353948624,999
2024-09-20 10:17:48.250,424.3438475414316,13
2024-09-20 10:17:48.299,424.386974165736,103
2024-09-20 10:17:48.343,424.3361126026123,103
2024-09-20 10:17:48.389,424.39499340196375,7
2024-09-20 10:17:48.408,424.3986116013053,1005
2024-09-20 10:17:48.717,424.3697131542775,1000
2024-09-20 10:17:49.139,424.3691419538019,1004
2024-09-20 10:17:49.615,424.3195708383085,1003
2024-09-20 10:17:49.676,424.3234645105055,103
2024-09-20 10:17:49.709,424.3804410128947,1001
2024-09-20 10:17:49.743,424.3007399603194,96
2024-09-20 10:17:49.868,424.30890000093706,1005
2024-09-20 10:17:50.068,424.3620836666678,104
2024-09-20 10:17:50.073,424.3803622366229,1000
2024-09-20 10:17:50.107,424.37500323352026,100
2024-09-20 10:17:50.180,424.3788310758257,95
2024-09-20 10:17:50.181,424.3674708307802,14
2024-09-20 10:17:50.210,424.41082173930766,101
2024-09-20 10:17:50.264,424.394577861216,8
2024-09-20 10:17:50.279,424.39848885147074,99
2024-09-20 10:17:50.453,-424.3853637448765,997
2024-09-20 10:17:50.487,424.3656438031239,104
2024-09-20 10:17:50.554,424.4267891748577,1002
2024-09-20 10:17:50.648,424.4081089120994,1005
2024-09-20 10:17:50.702,424.39062685686105,97
2024-09-20 10:17:50.711,424.3864968805419,995
2024-09-20 10:17:50.752,424.36743354299966,1002
2024-09-20 10:17:50.766,424.37101556151697,1001
2024-09-20 10:17:50.768,424.37195080362255,7
2024-09-20 10:17:50.768,424.3957829130847,1002
2024-09-20 10:17:50.811,424.36698097786166,104
2024-09-20 10:17:50.909,424.3833158015827,6
2024-09-20 10:17:50.924,424.3943346012619,96
2024-09-20 10:17:50.953,424.3828745648717,9
2024-09-20 10:17:51.024,424.38338305710846,8
2024-09-20 10:17:51.101,424.366198696668,98
2024-09-20 10:17:51.279,424.3932971275656,1002
2024-09-20 10:17:51.377,424.3738788475076,6
2024-09-20 10:17:51.427,424.3722148518315,101
2024-09-20 10:17:51.655,424.4015301656205,103
2024-09-20 10:17:51.706,424.3927185050229,13
2024-09-20 10:17:51.726,424.3876985365264,13
2024-09-20 10:17:51.784,424.4158542423718,1004
2024-09-20 10:17:51.810,424.3953143883971,1003
2024-09-20 10:17:51.877,424.3812033567768,15
2024-09-20 10:17:51.944,424.3764534202037,97
2024-09-20 10:17:51.948,424.4089225750304,14
2024-09-20 10:17:51.969,424.3678507760192,998
2024-09-20 10:17:53.557,424.3986324639936,102
2024-09-20 10:17:54.098,424.3615530582922,11
2024-09-20 10:17:54.175,424.3581499441776,8
2024-09-20 10:17:54.188,424.40803654774527,7
2024-09-20 10:17:54.274,424.42898556219575,95
2024-09-20 10:17:54.309,424.3357564651691,98
2024-09-20 10:17:54.324,424.3428596964404,995
2024-09-20 10:17:54.343,424.3393212431787,8
2024-09-20 10:17:54.365,424.3548002475521,104
2024-09-20 10:17:54.382,424.3475942994903,1000
2024-09-20 10:17:54.389,424.3171070657795,104
2024-09-20 10:17:54.398,424.3970561224745,1005
2024-09-20 10:17:54.418,424.4012438781477,1000
2024-09-20 10:17:54.444,424.408027279561,96
2024-09-20 10:17:54.446,424.35860037097177,102
2024-09-20 10:17:54.477,424.33544417579225,15
2024-09-20 10:17:54.487,424.4266065328397,10
2024-09-20 10:17:54.488,424.3525451050386,8
2024-09-20 10:17:54.513,424.3384841157412,99
2024-09-20 10:17:54.516,424.3448983979711,996
2024-09-20 10:17:54.548,424.3374881902244,995
2024-09-20 10:17:54.561,424.3560257332433,998
2024-09-20 10:17:54.573,424.3450706994829,101
2024-09-20 10:17:54.594,424.4147993981642,104
2024-09-20 10:17:54.658,424.3477294004632,1003
2024-09-20 10:17:54.698,424.3238706399316,97
2024-09-20 10:17:54.715,424.3446406365326,15
2024-09-20 10:17:54.786,424.3356415813578,12
2024-09-20 10:17:54.813,424.3485249669025,5
2024-09-20 10:17:54.943,424.381463029148,14
2024-09-20 10:17:54.978,424.3602186374893,1003
2024-09-20 10:17:56.039,424.33510079906335,998
2024-09-20 10:17:56.080,424.3054369884683,999
2024-09-20 10:17:56.102,424.3424261569915,5
2024-09-20 10:17:56.254,424.2897428802777,1003
2024-09-20 10:17:56.266,424.33972610812265,995
2024-09-20 10:17:56.326,424.3458261777668,101
2024-09-20 10:17:56.345,424.3369085680804,1000
2024-09-20 10:17:56.376,424.314432221386,15
2024-09-20 10:17:56.437,424.3020175967231,1004
2024-09-20 10:17:56.489,424.29605590498375,1005
2024-09-20 10:17:56.623,424.3348253206663,6
2024-09-20 10:17:56.700,424.3400966552156,105
2024-09-20 10:17:56.777,424.3471660483428,9
2024-09-20 10:17:56.828,424.335156373586,14
2024-09-20 10:17:57.116,424.3563656875616,7
2024-09-20 10:17:57.600,424.36031678482095,8
2024-09-20 10:17:57.748,424.3557650892204,7
2024-09-20 10:17:58.238,424.3803936784833,1003
2024-09-20 10:17:58.324,424.3625808023008,100
2024-09-20 10:17:58.385,424.3588026678645,14
2024-09-20 10:17:59.020,424.3998835687863,998
2024-09-20 10:17:59.060,42.4389263350802,15
2024-09-20 10:17:59.071,424.3949531244438,5
2024-09-20 10:17:59.210,424.3990854571824,8
2024-09-20 10:17:59.232,424.39782960071017,5
2024-09-20 10:17:59.256,424.4033795760348,998
2024-09-20 10:17:59.314,424.38138359198473,1001
2024-09-20 10:17:59.360,424.4241595101372,100
2024-09-20 10:17:59.374,424.3970386012808,96
2024-09-20 10:17:59.380,424.4011258223528,99
2024-09-20 10:17:59.512,424.4097195347844,7
2024-09-20 10:17:59.586,424.4034847149496,105
2024-09-20 10:17:59.691,424.4073005635653,12
