Timestamp,Price,Size
2024-09-20 12:01:00.616,428.2045705041107,11
2024-09-20 12:01:01.029,428.1449580704936,96
2024-09-20 12:01:01.077,428.1500314291978,995
2024-09-20 12:01:01.172,428.19393068659815,15
2024-09-20 12:01:01.179,428.1336311161407,105
2024-09-20 12:01:01.211,428.1361699046756,14
2024-09-20 12:01:01.252,428.20567371472674,12
2024-09-20 12:01:01.418,428.13859891140913,995
2024-09-20 12:01:01.458,428.1475063145613,1000
2024-09-20 12:01:01.464,428.1667474691386,996
2024-09-20 12:01:01.551,428.13539056805024,12
2024-09-20 12:01:01.575,428.1633435178407,1004
2024-09-20 12:01:01.593,428.2048023081611,95
2024-09-20 12:01:01.679,428.14219638964215,10
2024-09-20 12:01:01.688,428.1442402070579,100
2024-09-20 12:01:01.701,428.1447778792366,1001
2024-09-20 12:01:01.704,428.1893575093756,997
2024-09-20 12:01:01.740,428.13468679515296,101
2024-09-20 12:01:01.820,428.1492297024186,13
2024-09-20 12:01:01.853,428.1687783036421,999
2024-09-20 12:01:01.861,428.12589512778845,15
2024-09-20 12:01:01.862,428.1575284670287,1005
2024-09-20 12:01:01.863,428.158765845102,5
2024-09-20 12:01:01.880,428.1529525885285,10
2024-09-20 12:01:01.881,428.1393783645405,999
2024-09-20 12:01:02.015,428.1582400294244,9
2024-09-20 12:01:02.023,428.1486657060077,104
2024-09-20 12:01:02.028,428.1453583305433,1003
2024-09-20 12:01:02.067,428.14910090048414,15
2024-09-20 12:01:02.106,428.1688946060417,97
2024-09-20 12:01:02.199,428.1675687852971,998
2024-09-20 12:01:02.328,428.1372563710322,1003
2024-09-20 12:01:02.347,428.1581854657902,1000
2024-09-20 12:01:02.460,428.1530771457313,5
2024-09-20 12:01:02.499,428.1365412723347,1004
2024-09-20 12:01:02.606,428.1601562759791,1003
2024-09-20 12:01:02.804,428.1526046639761,103
2024-09-20 12:01:02.810,428.1371784482935,98
2024-09-20 12:01:02.829,428.1513411058244,103
2024-09-20 12:01:02.841,428.137119507536,95
2024-09-20 12:01:02.891,428.1573063850688,1004
2024-09-20 12:01:02.920,428.1340202094132,5
2024-09-20 12:01:02.927,428.1445624813956,102
2024-09-20 12:01:03.152,428.13543486255423,98
2024-09-20 12:01:03.191,428.1422204602551,15
2024-09-20 12:01:03.384,428.1270848028448,5
2024-09-20 12:01:03.424,428.1442164580248,105
2024-09-20 12:01:03.472,428.1100937482652,95
2024-09-20 12:01:03.474,428.1204304872336,95
2024-09-20 12:01:03.662,428.14491550781344,14
2024-09-20 12:01:03.704,428.13171558237786,5
2024-09-20 12:01:03.741,428.1522311055425,999
2024-09-20 12:01:03.869,428.1220541541695,13
2024-09-20 12:01:03.940,428.13129370779046,1001
2024-09-20 12:01:03.949,428.1392603601313,5
2024-09-20 12:01:03.958,428.1217443966908,102
2024-09-20 12:01:04.043,428.1025021835271,103
2024-09-20 12:01:04.098,428.0998641175154,997
2024-09-20 12:01:04.132,428.100544645253,1000
2024-09-20 12:01:04.223,428.1059588786797,14
2024-09-20 12:01:04.265,-428.097020937416,998
2024-09-20 12:01:04.335,428.11666708986616,6
2024-09-20 12:01:04.354,428.1194370541653,6
2024-09-20 12:01:04.389,428.1454770650852,14
2024-09-20 12:01:04.425,428.0916072321437,95
2024-09-20 12:01:04.430,428.0961564904056,98
2024-09-20 12:01:04.434,428.1202690577064,6
2024-09-20 12:01:04.436,428.089700238401,6
2024-09-20 12:01:04.465,428.11179138584737,11
2024-09-20 12:01:04.545,428.09794826355926,100
2024-09-20 12:01:04.547,428.0947773915196,103
2024-09-20 12:01:04.560,428.11581971735984,1003
2024-09-20 12:01:04.566,428.1154838395312,96
2024-09-20 12:01:04.622,428.10120431771486,1004
2024-09-20 12:01:04.628,428.1356610326142,9
2024-09-20 12:01:04.646,428.0893487502548,1002
2024-09-20 12:01:04.703,428.0944610189662,8
2024-09-20 12:01:04.735,428.0943119115946,6
2024-09-20 12:01:04.772,428.0807271717837,104
2024-09-20 12:01:04.785,428.1200425751635,7
2024-09-20 12:01:04.820,428.119293275608,995
2024-09-20 12:01:04.927,428.1060542647252,15
2024-09-20 12:01:04.944,428.0905535668186,1002
2024-09-20 12:01:04.977,428.1467346195178,999
2024-09-20 12:01:04.979,428.1089472473676,7
2024-09-20 12:01:05.043,428.0606020749907,100
2024-09-20 12:01:05.045,428.05407762996697,11
2024-09-20 12:01:05.051,428.04721536447215,12
2024-09-20 12:01:05.108,428.0496137812619,1001
2024-09-20 12:01:05.265,428.024486657179,8
2024-09-20 12:01:05.433,428.06512352798666,1005
2024-09-20 12:01:05.593,428.0539710747659,7
2024-09-20 12:01:05.609,428.05891932913903,95
2024-09-20 12:01:05.611,428.0581684243383,996
2024-09-20 12:01:05.811,428.0885873857914,12
2024-09-20 12:01:05.891,428.0550694367659,9
2024-09-20 12:01:05.938,428.0331919622894,1001
2024-09-20 12:01:05.941,428.0695519636617,105
2024-09-20 12:01:06.011,428.0279614894697,997
2024-09-20 12:01:06.024,427.9978305023439,997
2024-09-20 12:01:06.100,427.99919604265966,12
2024-09-20 12:01:06.283,428.0075632943387,99
2024-09-20 12:01:06.373,428.0110948230535,97
2024-09-20 12:01:06.653,428.0040809516216,1003
2024-09-20 12:01:06.759,428.0136648803278,96
2024-09-20 12:01:07.059,428.0169683041326,9
2024-09-20 12:01:07.064,427.9889134428273,10
2024-09-20 12:01:07.546,427.9787368161074,13
2024-09-20 12:01:08.083,428.0372677348626,12
2024-09-20 12:01:08.178,428.039838300127,15
2024-09-20 12:01:08.182,427.9947551761031,14
2024-09-20 12:01:08.226,427.9903941051137,97
2024-09-20 12:01:08.377,427.9975140576806,1004
2024-09-20 12:01:08.509,428.00994924298857,1002
2024-09-20 12:01:08.536,428.06087075492593,13
2024-09-20 12:01:08.641,428.0442822718032,996
2024-09-20 12:01:08.755,427.99748361049456,997
2024-09-20 12:01:08.881,428.0227515832016,103
2024-09-20 12:01:08.891,428.00038758016245,95
2024-09-20 12:01:08.903,428.0056312545199,9
2024-09-20 12:01:08.934,428.0055756987787,15
2024-09-20 12:01:08.939,42.7997993680909,1005
2024-09-20 12:01:08.940,427.98246723824593,1004
2024-09-20 12:01:08.973,428.04306350232207,97
2024-09-20 12:01:09.052,428.08234960893975,5
2024-09-20 12:01:09.094,428.0270367932628,6
2024-09-20 12:01:09.106,428.01866293784,102
2024-09-20 12:01:09.110,428.0364143538198,6
2024-09-20 12:01:09.134,428.03600284616937,98
2024-09-20 12:01:09.142,428.07125591359176,101
2024-09-20 12:01:09.235,428.029383003818,13
2024-09-20 12:01:09.289,428.0141003914347,11
2024-09-20 12:01:09.421,428.04047904921737,8
2024-09-20 12:01:09.443,428.0448846575331,999
2024-09-20 12:01:09.453,428.0121985480384,1003
2024-09-20 12:01:09.460,428.05378042228375,6
2024-09-20 12:01:09.559,428.0478365841072,1004
2024-09-20 12:01:09.586,428.0191486724365,8
2024-09-20 12:01:09.633,428.031003468313,102
2024-09-20 12:01:09.652,428.056363843441,10
2024-09-20 12:01:09.670,428.0256327008719,1004
2024-09-20 12:01:09.688,428.03570958979816,95
2024-09-20 12:01:09.747,428.03408305455184,1000
2024-09-20 12:01:09.762,428.0384768921188,12
2024-09-20 12:01:09.856,428.0865210232647,1003
2024-09-20 12:01:09.862,428.0240526926072,10
2024-09-20 12:01:09.935,428.0037417781107,99
2024-09-20 12:01:09.957,428.1037267601686,99
2024-09-20 12:01:09.967,428.0435084042388,5
2024-09-20 12:01:10.056,428.1421824457456,11
2024-09-20 12:01:10.070,428.1574023312487,95
2024-09-20 12:01:10.391,428.0832465476956,98
2024-09-20 12:01:10.395,428.1112519022763,9
2024-09-20 12:01:10.414,428.0748628003208,10
2024-09-20 12:01:10.540,428.0529976789616,101
2024-09-20 12:01:10.553,-428.12847938696217,1002
2024-09-20 12:01:10.579,428.14380919771634,12
2024-09-20 12:01:10.581,428.1670699184385,99
2024-09-20 12:01:10.635,428.1500378733277,995
2024-09-20 12:01:10.734,428.0593507714395,995
2024-09-20 12:01:10.806,428.0801740081776,103
2024-09-20 12:01:10.845,428.17417327366735,103
2024-09-20 12:01:10.853,428.1370565214223,102
2024-09-20 12:01:10.906,428.0613423287687,10
2024-09-20 12:01:10.956,428.05622908519234,100
2024-09-20 12:01:10.985,428.0685388704037,999
2024-09-20 12:01:10.990,428.0809284872393,10
2024-09-20 12:01:11.022,428.1103271244665,100
2024-09-20 12:01:11.104,428.1703110548625,14
2024-09-20 12:01:11.178,428.1574028661901,995
2024-09-20 12:01:11.184,428.1248170506109,13
2024-09-20 12:01:11.201,428.1158592396595,7
2024-09-20 12:01:11.238,428.18484950900506,100
2024-09-20 12:01:11.257,428.1605249474122,997
2024-09-20 12:01:11.258,428.1976804593026,98
2024-09-20 12:01:11.260,428.1126717465731,15
2024-09-20 12:01:11.261,428.1321078003178,95
2024-09-20 12:01:11.272,428.09583683745416,99
2024-09-20 12:01:11.320,428.1560060310009,9
2024-09-20 12:01:11.337,428.10877974064914,1005
2024-09-20 12:01:11.362,428.09442738833513,996
2024-09-20 12:01:11.366,428.10006399758,1001
2024-09-20 12:01:11.418,428.1930048548726,8
2024-09-20 12:01:11.448,428.187168129944,1005
2024-09-20 12:01:11.484,428.1578393149528,14
2024-09-20 12:01:11.549,428.15279703448977,97
2024-09-20 12:01:11.575,428.1721135097162,13
2024-09-20 12:01:11.580,428.157678285922,99
2024-09-20 12:01:11.593,428.1234977270656,5
2024-09-20 12:01:11.601,428.15573158381744,12
2024-09-20 12:01:11.663,428.1802238674796,9
2024-09-20 12:01:11.726,428.15857947749566,1005
2024-09-20 12:01:11.844,428.1397444328338,11
2024-09-20 12:01:11.895,428.1521561863103,99
2024-09-20 12:01:11.994,428.1674927692334,104
2024-09-20 12:01:12.001,428.1407801035969,999
2024-09-20 12:01:12.057,428.193595137634,1001
2024-09-20 12:01:12.118,428.1949482483704,12
2024-09-20 12:01:12.137,428.20158562791465,1001
2024-09-20 12:01:12.142,428.1979425883516,100
2024-09-20 12:01:12.146,428.0786620736835,8
2024-09-20 12:01:12.164,428.1838019773341,102
2024-09-20 12:01:12.339,428.1316009080543,996
2024-09-20 12:01:12.424,428.1669295957863,13
2024-09-20 12:01:12.472,428.09938788057576,98
2024-09-20 12:01:12.541,428.154980751923,95
2024-09-20 12:01:12.569,428.1107668570223,998
2024-09-20 12:01:12.695,428.149517923358,1002
2024-09-20 12:01:12.726,428.0728131933044,96
2024-09-20 12:01:12.922,428.07255440466673,8
2024-09-20 12:01:13.023,428.12462992812175,1000
2024-09-20 12:01:13.050,428.1462492854876,1001
2024-09-20 12:01:13.075,428.11728398272544,104
2024-09-20 12:01:13.108,428.1898495175688,14
2024-09-20 12:01:13.211,428.1691489615018,103
2024-09-20 12:01:13.355,428.07392526149647,1001
2024-09-20 12:01:13.361,428.1577568388092,96
2024-09-20 12:01:13.410,428.1496796481008,95
2024-09-20 12:01:13.430,428.06480318143787,95
2024-09-20 12:01:13.432,428.100672778973,98
2024-09-20 12:01:13.534,428.1740966063696,999
2024-09-20 12:01:13.544,428.0840555199844,105
2024-09-20 12:01:13.550,428.1538896456784,15
2024-09-20 12:01:13.566,428.1414598232248,98
2024-09-20 12:01:13.571,428.1553253633231,996
2024-09-20 12:01:13.572,428.1316170873369,999
2024-09-20 12:01:13.604,428.13365028614186,997
2024-09-20 12:01:13.694,428.13411129256224,999
2024-09-20 12:01:13.740,428.1495005183716,996
2024-09-20 12:01:13.797,428.1540131403565,105
2024-09-20 12:01:13.807,428.0691613304989,102
2024-09-20 12:01:13.826,428.1510181886455,996
2024-09-20 12:01:13.839,428.0834155263589,6
2024-09-20 12:01:13.857,428.152191940972,1005
2024-09-20 12:01:13.869,428.07635191878046,101
2024-09-20 12:01:13.908,428.1644462602538,104
2024-09-20 12:01:13.920,428.0698778783131,96
2024-09-20 12:01:13.957,428.1787255770815,95
2024-09-20 12:01:13.978,428.15188929122417,1004
2024-09-20 12:01:13.992,428.1530117564936,14
2024-09-20 12:01:14.053,428.1482007149691,995
2024-09-20 12:01:14.133,428.1570599633063,1001
2024-09-20 12:01:14.144,428.1574447348431,998
2024-09-20 12:01:14.152,428.1661996533661,103
2024-09-20 12:01:14.164,428.17452438726735,7
2024-09-20 12:01:14.187,428.1616266698464,100
2024-09-20 12:01:14.198,428.17412466892927,1001
2024-09-20 12:01:14.325,428.1511293208154,1002
2024-09-20 12:01:14.396,428.1899944175662,14
2024-09-20 12:01:14.452,428.14907532043657,1005
2024-09-20 12:01:14.463,428.1605811669317,996
2024-09-20 12:01:14.483,428.15892860046137,999
2024-09-20 12:01:14.527,428.1906418336361,15
2024-09-20 12:01:14.544,428.1593037144383,11
2024-09-20 12:01:14.578,428.1621441641176,1000
2024-09-20 12:01:14.658,428.1625784012893,12
2024-09-20 12:01:14.731,428.1540978814761,7
2024-09-20 12:01:14.808,428.1820253944494,12
2024-09-20 12:01:14.862,428.205358020119,1005
2024-09-20 12:01:14.899,428.14383995232265,8
2024-09-20 12:01:14.930,428.2043154358458,13
2024-09-20 12:01:14.950,428.1601231098423,996
2024-09-20 12:01:14.960,428.1629868216351,998
2024-09-20 12:01:15.008,428.1897953573198,12
2024-09-20 12:01:15.038,428.2125766136293,105
2024-09-20 12:01:15.078,428.18315607771393,15
2024-09-20 12:01:15.098,428.18687819892585,1002
2024-09-20 12:01:15.106,428.18908191207504,105
2024-09-20 12:01:15.177,428.1994786660838,8
2024-09-20 12:01:15.178,428.1925701059472,1003
2024-09-20 12:01:15.233,428.1877780283684,11
2024-09-20 12:01:15.239,428.2128806322221,14
2024-09-20 12:01:15.261,428.190446619486,9
2024-09-20 12:01:15.318,428.16253630566695,997
2024-09-20 12:01:15.327,428.2333522966191,1000
2024-09-20 12:01:15.378,428.22733111898367,10
2024-09-20 12:01:15.438,428.2002437923876,998
2024-09-20 12:01:15.456,428.19833644993474,1003
2024-09-20 12:01:15.471,428.2153255963577,1002
2024-09-20 12:01:15.616,,102
2024-09-20 12:01:15.622,428.2266886093671,998
2024-09-20 12:01:15.645,428.2349054340318,5
2024-09-20 12:01:15.668,428.1705343190526,95
2024-09-20 12:01:15.708,428.1658770279436,8
2024-09-20 12:01:15.762,428.2053128236221,101
2024-09-20 12:01:15.786,428.1712504968801,101
2024-09-20 12:01:15.840,428.1781205313268,96
2024-09-20 12:01:15.895,428.2015325507458,101
2024-09-20 12:01:15.926,428.1684311014523,997
2024-09-20 12:01:15.932,428.1990578955427,1003
2024-09-20 12:01:15.954,428.2369150000498,1002
2024-09-20 12:01:15.993,428.2267375980573,998
2024-09-20 12:01:16.206,428.2777485116636,98
2024-09-20 12:01:16.207,428.27352270091046,8
2024-09-20 12:01:16.498,428.2433211099991,1000
2024-09-20 12:01:16.597,428.2766198951766,98
2024-09-20 12:01:16.672,428.2843194993237,98
2024-09-20 12:01:16.857,428.24253567720456,1000
2024-09-20 12:01:16.926,428.2718438037392,97
2024-09-20 12:01:17.012,428.2939748780341,100
2024-09-20 12:01:17.057,428.334040385978,95
2024-09-20 12:01:17.179,428.2966652179392,999
2024-09-20 12:01:17.233,428.3301971091785,7
2024-09-20 12:01:17.237,428.34856063372223,1004
2024-09-20 12:01:17.295,428.3125364116992,102
2024-09-20 12:01:17.310,428.2930765336189,1001
2024-09-20 12:01:17.345,428.32429383189344,101
2024-09-20 12:01:17.409,428.2856146865026,996
2024-09-20 12:01:17.482,428.3706676608129,1003
2024-09-20 12:01:17.521,428.3042484093714,6
2024-09-20 12:01:17.527,428.2756489690743,5
2024-09-20 12:01:17.544,428.3486831305495,13
2024-09-20 12:01:17.558,428.34463678049343,100
2024-09-20 12:01:17.627,428.3233064932467,14
2024-09-20 12:01:17.653,428.3651506085081,100
2024-09-20 12:01:17.697,428.3611409211469,1003
2024-09-20 12:01:17.703,428.28178589410624,98
2024-09-20 12:01:17.721,428.3366860801064,12
2024-09-20 12:01:17.804,428.33858951546586,6
2024-09-20 12:01:17.849,428.2916560996918,13
2024-09-20 12:01:17.855,428.3120722000011,1005
2024-09-20 12:01:17.863,428.3618788634191,995
2024-09-20 12:01:17.886,428.2876483493433,97
2024-09-20 12:01:17.891,428.3428894166678,6
2024-09-20 12:01:18.065,428.3612048999672,8
2024-09-20 12:01:18.085,428.3660071327989,6
2024-09-20 12:01:18.108,428.32343430543307,10
2024-09-20 12:01:18.115,428.3120242466616,97
2024-09-20 12:01:18.122,428.3145596967328,103
2024-09-20 12:01:18.427,428.36348453307977,103
2024-09-20 12:01:18.527,428.3466039980076,1000
2024-09-20 12:01:18.558,428.31532391352624,101
2024-09-20 12:01:18.735,428.36347065040974,104
2024-09-20 12:01:18.779,428.32311090140655,98
2024-09-20 12:01:18.827,428.3699656532603,104
2024-09-20 12:01:18.845,428.3295621179215,1005
2024-09-20 12:01:18.864,428.340237158911,6
2024-09-20 12:01:18.978,428.33094529139765,96
2024-09-20 12:01:19.017,428.2634067244212,9
2024-09-20 12:01:19.113,428.2454706708867,10
2024-09-20 12:01:19.198,428.31631156903,95
2024-09-20 12:01:19.209,428.2956650582663,8
2024-09-20 12:01:19.214,428.3191261621239,97
2024-09-20 12:01:19.214,428.2343709602341,995
2024-09-20 12:01:19.227,428.2292622938185,99
2024-09-20 12:01:19.255,428.26910717145,12
2024-09-20 12:01:19.261,428.26565091203565,999
2024-09-20 12:01:19.272,428.25212936190894,15
2024-09-20 12:01:19.280,428.3461370767196,1004
2024-09-20 12:01:19.283,428.2397451836191,99
2024-09-20 12:01:19.350,428.2409428887377,103
2024-09-20 12:01:19.425,428.32755994452407,102
2024-09-20 12:01:19.495,428.3047780194733,996
2024-09-20 12:01:19.575,428.21519102028896,9
2024-09-20 12:01:19.626,428.3465292393261,100
2024-09-20 12:01:19.627,428.3458841004519,100
2024-09-20 12:01:19.656,428.3268689495932,995
2024-09-20 12:01:19.691,428.27769383932576,14
2024-09-20 12:01:19.719,428.3397992349189,998
2024-09-20 12:01:19.861,428.3366529764454,1005
2024-09-20 12:01:19.865,428.2665832965775,1005
2024-09-20 12:01:19.902,428.31225881058936,5
2024-09-20 12:01:19.910,428.3588518581055,98
2024-09-20 12:01:20.005,428.2234697280886,8
2024-09-20 12:01:20.023,428.2413472308056,95
2024-09-20 12:01:20.085,428.2209298493467,998
2024-09-20 12:01:20.162,428.1242086013099,6
2024-09-20 12:01:20.179,428.16642256147134,5
2024-09-20 12:01:20.305,428.2457640214169,6
2024-09-20 12:01:20.365,428.2315635717112,95
2024-09-20 12:01:20.373,428.2070376423504,9
2024-09-20 12:01:20.409,428.20073879289447,105
2024-09-20 12:01:20.503,428.1736983691449,1002
2024-09-20 12:01:20.571,428.2413503477088,100
2024-09-20 12:01:20.589,428.1507349264621,96
2024-09-20 12:01:20.592,428.24611551322806,999
2024-09-20 12:01:20.780,428.2198488652349,996
2024-09-20 12:01:20.886,428.2236612740488,1005
2024-09-20 12:01:20.968,428.2441390501529,96
2024-09-20 12:01:20.977,428.1649857331921,15
2024-09-20 12:01:21.025,428.1403989935847,999
2024-09-20 12:01:21.039,428.1161969169849,1001
2024-09-20 12:01:21.088,428.123733682131,8
2024-09-20 12:01:21.193,428.1173974081124,95
2024-09-20 12:01:21.198,428.14099340943255,105
2024-09-20 12:01:21.324,428.1334869045675,95
2024-09-20 12:01:21.373,428.11267800577656,98
2024-09-20 12:01:21.392,428.107707064637,997
2024-09-20 12:01:21.652,428.1437302627412,13
2024-09-20 12:01:22.165,428.0841852462402,102
2024-09-20 12:01:22.267,428.11827334076,11
2024-09-20 12:01:22.477,428.1146898856836,10
2024-09-20 12:01:23.032,428.0387851454721,9
2024-09-20 12:01:23.081,428.0659514489956,1003
2024-09-20 12:01:23.178,428.0300919239901,103
2024-09-20 12:01:23.213,428.022350242511,14
2024-09-20 12:01:23.456,428.04963547238486,7
2024-09-20 12:01:23.867,428.0291198937665,12
2024-09-20 12:01:24.013,428.0122102296854,96
2024-09-20 12:01:24.060,427.9562343558953,100
2024-09-20 12:01:24.166,427.9719852418767,101
2024-09-20 12:01:24.226,428.0278731355225,995
2024-09-20 12:01:24.237,428.00934206230977,95
2024-09-20 12:01:24.269,427.9534179348221,5
2024-09-20 12:01:24.275,428.0356521017376,1000
2024-09-20 12:01:24.311,427.9565588620167,1003
2024-09-20 12:01:24.397,428.0058837198842,1002
2024-09-20 12:01:24.404,428.0364742097845,8
2024-09-20 12:01:24.426,428.0241513389469,7
2024-09-20 12:01:24.475,427.9477309004492,10
2024-09-20 12:01:24.492,427.9534905480286,1003
2024-09-20 12:01:24.549,42.79374049653797,8
2024-09-20 12:01:24.557,428.03582318157777,7
2024-09-20 12:01:24.592,427.9898206579172,11
2024-09-20 12:01:24.598,428.0066329294468,1000
2024-09-20 12:01:24.604,-427.997352261374,999
2024-09-20 12:01:24.621,427.9864798391925,995
2024-09-20 12:01:24.686,427.990822397135,11
2024-09-20 12:01:24.689,428.00081972476727,997
2024-09-20 12:01:24.783,427.9355185394858,10
2024-09-20 12:01:24.966,427.9990902036265,10
2024-09-20 12:01:25.011,427.9215149896227,104
2024-09-20 12:01:25.033,427.906235300804,995
2024-09-20 12:01:25.162,427.9608789131064,95
2024-09-20 12:01:25.168,427.91744784793366,9
2024-09-20 12:01:25.170,427.9845092176939,1000
2024-09-20 12:01:25.205,427.95985754891046,105
2024-09-20 12:01:25.325,427.9224342950108,1005
2024-09-20 12:01:25.408,427.9399742724602,998
2024-09-20 12:01:25.576,427.935815656768,9
2024-09-20 12:01:25.582,427.9861407072906,12
2024-09-20 12:01:25.698,427.9194158125998,12
2024-09-20 12:01:25.764,427.96778437024886,1003
2024-09-20 12:01:25.766,427.931147036113,1000
2024-09-20 12:01:25.789,427.9803024137924,999
2024-09-20 12:01:25.810,427.9720869364128,104
2024-09-20 12:01:25.959,427.9431294273881,998
2024-09-20 12:01:26.076,427.916680341321,95
2024-09-20 12:01:26.088,427.9046312608296,9
2024-09-20 12:01:26.163,427.9218763955797,102
2024-09-20 12:01:26.415,427.9287615527513,997
2024-09-20 12:01:26.578,427.913976039252,99
2024-09-20 12:01:26.744,427.9282555637166,5
2024-09-20 12:01:26.809,427.8992540757282,98
2024-09-20 12:01:28.014,427.9062245997102,997
2024-09-20 12:01:28.117,427.914236915673,996
2024-09-20 12:01:28.149,427.8980130802945,1003
2024-09-20 12:01:28.170,427.9019656096567,5
2024-09-20 12:01:28.188,427.9040613370896,1003
2024-09-20 12:01:28.196,427.89458900388473,11
2024-09-20 12:01:28.308,427.8648480584087,7
2024-09-20 12:01:28.354,427.9107055966962,13
2024-09-20 12:01:28.357,427.9118287056096,103
2024-09-20 12:01:28.382,427.8657332823878,15
2024-09-20 12:01:28.476,427.9237884536464,104
2024-09-20 12:01:28.493,427.89501496567874,99
2024-09-20 12:01:28.543,427.8893251738162,996
2024-09-20 12:01:28.556,427.9097186968174,998
2024-09-20 12:01:28.602,427.89155663944825,12
2024-09-20 12:01:28.623,427.886979709147,8
2024-09-20 12:01:28.660,427.8463978784538,103
2024-09-20 12:01:28.778,427.9001796960529,995
2024-09-20 12:01:28.888,427.8846588135417,13
2024-09-20 12:01:28.913,427.8897171974807,97
2024-09-20 12:01:28.928,427.8756732339808,97
2024-09-20 12:01:29.019,427.9184032879405,6
2024-09-20 12:01:29.127,427.8793057792623,998
2024-09-20 12:01:29.163,427.8078991292357,97
2024-09-20 12:01:29.201,427.799859046485,1001
2024-09-20 12:01:29.203,427.8541084304276,95
2024-09-20 12:01:29.252,427.82800835582174,7
2024-09-20 12:01:29.267,427.90961439547925,103
2024-09-20 12:01:29.273,427.8392041236324,11
2024-09-20 12:01:29.280,427.81774850494565,7
2024-09-20 12:01:29.353,427.8936057418459,6
2024-09-20 12:01:29.383,427.87565473717615,997
2024-09-20 12:01:29.403,42.78472855447117,12
2024-09-20 12:01:29.423,427.8057185470542,1000
2024-09-20 12:01:29.430,427.8591935069685,1004
2024-09-20 12:01:29.479,427.8708520489671,15
2024-09-20 12:01:29.544,427.8876467348316,103
2024-09-20 12:01:29.566,427.881576904285,999
2024-09-20 12:01:29.823,427.87081447380496,1005
2024-09-20 12:01:29.938,427.854567244278,98
2024-09-20 12:01:29.999,427.905319776712,103
2024-09-20 12:01:30.105,427.7802852741952,1004
2024-09-20 12:01:30.241,427.7694515161303,104
2024-09-20 12:01:30.294,427.7676306059218,104
2024-09-20 12:01:30.341,427.779804603594,1001
2024-09-20 12:01:30.510,427.79524810175633,8
2024-09-20 12:01:30.580,427.78907587958446,98
2024-09-20 12:01:30.694,427.7716360582485,99
2024-09-20 12:01:30.853,427.78342585167456,997
2024-09-20 12:01:30.865,427.7920245731426,8
2024-09-20 12:01:31.028,,1000
2024-09-20 12:01:31.034,427.79426609490304,98
2024-09-20 12:01:31.285,427.7663300501889,1002
2024-09-20 12:01:31.370,427.7828847596968,15
2024-09-20 12:01:31.435,427.8073325237379,97
2024-09-20 12:01:31.472,427.84531508327854,998
2024-09-20 12:01:31.489,427.8781626184917,15
2024-09-20 12:01:31.507,427.8037835891367,99
2024-09-20 12:01:31.511,427.8018646939176,12
2024-09-20 12:01:31.739,427.8640959616631,997
2024-09-20 12:01:31.864,427.8189888545092,996
2024-09-20 12:01:31.953,427.8604297961671,995
2024-09-20 12:01:31.991,427.7867452368189,11
2024-09-20 12:01:31.997,427.78644071831326,9
2024-09-20 12:01:32.076,427.9630545226137,11
2024-09-20 12:01:32.111,427.95952711053735,98
2024-09-20 12:01:32.231,427.9625518350393,1003
2024-09-20 12:01:32.304,427.94050875060896,1002
2024-09-20 12:01:32.323,427.96032360802354,8
2024-09-20 12:01:32.377,427.9634894151923,995
2024-09-20 12:01:32.407,427.8882435648604,1000
2024-09-20 12:01:32.452,427.9141952667281,14
2024-09-20 12:01:32.534,427.95413049208776,15
2024-09-20 12:01:32.610,427.9681875000118,101
2024-09-20 12:01:32.688,427.9612381063,100
2024-09-20 12:01:32.694,427.9616342066784,9
2024-09-20 12:01:32.698,427.92475012270967,104
2024-09-20 12:01:32.718,427.9173737406141,9
2024-09-20 12:01:32.740,427.9851683473792,1000
2024-09-20 12:01:32.762,427.9719738621629,8
2024-09-20 12:01:32.804,427.9451249745943,9
2024-09-20 12:01:32.812,427.93042578685873,1001
2024-09-20 12:01:32.818,427.9323388195976,101
2024-09-20 12:01:32.827,427.90321469730463,103
2024-09-20 12:01:32.864,427.9603663812903,1004
2024-09-20 12:01:32.928,427.9537355832599,9
2024-09-20 12:01:33.110,427.9683933046111,98
2024-09-20 12:01:33.470,427.971926877519,15
2024-09-20 12:01:33.733,427.975366100376,10
2024-09-20 12:01:33.875,427.9928729084415,1002
2024-09-20 12:01:33.998,427.9729695212589,10
2024-09-20 12:01:34.021,42.801465078546194,13
2024-09-20 12:01:34.267,428.0023784770575,102
2024-09-20 12:01:34.299,428.0139667395837,15
2024-09-20 12:01:34.317,427.9764296371201,8
2024-09-20 12:01:34.393,428.02939238831925,1004
2024-09-20 12:01:34.485,427.9914695083103,11
2024-09-20 12:01:34.580,428.00367629769664,1003
2024-09-20 12:01:34.840,428.0008024057607,8
2024-09-20 12:01:34.863,427.9906915728361,5
2024-09-20 12:01:35.029,427.984592831306,996
2024-09-20 12:01:35.069,428.0411248493304,6
2024-09-20 12:01:35.110,428.0097059795559,5
2024-09-20 12:01:35.127,428.0174698953469,104
2024-09-20 12:01:35.147,428.021218941941,1005
2024-09-20 12:01:35.156,428.0213243906605,996
2024-09-20 12:01:35.174,428.0311933070072,100
2024-09-20 12:01:35.187,427.9678711174294,97
2024-09-20 12:01:35.193,428.0065746638174,7
2024-09-20 12:01:35.258,428.010618000888,5
2024-09-20 12:01:35.345,428.0229213284565,1001
2024-09-20 12:01:35.486,428.0358780200866,105
2024-09-20 12:01:35.490,427.9792770744854,7
2024-09-20 12:01:35.501,428.0221438130079,98
2024-09-20 12:01:35.548,427.96196950035306,8
2024-09-20 12:01:35.567,428.0303106800015,996
2024-09-20 12:01:35.576,428.0159151287183,105
2024-09-20 12:01:35.586,428.02342173005167,1001
2024-09-20 12:01:35.646,427.98155063988366,9
2024-09-20 12:01:35.656,427.9691349121735,103
2024-09-20 12:01:35.758,428.0108443854721,6
2024-09-20 12:01:35.759,427.96024072970255,96
2024-09-20 12:01:35.824,427.9757207880224,8
2024-09-20 12:01:35.833,428.00663163168,1003
2024-09-20 12:01:35.881,428.0270657440556,1004
2024-09-20 12:01:35.925,428.0046598304693,101
2024-09-20 12:01:35.942,427.9566076553938,11
2024-09-20 12:01:35.961,428.0369173245018,13
2024-09-20 12:01:35.999,428.0181416781836,105
2024-09-20 12:01:37.007,427.9775687980223,105
2024-09-20 12:01:37.030,427.9327759110823,96
2024-09-20 12:01:37.035,428.0029033816986,1001
2024-09-20 12:01:37.047,427.9855562259386,99
2024-09-20 12:01:37.063,427.95749072405647,997
2024-09-20 12:01:37.120,-428.0079613246464,1004
2024-09-20 12:01:37.158,427.8701711423871,1002
2024-09-20 12:01:37.232,427.9547806736246,1005
2024-09-20 12:01:37.252,427.8619725862201,15
2024-09-20 12:01:37.254,427.8502939614368,98
2024-09-20 12:01:37.255,427.8612311280858,12
2024-09-20 12:01:37.276,427.86181292961845,15
2024-09-20 12:01:37.371,427.8554120398302,105
2024-09-20 12:01:37.372,427.8947980297504,97
2024-09-20 12:01:37.377,427.85354531778006,96
2024-09-20 12:01:37.467,428.0104808746587,1002
2024-09-20 12:01:37.468,427.8430082710201,7
2024-09-20 12:01:37.621,428.00280095334574,96
2024-09-20 12:01:37.671,427.8403412654039,99
2024-09-20 12:01:37.677,427.85428559964527,103
2024-09-20 12:01:37.686,428.0051102041109,6
2024-09-20 12:01:37.689,427.8498129562847,13
2024-09-20 12:01:37.717,427.8715246026238,7
2024-09-20 12:01:37.717,427.9498089132486,10
2024-09-20 12:01:37.724,427.9195951941937,105
2024-09-20 12:01:37.739,428.0110561883303,998
2024-09-20 12:01:37.773,427.8639243065915,12
2024-09-20 12:01:37.838,427.8982742159472,1002
2024-09-20 12:01:37.876,427.8889329142853,100
2024-09-20 12:01:38.058,427.8689010183199,1004
2024-09-20 12:01:38.600,427.8734010639845,102
2024-09-20 12:01:38.617,427.87348521862265,105
2024-09-20 12:01:38.854,427.8576625097346,996
2024-09-20 12:01:39.082,427.8291373848722,7
2024-09-20 12:01:39.130,427.80086415065387,98
2024-09-20 12:01:39.271,427.8366278430194,10
2024-09-20 12:01:39.348,427.8665333306747,95
2024-09-20 12:01:39.401,427.8253477447483,15
2024-09-20 12:01:39.511,427.85467392723,1003
2024-09-20 12:01:39.558,427.8041658851936,1000
2024-09-20 12:01:39.582,427.8320110121255,98
2024-09-20 12:01:39.773,427.84027289411216,1004
2024-09-20 12:01:39.839,427.8428903613819,101
2024-09-20 12:01:39.844,,95
2024-09-20 12:01:39.956,427.8689990348117,999
2024-09-20 12:01:40.043,427.883560521561,97
2024-09-20 12:01:40.102,427.848263547589,1003
2024-09-20 12:01:40.134,427.8325107770999,12
2024-09-20 12:01:40.139,427.8527771181349,995
2024-09-20 12:01:40.141,427.90200148301295,101
2024-09-20 12:01:40.156,427.8426277177777,15
2024-09-20 12:01:40.164,427.8286745309407,1001
2024-09-20 12:01:40.274,427.8529642511861,1003
2024-09-20 12:01:40.360,427.8563255662212,8
2024-09-20 12:01:40.377,427.8997291015326,1004
2024-09-20 12:01:40.384,427.8572832356064,7
2024-09-20 12:01:40.419,427.87218937107946,10
2024-09-20 12:01:40.454,427.8595174805448,1002
2024-09-20 12:01:40.477,427.8230072039558,1003
2024-09-20 12:01:40.495,427.8914758373002,5
2024-09-20 12:01:40.522,427.8436902777385,997
2024-09-20 12:01:40.549,427.8505468722671,15
2024-09-20 12:01:40.549,427.87046418740834,102
2024-09-20 12:01:40.570,427.8308660397112,99
2024-09-20 12:01:40.606,427.85277861215536,8
2024-09-20 12:01:40.749,427.894701044304,14
2024-09-20 12:01:40.749,427.8735003012255,95
2024-09-20 12:01:40.833,427.8560961054876,105
2024-09-20 12:01:40.844,427.8955831367649,6
2024-09-20 12:01:40.848,427.8873389054961,1001
2024-09-20 12:01:40.888,427.84238190021273,7
2024-09-20 12:01:40.928,427.8442761672564,1001
2024-09-20 12:01:40.935,427.86350520930125,9
2024-09-20 12:01:40.936,427.8428645473374,15
2024-09-20 12:01:41.358,427.883398730652,104
2024-09-20 12:01:41.651,427.875746221435,104
2024-09-20 12:01:42.162,427.92701499609,5
2024-09-20 12:01:42.175,427.86873709605385,1000
2024-09-20 12:01:42.242,427.8538485618077,999
2024-09-20 12:01:42.243,427.87907973143126,11
2024-09-20 12:01:42.244,427.8675491258356,1003
2024-09-20 12:01:42.420,427.9388286043664,998
2024-09-20 12:01:42.499,427.8631413626419,998
2024-09-20 12:01:42.707,427.87544052943446,9
2024-09-20 12:01:42.820,427.8989936808775,8
2024-09-20 12:01:42.984,427.867188382816,13
2024-09-20 12:01:42.991,427.8660617304911,999
2024-09-20 12:01:43.103,427.9161563494654,105
2024-09-20 12:01:43.199,427.9958864516297,1002
2024-09-20 12:01:43.218,427.953199710581,999
2024-09-20 12:01:43.318,427.9676577157461,1005
2024-09-20 12:01:43.331,427.9478378451105,1003
2024-09-20 12:01:43.404,427.9583901135106,96
2024-09-20 12:01:43.592,427.9490041757599,996
2024-09-20 12:01:43.611,427.93478195858006,98
2024-09-20 12:01:43.637,427.9863659959779,1000
2024-09-20 12:01:43.646,427.948750057874,995
2024-09-20 12:01:43.677,427.9427368283976,99
2024-09-20 12:01:43.677,427.9950635185023,105
2024-09-20 12:01:43.771,427.94587431686494,9
2024-09-20 12:01:43.962,427.93150673237136,5
2024-09-20 12:01:44.043,428.04947601441023,102
2024-09-20 12:01:44.056,428.01116941000936,97
2024-09-20 12:01:44.077,428.0202086889421,97
2024-09-20 12:01:44.086,428.0564916437047,11
2024-09-20 12:01:44.135,428.066099307061,10
2024-09-20 12:01:44.202,428.0089405468033,100
2024-09-20 12:01:44.233,428.0824847776021,8
2024-09-20 12:01:44.245,427.9960874531904,100
2024-09-20 12:01:44.270,428.0275073347429,105
2024-09-20 12:01:44.404,428.050365694535,15
2024-09-20 12:01:44.406,427.9998409288541,5
2024-09-20 12:01:44.464,428.01579348208406,7
2024-09-20 12:01:44.466,428.0134226857657,102
2024-09-20 12:01:44.504,428.0791029174167,8
2024-09-20 12:01:44.509,428.03645877574655,7
2024-09-20 12:01:44.539,428.07497346654304,96
2024-09-20 12:01:44.549,428.0645720317758,999
2024-09-20 12:01:44.578,428.0409795625324,101
2024-09-20 12:01:44.588,428.0549738391581,98
2024-09-20 12:01:44.717,428.0149091553992,101
2024-09-20 12:01:44.739,428.0119782653347,1001
2024-09-20 12:01:44.801,428.0721248002649,103
2024-09-20 12:01:44.817,428.0152644767953,103
2024-09-20 12:01:44.821,428.0614347900697,1002
2024-09-20 12:01:44.823,427.99719095659617,8
2024-09-20 12:01:44.831,427.9944693792369,1004
2024-09-20 12:01:44.868,428.06541748446665,96
2024-09-20 12:01:44.897,428.0725485260964,999
2024-09-20 12:01:44.944,428.03319357120375,999
2024-09-20 12:01:44.972,428.0441454915117,96
2024-09-20 12:01:45.033,428.0116466615464,105
2024-09-20 12:01:45.035,427.99449660578216,995
2024-09-20 12:01:45.176,427.9695077054039,103
2024-09-20 12:01:45.195,427.9416179167231,105
2024-09-20 12:01:45.286,427.9367640915027,97
2024-09-20 12:01:45.328,427.9940023036477,1004
2024-09-20 12:01:45.376,427.917634994206,995
2024-09-20 12:01:45.382,427.9777075729612,1003
2024-09-20 12:01:45.411,428.0033276908016,105
2024-09-20 12:01:45.511,428.0040352639668,10
2024-09-20 12:01:45.513,427.95385417431856,96
2024-09-20 12:01:45.588,428.00254384709007,102
2024-09-20 12:01:45.625,427.99488044683136,102
2024-09-20 12:01:45.632,427.9829943222568,10
2024-09-20 12:01:45.679,427.9850316515588,15
2024-09-20 12:01:45.726,427.93868160463904,96
2024-09-20 12:01:45.730,427.9368408993694,99
2024-09-20 12:01:45.800,427.9811519254442,10
2024-09-20 12:01:45.852,,95
2024-09-20 12:01:45.861,427.9153340868027,97
2024-09-20 12:01:45.985,427.93844235246206,13
2024-09-20 12:01:46.131,427.96708624267575,995
2024-09-20 12:01:46.174,427.9443499407081,999
2024-09-20 12:01:46.319,427.9540459645228,1003
2024-09-20 12:01:46.812,427.9520998666002,15
2024-09-20 12:01:46.905,,105
2024-09-20 12:01:46.989,427.9460397860264,997
2024-09-20 12:01:47.133,428.009557411085,1000
2024-09-20 12:01:47.289,427.9896451932,998
2024-09-20 12:01:47.387,428.0077172324984,996
2024-09-20 12:01:47.825,428.0199762619051,1004
2024-09-20 12:01:47.906,428.0195963075432,99
2024-09-20 12:01:48.127,428.0372104622495,95
2024-09-20 12:01:48.134,428.0518308788061,15
2024-09-20 12:01:48.368,,995
2024-09-20 12:01:48.523,428.0458774006076,101
2024-09-20 12:01:48.564,428.0485423137103,1003
2024-09-20 12:01:48.611,428.0272434990276,97
2024-09-20 12:01:48.821,428.0362374283542,7
2024-09-20 12:01:49.076,428.0126039426334,996
2024-09-20 12:01:49.161,428.0227443305183,6
2024-09-20 12:01:49.168,428.0129147706435,101
2024-09-20 12:01:49.181,427.99874323993765,10
2024-09-20 12:01:49.241,428.0389871868298,9
2024-09-20 12:01:49.246,428.0414541125596,14
2024-09-20 12:01:49.328,428.0394440791204,999
2024-09-20 12:01:49.351,428.0262623537348,102
2024-09-20 12:01:49.512,428.0181719541412,1004
2024-09-20 12:01:49.599,428.0369597429397,5
2024-09-20 12:01:49.612,428.01732083197936,6
2024-09-20 12:01:49.666,428.0212750480328,14
2024-09-20 12:01:49.745,428.01522476048166,1000
2024-09-20 12:01:49.833,428.03077111738094,1000
2024-09-20 12:01:49.914,428.0307155068425,97
2024-09-20 12:01:50.013,428.031247177942,12
2024-09-20 12:01:50.035,428.005115994484,14
2024-09-20 12:01:50.037,428.0156769981035,100
2024-09-20 12:01:50.171,428.0073813455258,103
2024-09-20 12:01:50.370,428.0369888964843,1005
2024-09-20 12:01:50.438,428.0336257219562,1005
2024-09-20 12:01:50.487,428.01104765493056,15
2024-09-20 12:01:50.560,428.0209701732768,105
2024-09-20 12:01:50.733,427.99979364416953,1000
2024-09-20 12:01:50.734,427.9981320994678,11
2024-09-20 12:01:50.815,428.0174734190966,100
2024-09-20 12:01:51.079,428.0288954601226,6
2024-09-20 12:01:51.085,428.0460991255337,6
2024-09-20 12:01:51.108,428.039700357796,105
2024-09-20 12:01:51.131,,101
2024-09-20 12:01:51.293,428.03847739664656,1005
2024-09-20 12:01:51.376,428.0322616993249,13
2024-09-20 12:01:51.513,428.02083938997225,996
2024-09-20 12:01:51.695,428.0617813459192,95
2024-09-20 12:01:52.018,428.09218048230014,96
2024-09-20 12:01:52.254,428.1330397313112,995
2024-09-20 12:01:52.266,428.07296212851367,105
2024-09-20 12:01:52.565,428.0735456584887,998
2024-09-20 12:01:52.755,428.1202575451346,6
2024-09-20 12:01:52.887,428.1588172941034,100
2024-09-20 12:01:53.073,428.1243620817169,102
2024-09-20 12:01:53.271,428.131519159623,998
2024-09-20 12:01:53.374,428.1504691023296,1003
2024-09-20 12:01:53.520,428.1265708574273,5
2024-09-20 12:01:54.052,428.18425594037245,10
2024-09-20 12:01:54.053,428.1213206018961,97
2024-09-20 12:01:54.060,428.1460044546576,8
2024-09-20 12:01:54.096,428.12694177104567,95
2024-09-20 12:01:54.118,428.1815338585589,1000
2024-09-20 12:01:54.171,428.0613620521973,14
2024-09-20 12:01:54.208,428.0871706399241,15
2024-09-20 12:01:54.233,428.048349693335,99
2024-09-20 12:01:54.286,428.1687180663459,999
2024-09-20 12:01:54.310,428.13092823640056,100
2024-09-20 12:01:54.312,428.1068337077036,8
2024-09-20 12:01:54.394,428.183183842511,8
2024-09-20 12:01:54.453,428.14862882299786,15
2024-09-20 12:01:54.493,428.1349855530949,98
2024-09-20 12:01:54.516,428.1641517447423,11
2024-09-20 12:01:54.540,428.07609724570216,13
2024-09-20 12:01:54.611,428.1445642619835,9
2024-09-20 12:01:54.629,428.1882674690452,14
2024-09-20 12:01:54.726,428.1914587039236,5
2024-09-20 12:01:54.869,428.0529872676861,102
2024-09-20 12:01:54.923,428.1494140075563,1002
2024-09-20 12:01:54.941,428.08054441103104,105
2024-09-20 12:01:54.947,428.1574847445453,9
2024-09-20 12:01:54.960,428.1537846971928,998
2024-09-20 12:01:55.115,428.06931080166095,101
2024-09-20 12:01:55.243,428.0637613063466,998
2024-09-20 12:01:56.464,428.034914369623,99
2024-09-20 12:01:56.856,428.0578479327751,11
2024-09-20 12:01:56.947,428.0376974802196,1005
2024-09-20 12:01:57.056,428.0065556280977,1000
2024-09-20 12:01:57.066,428.0274270669765,997
2024-09-20 12:01:57.071,428.01485961990863,101
2024-09-20 12:01:57.148,428.0241011423545,96
2024-09-20 12:01:57.400,428.0024034517451,103
2024-09-20 12:01:57.440,428.0383084981584,102
2024-09-20 12:01:57.456,428.02164820807246,102
2024-09-20 12:01:57.644,428.024444631643,1005
2024-09-20 12:01:57.800,428.00363712965856,10
2024-09-20 12:01:58.013,427.95552256688256,10
2024-09-20 12:01:58.683,427.9642914942444,101
2024-09-20 12:01:58.697,427.9671168597859,9
2024-09-20 12:01:58.770,428.0151910369163,103
2024-09-20 12:01:58.774,428.0179421971535,104
2024-09-20 12:01:58.802,427.9786692233093,12
2024-09-20 12:01:58.827,428.0121348858214,103
2024-09-20 12:01:58.894,427.9665220071058,13
2024-09-20 12:01:58.904,427.9922769866556,996
2024-09-20 12:01:59.030,427.9548679452904,7
2024-09-20 12:01:59.068,427.96954946023845,99
2024-09-20 12:01:59.111,427.9648134844806,10
2024-09-20 12:01:59.196,427.9690313573906,6
2024-09-20 12:01:59.606,427.9656567050146,101
2024-09-20 12:01:59.814,427.9622505508336,13
2024-09-20 12:01:59.951,427.9544798550856,5
