Timestamp,Price,Size
2024-09-20 10:43:00.058,423.7437075803738,999
2024-09-20 10:43:01.039,423.73321008702544,7
2024-09-20 10:43:01.042,423.7381016883637,1000
2024-09-20 10:43:01.092,423.704841515441,8
2024-09-20 10:43:01.242,423.70449430723335,103
2024-09-20 10:43:01.313,423.6970397336463,101
2024-09-20 10:43:01.325,423.7402244328281,6
2024-09-20 10:43:01.365,423.7517308178646,98
2024-09-20 10:43:01.438,,103
2024-09-20 10:43:01.480,423.6937997275195,13
2024-09-20 10:43:01.502,423.69784313532784,95
2024-09-20 10:43:01.646,423.7098848629655,995
2024-09-20 10:43:01.746,423.7551892035692,1000
2024-09-20 10:43:01.770,423.75183413376055,11
2024-09-20 10:43:01.830,423.6922069071968,995
2024-09-20 10:43:01.917,423.7077794898994,104
2024-09-20 10:43:01.971,423.7028502385048,1001
2024-09-20 10:43:01.973,423.6821176862889,97
2024-09-20 10:43:01.983,423.7128216876153,95
2024-09-20 10:43:02.121,423.65770979184055,8
2024-09-20 10:43:02.426,423.6516593485987,998
2024-09-20 10:43:02.504,423.6577544637956,96
2024-09-20 10:43:02.594,423.65842515872464,997
2024-09-20 10:43:02.681,423.653996648153,14
2024-09-20 10:43:02.831,423.6505020520454,12
2024-09-20 10:43:02.942,423.633939519115,97
2024-09-20 10:43:03.030,423.6068536809519,5
2024-09-20 10:43:03.031,423.629898863163,1004
2024-09-20 10:43:03.033,423.6488117272536,999
2024-09-20 10:43:03.037,423.65406596929233,995
2024-09-20 10:43:03.099,423.6325479754595,98
2024-09-20 10:43:03.180,423.6195908776021,1002
2024-09-20 10:43:03.213,423.60543286407136,98
2024-09-20 10:43:03.230,423.6457000445805,99
2024-09-20 10:43:03.260,423.6797127236598,996
2024-09-20 10:43:03.268,,1001
2024-09-20 10:43:03.308,423.634573602188,102
2024-09-20 10:43:03.308,423.6620163300332,1003
2024-09-20 10:43:03.309,423.6100204823152,1004
2024-09-20 10:43:03.344,423.6713783979486,996
2024-09-20 10:43:03.348,423.6670565108988,1005
2024-09-20 10:43:03.351,423.629096291387,101
2024-09-20 10:43:03.376,423.6747053109303,98
2024-09-20 10:43:03.401,423.70374488287433,100
2024-09-20 10:43:03.442,423.6168729944216,1005
2024-09-20 10:43:03.451,423.69612458638863,13
2024-09-20 10:43:03.458,423.6663168341637,99
2024-09-20 10:43:03.497,423.6302520477572,98
2024-09-20 10:43:03.501,423.64322712657975,1003
2024-09-20 10:43:03.518,423.6558071881986,11
2024-09-20 10:43:03.540,423.6967075518143,10
2024-09-20 10:43:03.564,423.7009556710043,8
2024-09-20 10:43:03.639,423.6707221952825,97
2024-09-20 10:43:03.653,423.6485686502244,12
2024-09-20 10:43:03.814,423.65511446525534,9
2024-09-20 10:43:03.954,423.6542537695212,12
2024-09-20 10:43:04.022,423.5945223906953,995
2024-09-20 10:43:04.110,423.5890413272599,995
2024-09-20 10:43:04.188,423.63351686208085,1000
2024-09-20 10:43:04.201,423.585124707436,13
2024-09-20 10:43:04.206,423.6031830793932,7
2024-09-20 10:43:04.207,423.6409600879406,11
2024-09-20 10:43:04.209,423.6186508213962,100
2024-09-20 10:43:04.254,423.6302180173841,104
2024-09-20 10:43:04.308,423.6250133467673,6
2024-09-20 10:43:04.339,423.62647175224856,102
2024-09-20 10:43:04.344,423.6144552087118,995
2024-09-20 10:43:04.399,423.5645501195878,97
2024-09-20 10:43:04.457,423.6365537398669,1002
2024-09-20 10:43:04.467,423.6279025286457,102
2024-09-20 10:43:04.480,423.6345973852896,1002
2024-09-20 10:43:04.580,423.6188279376061,98
2024-09-20 10:43:04.617,423.621192765448,8
2024-09-20 10:43:04.644,423.6114156493947,96
2024-09-20 10:43:04.646,423.5892874761906,103
2024-09-20 10:43:04.662,423.6528636645296,1002
2024-09-20 10:43:04.705,423.6181507180211,997
2024-09-20 10:43:04.715,423.596167024132,8
2024-09-20 10:43:04.728,423.6043155706079,97
2024-09-20 10:43:04.845,423.60719266017566,10
2024-09-20 10:43:04.994,423.6023097276282,102
2024-09-20 10:43:05.078,423.59208345293786,1001
2024-09-20 10:43:05.498,423.59069016046897,12
2024-09-20 10:43:05.506,423.60216940306645,12
2024-09-20 10:43:05.523,423.6011925576471,96
2024-09-20 10:43:05.549,423.5743226311078,1000
2024-09-20 10:43:05.680,423.58949401039126,105
2024-09-20 10:43:05.755,423.5789221060896,1004
2024-09-20 10:43:06.063,423.552357343239,5
2024-09-20 10:43:06.092,42.3529714884713,6
2024-09-20 10:43:06.154,423.5375321730521,9
2024-09-20 10:43:06.174,423.537501908366,13
2024-09-20 10:43:06.208,423.5900150609584,996
2024-09-20 10:43:06.216,423.5731747774363,13
2024-09-20 10:43:06.219,423.5790459062112,101
2024-09-20 10:43:06.223,423.5417667156725,9
2024-09-20 10:43:06.314,423.59119059355567,12
2024-09-20 10:43:06.423,423.54879932153295,102
2024-09-20 10:43:06.587,423.59065064993433,97
2024-09-20 10:43:06.650,423.5389931129336,95
2024-09-20 10:43:06.677,423.5715579204429,97
2024-09-20 10:43:06.722,423.5494930339081,5
2024-09-20 10:43:06.889,423.5805302091494,7
2024-09-20 10:43:06.934,423.5291277368119,11
2024-09-20 10:43:06.973,423.5805513612506,104
2024-09-20 10:43:07.063,423.58044440485946,1003
2024-09-20 10:43:07.067,423.5766687646093,996
2024-09-20 10:43:07.206,42.36006554110108,101
2024-09-20 10:43:07.230,423.6073420304951,100
2024-09-20 10:43:07.251,423.5903271970262,14
2024-09-20 10:43:07.271,423.570055872815,105
2024-09-20 10:43:07.331,423.5871213557806,103
2024-09-20 10:43:07.605,423.5785162926964,105
2024-09-20 10:43:07.671,423.6051984252356,98
2024-09-20 10:43:07.785,423.57707497169446,100
2024-09-20 10:43:07.812,423.591692760982,98
2024-09-20 10:43:07.926,423.5977082004053,15
2024-09-20 10:43:08.021,423.6133166989777,100
2024-09-20 10:43:08.099,423.6056389538687,9
2024-09-20 10:43:08.172,42.35917370131809,96
2024-09-20 10:43:08.286,423.5795869928116,1002
2024-09-20 10:43:08.303,423.6042323864991,10
2024-09-20 10:43:08.343,423.5878894882699,104
2024-09-20 10:43:08.379,423.5913485447591,98
2024-09-20 10:43:08.429,423.57137124953374,997
2024-09-20 10:43:08.476,423.5975823209287,11
2024-09-20 10:43:08.495,423.5926871383402,1005
2024-09-20 10:43:08.547,423.5845855014154,103
2024-09-20 10:43:08.632,423.5840839736096,99
2024-09-20 10:43:08.660,423.5946071371007,9
2024-09-20 10:43:08.662,423.5788424496073,9
2024-09-20 10:43:08.727,423.60638074341045,100
2024-09-20 10:43:08.730,423.59968510262087,998
2024-09-20 10:43:08.753,423.6056772376343,6
2024-09-20 10:43:08.776,423.5895696568917,97
2024-09-20 10:43:08.802,423.57808620559655,10
2024-09-20 10:43:08.890,-423.5947506816207,95
2024-09-20 10:43:08.893,423.6004524695888,6
2024-09-20 10:43:08.910,423.595602874024,104
2024-09-20 10:43:08.930,423.6079328067379,98
2024-09-20 10:43:09.169,423.6018190839116,1005
2024-09-20 10:43:09.474,423.5941277237654,995
2024-09-20 10:43:09.527,423.596484564097,1003
2024-09-20 10:43:10.003,423.55793009541895,102
2024-09-20 10:43:10.330,423.5213200752473,105
2024-09-20 10:43:10.402,423.5932858571741,96
2024-09-20 10:43:10.471,423.5916593330733,103
2024-09-20 10:43:10.916,423.571557763453,99
2024-09-20 10:43:11.687,423.5190811010683,15
2024-09-20 10:43:11.849,-423.50596420168665,999
2024-09-20 10:43:11.878,423.5242075637272,999
2024-09-20 10:43:12.037,423.4970133840619,15
2024-09-20 10:43:12.049,423.4926476191063,12
2024-09-20 10:43:12.180,423.48354292701305,96
2024-09-20 10:43:12.309,423.5049547773352,104
2024-09-20 10:43:12.520,423.475045609924,103
2024-09-20 10:43:12.526,423.50611719734127,97
2024-09-20 10:43:12.549,423.483041137778,1005
2024-09-20 10:43:12.592,423.46062693091545,999
2024-09-20 10:43:12.761,423.5012251851882,14
2024-09-20 10:43:13.130,423.4736669139299,1000
2024-09-20 10:43:13.145,423.47141079631314,105
2024-09-20 10:43:13.195,423.5020375928404,1000
2024-09-20 10:43:13.196,423.4710610610935,13
2024-09-20 10:43:13.423,423.50133025923,102
2024-09-20 10:43:13.461,423.4529210533543,995
2024-09-20 10:43:13.476,423.4605494333244,103
2024-09-20 10:43:13.505,423.4428943457881,1002
2024-09-20 10:43:13.527,423.46412072221256,104
2024-09-20 10:43:13.670,423.442166929048,105
2024-09-20 10:43:13.683,423.4638685827917,98
2024-09-20 10:43:13.691,423.4351628254332,103
2024-09-20 10:43:13.714,423.48301868446487,99
2024-09-20 10:43:13.728,423.4562488512851,9
2024-09-20 10:43:13.741,423.449169282109,99
2024-09-20 10:43:13.801,42.34696566721587,102
2024-09-20 10:43:13.850,423.45841356629154,100
2024-09-20 10:43:13.899,423.4477253177888,15
2024-09-20 10:43:13.912,423.50094062546657,11
2024-09-20 10:43:13.959,423.48191750330665,1000
2024-09-20 10:43:14.094,423.4568026821943,6
2024-09-20 10:43:14.172,423.44507938208034,98
2024-09-20 10:43:14.192,423.4581962933144,101
2024-09-20 10:43:14.425,423.4672417158282,7
2024-09-20 10:43:14.465,423.4559227867688,6
2024-09-20 10:43:14.718,423.46339420852166,11
2024-09-20 10:43:14.731,423.44803601333774,7
2024-09-20 10:43:14.918,423.4542852274611,996
2024-09-20 10:43:14.975,423.4418639220672,13
2024-09-20 10:43:15.010,423.4772733527236,8
2024-09-20 10:43:15.039,423.4762255629364,1000
2024-09-20 10:43:15.044,423.438554830158,95
2024-09-20 10:43:15.136,423.43896111951886,7
2024-09-20 10:43:15.174,423.5176791717096,95
2024-09-20 10:43:15.234,423.528449979219,97
2024-09-20 10:43:15.247,423.4659469654766,1003
2024-09-20 10:43:15.286,423.4339170579736,1004
2024-09-20 10:43:15.287,423.52480007693833,996
2024-09-20 10:43:15.299,423.5371967075816,102
2024-09-20 10:43:15.303,423.4578422017334,104
2024-09-20 10:43:15.334,423.424291185499,100
2024-09-20 10:43:15.448,423.4355944937509,10
2024-09-20 10:43:15.482,423.4063362448349,105
2024-09-20 10:43:15.501,423.53665083032297,1005
2024-09-20 10:43:15.593,423.45259707996246,101
2024-09-20 10:43:15.594,423.42858420585736,97
2024-09-20 10:43:15.631,423.45437986916926,1004
2024-09-20 10:43:15.659,423.4987444925795,13
2024-09-20 10:43:15.674,423.5234199531627,12
2024-09-20 10:43:15.680,423.4358000668637,8
2024-09-20 10:43:15.792,423.5017858421632,100
2024-09-20 10:43:15.795,423.4243326527152,98
2024-09-20 10:43:15.796,423.40953496310937,11
2024-09-20 10:43:15.799,423.4948555953642,995
2024-09-20 10:43:15.871,423.5281812929207,5
2024-09-20 10:43:15.896,423.4176357131551,98
2024-09-20 10:43:15.903,423.4397261756049,1003
2024-09-20 10:43:15.948,423.5332157625856,7
2024-09-20 10:43:15.956,423.43517386701086,98
2024-09-20 10:43:16.000,423.5224856561885,1000
2024-09-20 10:43:16.105,423.51642647459806,100
2024-09-20 10:43:16.107,423.511338001848,99
2024-09-20 10:43:16.143,423.54725631690815,105
2024-09-20 10:43:16.264,423.54764419396855,9
2024-09-20 10:43:16.360,,96
2024-09-20 10:43:16.475,423.5384618746418,9
2024-09-20 10:43:16.658,423.58930156409184,1004
2024-09-20 10:43:16.791,423.5323377132996,8
2024-09-20 10:43:16.807,423.5272403819706,1005
2024-09-20 10:43:16.823,423.54613559712345,5
2024-09-20 10:43:16.839,423.5297621613215,12
2024-09-20 10:43:16.864,423.52630558094137,102
2024-09-20 10:43:16.910,423.5313312968629,6
2024-09-20 10:43:16.992,423.5135209440424,104
2024-09-20 10:43:17.007,423.6004929747992,1002
2024-09-20 10:43:17.024,423.5397776035921,999
2024-09-20 10:43:17.070,423.572342975641,1000
2024-09-20 10:43:17.126,423.6087196245988,1003
2024-09-20 10:43:17.145,423.5710103711002,5
2024-09-20 10:43:17.188,423.518184829342,15
2024-09-20 10:43:17.219,423.5716851753156,997
2024-09-20 10:43:17.246,423.53258634295935,6
2024-09-20 10:43:17.270,423.5091542300359,14
2024-09-20 10:43:17.280,423.54589630244266,96
2024-09-20 10:43:17.433,423.5706219291874,5
2024-09-20 10:43:17.480,,1004
2024-09-20 10:43:17.499,423.5640221178301,96
2024-09-20 10:43:17.594,423.57953961375074,995
2024-09-20 10:43:17.614,423.5545431926363,11
2024-09-20 10:43:17.734,423.5294661942879,12
2024-09-20 10:43:17.735,423.57748891167097,997
2024-09-20 10:43:17.768,423.5707775626209,5
2024-09-20 10:43:17.777,423.5588263824307,101
2024-09-20 10:43:17.808,423.571876617034,1003
2024-09-20 10:43:17.827,423.5158864849815,95
2024-09-20 10:43:17.897,423.5858776691628,997
2024-09-20 10:43:17.963,423.5289180392071,1000
2024-09-20 10:43:17.997,423.53169024452575,14
2024-09-20 10:43:18.063,423.48192865648826,1005
2024-09-20 10:43:18.242,423.46562009329045,12
2024-09-20 10:43:18.269,423.49981203046485,1005
2024-09-20 10:43:18.270,423.46334923797184,998
2024-09-20 10:43:18.281,423.46299466240254,996
2024-09-20 10:43:18.320,423.4583675855424,14
2024-09-20 10:43:18.349,423.481577330928,100
2024-09-20 10:43:18.418,423.4567426672023,9
2024-09-20 10:43:18.493,423.5108627641033,7
2024-09-20 10:43:18.537,423.45589081192855,998
2024-09-20 10:43:18.555,423.4964731695239,998
2024-09-20 10:43:18.558,423.4825978699892,103
2024-09-20 10:43:18.571,423.4245542598605,11
2024-09-20 10:43:18.583,423.41603670488126,1002
2024-09-20 10:43:18.661,42.34568522835238,1000
2024-09-20 10:43:18.707,423.4481001391756,1002
2024-09-20 10:43:18.708,423.4650225416296,96
2024-09-20 10:43:18.742,423.4696027018219,11
2024-09-20 10:43:18.826,423.4767001244082,14
2024-09-20 10:43:18.829,423.4435053973418,5
2024-09-20 10:43:18.838,423.4570913828178,999
2024-09-20 10:43:18.853,423.50475090641487,96
2024-09-20 10:43:18.859,423.46310669472894,999
2024-09-20 10:43:18.866,423.4561750463448,1002
2024-09-20 10:43:18.896,423.4846889715217,5
2024-09-20 10:43:18.908,423.46011247707366,999
2024-09-20 10:43:18.965,423.44239397246713,104
2024-09-20 10:43:18.970,423.47665473507976,97
2024-09-20 10:43:18.999,423.467040590038,105
2024-09-20 10:43:19.067,423.4114976689768,997
2024-09-20 10:43:19.136,423.39536779240194,998
2024-09-20 10:43:19.154,423.4294813443291,100
2024-09-20 10:43:19.156,423.38469142488856,97
2024-09-20 10:43:19.162,423.3944441660395,10
2024-09-20 10:43:19.208,423.3865249062795,9
2024-09-20 10:43:19.238,423.3905463161667,1002
2024-09-20 10:43:19.245,423.40569319670425,98
2024-09-20 10:43:19.269,423.3980108525791,103
2024-09-20 10:43:19.308,423.3805208652145,99
2024-09-20 10:43:19.435,423.3764056170229,999
2024-09-20 10:43:19.437,423.41948865122623,7
2024-09-20 10:43:19.527,423.368727959476,5
2024-09-20 10:43:19.741,423.417410988204,995
2024-09-20 10:43:19.915,423.4269483766577,103
2024-09-20 10:43:19.944,423.3873384204361,97
2024-09-20 10:43:19.980,42.33835652742987,96
2024-09-20 10:43:20.004,423.4014188914089,1000
2024-09-20 10:43:20.027,423.4333738694359,995
2024-09-20 10:43:20.047,423.39766658176416,997
2024-09-20 10:43:20.078,423.4041803440564,105
2024-09-20 10:43:20.114,423.4083808433708,13
2024-09-20 10:43:20.162,423.4129297629484,15
2024-09-20 10:43:20.182,423.3958206098323,8
2024-09-20 10:43:20.200,423.41170510166353,1005
2024-09-20 10:43:20.271,423.3965284868327,103
2024-09-20 10:43:20.314,423.3735018465451,14
2024-09-20 10:43:20.351,423.4204646139486,997
2024-09-20 10:43:20.366,423.42483813296207,101
2024-09-20 10:43:20.388,423.4123205493764,999
2024-09-20 10:43:20.413,423.40539913409503,997
2024-09-20 10:43:20.466,423.3920643045984,998
2024-09-20 10:43:20.496,423.3870251669206,995
2024-09-20 10:43:20.587,423.40530237455766,102
2024-09-20 10:43:20.800,423.42221625868257,95
2024-09-20 10:43:20.818,423.4171015681932,1001
2024-09-20 10:43:20.819,423.3888767506714,104
2024-09-20 10:43:20.820,423.4061428852233,14
2024-09-20 10:43:20.887,423.4032313588853,12
2024-09-20 10:43:20.977,423.4188654683381,95
2024-09-20 10:43:20.999,423.4169629383635,10
2024-09-20 10:43:21.037,423.40119379261137,13
2024-09-20 10:43:21.151,423.4262577789004,1004
2024-09-20 10:43:21.177,423.393786568175,9
2024-09-20 10:43:21.252,423.4127449074168,7
2024-09-20 10:43:21.343,423.3894043254216,13
2024-09-20 10:43:21.361,423.39086597157103,9
2024-09-20 10:43:21.473,423.40638350016815,14
2024-09-20 10:43:21.475,423.4063749565904,1000
2024-09-20 10:43:21.494,423.415039687342,105
2024-09-20 10:43:21.503,423.4108587181353,105
2024-09-20 10:43:21.677,423.3973607271375,102
2024-09-20 10:43:21.687,423.4188977892159,7
2024-09-20 10:43:21.779,423.4167704295633,96
2024-09-20 10:43:21.825,-423.4297918361947,14
2024-09-20 10:43:21.895,423.4071742068987,997
2024-09-20 10:43:21.932,423.40084850870966,100
2024-09-20 10:43:21.959,,1004
2024-09-20 10:43:22.032,423.43273700588895,103
2024-09-20 10:43:22.068,423.4350950956487,98
2024-09-20 10:43:22.152,423.408405855521,1003
2024-09-20 10:43:22.168,423.3838945628207,6
2024-09-20 10:43:22.266,423.40821350482105,100
2024-09-20 10:43:22.311,423.4398849579576,100
2024-09-20 10:43:22.318,423.46143880125646,13
2024-09-20 10:43:22.337,423.453129618754,9
2024-09-20 10:43:22.416,423.4245017275965,10
2024-09-20 10:43:22.443,423.4141658605938,12
2024-09-20 10:43:22.528,423.451019441203,105
2024-09-20 10:43:22.541,423.4246290640754,98
2024-09-20 10:43:22.542,423.4388862667429,996
2024-09-20 10:43:22.612,423.4094454589576,1002
2024-09-20 10:43:22.616,423.4098045344022,5
2024-09-20 10:43:22.746,423.3969967496131,104
2024-09-20 10:43:22.815,423.4618134602172,95
2024-09-20 10:43:22.816,423.40227758266457,12
2024-09-20 10:43:22.876,423.4199570265055,102
2024-09-20 10:43:22.960,423.4083332589399,5
2024-09-20 10:43:23.056,423.5498074729485,101
2024-09-20 10:43:23.101,423.52905961556814,95
2024-09-20 10:43:23.126,423.52901126665546,995
2024-09-20 10:43:23.201,423.5554359670679,104
2024-09-20 10:43:23.247,423.5065849177256,1003
2024-09-20 10:43:23.312,423.53807517121646,15
2024-09-20 10:43:23.333,,12
2024-09-20 10:43:23.583,423.4581108065489,1002
2024-09-20 10:43:23.597,423.54743667604697,7
2024-09-20 10:43:23.618,423.53981200346703,98
2024-09-20 10:43:23.676,423.57779771700245,15
2024-09-20 10:43:23.770,423.5901059092948,15
2024-09-20 10:43:23.775,423.5624682712292,1003
2024-09-20 10:43:23.776,423.51908687416267,15
2024-09-20 10:43:23.857,42.352276814523776,1003
2024-09-20 10:43:23.861,423.5280575827442,1002
2024-09-20 10:43:23.880,423.5616729279444,12
2024-09-20 10:43:23.895,423.5665672029288,9
2024-09-20 10:43:23.925,423.541879577316,105
2024-09-20 10:43:23.929,423.5178319020438,14
2024-09-20 10:43:23.965,423.4834248671865,14
2024-09-20 10:43:23.983,423.509564959596,103
2024-09-20 10:43:24.002,423.576637562456,1004
2024-09-20 10:43:24.017,423.5803788701894,99
2024-09-20 10:43:24.059,423.515765720905,995
2024-09-20 10:43:24.111,423.4980718029145,14
2024-09-20 10:43:24.119,423.5930417270392,103
2024-09-20 10:43:24.121,423.538222557729,1001
2024-09-20 10:43:24.207,423.5994580115818,15
2024-09-20 10:43:24.237,423.5585403769343,1002
2024-09-20 10:43:24.348,423.55392726305706,10
2024-09-20 10:43:24.351,423.5651135496975,9
2024-09-20 10:43:24.370,423.53888474082953,6
2024-09-20 10:43:24.408,423.5837007883399,5
2024-09-20 10:43:24.408,423.5715302852512,101
2024-09-20 10:43:24.417,423.5151151985613,102
2024-09-20 10:43:24.446,423.58861316873896,99
2024-09-20 10:43:24.644,423.5997001977873,100
2024-09-20 10:43:24.715,423.5945848304153,103
2024-09-20 10:43:24.718,423.5504951229479,103
2024-09-20 10:43:24.743,423.5599552873456,99
2024-09-20 10:43:24.746,423.5739040993008,100
2024-09-20 10:43:24.748,,1000
2024-09-20 10:43:24.762,423.5978155542838,95
2024-09-20 10:43:24.768,423.5544688880013,99
2024-09-20 10:43:24.780,-423.5568818706762,95
2024-09-20 10:43:24.790,423.5421070781301,11
2024-09-20 10:43:24.836,423.5440699225184,99
2024-09-20 10:43:24.843,423.5957219368647,1000
2024-09-20 10:43:24.955,423.5451541293231,1005
2024-09-20 10:43:25.000,423.5608674403839,100
2024-09-20 10:43:25.035,423.5329366970054,101
2024-09-20 10:43:25.037,423.5177014190812,996
2024-09-20 10:43:25.056,423.56236656677305,1003
2024-09-20 10:43:25.117,423.49926002037154,5
2024-09-20 10:43:25.118,423.5422638422544,103
2024-09-20 10:43:25.153,423.5836863203392,996
2024-09-20 10:43:25.161,423.55856025976175,100
2024-09-20 10:43:25.189,423.5249696317778,999
2024-09-20 10:43:25.213,423.5532886639971,999
2024-09-20 10:43:25.224,423.5053954648593,995
2024-09-20 10:43:25.253,423.5639279993956,99
2024-09-20 10:43:25.265,423.53254061303255,5
2024-09-20 10:43:25.355,423.5468917431105,98
2024-09-20 10:43:25.365,423.5208710013072,1005
2024-09-20 10:43:25.389,42.35235398438788,1005
2024-09-20 10:43:25.417,42.351887831007495,9
2024-09-20 10:43:25.431,423.5614701776692,998
2024-09-20 10:43:25.477,423.5617911524609,10
2024-09-20 10:43:25.754,423.51854060804345,998
2024-09-20 10:43:25.795,423.5604850700928,998
2024-09-20 10:43:25.811,423.53905351632375,12
2024-09-20 10:43:25.818,423.561441584766,995
2024-09-20 10:43:25.821,423.5833843293263,997
2024-09-20 10:43:25.865,423.56413703860727,1003
2024-09-20 10:43:25.899,423.5552968214678,101
2024-09-20 10:43:25.928,423.5317356778542,996
2024-09-20 10:43:25.948,423.4997673545543,99
2024-09-20 10:43:26.007,423.6289777058001,998
2024-09-20 10:43:26.016,423.6123827051858,100
2024-09-20 10:43:26.084,423.62351740984633,999
2024-09-20 10:43:26.155,423.6398714871592,99
2024-09-20 10:43:26.171,423.61813169420486,998
2024-09-20 10:43:26.199,423.6163425732577,104
2024-09-20 10:43:26.211,423.6162091499069,11
2024-09-20 10:43:26.259,423.60716338846765,997
2024-09-20 10:43:26.299,423.58769617975855,12
2024-09-20 10:43:26.317,423.6163214691884,8
2024-09-20 10:43:26.335,423.5906360281485,10
2024-09-20 10:43:26.351,423.5921523844126,996
2024-09-20 10:43:26.433,423.6330558404933,13
2024-09-20 10:43:26.500,423.6349250109008,1003
2024-09-20 10:43:26.504,423.6242324502759,103
2024-09-20 10:43:26.545,423.5985639505788,13
2024-09-20 10:43:26.554,423.621178671019,1002
2024-09-20 10:43:26.554,423.597031764275,5
2024-09-20 10:43:26.588,423.6343762019781,99
2024-09-20 10:43:26.592,423.5828839347824,1005
2024-09-20 10:43:26.617,423.60177506473366,999
2024-09-20 10:43:26.668,423.60915958305605,105
2024-09-20 10:43:26.709,423.5996887637387,1000
2024-09-20 10:43:26.774,423.5938335690245,6
2024-09-20 10:43:26.836,423.59685558436377,103
2024-09-20 10:43:26.944,423.598084860824,1004
2024-09-20 10:43:26.978,423.60045813256687,105
2024-09-20 10:43:26.980,423.6152229107004,101
2024-09-20 10:43:26.998,423.6093022756819,997
2024-09-20 10:43:27.079,423.6230163810185,5
2024-09-20 10:43:27.127,423.5854140610781,997
2024-09-20 10:43:27.173,423.58326581202607,1002
2024-09-20 10:43:27.336,423.600222558804,6
2024-09-20 10:43:27.371,423.59196904266537,997
2024-09-20 10:43:27.456,423.5614644314292,97
2024-09-20 10:43:27.503,423.60333154634895,1005
2024-09-20 10:43:27.548,423.6440504150238,15
2024-09-20 10:43:27.602,423.6195642414172,9
2024-09-20 10:43:27.644,423.61797662351455,12
2024-09-20 10:43:27.824,423.58828495680086,999
2024-09-20 10:43:28.116,423.6883465364537,104
2024-09-20 10:43:28.200,423.68276163922457,101
2024-09-20 10:43:28.217,423.6123957383057,12
2024-09-20 10:43:28.288,423.6085382417055,14
2024-09-20 10:43:28.399,423.6584723277988,995
2024-09-20 10:43:28.586,423.59190084404656,996
2024-09-20 10:43:28.676,423.638149179179,5
2024-09-20 10:43:28.696,423.6548981470464,96
2024-09-20 10:43:28.757,423.59451185972506,98
2024-09-20 10:43:28.763,423.6134036595421,98
2024-09-20 10:43:28.834,423.66282811515146,998
2024-09-20 10:43:28.944,423.6655463459765,104
2024-09-20 10:43:28.948,423.60241831991766,5
2024-09-20 10:43:29.064,423.6810133446947,105
2024-09-20 10:43:29.082,423.6840940689147,7
2024-09-20 10:43:29.147,423.625613138022,997
2024-09-20 10:43:29.150,423.66763863013824,1004
2024-09-20 10:43:29.180,423.6320910530588,998
2024-09-20 10:43:29.180,423.65845694720974,1003
2024-09-20 10:43:29.205,423.6777407264712,101
2024-09-20 10:43:29.210,423.6367268163767,10
2024-09-20 10:43:29.258,423.6917945874234,996
2024-09-20 10:43:29.269,423.6654282614164,5
2024-09-20 10:43:29.302,423.6357320552936,8
2024-09-20 10:43:29.365,423.64562754159584,102
2024-09-20 10:43:29.378,423.68930214604507,11
2024-09-20 10:43:29.421,423.6854722418682,1002
2024-09-20 10:43:29.462,423.653890144394,1004
2024-09-20 10:43:29.529,423.66022474235007,999
2024-09-20 10:43:29.580,423.7006257521249,99
2024-09-20 10:43:29.601,423.6924585446946,7
2024-09-20 10:43:29.727,423.6509624356693,96
2024-09-20 10:43:29.768,423.6801000329977,1002
2024-09-20 10:43:29.794,423.6533081480455,5
2024-09-20 10:43:29.818,423.6396920299414,13
2024-09-20 10:43:29.848,423.64119825979,14
2024-09-20 10:43:29.869,423.7115467715947,995
2024-09-20 10:43:29.943,423.67987244785706,13
2024-09-20 10:43:29.979,423.69328720796005,1005
2024-09-20 10:43:30.016,423.6026837069272,105
2024-09-20 10:43:30.054,423.6007549906238,10
2024-09-20 10:43:30.078,423.6089432480754,998
2024-09-20 10:43:30.343,423.6206243848834,1003
2024-09-20 10:43:30.361,423.6095973970115,7
2024-09-20 10:43:30.382,423.62017070466015,12
2024-09-20 10:43:30.403,423.6107707941068,5
2024-09-20 10:43:30.456,423.5992945991963,95
2024-09-20 10:43:30.572,423.6302758311621,102
2024-09-20 10:43:30.603,423.601431388478,8
2024-09-20 10:43:30.628,423.60084661170026,97
2024-09-20 10:43:30.716,423.6026414667589,996
2024-09-20 10:43:30.720,423.60075309016594,9
2024-09-20 10:43:30.776,423.59653396498857,11
2024-09-20 10:43:30.856,423.5813794131949,102
2024-09-20 10:43:30.912,-423.6062345804111,1003
2024-09-20 10:43:30.928,423.6222052080282,14
2024-09-20 10:43:31.026,423.6273634926283,997
2024-09-20 10:43:31.027,423.6170681979303,13
2024-09-20 10:43:31.065,423.62314795559286,98
2024-09-20 10:43:31.083,423.61205963454057,1002
2024-09-20 10:43:31.102,423.62944731212485,10
2024-09-20 10:43:31.124,423.5934385178704,1004
2024-09-20 10:43:31.134,423.592729741646,102
2024-09-20 10:43:31.152,423.6016017424564,7
2024-09-20 10:43:31.189,423.632820023566,6
2024-09-20 10:43:31.250,423.5952507518379,10
2024-09-20 10:43:31.254,423.5702264800654,997
2024-09-20 10:43:31.323,423.6118768096881,1001
2024-09-20 10:43:31.368,423.5895589455681,996
2024-09-20 10:43:31.439,423.6326351190787,997
2024-09-20 10:43:31.442,423.61304674792535,95
2024-09-20 10:43:31.488,423.6021277813991,995
2024-09-20 10:43:31.564,423.6118932727619,1002
2024-09-20 10:43:31.594,423.6132378728748,98
2024-09-20 10:43:31.599,423.608399468062,1002
2024-09-20 10:43:31.600,423.57248536285175,8
2024-09-20 10:43:31.709,423.6093129422509,14
2024-09-20 10:43:31.741,423.5912947477429,10
2024-09-20 10:43:31.813,423.60324085874566,99
2024-09-20 10:43:31.866,423.6349695099448,1000
2024-09-20 10:43:31.878,42.3588447459332,101
2024-09-20 10:43:31.914,423.62014389706144,1001
2024-09-20 10:43:31.915,423.6178374860933,7
2024-09-20 10:43:31.916,423.60093617796286,11
2024-09-20 10:43:31.947,423.61286394134623,101
2024-09-20 10:43:32.139,423.6765803923959,98
2024-09-20 10:43:32.143,423.7066735024077,11
2024-09-20 10:43:32.168,423.67028481712987,103
2024-09-20 10:43:32.170,423.66959304595065,96
2024-09-20 10:43:32.218,423.70885787457706,6
2024-09-20 10:43:32.252,423.68112739067794,103
2024-09-20 10:43:32.270,423.6740278581193,1005
2024-09-20 10:43:32.319,423.6966290536501,99
2024-09-20 10:43:32.462,423.6477758489924,1001
2024-09-20 10:43:32.497,423.654539832927,14
2024-09-20 10:43:32.511,423.6907974120688,103
2024-09-20 10:43:32.605,423.6246363214538,95
2024-09-20 10:43:32.613,423.6822781486779,995
2024-09-20 10:43:32.617,423.6994553178522,1003
2024-09-20 10:43:32.867,423.6687968576037,102
2024-09-20 10:43:32.904,423.6500444630791,13
2024-09-20 10:43:32.929,423.6726252441964,5
2024-09-20 10:43:32.959,423.6302393133109,101
2024-09-20 10:43:34.067,423.6880241776893,104
2024-09-20 10:43:34.085,423.6733255438256,105
2024-09-20 10:43:34.105,423.6660293302323,997
2024-09-20 10:43:34.164,423.6772748202521,105
2024-09-20 10:43:34.293,423.6959847831938,98
2024-09-20 10:43:34.437,423.6830030962274,14
2024-09-20 10:43:34.460,423.6915507227322,996
2024-09-20 10:43:34.463,423.6971276201916,996
2024-09-20 10:43:34.706,423.688761349357,101
2024-09-20 10:43:34.792,423.7069156679101,98
2024-09-20 10:43:34.847,423.7063158190565,1003
2024-09-20 10:43:34.865,423.68788658954566,95
2024-09-20 10:43:35.071,423.6827211456591,999
2024-09-20 10:43:35.096,423.66410059730816,8
2024-09-20 10:43:35.196,423.6725291497598,1005
2024-09-20 10:43:35.207,423.6636850386369,101
2024-09-20 10:43:35.239,423.64171164203617,5
2024-09-20 10:43:35.300,423.6762474980917,998
2024-09-20 10:43:35.315,423.67578174226446,98
2024-09-20 10:43:35.317,423.6663775304692,11
2024-09-20 10:43:35.325,423.65551961775446,96
2024-09-20 10:43:35.421,-423.6592843789573,11
2024-09-20 10:43:35.481,423.6855851356784,103
2024-09-20 10:43:35.542,423.6770387948689,15
2024-09-20 10:43:35.576,423.6671313811088,100
2024-09-20 10:43:35.579,423.6558192447343,1000
2024-09-20 10:43:35.651,423.6757863700393,15
2024-09-20 10:43:35.677,423.675789180692,14
2024-09-20 10:43:35.748,423.6725042661162,9
2024-09-20 10:43:35.785,-423.6720836679466,13
2024-09-20 10:43:35.786,423.6392694840053,99
2024-09-20 10:43:35.806,423.6601526074826,995
2024-09-20 10:43:35.839,423.67292618855765,1005
2024-09-20 10:43:35.896,423.67067826659127,13
2024-09-20 10:43:35.909,423.672019343217,102
2024-09-20 10:43:35.969,423.67132946879127,997
2024-09-20 10:43:35.970,423.6630192666227,13
2024-09-20 10:43:35.973,423.6958585167373,102
2024-09-20 10:43:35.981,423.6717843595476,1003
2024-09-20 10:43:36.004,423.7228803353692,11
2024-09-20 10:43:36.007,42.369153439438,5
2024-09-20 10:43:36.089,423.6531480247624,5
2024-09-20 10:43:36.091,423.6805318402508,7
2024-09-20 10:43:36.120,423.7419083694819,1001
2024-09-20 10:43:36.144,423.6631502492616,998
2024-09-20 10:43:36.167,423.657020192558,998
2024-09-20 10:43:36.196,423.7010874423474,1000
2024-09-20 10:43:36.205,423.7444061189484,7
2024-09-20 10:43:36.304,423.657437077602,995
2024-09-20 10:43:36.314,423.7104880621638,5
2024-09-20 10:43:36.336,423.7495587607064,100
2024-09-20 10:43:36.440,423.7021678537779,1004
2024-09-20 10:43:36.589,423.7354301800372,10
2024-09-20 10:43:36.605,423.76147602237336,103
2024-09-20 10:43:36.610,423.7511016444295,98
2024-09-20 10:43:36.635,423.6735639650318,1003
2024-09-20 10:43:36.670,423.67848652262535,102
2024-09-20 10:43:36.743,423.6683810814325,100
2024-09-20 10:43:36.844,423.6493436653226,101
2024-09-20 10:43:36.864,423.7416129897911,14
2024-09-20 10:43:36.891,423.7192449575874,995
2024-09-20 10:43:36.901,423.68998154931353,14
2024-09-20 10:43:36.928,423.66341762464447,8
2024-09-20 10:43:36.954,423.6339004630621,104
2024-09-20 10:43:36.985,423.7270101241575,1000
2024-09-20 10:43:37.122,423.6256406589592,1002
2024-09-20 10:43:37.444,423.642183479385,1005
2024-09-20 10:43:38.056,423.58018793637257,98
2024-09-20 10:43:38.232,423.5774417558059,96
2024-09-20 10:43:38.311,423.5863569086139,995
2024-09-20 10:43:38.332,423.5574982137962,97
2024-09-20 10:43:38.341,423.61039469464487,9
2024-09-20 10:43:38.458,423.5712239265505,10
2024-09-20 10:43:38.631,423.53856599792056,13
2024-09-20 10:43:38.634,423.56294648437296,15
2024-09-20 10:43:38.781,423.5648059530241,99
2024-09-20 10:43:38.834,423.5587896577588,13
2024-09-20 10:43:38.844,423.59490497106674,999
2024-09-20 10:43:38.850,423.5538291034854,104
2024-09-20 10:43:38.921,423.5520409921732,98
2024-09-20 10:43:39.006,423.54885151357234,7
2024-09-20 10:43:39.044,423.53241813548993,97
2024-09-20 10:43:39.112,423.5299742650813,101
2024-09-20 10:43:39.123,423.5444145952324,998
2024-09-20 10:43:39.152,423.52145815929646,103
2024-09-20 10:43:39.173,423.5332102263118,1004
2024-09-20 10:43:39.206,423.5205804276602,1003
2024-09-20 10:43:39.240,423.53049062537787,5
2024-09-20 10:43:39.256,423.5429271156328,97
2024-09-20 10:43:39.271,423.5166401112709,997
2024-09-20 10:43:39.274,423.5319428759607,999
2024-09-20 10:43:39.295,423.5111789776125,98
2024-09-20 10:43:39.324,423.5475233843545,996
2024-09-20 10:43:39.438,423.5157600459784,15
2024-09-20 10:43:39.463,423.5537148741058,97
2024-09-20 10:43:39.533,423.5323214644218,15
2024-09-20 10:43:39.625,423.5105098961568,12
2024-09-20 10:43:39.787,423.50184318351336,99
2024-09-20 10:43:39.825,423.5443608976962,103
2024-09-20 10:43:39.897,423.5355689131949,99
2024-09-20 10:43:39.959,423.53085748564325,6
2024-09-20 10:43:40.001,423.5341220532248,8
2024-09-20 10:43:40.004,423.5094763351663,96
2024-09-20 10:43:40.009,423.53926162579256,9
2024-09-20 10:43:40.013,423.5328306776229,997
2024-09-20 10:43:40.146,423.56469308996327,995
2024-09-20 10:43:40.157,423.5343319230943,15
2024-09-20 10:43:40.274,423.54958781833466,12
2024-09-20 10:43:40.334,423.5377545113792,1005
2024-09-20 10:43:40.422,423.54238914483193,1004
2024-09-20 10:43:40.438,423.5428454402824,1002
2024-09-20 10:43:40.494,423.5616632386413,1003
2024-09-20 10:43:40.612,423.5347247622086,997
2024-09-20 10:43:40.645,423.5589131916517,997
2024-09-20 10:43:40.656,423.5366683573745,101
2024-09-20 10:43:40.678,423.5261523913925,5
2024-09-20 10:43:40.698,423.5486321925481,12
2024-09-20 10:43:40.828,423.5466049331142,104
2024-09-20 10:43:41.020,423.5441579274633,5
2024-09-20 10:43:41.038,423.5366662849223,97
2024-09-20 10:43:41.065,423.5673423885634,7
2024-09-20 10:43:41.091,423.53006093351695,95
2024-09-20 10:43:41.130,423.52552908300686,999
2024-09-20 10:43:41.182,423.5238005064807,7
2024-09-20 10:43:41.195,423.5309283930109,14
2024-09-20 10:43:41.195,423.52608674183534,97
2024-09-20 10:43:41.250,423.5508975556506,99
2024-09-20 10:43:41.271,423.5453588831567,1005
2024-09-20 10:43:41.289,423.5196272852439,14
2024-09-20 10:43:41.385,423.5320019138536,1001
2024-09-20 10:43:41.408,423.516763840216,99
2024-09-20 10:43:41.412,423.5028367043004,97
2024-09-20 10:43:41.426,423.5327748639765,999
2024-09-20 10:43:41.464,423.53354549532287,101
2024-09-20 10:43:41.550,423.5548927892076,999
2024-09-20 10:43:41.589,423.5127066713253,999
2024-09-20 10:43:41.678,423.5231717794863,13
2024-09-20 10:43:41.742,423.52636341444605,996
2024-09-20 10:43:41.745,423.5341509851993,100
2024-09-20 10:43:41.817,423.5451505541669,11
2024-09-20 10:43:41.994,423.53158968152457,1000
2024-09-20 10:43:42.058,423.58114279337576,1003
2024-09-20 10:43:42.087,423.58584850171087,999
2024-09-20 10:43:42.102,423.5886112830994,997
2024-09-20 10:43:42.163,423.529187859946,999
2024-09-20 10:43:42.197,423.6090060806546,15
2024-09-20 10:43:42.307,423.607472218488,95
2024-09-20 10:43:42.314,423.616392209089,13
2024-09-20 10:43:42.392,423.5656668035857,102
2024-09-20 10:43:42.563,423.5896140198654,13
2024-09-20 10:43:42.575,423.5128881049424,101
2024-09-20 10:43:42.585,423.53991552439794,1003
2024-09-20 10:43:42.604,423.5679546470535,11
2024-09-20 10:43:42.616,423.5712873420293,996
2024-09-20 10:43:42.709,423.5677694425559,998
2024-09-20 10:43:42.750,423.5597485615406,9
2024-09-20 10:43:42.808,423.5773195726259,1002
2024-09-20 10:43:42.830,423.5780864456682,995
2024-09-20 10:43:42.845,423.5780598607541,1005
2024-09-20 10:43:42.848,423.5925082483325,995
2024-09-20 10:43:42.884,423.5339966882354,15
2024-09-20 10:43:42.969,423.5871937942469,1003
2024-09-20 10:43:42.998,423.5753604914193,99
2024-09-20 10:43:43.148,423.633618574794,12
2024-09-20 10:43:43.259,423.6077193937131,8
2024-09-20 10:43:43.277,423.6001301966328,105
2024-09-20 10:43:43.390,,96
2024-09-20 10:43:43.442,423.5924482874814,998
2024-09-20 10:43:43.463,423.61947377441504,102
2024-09-20 10:43:43.478,423.6085954321036,1003
2024-09-20 10:43:43.527,423.6066548115936,100
2024-09-20 10:43:43.611,423.5904077575792,15
2024-09-20 10:43:43.663,423.60802616682713,999
2024-09-20 10:43:43.719,423.5974320408736,1000
2024-09-20 10:43:43.787,423.6103390665154,98
2024-09-20 10:43:43.797,423.59776665575976,102
2024-09-20 10:43:43.875,423.6157031282141,99
2024-09-20 10:43:43.965,423.5990319044792,996
2024-09-20 10:43:43.975,423.6054126516508,10
2024-09-20 10:43:43.996,423.5980170244614,98
2024-09-20 10:43:45.228,423.585345752282,1005
2024-09-20 10:43:45.266,423.575162054314,999
2024-09-20 10:43:45.292,423.5418934911889,5
2024-09-20 10:43:45.303,423.5151250582508,10
2024-09-20 10:43:45.309,423.5866092801704,104
2024-09-20 10:43:45.332,423.5907783272168,999
2024-09-20 10:43:45.390,423.6176506503735,1004
2024-09-20 10:43:45.476,423.5258417974922,1000
2024-09-20 10:43:45.493,423.5841502383915,999
2024-09-20 10:43:45.697,423.6041386987573,11
2024-09-20 10:43:45.732,423.59813557957074,97
2024-09-20 10:43:45.753,423.550431027582,14
2024-09-20 10:43:45.914,423.600249801999,10
2024-09-20 10:43:45.961,423.5955516802738,102
2024-09-20 10:43:46.081,423.43313050959017,995
2024-09-20 10:43:46.200,423.4356260568471,11
2024-09-20 10:43:46.206,423.46613547728566,11
2024-09-20 10:43:46.244,423.43561029328816,1005
2024-09-20 10:43:46.282,423.45845549122754,1004
2024-09-20 10:43:46.303,423.4620050016301,99
2024-09-20 10:43:46.306,423.4733412880383,15
2024-09-20 10:43:46.366,423.4947484834544,1001
2024-09-20 10:43:46.425,423.48935147975857,11
2024-09-20 10:43:46.641,423.5116316957464,104
2024-09-20 10:43:46.679,423.4439100794317,7
2024-09-20 10:43:46.778,423.49387230570966,1004
2024-09-20 10:43:46.813,,1000
2024-09-20 10:43:46.899,423.4615514323895,5
2024-09-20 10:43:46.933,423.4956708516213,1000
2024-09-20 10:43:47.013,,98
2024-09-20 10:43:47.037,423.4687365091453,1004
2024-09-20 10:43:47.142,423.52407433734425,1005
2024-09-20 10:43:47.182,423.49344670026494,95
2024-09-20 10:43:47.209,423.4935566829941,1001
2024-09-20 10:43:47.241,423.5149269885917,99
2024-09-20 10:43:47.260,423.5019591578591,101
2024-09-20 10:43:47.307,423.4797620030427,1004
2024-09-20 10:43:47.314,423.5012288583944,6
2024-09-20 10:43:47.329,423.5015441669852,1002
2024-09-20 10:43:47.394,423.49920435302965,15
2024-09-20 10:43:47.405,423.4850837877282,104
2024-09-20 10:43:47.519,423.4718737558906,1000
2024-09-20 10:43:47.572,-423.5038073194046,101
2024-09-20 10:43:47.651,423.4843400841263,95
2024-09-20 10:43:47.661,423.4891329589487,95
2024-09-20 10:43:47.690,423.47985023111335,1001
2024-09-20 10:43:47.701,423.4695773013429,996
2024-09-20 10:43:47.714,423.4912938161392,95
2024-09-20 10:43:47.727,423.4847424476268,1002
2024-09-20 10:43:47.752,423.4692010005073,1001
2024-09-20 10:43:47.815,423.48004887685136,11
2024-09-20 10:43:47.841,423.48813839808753,103
2024-09-20 10:43:47.888,423.50646025598166,101
2024-09-20 10:43:47.952,423.4738438751558,99
2024-09-20 10:43:47.980,423.4868241695507,100
2024-09-20 10:43:47.999,423.4930191796496,105
2024-09-20 10:43:48.043,423.55240470907137,10
2024-09-20 10:43:48.050,423.5003222331411,1002
2024-09-20 10:43:48.082,423.5934564190172,99
2024-09-20 10:43:48.097,423.5175361576842,997
2024-09-20 10:43:48.150,423.491269713024,100
2024-09-20 10:43:48.163,423.51448008592695,95
2024-09-20 10:43:48.190,423.5011287710121,14
2024-09-20 10:43:48.195,423.54157861246273,98
2024-09-20 10:43:48.246,423.5462876428487,7
2024-09-20 10:43:48.265,423.5434042625765,15
2024-09-20 10:43:48.288,423.5880428563948,100
2024-09-20 10:43:48.295,423.5655441315121,1003
2024-09-20 10:43:48.302,423.53679580141176,102
2024-09-20 10:43:48.427,423.4830328250301,100
2024-09-20 10:43:48.531,423.5583403040355,95
2024-09-20 10:43:48.541,423.5343671485899,101
2024-09-20 10:43:48.570,423.5180117190745,97
2024-09-20 10:43:48.689,423.49681290619753,1004
2024-09-20 10:43:48.717,423.5121697759352,11
2024-09-20 10:43:48.747,423.5472361508132,11
2024-09-20 10:43:48.752,423.5480719169821,99
2024-09-20 10:43:48.776,423.5342281569513,999
2024-09-20 10:43:48.821,423.5022337757233,15
2024-09-20 10:43:48.874,423.4785551786711,1005
2024-09-20 10:43:48.875,423.49309424505657,105
2024-09-20 10:43:48.925,423.5456728460198,105
2024-09-20 10:43:48.970,423.5421123438581,1003
2024-09-20 10:43:49.048,423.6091761117909,96
2024-09-20 10:43:49.207,,95
2024-09-20 10:43:49.391,423.5903065159,98
2024-09-20 10:43:49.396,423.6058225059409,13
2024-09-20 10:43:49.466,423.6096453128114,98
2024-09-20 10:43:49.485,423.6098613312384,11
2024-09-20 10:43:49.491,423.6224786376608,5
2024-09-20 10:43:49.748,423.6030808828971,98
2024-09-20 10:43:49.888,423.614435203453,98
2024-09-20 10:43:50.036,423.7478887804509,12
2024-09-20 10:43:50.051,423.674104804039,102
2024-09-20 10:43:50.053,423.743430907676,9
2024-09-20 10:43:50.103,423.7518517568763,1004
2024-09-20 10:43:50.105,423.7488455271276,998
2024-09-20 10:43:50.136,423.7414120712172,6
2024-09-20 10:43:50.231,423.7582109398275,997
2024-09-20 10:43:50.238,423.678341529759,99
2024-09-20 10:43:50.319,423.7187945301752,102
2024-09-20 10:43:50.419,423.7080712446319,102
2024-09-20 10:43:50.507,423.7332849795556,15
2024-09-20 10:43:50.557,423.6795622364742,8
2024-09-20 10:43:50.588,423.6601082266206,97
2024-09-20 10:43:50.617,423.71901575851,12
2024-09-20 10:43:50.651,423.73745738395536,98
2024-09-20 10:43:50.799,423.7362629307494,7
2024-09-20 10:43:50.852,423.7370461192787,8
2024-09-20 10:43:50.878,423.6637705884059,1002
2024-09-20 10:43:50.980,423.7400402513503,96
2024-09-20 10:43:51.039,423.7769803470623,1003
2024-09-20 10:43:51.094,423.789705213169,105
2024-09-20 10:43:51.166,423.78514432836704,996
2024-09-20 10:43:51.187,423.7678617881183,13
2024-09-20 10:43:51.224,423.7632129263444,1004
2024-09-20 10:43:51.238,423.7632247387211,1000
2024-09-20 10:43:51.260,423.8167977530708,996
2024-09-20 10:43:51.263,423.7758312369208,104
2024-09-20 10:43:51.308,423.7895941749591,6
2024-09-20 10:43:51.377,423.7677665094248,104
2024-09-20 10:43:51.377,423.80219147802273,11
2024-09-20 10:43:51.416,423.7827493271506,996
2024-09-20 10:43:51.475,423.8026984824366,102
2024-09-20 10:43:51.521,423.8143634109189,98
2024-09-20 10:43:51.537,423.7668204445011,997
2024-09-20 10:43:51.540,423.8059218446972,1003
2024-09-20 10:43:51.587,423.78295619661975,105
2024-09-20 10:43:51.588,423.8089703129403,11
2024-09-20 10:43:51.601,423.8107855222851,97
2024-09-20 10:43:51.640,423.76236503363526,1003
2024-09-20 10:43:51.668,423.7977511525067,98
2024-09-20 10:43:51.698,423.7781804130912,1000
2024-09-20 10:43:51.744,423.7578464628425,15
2024-09-20 10:43:51.765,423.7966397430351,99
2024-09-20 10:43:51.776,423.7613535557151,999
2024-09-20 10:43:51.854,423.8019963317356,995
2024-09-20 10:43:51.960,423.77595387986895,6
2024-09-20 10:43:51.964,423.8178128530088,13
2024-09-20 10:43:52.611,423.7620796273992,1003
2024-09-20 10:43:52.777,423.7648298095912,1000
2024-09-20 10:43:52.988,423.7632759489624,10
2024-09-20 10:43:53.137,423.8381631802504,15
2024-09-20 10:43:53.248,423.7875901930453,12
2024-09-20 10:43:53.340,423.8304306166693,5
2024-09-20 10:43:53.387,423.7668217534358,104
2024-09-20 10:43:53.540,423.8781390648541,11
2024-09-20 10:43:53.726,423.8075015443954,10
2024-09-20 10:43:53.775,423.8262326575091,1002
2024-09-20 10:43:53.818,423.7678231247908,1005
2024-09-20 10:43:53.884,423.8500925008646,12
2024-09-20 10:43:54.038,423.9044934899616,9
2024-09-20 10:43:54.073,423.90228493547534,1003
2024-09-20 10:43:54.236,423.9151852384685,101
2024-09-20 10:43:54.364,423.92761625938056,1001
2024-09-20 10:43:54.384,423.8892782450407,11
2024-09-20 10:43:54.412,423.89970521492666,103
2024-09-20 10:43:54.430,423.9143211420715,997
2024-09-20 10:43:54.432,-423.9143373590568,8
2024-09-20 10:43:54.444,423.9131626175039,102
2024-09-20 10:43:54.512,423.9334609215438,9
2024-09-20 10:43:54.550,423.90675649865767,14
2024-09-20 10:43:54.551,423.9052714495652,12
2024-09-20 10:43:54.639,423.9212607466391,7
2024-09-20 10:43:54.909,423.91502117660445,998
2024-09-20 10:43:55.231,423.8831701574155,1002
2024-09-20 10:43:55.256,423.877193416672,99
2024-09-20 10:43:55.332,423.9043868295881,11
2024-09-20 10:43:55.703,423.9286822302125,105
2024-09-20 10:43:56.017,423.8738033385548,98
2024-09-20 10:43:56.103,423.8142248014277,101
2024-09-20 10:43:56.159,423.7952651202118,995
2024-09-20 10:43:56.216,423.7397151255149,100
2024-09-20 10:43:56.251,423.80258676458624,8
2024-09-20 10:43:56.279,423.7762191985162,998
2024-09-20 10:43:56.330,-423.8717235568476,8
2024-09-20 10:43:56.364,423.856414606185,102
2024-09-20 10:43:56.373,423.8245402593038,14
2024-09-20 10:43:56.382,423.8710358648885,95
2024-09-20 10:43:56.403,423.8772882591119,998
2024-09-20 10:43:56.460,423.8882072165088,101
2024-09-20 10:43:56.577,423.8265565831582,95
2024-09-20 10:43:56.594,423.77659182731855,1004
2024-09-20 10:43:56.623,423.7270414812429,5
2024-09-20 10:43:56.701,423.8258056411653,14
2024-09-20 10:43:56.860,423.7398602063004,15
2024-09-20 10:43:56.883,423.7506847602982,9
2024-09-20 10:43:57.007,423.7495648172064,101
2024-09-20 10:43:57.022,423.7869147536302,1000
2024-09-20 10:43:57.061,423.75497255527125,98
2024-09-20 10:43:57.063,423.7725393606565,101
2024-09-20 10:43:57.071,423.773690889474,995
2024-09-20 10:43:57.116,423.78916025276544,15
2024-09-20 10:43:57.121,423.7678795765698,104
2024-09-20 10:43:57.132,423.771650801621,8
2024-09-20 10:43:57.148,423.7717401634806,102
2024-09-20 10:43:57.153,423.7709858310992,13
2024-09-20 10:43:57.206,423.7840676977568,1001
2024-09-20 10:43:57.269,423.7685849615203,12
2024-09-20 10:43:57.284,423.75290294128047,14
2024-09-20 10:43:57.348,423.7850079375086,1000
2024-09-20 10:43:57.388,423.7808649584615,96
2024-09-20 10:43:57.424,423.7677679695711,98
2024-09-20 10:43:57.447,423.770246965139,105
2024-09-20 10:43:57.546,423.8013984492807,5
2024-09-20 10:43:57.579,423.7569169583399,101
2024-09-20 10:43:57.583,423.7277762139512,1005
2024-09-20 10:43:57.720,423.755656150628,11
2024-09-20 10:43:57.786,423.76748553698286,10
2024-09-20 10:43:57.798,423.77107926375845,15
2024-09-20 10:43:57.820,423.8053676655535,999
2024-09-20 10:43:57.828,423.7504055609008,999
2024-09-20 10:43:57.850,423.7207083627622,999
2024-09-20 10:43:57.915,423.7637553712184,7
2024-09-20 10:43:57.918,423.7671468430258,5
2024-09-20 10:43:57.960,423.7529454725053,999
2024-09-20 10:43:58.041,423.75784891448666,95
2024-09-20 10:43:58.099,423.7728458497671,997
2024-09-20 10:43:58.148,,97
2024-09-20 10:43:58.157,423.7586001500208,1002
2024-09-20 10:43:58.202,423.7488354513175,1005
2024-09-20 10:43:58.470,423.7573258770176,101
2024-09-20 10:43:58.790,423.76111031057326,101
2024-09-20 10:43:58.811,423.74646854293553,14
2024-09-20 10:43:58.887,423.7489465563439,1002
2024-09-20 10:43:58.957,423.7328319772056,7
2024-09-20 10:43:59.067,423.83508026896334,997
2024-09-20 10:43:59.124,423.82300095103113,8
2024-09-20 10:43:59.188,423.8020226398707,1002
2024-09-20 10:43:59.213,423.83070716912886,995
2024-09-20 10:43:59.307,423.800819434056,1005
2024-09-20 10:43:59.345,423.79038316096376,998
2024-09-20 10:43:59.353,423.77883690325376,995
2024-09-20 10:43:59.370,423.7639453477154,13
2024-09-20 10:43:59.419,423.76076606556734,95
2024-09-20 10:43:59.434,423.7898627627696,1001
2024-09-20 10:43:59.634,423.8297239530744,999
2024-09-20 10:43:59.672,423.7931752827414,996
2024-09-20 10:43:59.826,423.78748063579087,105
2024-09-20 10:43:59.829,423.81982050875473,105
2024-09-20 10:43:59.942,423.8047677954283,100
2024-09-20 10:43:59.965,423.7876762317114,101
2024-09-20 10:43:59.981,-423.7690482822917,14
