Timestamp,Price,Size
2024-09-18 10:42:00.066,413.1918856062351,100
2024-09-18 10:42:00.098,413.1858829549512,997
2024-09-18 10:42:00.129,413.2626604683071,1001
2024-09-18 10:42:00.146,413.1933002068697,9
2024-09-18 10:42:00.243,413.1864144380277,103
2024-09-18 10:42:00.330,413.22804336478,103
2024-09-18 10:42:00.352,413.2197650128034,13
2024-09-18 10:42:00.361,413.1995654969016,1000
2024-09-18 10:42:00.365,413.2143652096083,95
2024-09-18 10:42:00.423,413.2187254482589,996
2024-09-18 10:42:00.428,413.2988649959322,1005
2024-09-18 10:42:00.432,413.2289515519034,104
2024-09-18 10:42:00.511,413.15850299937296,95
2024-09-18 10:42:00.513,413.2276690243268,1002
2024-09-18 10:42:00.544,413.2205008383448,13
2024-09-18 10:42:00.566,413.22754584826527,14
2024-09-18 10:42:00.571,413.21651321784645,6
2024-09-18 10:42:00.592,413.2293206482069,10
2024-09-18 10:42:00.626,413.2395987928559,15
2024-09-18 10:42:00.631,413.23674655453016,14
2024-09-18 10:42:00.707,413.2233676567003,995
2024-09-18 10:42:00.767,413.2040175250152,7
2024-09-18 10:42:00.785,413.2358277202766,12
2024-09-18 10:42:00.818,413.23383679645406,13
2024-09-18 10:42:00.819,413.28386013850553,12
2024-09-18 10:42:00.869,413.2463094839006,997
2024-09-18 10:42:00.876,413.2379914373697,11
2024-09-18 10:42:00.896,413.23908018152713,11
2024-09-18 10:42:00.913,413.16133221194457,11
2024-09-18 10:42:00.925,413.2144829311651,103
2024-09-18 10:42:01.096,413.1656719514356,8
2024-09-18 10:42:01.227,413.1278478841487,96
2024-09-18 10:42:01.421,413.1442155376936,1000
2024-09-18 10:42:01.562,413.21738561829255,996
2024-09-18 10:42:01.583,413.1577479870034,100
2024-09-18 10:42:01.587,413.1290961445487,1004
2024-09-18 10:42:01.708,413.1457386480258,14
2024-09-18 10:42:01.753,413.1584608587629,997
2024-09-18 10:42:01.754,413.1428884539162,1000
2024-09-18 10:42:01.772,413.1895886954403,14
2024-09-18 10:42:01.951,413.1453965200558,96
2024-09-18 10:42:02.007,413.2411117993547,96
2024-09-18 10:42:02.075,413.2369052094522,12
2024-09-18 10:42:02.163,413.232702169897,10
2024-09-18 10:42:02.173,413.2435854660652,100
2024-09-18 10:42:02.188,413.22514058760265,997
2024-09-18 10:42:02.215,413.25723106740986,6
2024-09-18 10:42:02.226,413.2525011324342,998
2024-09-18 10:42:02.251,413.2791067372131,1002
2024-09-18 10:42:02.337,413.2417183636261,96
2024-09-18 10:42:02.368,413.22669893907977,1005
2024-09-18 10:42:02.476,413.2831338675303,1000
2024-09-18 10:42:02.494,413.2702266493792,15
2024-09-18 10:42:02.501,413.2354376185695,13
2024-09-18 10:42:02.515,413.2727017944203,1005
2024-09-18 10:42:02.561,413.2774097993904,995
2024-09-18 10:42:02.634,413.2449656769887,99
2024-09-18 10:42:02.682,413.2858631486999,1002
2024-09-18 10:42:02.747,413.2434387787353,1000
2024-09-18 10:42:02.756,413.2813142419576,10
2024-09-18 10:42:02.854,413.240379649282,1004
2024-09-18 10:42:02.877,413.246975917112,12
2024-09-18 10:42:02.882,413.27149652916506,1000
2024-09-18 10:42:02.922,413.2505693091614,999
2024-09-18 10:42:02.969,413.2685192416657,96
2024-09-18 10:42:02.976,413.2464053944999,14
2024-09-18 10:42:03.387,413.22040055190615,95
2024-09-18 10:42:03.510,413.2519281833349,9
2024-09-18 10:42:03.712,413.2312957051628,100
2024-09-18 10:42:04.002,413.2196530367058,10
2024-09-18 10:42:04.018,413.24436891388575,103
2024-09-18 10:42:04.051,413.2240709937484,8
2024-09-18 10:42:04.058,413.20134792985925,15
2024-09-18 10:42:04.182,413.2135958393636,105
2024-09-18 10:42:04.242,413.2406073025459,105
2024-09-18 10:42:04.325,413.1935474851777,5
2024-09-18 10:42:04.357,413.242739068711,996
2024-09-18 10:42:04.447,413.2109002928909,998
2024-09-18 10:42:04.526,413.1917228066732,12
2024-09-18 10:42:04.585,413.26093326767904,5
2024-09-18 10:42:04.668,413.2069641654132,1004
2024-09-18 10:42:04.900,413.2040478176158,102
2024-09-18 10:42:05.040,413.2453544302606,96
2024-09-18 10:42:05.106,413.25695887897655,102
2024-09-18 10:42:05.132,413.26518679990016,101
2024-09-18 10:42:05.364,413.2353717664314,101
2024-09-18 10:42:05.536,413.2626633419372,99
2024-09-18 10:42:05.718,413.2630127891897,1004
2024-09-18 10:42:05.739,413.2159716420134,99
2024-09-18 10:42:05.866,413.2290167543389,97
2024-09-18 10:42:05.885,413.2512416288756,14
2024-09-18 10:42:05.913,413.1880701620691,1002
2024-09-18 10:42:06.056,413.1664867509308,999
2024-09-18 10:42:06.063,413.17062919272746,999
2024-09-18 10:42:06.078,413.1960773667122,104
2024-09-18 10:42:06.092,413.1702116992489,102
2024-09-18 10:42:06.107,413.16956625175095,7
2024-09-18 10:42:06.232,413.18081645259207,104
2024-09-18 10:42:06.342,413.1569209141047,1000
2024-09-18 10:42:06.459,413.18362544813135,103
2024-09-18 10:42:06.515,413.1691115457777,10
2024-09-18 10:42:06.587,413.19047122026535,105
2024-09-18 10:42:06.625,413.2078340588638,15
2024-09-18 10:42:06.640,413.1644016832733,13
2024-09-18 10:42:06.644,413.17125706039457,1003
2024-09-18 10:42:06.679,413.1841087967152,104
2024-09-18 10:42:06.688,413.2000545730344,105
2024-09-18 10:42:06.688,413.1806137130154,1000
2024-09-18 10:42:06.692,413.1928419823991,99
2024-09-18 10:42:06.719,413.1817869425193,1005
2024-09-18 10:42:06.781,413.1759997096216,8
2024-09-18 10:42:06.784,413.1644971682216,102
2024-09-18 10:42:06.798,413.1751784386528,996
2024-09-18 10:42:06.823,413.1765181868358,7
2024-09-18 10:42:06.915,413.17878756483975,995
2024-09-18 10:42:06.968,413.1773150863154,104
2024-09-18 10:42:06.998,413.178477683942,11
2024-09-18 10:42:07.085,413.1486771989661,995
2024-09-18 10:42:07.117,413.1527964505832,98
2024-09-18 10:42:07.119,413.15702890562295,8
2024-09-18 10:42:07.365,413.1584947469357,100
2024-09-18 10:42:07.430,413.10824571628416,95
2024-09-18 10:42:07.458,413.103070121605,1004
2024-09-18 10:42:07.507,413.1631001008491,102
2024-09-18 10:42:07.509,413.1353274290176,95
2024-09-18 10:42:07.640,413.1257742964118,104
2024-09-18 10:42:07.747,413.1179312675755,105
2024-09-18 10:42:07.951,413.1164427991973,96
2024-09-18 10:42:08.100,413.11237580660776,5
2024-09-18 10:42:09.052,413.14016967519046,14
2024-09-18 10:42:09.114,413.1538770991913,102
2024-09-18 10:42:09.278,413.118094817752,96
2024-09-18 10:42:09.298,413.1645400888475,11
2024-09-18 10:42:09.308,413.1859280669487,101
2024-09-18 10:42:09.341,413.1810776257901,1003
2024-09-18 10:42:09.354,413.1664724419468,1001
2024-09-18 10:42:09.387,413.16233693654914,9
2024-09-18 10:42:09.486,413.1396284912908,11
2024-09-18 10:42:09.614,413.1446284252779,101
2024-09-18 10:42:10.105,413.1972875219018,13
2024-09-18 10:42:10.145,413.1526249308956,10
2024-09-18 10:42:10.153,413.13543872740496,95
2024-09-18 10:42:10.208,413.1575314133153,996
2024-09-18 10:42:10.262,413.15173961080086,102
2024-09-18 10:42:10.337,413.1445444558215,105
2024-09-18 10:42:10.356,413.1585904225191,9
2024-09-18 10:42:10.392,413.1459136895591,996
2024-09-18 10:42:10.488,413.1656749337632,105
2024-09-18 10:42:10.575,413.1440052464611,96
2024-09-18 10:42:10.613,413.1560106974361,105
2024-09-18 10:42:10.817,413.181707058518,999
2024-09-18 10:42:11.035,413.1346212508653,14
2024-09-18 10:42:11.212,413.1208615258089,997
2024-09-18 10:42:11.224,413.1318023156225,998
2024-09-18 10:42:11.259,413.15156786219535,96
2024-09-18 10:42:11.367,413.1414229779814,1004
2024-09-18 10:42:11.568,413.1410966583947,8
2024-09-18 10:42:11.668,,104
2024-09-18 10:42:11.771,413.1497275659616,103
2024-09-18 10:42:11.830,413.12510881234704,1004
2024-09-18 10:42:11.912,413.1363759898539,98
2024-09-18 10:42:12.045,413.1920126674766,1000
2024-09-18 10:42:12.160,413.1205615345755,995
2024-09-18 10:42:12.173,413.1232518635486,9
2024-09-18 10:42:12.229,413.1394068418885,103
2024-09-18 10:42:12.238,413.171380854864,14
2024-09-18 10:42:12.302,413.1485851548181,98
2024-09-18 10:42:12.328,413.1656383820903,13
2024-09-18 10:42:12.358,413.1495693155297,999
2024-09-18 10:42:12.363,413.1444859740339,95
2024-09-18 10:42:12.363,413.1293798156953,5
2024-09-18 10:42:12.461,413.2065530467994,100
2024-09-18 10:42:12.491,413.1403049302634,1000
2024-09-18 10:42:12.515,413.162418951699,104
2024-09-18 10:42:12.565,413.1244282453176,10
2024-09-18 10:42:12.590,413.1383158493099,1005
2024-09-18 10:42:12.620,413.24898243082623,1002
2024-09-18 10:42:12.722,413.1117069284893,1004
2024-09-18 10:42:12.735,41.31541729263038,98
2024-09-18 10:42:12.781,413.15258134197,999
2024-09-18 10:42:12.805,413.1336112888224,1001
2024-09-18 10:42:12.834,413.10376004724816,8
2024-09-18 10:42:12.849,413.12620462712914,11
2024-09-18 10:42:12.869,413.1310142278887,10
2024-09-18 10:42:12.878,,105
2024-09-18 10:42:12.880,413.15224300629313,105
2024-09-18 10:42:12.891,413.1285279344424,6
2024-09-18 10:42:12.975,413.1408044516169,15
2024-09-18 10:42:12.981,413.1325076782927,1000
2024-09-18 10:42:12.981,413.2241123268636,97
2024-09-18 10:42:12.998,413.18172489299815,96
2024-09-18 10:42:13.231,413.2992503274726,101
2024-09-18 10:42:13.385,413.32347540231,103
2024-09-18 10:42:13.421,413.3171317231592,15
2024-09-18 10:42:13.543,413.276737452465,105
2024-09-18 10:42:13.610,413.2585271770106,14
2024-09-18 10:42:13.772,413.2746532528542,105
2024-09-18 10:42:13.955,,10
2024-09-18 10:42:13.958,413.2745889071063,9
2024-09-18 10:42:14.052,413.3557694896155,997
2024-09-18 10:42:14.091,413.3460325444605,12
2024-09-18 10:42:14.104,413.34974918362457,8
2024-09-18 10:42:14.125,413.3203311660535,98
2024-09-18 10:42:14.148,413.3229337163643,104
2024-09-18 10:42:14.161,413.3470222638245,102
2024-09-18 10:42:14.166,413.3157735504799,100
2024-09-18 10:42:14.234,413.27681126330606,1005
2024-09-18 10:42:14.240,413.3576881421288,14
2024-09-18 10:42:14.254,413.3385442653974,14
2024-09-18 10:42:14.255,413.26311624236223,101
2024-09-18 10:42:14.265,413.33705967743816,105
2024-09-18 10:42:14.274,413.36077539303056,1002
2024-09-18 10:42:14.297,413.3447213495194,10
2024-09-18 10:42:14.342,,1004
2024-09-18 10:42:14.395,413.2905156016448,13
2024-09-18 10:42:14.406,413.3008990769493,1001
2024-09-18 10:42:14.433,413.34913835488754,995
2024-09-18 10:42:14.473,413.35093884276455,10
2024-09-18 10:42:14.691,413.3292440076106,1002
2024-09-18 10:42:14.723,413.346543395856,998
2024-09-18 10:42:14.873,413.317040714517,100
2024-09-18 10:42:14.883,413.2665806327115,103
2024-09-18 10:42:14.894,-413.3271180512137,98
2024-09-18 10:42:14.959,413.354809950204,5
2024-09-18 10:42:15.011,413.3230623756794,99
2024-09-18 10:42:15.074,413.3007916709216,1000
2024-09-18 10:42:15.093,413.313706902694,97
2024-09-18 10:42:15.100,413.33999477208965,1002
2024-09-18 10:42:15.134,413.31707701245097,15
2024-09-18 10:42:15.147,413.3373493898548,96
2024-09-18 10:42:15.166,413.330326561926,8
2024-09-18 10:42:15.169,413.3070385123991,15
2024-09-18 10:42:15.172,413.3136451702189,10
2024-09-18 10:42:15.207,413.3385045889031,105
2024-09-18 10:42:15.238,413.3429156373884,11
2024-09-18 10:42:15.281,413.32346392807307,999
2024-09-18 10:42:15.285,413.29822214105576,5
2024-09-18 10:42:15.313,413.3135696840614,14
2024-09-18 10:42:15.337,413.3246386833693,998
2024-09-18 10:42:15.405,413.3384885285157,10
2024-09-18 10:42:15.500,413.3159658188383,103
2024-09-18 10:42:15.516,413.3321551823593,1000
2024-09-18 10:42:15.614,413.3315521494467,8
2024-09-18 10:42:15.645,413.3210147536541,95
2024-09-18 10:42:15.714,413.33012375577664,103
2024-09-18 10:42:15.725,413.29927924266127,7
2024-09-18 10:42:15.726,413.3227589921569,101
2024-09-18 10:42:15.797,413.3126914158237,15
2024-09-18 10:42:15.856,413.3120104893114,8
2024-09-18 10:42:15.957,413.3215815756615,998
2024-09-18 10:42:16.010,413.3584897207036,96
2024-09-18 10:42:16.047,413.3569004868659,97
2024-09-18 10:42:16.053,413.328087412954,102
2024-09-18 10:42:16.125,413.3894971408378,1004
2024-09-18 10:42:16.142,41.33601513042566,96
2024-09-18 10:42:16.171,413.3708906518552,12
2024-09-18 10:42:16.178,413.33752713621067,1000
2024-09-18 10:42:16.229,413.3776629384502,11
2024-09-18 10:42:16.240,413.3561987896946,95
2024-09-18 10:42:16.345,413.3715107210011,1004
2024-09-18 10:42:16.416,413.3674622145,102
2024-09-18 10:42:16.440,413.3811445567066,103
2024-09-18 10:42:16.517,413.3650948067872,98
2024-09-18 10:42:16.653,413.3654951079691,97
2024-09-18 10:42:16.692,413.3300505829956,1002
2024-09-18 10:42:16.807,413.371816078475,96
2024-09-18 10:42:16.810,413.353805486256,1005
2024-09-18 10:42:16.823,413.3817810193957,1002
2024-09-18 10:42:16.860,413.36720602486656,996
2024-09-18 10:42:16.893,413.3323668586543,105
2024-09-18 10:42:17.278,413.3826178253968,999
2024-09-18 10:42:17.376,413.3152130262214,999
2024-09-18 10:42:17.426,413.3255871571473,1002
2024-09-18 10:42:17.520,413.3339086051559,997
2024-09-18 10:42:17.553,413.35805229651385,1003
2024-09-18 10:42:17.586,413.3323918753862,96
2024-09-18 10:42:17.642,413.3751810389784,995
2024-09-18 10:42:17.679,413.3828525079763,101
2024-09-18 10:42:17.785,413.3842591624842,10
2024-09-18 10:42:17.821,413.3251613277349,6
2024-09-18 10:42:17.821,413.3456666364833,1005
2024-09-18 10:42:17.854,413.34734699492606,1000
2024-09-18 10:42:17.874,413.3348861102512,98
2024-09-18 10:42:17.898,413.3513760191219,97
2024-09-18 10:42:17.950,413.3318127676432,14
2024-09-18 10:42:18.359,413.3799675501191,99
2024-09-18 10:42:18.503,413.38745975475285,103
2024-09-18 10:42:18.632,413.3881177987077,1005
2024-09-18 10:42:18.742,413.3914668963416,9
2024-09-18 10:42:19.075,413.404224761335,13
2024-09-18 10:42:19.115,413.4245156875021,104
2024-09-18 10:42:19.130,413.4128162463501,9
2024-09-18 10:42:19.143,413.37975339319473,1002
2024-09-18 10:42:19.170,413.43608952606405,5
2024-09-18 10:42:19.194,413.3885017552465,12
2024-09-18 10:42:19.212,413.3874537211767,1003
2024-09-18 10:42:19.232,413.3983026439072,11
2024-09-18 10:42:19.264,413.3713331874475,104
2024-09-18 10:42:19.267,413.40370112743113,1003
2024-09-18 10:42:19.315,413.3816924389594,105
2024-09-18 10:42:19.328,413.38092626057744,99
2024-09-18 10:42:19.363,413.3964843344577,97
2024-09-18 10:42:19.398,413.3767812734913,96
2024-09-18 10:42:19.419,413.3969407307324,1003
2024-09-18 10:42:19.428,-413.37340819026457,1001
2024-09-18 10:42:19.479,413.4087082829111,11
2024-09-18 10:42:19.540,413.4542786635294,1001
2024-09-18 10:42:19.568,413.3818343264984,1001
2024-09-18 10:42:19.573,413.4798161405397,105
2024-09-18 10:42:19.726,413.42987277991807,14
2024-09-18 10:42:19.783,413.4083569281181,96
2024-09-18 10:42:19.833,413.4304498763552,8
2024-09-18 10:42:19.895,413.4153306289582,7
2024-09-18 10:42:19.945,413.39614380596953,97
2024-09-18 10:42:19.966,413.44241475832325,5
2024-09-18 10:42:20.041,413.4874361316111,105
2024-09-18 10:42:20.118,413.4899297366223,1001
2024-09-18 10:42:20.190,413.46565020020665,997
2024-09-18 10:42:20.237,413.4831708833125,100
2024-09-18 10:42:20.607,413.4632474790389,997
2024-09-18 10:42:20.652,413.4598818065948,1002
2024-09-18 10:42:20.725,413.4887207830186,1005
2024-09-18 10:42:20.745,413.4790334996209,96
2024-09-18 10:42:20.786,413.4793261770649,11
2024-09-18 10:42:20.809,413.4948939589724,1005
2024-09-18 10:42:20.994,413.48188534938186,1000
2024-09-18 10:42:21.351,413.4882822681036,995
2024-09-18 10:42:21.823,413.5051167213112,8
2024-09-18 10:42:22.027,413.5159301940232,998
2024-09-18 10:42:22.060,413.5419440525863,6
2024-09-18 10:42:22.076,413.5125444056836,98
2024-09-18 10:42:22.119,413.545897055264,99
2024-09-18 10:42:22.150,413.5098035529435,96
2024-09-18 10:42:22.156,413.5324068076146,13
2024-09-18 10:42:22.205,413.5363801943564,1000
2024-09-18 10:42:22.240,413.5469087064558,996
2024-09-18 10:42:22.243,413.5308642429295,1004
2024-09-18 10:42:22.291,413.5490721966892,15
2024-09-18 10:42:22.377,413.54310221154975,104
2024-09-18 10:42:22.449,413.5340645703607,98
2024-09-18 10:42:22.471,413.534074703643,11
2024-09-18 10:42:22.484,413.5336314474475,1003
2024-09-18 10:42:22.485,413.5369589430602,97
2024-09-18 10:42:22.496,413.53299957793297,14
2024-09-18 10:42:22.538,413.5265716463724,104
2024-09-18 10:42:22.585,413.5400038935428,1002
2024-09-18 10:42:22.628,413.5248983511033,103
2024-09-18 10:42:22.637,413.5406884866733,8
2024-09-18 10:42:22.678,413.52218028466734,5
2024-09-18 10:42:22.709,413.5440947369916,101
2024-09-18 10:42:22.759,413.5418702434162,1004
2024-09-18 10:42:22.808,413.5217245362373,1002
2024-09-18 10:42:22.811,413.5194173449472,96
2024-09-18 10:42:22.904,413.55052188421456,998
2024-09-18 10:42:22.949,413.5120300621477,95
2024-09-18 10:42:23.013,413.4939380031272,6
2024-09-18 10:42:23.148,413.5350131349649,99
2024-09-18 10:42:23.185,413.5431855189604,1000
2024-09-18 10:42:23.275,413.5206672157983,100
2024-09-18 10:42:23.304,413.5011737465268,102
2024-09-18 10:42:23.312,413.5300708156361,1005
2024-09-18 10:42:23.320,413.5070145531638,1002
2024-09-18 10:42:23.333,413.5300335677112,103
2024-09-18 10:42:23.370,413.5313226014687,101
2024-09-18 10:42:23.386,413.52371208883983,7
2024-09-18 10:42:23.408,413.5098711944054,1001
2024-09-18 10:42:23.599,413.522056471114,99
2024-09-18 10:42:23.764,413.5438887932316,997
2024-09-18 10:42:23.767,413.52570241404993,1004
2024-09-18 10:42:23.908,413.5048245353406,998
2024-09-18 10:42:24.029,413.4622741189903,103
2024-09-18 10:42:24.074,413.4994425432357,98
2024-09-18 10:42:24.142,413.44839578863537,1001
2024-09-18 10:42:24.152,413.4764916766897,1005
2024-09-18 10:42:24.192,413.4659761490856,95
2024-09-18 10:42:24.206,413.4486158034071,1000
2024-09-18 10:42:24.265,413.4461902366661,105
2024-09-18 10:42:24.369,413.47451399688265,100
2024-09-18 10:42:24.379,413.49050222037874,102
2024-09-18 10:42:24.500,413.4782650119346,15
2024-09-18 10:42:24.529,413.4584735407757,995
2024-09-18 10:42:24.569,413.4609583228742,98
2024-09-18 10:42:24.577,413.480046078788,11
2024-09-18 10:42:24.636,413.4763012942472,103
2024-09-18 10:42:24.652,413.46800865991895,11
2024-09-18 10:42:24.788,413.4710814212791,10
2024-09-18 10:42:24.819,413.5070845262601,9
2024-09-18 10:42:24.882,413.4778959848831,103
2024-09-18 10:42:25.053,413.54859308583127,1000
2024-09-18 10:42:25.053,413.5377987713165,10
2024-09-18 10:42:25.129,413.5624929809084,1000
2024-09-18 10:42:25.187,413.5032463738269,5
2024-09-18 10:42:25.288,413.473054344467,100
2024-09-18 10:42:25.301,413.4902750808619,12
2024-09-18 10:42:25.332,413.56342493877935,99
2024-09-18 10:42:25.431,413.54861712767206,5
2024-09-18 10:42:25.485,413.5561608795904,13
2024-09-18 10:42:25.572,413.5379887969295,996
2024-09-18 10:42:25.634,413.51089889221487,11
2024-09-18 10:42:25.724,413.5431168941856,11
2024-09-18 10:42:25.798,413.57140190148135,96
2024-09-18 10:42:25.822,413.55175796237353,997
2024-09-18 10:42:25.957,413.5388449778144,103
2024-09-18 10:42:25.990,413.5309181898486,97
2024-09-18 10:42:26.002,413.5804515053719,999
2024-09-18 10:42:26.004,413.5818151419159,98
2024-09-18 10:42:26.089,413.6184235635104,95
2024-09-18 10:42:26.098,413.5795829609796,95
2024-09-18 10:42:26.156,413.5790600408599,7
2024-09-18 10:42:26.194,413.59942109864943,102
2024-09-18 10:42:26.265,413.5908785860721,95
2024-09-18 10:42:26.312,413.5997333873863,1004
2024-09-18 10:42:26.321,413.6032841598321,98
2024-09-18 10:42:26.413,413.5648823148221,10
2024-09-18 10:42:26.414,413.5705912691949,5
2024-09-18 10:42:26.470,413.5624445204611,102
2024-09-18 10:42:26.474,413.61392910283627,8
2024-09-18 10:42:26.507,413.606628520831,998
2024-09-18 10:42:26.542,41.36180163644509,103
2024-09-18 10:42:26.576,413.5934237918665,7
2024-09-18 10:42:26.711,413.5931915815626,1004
2024-09-18 10:42:26.718,413.6129619685528,105
2024-09-18 10:42:26.732,413.6060092696782,7
2024-09-18 10:42:26.766,413.5850731393847,103
2024-09-18 10:42:26.808,413.60926616212186,8
2024-09-18 10:42:26.809,413.5561986763308,996
2024-09-18 10:42:26.863,413.6241215635303,14
2024-09-18 10:42:26.929,413.630936655411,1003
2024-09-18 10:42:26.936,413.5729626811621,1003
2024-09-18 10:42:26.940,-413.5844047278164,5
2024-09-18 10:42:26.956,413.5825589486977,9
2024-09-18 10:42:27.008,413.608753136832,1001
2024-09-18 10:42:27.077,413.6089140084332,1003
2024-09-18 10:42:27.080,413.61854911430487,5
2024-09-18 10:42:27.175,413.6177099265534,998
2024-09-18 10:42:27.188,413.6084771944658,102
2024-09-18 10:42:27.517,413.6181634176815,1001
2024-09-18 10:42:27.659,413.6171141308188,997
2024-09-18 10:42:27.662,413.6321454114098,8
2024-09-18 10:42:27.879,413.623810783972,995
2024-09-18 10:42:27.957,413.603405361452,998
2024-09-18 10:42:28.002,413.6103441602827,999
2024-09-18 10:42:28.003,413.6269445150164,101
2024-09-18 10:42:28.089,413.6221671354242,102
2024-09-18 10:42:28.092,413.6217282313439,15
2024-09-18 10:42:28.108,413.61739142809074,100
2024-09-18 10:42:28.210,413.62854297731934,13
2024-09-18 10:42:28.277,-413.6134365262162,15
2024-09-18 10:42:28.402,413.61825834507647,103
2024-09-18 10:42:28.416,413.63775130492536,1005
2024-09-18 10:42:28.481,413.6317297776573,6
2024-09-18 10:42:28.535,413.6312329985757,95
2024-09-18 10:42:28.548,413.63565070255737,998
2024-09-18 10:42:28.652,413.629063069029,1004
2024-09-18 10:42:28.697,413.6060464395515,1003
2024-09-18 10:42:28.805,413.6265466604124,12
2024-09-18 10:42:28.851,413.6198733493417,995
2024-09-18 10:42:28.879,413.6420958447364,8
2024-09-18 10:42:28.926,413.6088238972362,995
2024-09-18 10:42:28.972,413.61852096209583,1004
2024-09-18 10:42:29.040,413.5944036567095,12
2024-09-18 10:42:29.103,413.615734119584,102
2024-09-18 10:42:29.274,413.6057659402628,6
2024-09-18 10:42:29.286,413.6336325288864,996
2024-09-18 10:42:29.336,413.59389207462607,997
2024-09-18 10:42:29.343,413.66688833490014,1002
2024-09-18 10:42:29.429,413.6296271507319,15
2024-09-18 10:42:29.484,413.658695885187,998
2024-09-18 10:42:29.494,413.6020467166641,15
2024-09-18 10:42:29.655,413.6481949650335,10
2024-09-18 10:42:29.687,,97
2024-09-18 10:42:29.711,413.6028617940789,14
2024-09-18 10:42:29.786,413.598272928817,14
2024-09-18 10:42:29.823,413.62950683542255,999
2024-09-18 10:42:29.828,413.6516877177133,1003
2024-09-18 10:42:29.852,413.6109699909216,6
2024-09-18 10:42:29.944,413.6189972665626,13
2024-09-18 10:42:29.966,413.6353606485079,95
2024-09-18 10:42:30.046,413.6399947073738,1001
2024-09-18 10:42:30.062,413.64724753798544,99
2024-09-18 10:42:30.095,413.5515021895683,995
2024-09-18 10:42:30.140,413.6347123102765,95
2024-09-18 10:42:30.278,413.6357810575184,101
2024-09-18 10:42:30.285,413.63654155953833,14
2024-09-18 10:42:30.291,413.5980677129122,105
2024-09-18 10:42:30.299,413.6314420101135,6
2024-09-18 10:42:30.311,413.56674645928473,100
2024-09-18 10:42:30.339,413.6232383244038,995
2024-09-18 10:42:30.364,-413.6220177845905,13
2024-09-18 10:42:30.384,413.6591543077031,1005
2024-09-18 10:42:30.424,413.63938022868086,1004
2024-09-18 10:42:30.503,413.60360506764255,101
2024-09-18 10:42:30.525,413.6245895464532,8
2024-09-18 10:42:30.528,413.6466316059889,97
2024-09-18 10:42:30.574,413.6283708778892,99
2024-09-18 10:42:30.646,413.64001689293286,100
2024-09-18 10:42:30.670,413.62948215597936,11
2024-09-18 10:42:30.701,-413.6198586847989,1005
2024-09-18 10:42:30.709,413.60791334690026,104
2024-09-18 10:42:30.742,413.6141414614493,1005
2024-09-18 10:42:30.762,413.5469366576816,10
2024-09-18 10:42:30.868,413.54628641421976,5
2024-09-18 10:42:30.876,413.6240912333417,999
2024-09-18 10:42:30.883,413.55105197119263,1000
2024-09-18 10:42:30.920,413.6280089893263,7
2024-09-18 10:42:30.928,413.62782081728017,999
2024-09-18 10:42:30.956,413.5663615619874,103
2024-09-18 10:42:30.960,413.56600312424746,1005
2024-09-18 10:42:31.024,413.5159069351395,14
2024-09-18 10:42:31.034,413.5092018171447,101
2024-09-18 10:42:31.074,413.5731658044963,105
2024-09-18 10:42:31.075,413.5236482445872,98
2024-09-18 10:42:31.108,413.5444620483683,101
2024-09-18 10:42:31.183,413.5174926455308,12
2024-09-18 10:42:31.222,413.5557973483277,103
2024-09-18 10:42:31.258,413.5573044109226,100
2024-09-18 10:42:31.338,413.5660669449084,13
2024-09-18 10:42:31.357,413.53024350795897,1003
2024-09-18 10:42:31.382,413.5506903570093,14
2024-09-18 10:42:31.411,413.53178681602014,15
2024-09-18 10:42:31.415,413.5127333321312,995
2024-09-18 10:42:31.421,413.5351257923577,8
2024-09-18 10:42:31.473,413.5326726477194,13
2024-09-18 10:42:31.526,413.5211883600376,99
2024-09-18 10:42:31.544,413.5268724431888,95
2024-09-18 10:42:31.548,413.5524253640528,998
2024-09-18 10:42:31.586,,9
2024-09-18 10:42:31.618,413.51475893712126,1005
2024-09-18 10:42:31.627,413.528085812113,1005
2024-09-18 10:42:31.662,413.5266371991578,996
2024-09-18 10:42:31.679,413.5404029799597,97
2024-09-18 10:42:31.815,413.5167428052959,997
2024-09-18 10:42:31.865,413.5059743933148,998
2024-09-18 10:42:31.948,413.5162241789747,104
2024-09-18 10:42:32.110,413.5755048216876,1001
2024-09-18 10:42:32.172,413.6071058925468,999
2024-09-18 10:42:32.277,413.61020096564647,102
2024-09-18 10:42:32.360,413.57885639438206,8
2024-09-18 10:42:32.365,413.57487729169554,105
2024-09-18 10:42:32.380,413.59651482648326,10
2024-09-18 10:42:32.414,413.5797232609862,10
2024-09-18 10:42:32.419,,99
2024-09-18 10:42:32.504,413.5981505338687,999
2024-09-18 10:42:32.551,413.5787454103312,100
2024-09-18 10:42:32.610,413.61215351248126,1002
2024-09-18 10:42:32.659,413.6042429818216,8
2024-09-18 10:42:32.671,41.3579686468254,103
2024-09-18 10:42:32.860,41.36218706745741,999
2024-09-18 10:42:32.898,413.6247744153805,98
2024-09-18 10:42:32.909,413.6131966404423,1002
2024-09-18 10:42:32.916,413.61017037735087,1000
2024-09-18 10:42:33.016,413.50459819055095,1004
2024-09-18 10:42:33.023,413.5168120280826,1003
2024-09-18 10:42:33.105,413.5125071783684,1004
2024-09-18 10:42:33.112,413.4994435614001,95
2024-09-18 10:42:33.192,413.4798079484592,11
2024-09-18 10:42:33.207,413.5477292705134,102
2024-09-18 10:42:33.216,413.5440430142716,1004
2024-09-18 10:42:33.228,413.56853741902137,8
2024-09-18 10:42:33.237,413.4831962738714,1001
2024-09-18 10:42:33.374,413.5519754905055,99
2024-09-18 10:42:33.388,413.52272145574153,995
2024-09-18 10:42:33.413,413.54025101378,7
2024-09-18 10:42:33.419,413.58697682440175,6
2024-09-18 10:42:33.439,413.5232496875353,95
2024-09-18 10:42:33.622,413.55779888475416,12
2024-09-18 10:42:33.639,413.517261197118,1005
2024-09-18 10:42:33.652,413.5003896418376,99
2024-09-18 10:42:33.685,413.5641221735908,1005
2024-09-18 10:42:33.694,413.5863397389842,102
2024-09-18 10:42:33.738,413.5232796924308,1005
2024-09-18 10:42:33.744,413.49789224477365,95
2024-09-18 10:42:33.839,413.59745599828017,11
2024-09-18 10:42:33.868,413.5702796129585,12
2024-09-18 10:42:33.876,413.5529674757297,95
2024-09-18 10:42:33.908,413.48491518185136,1001
2024-09-18 10:42:33.930,413.5919662311399,14
2024-09-18 10:42:34.035,413.4921795510718,8
2024-09-18 10:42:34.244,413.4462216910528,996
2024-09-18 10:42:34.331,413.4392959730128,998
2024-09-18 10:42:34.368,413.45695310917256,1003
2024-09-18 10:42:34.470,413.40778094083225,997
2024-09-18 10:42:34.522,413.467099729661,97
2024-09-18 10:42:34.762,413.4982293903234,998
2024-09-18 10:42:34.957,413.4969810883149,105
2024-09-18 10:42:35.148,413.47945749237226,100
2024-09-18 10:42:35.295,413.46690888365066,95
2024-09-18 10:42:35.315,413.4832495417633,11
2024-09-18 10:42:35.351,413.4767102834126,1003
2024-09-18 10:42:35.359,413.4687110882701,96
2024-09-18 10:42:35.389,413.4417594242502,102
2024-09-18 10:42:35.438,413.43380425749086,1002
2024-09-18 10:42:35.521,413.4939072229984,1002
2024-09-18 10:42:35.579,413.5022314347218,11
2024-09-18 10:42:35.626,413.42020616281104,1003
2024-09-18 10:42:35.763,413.4263425593935,1003
2024-09-18 10:42:35.927,41.350662189020376,7
2024-09-18 10:42:36.046,413.5106421513032,105
2024-09-18 10:42:36.137,413.4783293307119,1003
2024-09-18 10:42:36.156,413.46152833243286,102
2024-09-18 10:42:36.200,413.52153095163465,105
2024-09-18 10:42:36.246,413.44410813381865,8
2024-09-18 10:42:36.261,413.4840564910956,12
2024-09-18 10:42:36.269,413.4788278832796,97
2024-09-18 10:42:36.296,413.5014116828327,6
2024-09-18 10:42:36.300,413.46986761118734,8
2024-09-18 10:42:36.334,413.47769332159567,996
2024-09-18 10:42:36.347,413.54931736013407,5
2024-09-18 10:42:36.352,413.4706970900288,1000
2024-09-18 10:42:36.402,413.4772337876317,101
2024-09-18 10:42:36.422,413.5079742360225,996
2024-09-18 10:42:36.512,413.5134589692605,6
2024-09-18 10:42:36.538,413.49355099476486,997
2024-09-18 10:42:36.596,413.4965126596159,9
2024-09-18 10:42:36.633,413.4347248663436,97
2024-09-18 10:42:36.681,413.49589079073456,999
2024-09-18 10:42:36.693,413.5069739758572,997
2024-09-18 10:42:36.771,413.44729308038086,998
2024-09-18 10:42:36.807,413.5079748879842,99
2024-09-18 10:42:36.825,413.4895696238313,1001
2024-09-18 10:42:36.841,413.529681198009,1003
2024-09-18 10:42:36.843,413.4642950343526,1002
2024-09-18 10:42:36.874,413.5171828024888,105
2024-09-18 10:42:36.946,413.5100936340901,1000
2024-09-18 10:42:36.989,413.4606743379362,11
2024-09-18 10:42:37.045,413.5571920210013,15
2024-09-18 10:42:37.068,413.5734011513078,998
2024-09-18 10:42:37.072,413.5628850482588,97
2024-09-18 10:42:37.077,413.56348627495856,12
2024-09-18 10:42:37.108,413.56197857368807,14
2024-09-18 10:42:37.132,413.5608703160895,1000
2024-09-18 10:42:37.246,413.5792053606953,7
2024-09-18 10:42:37.261,413.5692810084065,1004
2024-09-18 10:42:37.281,413.5452954385592,98
2024-09-18 10:42:37.315,413.5548208236095,998
2024-09-18 10:42:37.392,413.53910232957946,10
2024-09-18 10:42:37.415,413.55511938099096,12
2024-09-18 10:42:37.424,413.5899332737408,1001
2024-09-18 10:42:37.567,413.5812759788677,14
2024-09-18 10:42:37.625,413.57635963579565,100
2024-09-18 10:42:37.665,413.5719741196653,1000
2024-09-18 10:42:37.689,413.5615268324209,5
2024-09-18 10:42:37.723,413.549270664663,8
2024-09-18 10:42:37.781,413.5640286103082,13
2024-09-18 10:42:37.821,413.55109296414025,7
2024-09-18 10:42:37.866,413.5632828471892,98
2024-09-18 10:42:37.878,413.54222681366485,1004
2024-09-18 10:42:37.925,413.5660310958484,15
2024-09-18 10:42:37.937,413.5812517627632,105
2024-09-18 10:42:37.951,413.57565358414655,5
2024-09-18 10:42:38.029,413.5322024150712,6
2024-09-18 10:42:38.040,413.5214841406845,9
2024-09-18 10:42:38.395,413.5387814653072,7
2024-09-18 10:42:38.767,413.5607990220877,15
2024-09-18 10:42:38.984,413.5706197909409,1003
2024-09-18 10:42:39.422,413.4943193437154,100
2024-09-18 10:42:39.515,413.4994320757455,14
2024-09-18 10:42:40.056,413.4976093041453,8
2024-09-18 10:42:40.109,413.51990941519045,13
2024-09-18 10:42:40.239,413.6232802722439,100
2024-09-18 10:42:40.347,413.5210089086912,1001
2024-09-18 10:42:40.376,413.5637884905603,98
2024-09-18 10:42:40.465,413.5006108554184,996
2024-09-18 10:42:40.543,413.5211141791589,997
2024-09-18 10:42:40.593,413.5574332433249,99
2024-09-18 10:42:40.636,413.50808232223153,9
2024-09-18 10:42:40.696,413.5914543434896,998
2024-09-18 10:42:40.721,413.57208321575246,102
2024-09-18 10:42:40.758,-413.57213657104086,1005
2024-09-18 10:42:40.772,413.5599301519004,1000
2024-09-18 10:42:40.781,413.5199231898063,14
2024-09-18 10:42:40.816,413.5606378429317,996
2024-09-18 10:42:40.822,413.5416641582202,999
2024-09-18 10:42:40.823,413.5058862825998,103
2024-09-18 10:42:40.942,413.56874633780654,12
2024-09-18 10:42:40.952,413.6080655768094,105
2024-09-18 10:42:40.957,413.6186629619045,102
2024-09-18 10:42:40.960,413.5710303882303,995
2024-09-18 10:42:40.980,413.5355962310068,1002
2024-09-18 10:42:41.025,413.6292914262972,996
2024-09-18 10:42:41.052,413.61859718229937,10
2024-09-18 10:42:41.086,413.6201061602328,8
2024-09-18 10:42:41.087,413.6218977266271,6
2024-09-18 10:42:41.201,413.5804393015952,103
2024-09-18 10:42:41.449,413.5896037562982,104
2024-09-18 10:42:41.559,413.58107543348905,995
2024-09-18 10:42:41.584,413.60309797792,1005
2024-09-18 10:42:41.707,413.5934319097899,1001
2024-09-18 10:42:41.811,413.6057530395517,100
2024-09-18 10:42:41.876,413.5829643078824,1000
2024-09-18 10:42:42.076,413.6059924276871,105
2024-09-18 10:42:42.246,413.61520227587226,14
2024-09-18 10:42:42.443,413.5904525156169,8
2024-09-18 10:42:42.495,413.5946406146448,1004
2024-09-18 10:42:42.519,413.60621231883175,995
2024-09-18 10:42:42.564,413.577734830758,97
2024-09-18 10:42:42.614,413.5769208455837,13
2024-09-18 10:42:42.651,413.5872462821201,1003
2024-09-18 10:42:43.016,413.6254265520965,1005
2024-09-18 10:42:43.116,413.6356547646319,101
2024-09-18 10:42:43.395,413.627288216116,10
2024-09-18 10:42:43.462,413.6877533635201,995
2024-09-18 10:42:43.709,413.683294456834,100
2024-09-18 10:42:43.795,413.66920380786064,997
2024-09-18 10:42:43.813,413.6402421838101,997
2024-09-18 10:42:43.967,413.6572160059866,1000
2024-09-18 10:42:44.034,413.6718785001182,1003
2024-09-18 10:42:44.082,413.65225120671215,996
2024-09-18 10:42:44.201,413.6743775455681,1000
2024-09-18 10:42:44.294,413.6317767486388,99
2024-09-18 10:42:44.302,413.5930397263462,105
2024-09-18 10:42:44.437,413.5886922311487,1000
2024-09-18 10:42:44.474,413.6744365534533,96
2024-09-18 10:42:44.644,413.679938932431,1005
2024-09-18 10:42:44.667,413.59711142287824,9
2024-09-18 10:42:44.722,413.5829411536408,103
2024-09-18 10:42:44.800,413.6767321003857,9
2024-09-18 10:42:44.896,413.6414700768741,8
2024-09-18 10:42:44.898,413.627418421996,1005
2024-09-18 10:42:44.953,413.6675556104362,101
2024-09-18 10:42:46.021,413.5087521194195,5
2024-09-18 10:42:46.022,413.57841187954017,103
2024-09-18 10:42:46.047,413.5891600399892,102
2024-09-18 10:42:46.085,413.5016410722128,10
2024-09-18 10:42:46.151,413.601868185377,1000
2024-09-18 10:42:46.153,413.5355230821026,10
2024-09-18 10:42:46.261,413.49006629903073,104
2024-09-18 10:42:46.317,413.5556416850032,996
2024-09-18 10:42:46.377,413.50515181495706,97
2024-09-18 10:42:46.443,413.5619750890264,1003
2024-09-18 10:42:46.536,413.5966828665509,997
2024-09-18 10:42:46.545,413.504311317826,8
2024-09-18 10:42:46.556,-413.5360153034864,10
2024-09-18 10:42:46.622,413.5812604294356,13
2024-09-18 10:42:46.652,413.6059572474011,5
2024-09-18 10:42:46.664,413.511429807902,1004
2024-09-18 10:42:46.690,413.5261003626392,998
2024-09-18 10:42:46.706,413.49330900373616,98
2024-09-18 10:42:46.735,413.6061278835296,996
2024-09-18 10:42:46.735,413.5985183666612,14
2024-09-18 10:42:46.750,413.5394700669924,15
2024-09-18 10:42:46.769,413.6065367580416,14
2024-09-18 10:42:46.802,413.5738248809325,95
2024-09-18 10:42:46.813,413.4824703878806,997
2024-09-18 10:42:46.848,413.5855239098633,97
2024-09-18 10:42:46.854,413.57265317098506,1004
2024-09-18 10:42:46.857,413.5169112152173,14
2024-09-18 10:42:46.901,413.5413214692581,1004
2024-09-18 10:42:46.905,413.5050225451141,997
2024-09-18 10:42:46.932,413.5760712710981,1003
2024-09-18 10:42:47.041,413.497726861344,97
2024-09-18 10:42:47.103,413.4813914985765,1002
2024-09-18 10:42:47.197,413.4572212874594,1003
2024-09-18 10:42:47.212,413.4871455201416,1003
2024-09-18 10:42:47.220,413.473394111167,1001
2024-09-18 10:42:47.253,413.5070319723629,8
2024-09-18 10:42:47.336,413.47389701054783,9
2024-09-18 10:42:47.404,413.46524678937743,96
2024-09-18 10:42:47.449,413.4693238755664,102
2024-09-18 10:42:47.619,413.49823613117815,103
2024-09-18 10:42:47.688,413.49539094703687,1001
2024-09-18 10:42:47.790,413.5031295132853,995
2024-09-18 10:42:47.792,413.4796935468253,1004
2024-09-18 10:42:47.870,413.476231662082,99
2024-09-18 10:42:47.922,413.4936056062778,15
2024-09-18 10:42:47.978,413.48670274978383,1003
2024-09-18 10:42:47.983,413.4768701324416,999
2024-09-18 10:42:48.009,413.5146125514349,997
2024-09-18 10:42:48.040,413.50731568166856,102
2024-09-18 10:42:48.057,,1002
2024-09-18 10:42:48.158,413.5229237760656,104
2024-09-18 10:42:48.190,413.51747427409146,6
2024-09-18 10:42:48.227,413.501587407429,1004
2024-09-18 10:42:48.312,413.52164064723104,105
2024-09-18 10:42:48.492,413.5249711949428,100
2024-09-18 10:42:48.561,413.519514338898,9
2024-09-18 10:42:48.565,-413.5430630678868,9
2024-09-18 10:42:48.612,413.5148326322915,998
2024-09-18 10:42:48.655,413.52198254042247,1000
2024-09-18 10:42:48.901,41.35025402091364,996
2024-09-18 10:42:48.927,413.5115205904511,105
2024-09-18 10:42:49.015,413.5453353202104,999
2024-09-18 10:42:49.133,413.52817974084434,5
2024-09-18 10:42:49.142,413.5688075524475,11
2024-09-18 10:42:49.159,413.528667201412,101
2024-09-18 10:42:49.255,413.53399518851415,97
2024-09-18 10:42:49.362,413.5253889094544,1000
2024-09-18 10:42:49.655,413.523164333916,14
2024-09-18 10:42:50.020,413.4719376068151,1001
2024-09-18 10:42:50.040,413.4887949225749,8
2024-09-18 10:42:50.041,413.4878641256136,5
2024-09-18 10:42:50.136,,15
2024-09-18 10:42:50.155,413.538421590956,998
2024-09-18 10:42:50.205,413.4740494168473,98
2024-09-18 10:42:50.251,413.4486795374606,997
2024-09-18 10:42:50.310,413.4967393827693,1000
2024-09-18 10:42:50.323,413.5308915161614,8
2024-09-18 10:42:50.339,413.48318999190815,1004
2024-09-18 10:42:50.353,413.4329831910686,103
2024-09-18 10:42:50.401,413.4826241857329,1002
2024-09-18 10:42:50.403,413.45429510592,104
2024-09-18 10:42:50.479,413.4913311285502,104
2024-09-18 10:42:50.497,413.48596685430186,6
2024-09-18 10:42:50.530,413.460822971756,99
2024-09-18 10:42:50.536,413.47545909997314,9
2024-09-18 10:42:50.582,413.5124033690406,12
2024-09-18 10:42:50.608,413.4575144843682,14
2024-09-18 10:42:50.630,413.4950817216037,14
2024-09-18 10:42:50.663,413.4919211556268,1005
2024-09-18 10:42:50.719,413.4364152225564,99
2024-09-18 10:42:50.780,413.4580963692857,5
2024-09-18 10:42:50.788,413.4954964507997,14
2024-09-18 10:42:50.822,413.4544240804064,97
2024-09-18 10:42:50.836,41.34802821714084,1002
2024-09-18 10:42:50.857,413.4538070439238,98
2024-09-18 10:42:50.864,413.46525443895337,998
2024-09-18 10:42:50.899,413.4689403857666,95
2024-09-18 10:42:50.960,413.45113681501306,9
2024-09-18 10:42:51.084,413.4809661354155,6
2024-09-18 10:42:51.099,413.5261422536091,1001
2024-09-18 10:42:51.193,413.4873253343874,10
2024-09-18 10:42:51.194,413.5198271566919,12
2024-09-18 10:42:51.386,413.4933511896165,1004
2024-09-18 10:42:51.606,413.4963836913002,11
2024-09-18 10:42:51.801,413.50403023776585,6
2024-09-18 10:42:51.929,413.4983946999576,105
2024-09-18 10:42:51.930,413.50104874176907,13
2024-09-18 10:42:51.993,413.480336180308,101
2024-09-18 10:42:52.161,413.4543585614216,997
2024-09-18 10:42:52.189,413.4459700813197,998
2024-09-18 10:42:52.249,413.441593065696,103
2024-09-18 10:42:52.380,413.434846050461,998
2024-09-18 10:42:52.414,413.454047585543,15
2024-09-18 10:42:52.489,413.45327596245954,95
2024-09-18 10:42:52.594,413.4505576254043,5
2024-09-18 10:42:52.639,413.4616789138156,95
2024-09-18 10:42:52.675,,15
2024-09-18 10:42:52.741,413.4623305833558,1001
2024-09-18 10:42:52.776,413.4511436318245,995
2024-09-18 10:42:52.789,,997
2024-09-18 10:42:52.797,413.4218141806454,6
2024-09-18 10:42:52.853,413.4743131850635,14
2024-09-18 10:42:52.911,413.4749408533424,1004
2024-09-18 10:42:52.975,413.4493310662789,11
2024-09-18 10:42:53.092,413.4200554511592,95
2024-09-18 10:42:53.101,413.404239102724,1000
2024-09-18 10:42:53.108,413.3869809185439,996
2024-09-18 10:42:53.137,413.4323063016882,1002
2024-09-18 10:42:53.191,413.4130608519114,12
2024-09-18 10:42:53.209,413.41878236438896,1002
2024-09-18 10:42:53.215,413.4170630675872,11
2024-09-18 10:42:53.238,413.4139993729905,95
2024-09-18 10:42:53.290,413.4033901575369,995
2024-09-18 10:42:53.353,413.3699942028968,10
2024-09-18 10:42:53.413,413.4014673582473,995
2024-09-18 10:42:53.463,413.4158777642335,12
2024-09-18 10:42:53.548,413.373543190025,6
2024-09-18 10:42:53.578,413.397373774468,10
2024-09-18 10:42:53.600,413.4203946582541,11
2024-09-18 10:42:53.688,413.42063212176754,102
2024-09-18 10:42:53.735,413.4250934019081,1005
2024-09-18 10:42:53.778,413.42121243972434,999
2024-09-18 10:42:53.810,413.404560174598,1003
2024-09-18 10:42:53.849,413.4083164345248,11
2024-09-18 10:42:53.853,413.4442278845052,11
2024-09-18 10:42:53.862,413.4292076695542,13
2024-09-18 10:42:53.864,413.3992696919826,1005
2024-09-18 10:42:53.884,413.4069324877125,8
2024-09-18 10:42:53.955,413.3981383104592,96
2024-09-18 10:42:53.972,413.3798638190543,10
2024-09-18 10:42:54.014,413.3498708561144,12
2024-09-18 10:42:54.085,413.3400212913,8
2024-09-18 10:42:54.091,413.3452051702629,1002
2024-09-18 10:42:54.110,413.3328002071855,104
2024-09-18 10:42:54.112,413.3361938011806,96
2024-09-18 10:42:54.116,413.3600227858496,1004
2024-09-18 10:42:54.160,413.3806718766373,14
2024-09-18 10:42:54.193,413.36382750325055,995
2024-09-18 10:42:54.230,413.3532506783736,99
2024-09-18 10:42:54.250,413.3961668788569,6
2024-09-18 10:42:54.301,413.389649181699,1003
2024-09-18 10:42:54.310,413.3317827948363,105
2024-09-18 10:42:54.355,413.3754417522843,103
2024-09-18 10:42:54.411,-413.3579026365989,105
2024-09-18 10:42:54.514,413.3696657235536,102
2024-09-18 10:42:54.561,413.3798385656538,1000
2024-09-18 10:42:54.593,41.33196259635925,5
2024-09-18 10:42:54.609,413.31460474840407,5
2024-09-18 10:42:54.674,413.3599190296305,1004
2024-09-18 10:42:54.756,413.312759705112,101
2024-09-18 10:42:54.783,413.38169471344025,13
2024-09-18 10:42:54.847,413.3537157859905,99
2024-09-18 10:42:54.858,413.325599577935,13
2024-09-18 10:42:54.860,413.3267868587743,97
2024-09-18 10:42:54.863,413.3370602520188,996
2024-09-18 10:42:54.948,413.3366842286374,101
2024-09-18 10:42:54.981,413.35444639150535,1004
2024-09-18 10:42:55.022,413.276278056908,101
2024-09-18 10:42:55.034,-413.2785995419222,97
2024-09-18 10:42:55.045,413.2669674519115,99
2024-09-18 10:42:55.063,413.2894639004237,999
2024-09-18 10:42:55.074,413.3055071067878,102
2024-09-18 10:42:55.133,413.2707287828108,6
2024-09-18 10:42:55.240,413.2147150528237,102
2024-09-18 10:42:55.252,413.2671405227952,1000
2024-09-18 10:42:55.262,413.2692751352882,1000
2024-09-18 10:42:55.276,413.2129271359648,1001
2024-09-18 10:42:55.298,413.2688511358001,999
2024-09-18 10:42:55.323,413.2708919227505,996
2024-09-18 10:42:55.355,413.3020553697896,104
2024-09-18 10:42:55.359,413.30639611069154,98
2024-09-18 10:42:55.407,413.303168634636,995
2024-09-18 10:42:55.458,413.3004247721713,995
2024-09-18 10:42:55.475,413.2698713367666,10
2024-09-18 10:42:55.521,413.24521403837457,1000
2024-09-18 10:42:55.529,413.3083407394126,11
2024-09-18 10:42:55.541,413.3051491763668,101
2024-09-18 10:42:55.610,413.3000517241216,999
2024-09-18 10:42:55.720,413.2936707604605,97
2024-09-18 10:42:55.749,413.2574926961798,96
2024-09-18 10:42:55.773,413.2716537778872,8
2024-09-18 10:42:55.799,413.2509416834964,96
2024-09-18 10:42:55.844,413.2892324071392,13
2024-09-18 10:42:55.872,413.296910001816,11
2024-09-18 10:42:55.953,413.2417472003912,8
2024-09-18 10:42:55.969,413.2687435805144,12
2024-09-18 10:42:55.994,413.25075163989976,1000
2024-09-18 10:42:56.028,413.22837733532873,11
2024-09-18 10:42:56.142,413.2095614189706,997
2024-09-18 10:42:56.153,413.2745775334214,5
2024-09-18 10:42:56.200,413.22114506066896,7
2024-09-18 10:42:56.226,413.231290166857,997
2024-09-18 10:42:56.247,413.22797433482975,14
2024-09-18 10:42:56.419,413.215091445527,8
2024-09-18 10:42:56.422,413.2244176771119,1000
2024-09-18 10:42:56.477,413.22811457412,8
2024-09-18 10:42:56.493,413.2322164718239,11
2024-09-18 10:42:56.536,413.248601808926,6
2024-09-18 10:42:56.571,413.2628477411431,1005
2024-09-18 10:42:56.578,413.2374667492832,11
2024-09-18 10:42:56.587,413.2057253135872,98
2024-09-18 10:42:56.610,413.2421143913198,10
2024-09-18 10:42:56.621,413.2237954338386,1000
2024-09-18 10:42:56.688,413.2215196071711,999
2024-09-18 10:42:56.777,413.2644927729132,95
2024-09-18 10:42:56.802,413.22827340567534,101
2024-09-18 10:42:56.825,413.2114268556047,95
2024-09-18 10:42:56.829,413.2019261099752,96
2024-09-18 10:42:56.862,413.2311669428834,5
2024-09-18 10:42:56.876,413.2287034531172,5
2024-09-18 10:42:56.891,413.2635658073012,97
2024-09-18 10:42:56.949,413.2203168318427,105
2024-09-18 10:42:56.997,413.2171437251544,98
2024-09-18 10:42:57.031,413.2778050845158,998
2024-09-18 10:42:57.054,413.2291636672536,13
2024-09-18 10:42:57.099,413.2438060001177,103
2024-09-18 10:42:57.119,413.2767688491255,105
2024-09-18 10:42:57.153,413.2626757221113,95
2024-09-18 10:42:57.156,413.29385169818,996
2024-09-18 10:42:57.163,413.2677818637853,99
2024-09-18 10:42:57.328,413.2811015671693,98
2024-09-18 10:42:57.381,413.2867266521391,998
2024-09-18 10:42:57.643,413.2857944104529,5
2024-09-18 10:42:57.722,413.2715467618552,95
2024-09-18 10:42:57.787,413.2775848547759,1002
2024-09-18 10:42:57.815,,15
2024-09-18 10:42:58.019,413.2611795611617,8
2024-09-18 10:42:58.067,413.27206670563726,1003
2024-09-18 10:42:58.068,413.28943770167854,10
2024-09-18 10:42:58.088,413.3266404718004,98
2024-09-18 10:42:58.102,413.2925899056612,95
2024-09-18 10:42:58.133,413.31250346279023,103
2024-09-18 10:42:58.201,413.3035074574005,1001
2024-09-18 10:42:58.409,413.33786950054,103
2024-09-18 10:42:58.415,413.3143256067354,96
2024-09-18 10:42:58.529,413.31758409749,7
2024-09-18 10:42:58.564,-413.2900694389524,10
2024-09-18 10:42:58.591,413.3131965601405,7
2024-09-18 10:42:58.646,413.2835507020098,11
2024-09-18 10:42:58.733,413.316654008452,8
2024-09-18 10:42:58.846,413.31324308953225,6
2024-09-18 10:42:58.847,413.2785461732215,10
2024-09-18 10:42:58.852,413.2884887510186,97
2024-09-18 10:42:58.916,413.2801596369175,95
2024-09-18 10:42:59.044,413.29778551354906,99
2024-09-18 10:42:59.067,413.3083241667184,8
2024-09-18 10:42:59.142,413.4066997370481,96
2024-09-18 10:42:59.285,413.3038468483786,9
2024-09-18 10:42:59.304,413.315442090786,103
2024-09-18 10:42:59.322,413.3555282335723,999
2024-09-18 10:42:59.333,413.324227754311,104
2024-09-18 10:42:59.382,413.3862482022644,995
2024-09-18 10:42:59.493,413.3522569818507,15
2024-09-18 10:42:59.524,413.3550463697516,999
2024-09-18 10:42:59.549,413.386303335211,100
2024-09-18 10:42:59.678,,997
2024-09-18 10:42:59.688,413.313168004773,997
2024-09-18 10:42:59.738,413.3362063322924,5
2024-09-18 10:42:59.750,413.30498039929,103
2024-09-18 10:42:59.752,413.3219256133005,9
2024-09-18 10:42:59.753,413.3650687022695,104
2024-09-18 10:42:59.759,413.38731657267977,15
2024-09-18 10:42:59.782,413.3508236860292,100
2024-09-18 10:42:59.790,413.339758095165,104
2024-09-18 10:42:59.825,413.31068201334745,1002
2024-09-18 10:42:59.875,413.3586473372076,100
2024-09-18 10:42:59.880,413.3502890489441,105
2024-09-18 10:42:59.952,413.3938223310437,7
2024-09-18 10:42:59.979,413.3691679010698,12
