Timestamp,Price,Size
2024-09-17 11:19:00.068,415.5343609865437,6
2024-09-17 11:19:00.141,415.53906529821126,8
2024-09-17 11:19:00.377,415.53200222789,6
2024-09-17 11:19:00.423,415.47343613610514,996
2024-09-17 11:19:00.479,415.4920273177349,996
2024-09-17 11:19:00.505,415.5005759980026,95
2024-09-17 11:19:00.530,415.4701129218997,104
2024-09-17 11:19:00.552,415.5156282432713,999
2024-09-17 11:19:00.596,415.51216625810383,98
2024-09-17 11:19:00.632,415.4876795714656,1005
2024-09-17 11:19:00.637,415.4823767990803,11
2024-09-17 11:19:00.724,415.5319788295179,8
2024-09-17 11:19:00.743,415.4856438758332,999
2024-09-17 11:19:00.743,415.55162457859046,996
2024-09-17 11:19:00.751,415.4783157329028,1003
2024-09-17 11:19:00.811,415.55584310399377,104
2024-09-17 11:19:00.908,415.4643018322621,1003
2024-09-17 11:19:00.994,415.53425777029867,5
2024-09-17 11:19:01.109,415.5115561028371,102
2024-09-17 11:19:01.112,415.5091441263888,100
2024-09-17 11:19:01.334,415.4995708748427,100
2024-09-17 11:19:01.422,415.53082892189394,5
2024-09-17 11:19:01.453,415.5123634289669,99
2024-09-17 11:19:01.490,415.5040536728845,14
2024-09-17 11:19:01.508,415.5175831828,997
2024-09-17 11:19:01.539,415.5199813194605,95
2024-09-17 11:19:01.635,415.5200297395987,997
2024-09-17 11:19:01.659,415.52521232487504,103
2024-09-17 11:19:01.678,415.5002962807204,1005
2024-09-17 11:19:01.844,415.5190694888941,1000
2024-09-17 11:19:02.166,415.5375372823665,1000
2024-09-17 11:19:02.196,415.4709137041214,999
2024-09-17 11:19:02.208,415.4736938473506,8
2024-09-17 11:19:02.218,415.5136338672665,97
2024-09-17 11:19:02.223,415.458656576293,1003
2024-09-17 11:19:02.280,415.4904222542252,98
2024-09-17 11:19:02.328,415.4631381625299,11
2024-09-17 11:19:02.382,415.50153110075104,9
2024-09-17 11:19:02.481,415.4782044103876,996
2024-09-17 11:19:02.522,415.5134690446405,101
2024-09-17 11:19:02.561,415.4704603655853,96
2024-09-17 11:19:02.601,415.480088156579,5
2024-09-17 11:19:02.605,415.4599734982384,1002
2024-09-17 11:19:02.950,415.4933344883112,100
2024-09-17 11:19:02.975,415.4640783587464,12
2024-09-17 11:19:03.074,415.5138283665059,999
2024-09-17 11:19:03.079,415.5234126393185,103
2024-09-17 11:19:03.108,415.4836223614837,1000
2024-09-17 11:19:03.138,415.5046966810844,1002
2024-09-17 11:19:03.162,415.55944851284136,9
2024-09-17 11:19:03.215,415.557210527156,101
2024-09-17 11:19:03.249,415.4726310814773,101
2024-09-17 11:19:03.371,415.5541397964116,104
2024-09-17 11:19:03.373,415.5234599171226,998
2024-09-17 11:19:03.449,415.5210463961804,1003
2024-09-17 11:19:03.459,415.4724631035437,96
2024-09-17 11:19:03.481,415.5842490282725,997
2024-09-17 11:19:03.503,415.57306186894505,10
2024-09-17 11:19:03.513,415.4963622575073,1002
2024-09-17 11:19:03.516,415.54708439512416,7
2024-09-17 11:19:03.529,415.4823750483358,5
2024-09-17 11:19:03.533,415.56503522770674,998
2024-09-17 11:19:03.609,415.548130901352,6
2024-09-17 11:19:03.643,415.544492401228,1001
2024-09-17 11:19:03.721,415.4977212863587,96
2024-09-17 11:19:03.767,415.4786749115402,11
2024-09-17 11:19:03.793,415.5646450176061,101
2024-09-17 11:19:03.794,415.46810855361525,97
2024-09-17 11:19:03.819,415.5709521380873,1000
2024-09-17 11:19:03.822,415.5584811019853,105
2024-09-17 11:19:03.845,415.4859982443917,101
2024-09-17 11:19:03.902,415.581405104508,10
2024-09-17 11:19:03.907,415.4738804492658,9
2024-09-17 11:19:03.973,415.4835190075793,5
2024-09-17 11:19:04.259,415.5416995871423,995
2024-09-17 11:19:04.370,415.557180114538,102
2024-09-17 11:19:04.491,415.55601431360856,100
2024-09-17 11:19:04.545,415.5501708806996,102
2024-09-17 11:19:04.576,415.5377339237857,15
2024-09-17 11:19:04.607,415.548106304636,101
2024-09-17 11:19:04.629,415.5589743685205,101
2024-09-17 11:19:04.986,415.5354947311008,100
2024-09-17 11:19:05.121,415.5562437984636,998
2024-09-17 11:19:06.125,415.5700861832745,98
2024-09-17 11:19:06.126,415.5377375664551,10
2024-09-17 11:19:06.167,415.57170218321687,6
2024-09-17 11:19:06.254,415.55360911897617,1004
2024-09-17 11:19:06.307,415.5413839367998,98
2024-09-17 11:19:06.307,415.5396008709921,999
2024-09-17 11:19:06.320,415.5758923755735,103
2024-09-17 11:19:06.395,415.5489947014746,8
2024-09-17 11:19:06.454,415.5742080437341,103
2024-09-17 11:19:06.538,415.5632403306847,96
2024-09-17 11:19:06.607,415.5738465559894,5
2024-09-17 11:19:06.610,415.5566169574476,1001
2024-09-17 11:19:06.638,415.55656304087256,102
2024-09-17 11:19:06.673,415.5619432450772,104
2024-09-17 11:19:06.690,415.5740036000674,95
2024-09-17 11:19:06.702,415.5531515983856,15
2024-09-17 11:19:06.809,415.540954258627,15
2024-09-17 11:19:06.851,415.5499376554067,999
2024-09-17 11:19:06.880,415.5677089737519,99
2024-09-17 11:19:06.978,415.5876119793559,10
2024-09-17 11:19:07.004,415.6054797451701,95
2024-09-17 11:19:07.059,415.6073711526913,11
2024-09-17 11:19:07.076,415.6239040050309,6
2024-09-17 11:19:07.153,415.63341768750223,11
2024-09-17 11:19:07.292,415.5989388462367,999
2024-09-17 11:19:07.309,,105
2024-09-17 11:19:07.374,415.585500415251,100
2024-09-17 11:19:07.410,415.57538397338703,12
2024-09-17 11:19:07.411,415.5982557892675,1000
2024-09-17 11:19:07.413,415.6073499067924,98
2024-09-17 11:19:07.424,415.64392403432265,10
2024-09-17 11:19:07.436,415.6440655308516,97
2024-09-17 11:19:07.483,415.55874085330464,1000
2024-09-17 11:19:07.568,415.62935030071833,1004
2024-09-17 11:19:07.600,415.576177863564,95
2024-09-17 11:19:07.613,415.5943520616693,12
2024-09-17 11:19:07.620,415.5601486156219,101
2024-09-17 11:19:07.682,415.5898441926261,8
2024-09-17 11:19:07.704,415.5973837173807,99
2024-09-17 11:19:07.728,415.5909459739748,6
2024-09-17 11:19:07.785,415.5912425845014,95
2024-09-17 11:19:07.787,415.57003587417086,96
2024-09-17 11:19:07.837,415.5972263759553,103
2024-09-17 11:19:07.865,415.5994855366142,1003
2024-09-17 11:19:07.935,415.6105455858356,1000
2024-09-17 11:19:07.950,415.6355470569188,998
2024-09-17 11:19:08.015,415.4807818091494,103
2024-09-17 11:19:08.080,415.5513388104608,102
2024-09-17 11:19:08.093,415.5358656794105,95
2024-09-17 11:19:08.125,415.5163308953279,7
2024-09-17 11:19:08.134,415.5520730206617,1004
2024-09-17 11:19:08.175,415.5062742577615,100
2024-09-17 11:19:08.218,415.5042097511741,11
2024-09-17 11:19:08.221,415.5213189018288,102
2024-09-17 11:19:08.229,415.4912498046442,998
2024-09-17 11:19:08.255,415.5793078571492,12
2024-09-17 11:19:08.281,415.52763199211984,10
2024-09-17 11:19:08.346,415.5954419280822,1004
2024-09-17 11:19:08.394,415.63021885774856,996
2024-09-17 11:19:08.411,415.58662868382,100
2024-09-17 11:19:08.518,415.5730719364601,96
2024-09-17 11:19:08.580,415.6179056108372,101
2024-09-17 11:19:08.580,415.4964709904277,15
2024-09-17 11:19:08.589,415.599981723865,9
2024-09-17 11:19:08.611,415.5298380682659,101
2024-09-17 11:19:08.644,415.4839432558026,1004
2024-09-17 11:19:08.673,415.5086051764781,101
2024-09-17 11:19:08.690,415.5079343541809,1004
2024-09-17 11:19:08.700,415.5076261740082,999
2024-09-17 11:19:08.707,415.4860476304164,1003
2024-09-17 11:19:08.710,415.4796530643784,996
2024-09-17 11:19:08.873,415.4753342456291,7
2024-09-17 11:19:08.889,415.4798545356293,104
2024-09-17 11:19:08.990,415.4981981301197,11
2024-09-17 11:19:09.055,415.4870233184524,11
2024-09-17 11:19:09.255,415.4799833824305,1002
2024-09-17 11:19:10.126,415.5212741050156,7
2024-09-17 11:19:10.228,415.49392513970446,15
2024-09-17 11:19:10.487,415.5252379792957,1005
2024-09-17 11:19:10.560,415.5020272269203,11
2024-09-17 11:19:10.602,415.50568495086094,100
2024-09-17 11:19:10.769,415.5382710906638,105
2024-09-17 11:19:10.796,415.5470173110406,8
2024-09-17 11:19:10.848,415.5314337807498,97
2024-09-17 11:19:10.966,415.55087547748855,12
2024-09-17 11:19:11.015,415.5532722129985,997
2024-09-17 11:19:11.017,415.5704151019472,8
2024-09-17 11:19:11.085,415.54304964419583,13
2024-09-17 11:19:11.091,415.56398513943134,1004
2024-09-17 11:19:11.104,415.5518985471036,101
2024-09-17 11:19:11.219,415.5513212246267,996
2024-09-17 11:19:11.229,415.5153084777715,13
2024-09-17 11:19:11.364,415.5587409623866,999
2024-09-17 11:19:11.381,415.5850395349856,1001
2024-09-17 11:19:11.495,415.5497207085049,6
2024-09-17 11:19:11.565,415.55297159396537,7
2024-09-17 11:19:11.580,415.5497550052965,8
2024-09-17 11:19:11.594,415.52774359390855,14
2024-09-17 11:19:11.731,415.5327417410977,96
2024-09-17 11:19:11.835,415.5328929639492,99
2024-09-17 11:19:11.876,415.5658791402092,1004
2024-09-17 11:19:11.885,415.574683965989,99
2024-09-17 11:19:11.891,415.5385757781846,1001
2024-09-17 11:19:11.906,415.5448122085576,15
2024-09-17 11:19:12.036,415.5981845718093,1004
2024-09-17 11:19:13.043,415.5697215029782,97
2024-09-17 11:19:13.079,415.6095160220826,96
2024-09-17 11:19:13.107,415.5925915700452,104
2024-09-17 11:19:13.192,415.5841903330461,1005
2024-09-17 11:19:13.278,415.57031149626334,100
2024-09-17 11:19:13.312,-415.600262118458,101
2024-09-17 11:19:13.324,415.59010987358704,104
2024-09-17 11:19:13.366,415.578328161184,5
2024-09-17 11:19:13.390,415.6046302348959,15
2024-09-17 11:19:13.479,415.5940268144606,997
2024-09-17 11:19:13.526,415.6077356916669,1001
2024-09-17 11:19:13.663,415.5642632927253,1004
2024-09-17 11:19:13.677,415.6039129719608,9
2024-09-17 11:19:13.700,415.6041744861767,12
2024-09-17 11:19:13.742,415.60191759068937,6
2024-09-17 11:19:13.763,415.5884290425106,996
2024-09-17 11:19:13.821,415.57472460088417,97
2024-09-17 11:19:13.826,415.58577947914415,1003
2024-09-17 11:19:13.850,415.594032240022,998
2024-09-17 11:19:13.857,415.5970933150999,998
2024-09-17 11:19:13.885,415.6013330393019,96
2024-09-17 11:19:13.897,415.5979906254503,13
2024-09-17 11:19:13.910,415.6057611558426,6
2024-09-17 11:19:13.928,415.60786818599337,98
2024-09-17 11:19:13.983,415.61256480854354,1005
2024-09-17 11:19:13.996,415.6149448921666,1004
2024-09-17 11:19:14.034,415.6269887982389,103
2024-09-17 11:19:14.051,415.6238338986751,1003
2024-09-17 11:19:14.065,415.6576212768408,6
2024-09-17 11:19:14.177,415.62624066040513,104
2024-09-17 11:19:14.283,415.65830334885015,1000
2024-09-17 11:19:14.370,415.6479772735056,8
2024-09-17 11:19:14.425,415.63587488981983,12
2024-09-17 11:19:14.447,415.6098117065959,95
2024-09-17 11:19:14.455,415.62165288050585,1001
2024-09-17 11:19:14.457,415.6038040124477,14
2024-09-17 11:19:14.509,415.62602660700605,103
2024-09-17 11:19:14.512,415.6331688891495,997
2024-09-17 11:19:14.612,415.621460295248,996
2024-09-17 11:19:14.613,415.6320961816154,995
2024-09-17 11:19:14.664,415.6040427336969,1004
2024-09-17 11:19:14.711,415.63414164455,15
2024-09-17 11:19:14.735,415.6466355675542,98
2024-09-17 11:19:14.774,415.622957196207,9
2024-09-17 11:19:14.848,415.6664402625288,6
2024-09-17 11:19:14.892,415.6170064735204,98
2024-09-17 11:19:14.901,415.65628318237975,12
2024-09-17 11:19:14.974,415.61947187349455,99
2024-09-17 11:19:14.993,415.6005765262212,996
2024-09-17 11:19:15.059,415.6105021188209,103
2024-09-17 11:19:15.176,415.6105444908728,103
2024-09-17 11:19:15.448,415.6007385817816,104
2024-09-17 11:19:15.514,415.598953835894,1000
2024-09-17 11:19:15.528,415.59616574197065,104
2024-09-17 11:19:15.670,415.5995427551234,96
2024-09-17 11:19:15.888,41.55986766892582,98
2024-09-17 11:19:15.955,415.6100688852586,6
2024-09-17 11:19:15.994,415.606984950516,995
2024-09-17 11:19:16.128,415.5713449283837,1000
2024-09-17 11:19:16.192,415.5912421435604,96
2024-09-17 11:19:16.659,415.5976791128824,8
2024-09-17 11:19:16.711,415.5971619888311,7
2024-09-17 11:19:16.883,415.58597653921294,96
2024-09-17 11:19:16.911,41.55765418469579,996
2024-09-17 11:19:16.926,415.5906778020021,13
2024-09-17 11:19:17.013,415.6172690126813,95
2024-09-17 11:19:17.023,415.6050189377787,10
2024-09-17 11:19:17.082,415.6022280285463,103
2024-09-17 11:19:17.103,415.6038684728082,96
2024-09-17 11:19:17.229,415.5842541772004,998
2024-09-17 11:19:17.290,415.56470725715457,1001
2024-09-17 11:19:17.377,415.5985715849585,13
2024-09-17 11:19:17.418,415.5927798027845,10
2024-09-17 11:19:17.429,415.5852039347199,102
2024-09-17 11:19:17.438,415.6080923482759,1004
2024-09-17 11:19:17.484,415.5760497523914,9
2024-09-17 11:19:17.631,415.5860072927605,6
2024-09-17 11:19:17.788,415.5975952488716,98
2024-09-17 11:19:17.804,415.58572434940936,98
2024-09-17 11:19:17.827,415.6126852550312,997
2024-09-17 11:19:18.075,415.60377759078216,999
2024-09-17 11:19:18.076,415.60772961607216,997
2024-09-17 11:19:18.096,415.6047725134616,8
2024-09-17 11:19:18.141,415.6226979607789,7
2024-09-17 11:19:18.228,415.624923474545,102
2024-09-17 11:19:18.241,415.5892093182248,1001
2024-09-17 11:19:18.295,415.57626264016807,998
2024-09-17 11:19:18.330,415.6229787538167,103
2024-09-17 11:19:18.379,415.6087532166407,10
2024-09-17 11:19:18.388,415.6305478081067,99
2024-09-17 11:19:18.431,415.6111455901449,1005
2024-09-17 11:19:18.486,415.6351981516863,98
2024-09-17 11:19:18.487,415.6193642563367,99
2024-09-17 11:19:18.494,415.5875262240886,1000
2024-09-17 11:19:18.529,415.5875304025344,1002
2024-09-17 11:19:18.634,415.6061176235303,5
2024-09-17 11:19:18.713,415.5904903348918,1004
2024-09-17 11:19:18.720,415.6009596731766,5
2024-09-17 11:19:18.724,415.6180664829728,1000
2024-09-17 11:19:18.743,415.5943890972121,13
2024-09-17 11:19:18.761,415.604623841798,99
2024-09-17 11:19:18.788,415.5841335643168,14
2024-09-17 11:19:18.801,,1003
2024-09-17 11:19:18.887,415.5995983066971,11
2024-09-17 11:19:18.956,415.6249384326717,1004
2024-09-17 11:19:19.005,415.5554080419043,13
2024-09-17 11:19:19.023,415.58334325239633,11
2024-09-17 11:19:19.066,415.605342727562,1004
2024-09-17 11:19:19.120,415.5960483018324,1004
2024-09-17 11:19:19.142,415.566857081773,12
2024-09-17 11:19:19.223,415.58755400871655,9
2024-09-17 11:19:19.232,,97
2024-09-17 11:19:19.293,415.5999341780745,1002
2024-09-17 11:19:19.344,415.582947105214,98
2024-09-17 11:19:19.381,415.60616435458047,1000
2024-09-17 11:19:19.386,415.5806965072976,15
2024-09-17 11:19:19.413,,97
2024-09-17 11:19:19.461,415.62484393686407,100
2024-09-17 11:19:19.658,415.5809380047071,997
2024-09-17 11:19:19.685,415.5881951723673,1003
2024-09-17 11:19:19.714,-415.567600607672,97
2024-09-17 11:19:19.764,415.5869807709268,7
2024-09-17 11:19:19.807,415.5913413266068,1004
2024-09-17 11:19:19.964,415.6000113693145,8
2024-09-17 11:19:21.423,41.56415092364957,98
2024-09-17 11:19:21.473,415.63413819028455,1002
2024-09-17 11:19:21.487,415.6407066788304,5
2024-09-17 11:19:21.657,415.6342121885952,998
2024-09-17 11:19:21.737,415.63578509604713,95
2024-09-17 11:19:22.191,415.6497422723567,99
2024-09-17 11:19:22.210,415.63966971408655,1001
2024-09-17 11:19:22.311,415.6298678217349,998
2024-09-17 11:19:22.574,415.64370078329074,11
2024-09-17 11:19:22.943,415.61835787805626,103
2024-09-17 11:19:22.988,415.6292357190246,98
2024-09-17 11:19:23.044,415.6420149651421,12
2024-09-17 11:19:23.067,415.61629754437007,1000
2024-09-17 11:19:23.134,415.6239664500767,99
2024-09-17 11:19:23.231,415.6085332255563,6
2024-09-17 11:19:23.343,415.628172153961,11
2024-09-17 11:19:23.397,415.6334754154828,14
2024-09-17 11:19:23.702,415.61667695110754,7
2024-09-17 11:19:23.733,415.65482277217416,10
2024-09-17 11:19:23.781,415.6251931910589,996
2024-09-17 11:19:23.808,415.6432239491123,9
2024-09-17 11:19:23.847,415.6529049049767,1004
2024-09-17 11:19:23.858,,13
2024-09-17 11:19:23.949,415.6150724699318,105
2024-09-17 11:19:23.970,415.6393769393967,6
2024-09-17 11:19:24.078,415.61048006804594,15
2024-09-17 11:19:24.081,415.6017137469631,13
2024-09-17 11:19:24.094,415.5967403330736,998
2024-09-17 11:19:24.125,415.60399837600994,1002
2024-09-17 11:19:24.131,415.6196202322553,102
2024-09-17 11:19:24.235,415.62662778240025,14
2024-09-17 11:19:24.244,415.64950216624726,1003
2024-09-17 11:19:24.301,415.6392159365777,100
2024-09-17 11:19:24.331,415.6006630201814,1003
2024-09-17 11:19:24.351,415.6159309577421,14
2024-09-17 11:19:24.481,415.62982096269263,8
2024-09-17 11:19:24.693,415.5985980801864,13
2024-09-17 11:19:24.775,415.5883900839332,96
2024-09-17 11:19:24.830,415.6085994073114,100
2024-09-17 11:19:24.844,415.6042487148288,996
2024-09-17 11:19:24.851,415.6282875840717,102
2024-09-17 11:19:24.892,415.6242403019315,10
2024-09-17 11:19:25.151,415.6005838883635,998
2024-09-17 11:19:25.307,415.5992718720229,104
2024-09-17 11:19:25.368,415.6165953459342,1005
2024-09-17 11:19:25.591,415.6054071603572,1005
2024-09-17 11:19:25.631,415.6170493247695,97
2024-09-17 11:19:25.740,415.6127316530517,7
2024-09-17 11:19:25.948,415.6163754962832,99
2024-09-17 11:19:25.957,415.5978725243902,101
2024-09-17 11:19:26.074,415.62353098843687,102
2024-09-17 11:19:26.143,415.625777536776,97
2024-09-17 11:19:26.212,415.6189033941994,104
2024-09-17 11:19:26.225,415.6074778418682,1003
2024-09-17 11:19:26.402,415.59285041775865,7
2024-09-17 11:19:26.484,415.61159229839177,99
2024-09-17 11:19:26.580,415.6187436812991,11
2024-09-17 11:19:27.020,415.6073913267752,6
2024-09-17 11:19:27.057,415.6347900869661,100
2024-09-17 11:19:27.090,41.56287716035902,100
2024-09-17 11:19:27.216,415.6082448975321,15
2024-09-17 11:19:27.273,415.63954476670136,996
2024-09-17 11:19:27.365,415.6194071824677,105
2024-09-17 11:19:27.381,415.6304086652048,12
2024-09-17 11:19:27.392,415.64030247701,15
2024-09-17 11:19:27.405,415.6084614906359,13
2024-09-17 11:19:27.428,415.6521760132633,101
2024-09-17 11:19:27.553,415.6588092362704,1000
2024-09-17 11:19:27.568,415.619446933175,105
2024-09-17 11:19:27.571,415.6341151872716,1004
2024-09-17 11:19:27.571,415.6277434624773,12
2024-09-17 11:19:27.631,415.589906360049,99
2024-09-17 11:19:27.654,415.6085555688966,9
2024-09-17 11:19:27.658,415.5909825780769,995
2024-09-17 11:19:27.709,415.6375480707486,95
2024-09-17 11:19:27.749,415.6599176737182,7
2024-09-17 11:19:27.804,415.6193647004061,10
2024-09-17 11:19:27.823,415.59584010369525,995
2024-09-17 11:19:27.872,415.6032122898973,11
2024-09-17 11:19:27.894,415.5933399645591,14
2024-09-17 11:19:27.948,415.6293189368573,5
2024-09-17 11:19:28.013,415.5335818125107,99
2024-09-17 11:19:28.085,415.5447826605681,99
2024-09-17 11:19:28.104,415.4850184500225,12
2024-09-17 11:19:28.111,415.5358673622058,100
2024-09-17 11:19:28.123,415.565456397755,95
2024-09-17 11:19:28.139,415.5550796003182,996
2024-09-17 11:19:28.166,415.5338195735994,101
2024-09-17 11:19:28.175,415.57616282969593,97
2024-09-17 11:19:28.176,415.5140635597671,11
2024-09-17 11:19:28.306,415.5119840729263,11
2024-09-17 11:19:28.394,415.5356658934471,1004
2024-09-17 11:19:28.416,415.5824427067588,103
2024-09-17 11:19:28.418,415.47959215725547,13
2024-09-17 11:19:28.422,415.4878283165785,103
2024-09-17 11:19:28.429,415.5430438012889,95
2024-09-17 11:19:28.436,415.5964404310261,13
2024-09-17 11:19:28.484,415.4962027065139,995
2024-09-17 11:19:28.513,415.50678907219367,98
2024-09-17 11:19:28.622,415.4639472400085,98
2024-09-17 11:19:28.640,415.53409503801504,15
2024-09-17 11:19:28.655,415.4994299877867,98
2024-09-17 11:19:28.782,415.52321092248206,98
2024-09-17 11:19:28.800,415.5379157759916,995
2024-09-17 11:19:28.801,415.50231516142026,96
2024-09-17 11:19:28.850,415.5132409911441,6
2024-09-17 11:19:28.871,415.51305840243,11
2024-09-17 11:19:28.882,415.5049996208364,101
2024-09-17 11:19:28.898,415.4859315621361,97
2024-09-17 11:19:28.899,415.5289897376895,102
2024-09-17 11:19:28.993,415.5317471868161,12
2024-09-17 11:19:29.179,415.4173819631782,995
2024-09-17 11:19:29.187,415.4663857604651,12
2024-09-17 11:19:29.361,-415.4574291816083,12
2024-09-17 11:19:29.366,415.454625286863,9
2024-09-17 11:19:29.568,415.48092082010055,10
2024-09-17 11:19:29.651,415.4746503945085,999
2024-09-17 11:19:29.793,415.4464368492301,1004
2024-09-17 11:19:29.796,415.44638297773736,997
2024-09-17 11:19:30.056,415.3876261525984,1002
2024-09-17 11:19:30.068,415.3544763902562,1000
2024-09-17 11:19:30.111,415.35576801596494,103
2024-09-17 11:19:30.122,415.3783589711794,101
2024-09-17 11:19:30.184,415.4011785154093,999
2024-09-17 11:19:30.193,415.3344375754021,13
2024-09-17 11:19:30.223,415.394348676202,14
2024-09-17 11:19:30.247,415.3355269030795,1000
2024-09-17 11:19:30.251,415.3912391430496,6
2024-09-17 11:19:30.252,415.39767011999817,102
2024-09-17 11:19:30.294,415.3310339067166,97
2024-09-17 11:19:30.302,415.3522807044654,995
2024-09-17 11:19:30.327,415.37645760826695,105
2024-09-17 11:19:30.375,415.4048688294215,15
2024-09-17 11:19:30.410,415.36405227530565,1005
2024-09-17 11:19:30.442,415.37894646013393,96
2024-09-17 11:19:30.465,415.4059063266861,97
2024-09-17 11:19:30.492,415.4100435924184,96
2024-09-17 11:19:30.547,415.33183798930537,96
2024-09-17 11:19:30.558,415.4224432492457,13
2024-09-17 11:19:30.602,415.37681178719913,98
2024-09-17 11:19:30.615,415.3995933470344,105
2024-09-17 11:19:30.619,415.34521614628096,95
2024-09-17 11:19:30.638,415.3725280473578,996
2024-09-17 11:19:30.648,415.3977784107832,96
2024-09-17 11:19:30.792,415.4128355724225,1005
2024-09-17 11:19:30.800,415.3850651316413,12
2024-09-17 11:19:30.939,415.4232108812522,100
2024-09-17 11:19:31.567,415.3400106084421,15
2024-09-17 11:19:31.610,415.3348866815266,12
2024-09-17 11:19:31.951,415.3199710567719,5
2024-09-17 11:19:32.062,415.33797702507655,102
2024-09-17 11:19:32.070,415.3306861245407,99
2024-09-17 11:19:32.081,415.3511856391417,97
2024-09-17 11:19:32.116,415.3736990303592,96
2024-09-17 11:19:32.158,415.3273245540403,999
2024-09-17 11:19:32.159,415.3179882622334,101
2024-09-17 11:19:32.212,415.37458435997127,5
2024-09-17 11:19:32.232,,102
2024-09-17 11:19:32.286,415.3235708129901,13
2024-09-17 11:19:32.344,415.30194303764,995
2024-09-17 11:19:32.474,415.3337388739087,11
2024-09-17 11:19:32.480,415.3258197384079,14
2024-09-17 11:19:32.542,415.3305331287947,1001
2024-09-17 11:19:32.592,415.3458985805269,9
2024-09-17 11:19:32.744,415.3252924837308,6
2024-09-17 11:19:32.792,415.35900358538896,96
2024-09-17 11:19:32.807,415.3639055801396,14
2024-09-17 11:19:32.856,415.32314248805375,99
2024-09-17 11:19:32.940,415.3204307763568,100
2024-09-17 11:19:33.005,415.3867718019204,15
2024-09-17 11:19:33.027,415.3985836263082,1001
2024-09-17 11:19:33.028,415.38241138267534,6
2024-09-17 11:19:33.033,415.396880712672,1001
2024-09-17 11:19:33.150,415.3806296672167,1000
2024-09-17 11:19:33.173,415.3915595915756,99
2024-09-17 11:19:33.208,415.3833504506964,1000
2024-09-17 11:19:33.227,415.3930937955636,9
2024-09-17 11:19:33.264,415.4266560157624,15
2024-09-17 11:19:33.288,415.4070882840588,101
2024-09-17 11:19:33.297,415.41805554654826,98
2024-09-17 11:19:33.305,415.3901583239038,100
2024-09-17 11:19:33.378,415.3995400496067,1004
2024-09-17 11:19:33.399,415.4032751203248,998
2024-09-17 11:19:33.457,415.3845506862744,100
2024-09-17 11:19:33.463,415.38985015176064,998
2024-09-17 11:19:33.612,415.4316815213628,14
2024-09-17 11:19:33.651,415.38038411719725,99
2024-09-17 11:19:33.746,415.4058932360516,99
2024-09-17 11:19:33.750,415.398679367373,103
2024-09-17 11:19:33.803,415.3671926265624,998
2024-09-17 11:19:33.823,415.38316339265856,995
2024-09-17 11:19:33.844,415.3866615071282,997
2024-09-17 11:19:33.901,415.3916013711224,5
2024-09-17 11:19:33.947,415.3909852198196,999
2024-09-17 11:19:33.971,415.3811011521464,997
2024-09-17 11:19:33.975,415.3923400743839,97
2024-09-17 11:19:34.064,415.4412207886169,14
2024-09-17 11:19:34.072,415.4196726630564,1000
2024-09-17 11:19:34.295,415.4343456498365,995
2024-09-17 11:19:34.714,415.4198025185356,7
2024-09-17 11:19:34.820,415.4222111294888,997
2024-09-17 11:19:34.956,415.4285603227474,1005
2024-09-17 11:19:34.962,415.4709944381464,12
2024-09-17 11:19:36.215,415.4974373686887,104
2024-09-17 11:19:36.460,415.4911593380576,996
2024-09-17 11:19:36.556,415.48287604350975,997
2024-09-17 11:19:36.670,415.4874654629465,98
2024-09-17 11:19:36.684,415.4751958866223,999
2024-09-17 11:19:36.764,415.480027651779,104
2024-09-17 11:19:36.867,415.4847890524017,95
2024-09-17 11:19:37.038,415.4851209047847,13
2024-09-17 11:19:37.059,415.4930263840733,999
2024-09-17 11:19:37.076,415.4748608785726,105
2024-09-17 11:19:37.155,415.45846964835806,102
2024-09-17 11:19:37.174,415.4716296033855,102
2024-09-17 11:19:37.195,415.4824354341837,6
2024-09-17 11:19:37.222,415.47682568804674,9
2024-09-17 11:19:37.368,415.47486813404936,998
2024-09-17 11:19:37.382,415.4671836296435,999
2024-09-17 11:19:37.388,415.46123770340745,1005
2024-09-17 11:19:37.405,415.48536273616713,12
2024-09-17 11:19:37.415,415.4534162721736,1003
2024-09-17 11:19:37.427,415.45014754093614,13
2024-09-17 11:19:37.454,415.4883028720981,15
2024-09-17 11:19:37.522,415.4694247005916,12
2024-09-17 11:19:37.525,415.4788589532882,14
2024-09-17 11:19:37.621,415.4617090823321,1002
2024-09-17 11:19:37.715,415.484523612005,997
2024-09-17 11:19:37.767,415.4843827043776,10
2024-09-17 11:19:37.886,415.48902929117867,5
2024-09-17 11:19:37.910,415.4547244345592,998
2024-09-17 11:19:37.925,415.469204157516,1000
2024-09-17 11:19:38.176,415.4710432453409,1005
2024-09-17 11:19:38.235,415.4642928312689,1004
2024-09-17 11:19:38.257,415.4896050811815,10
2024-09-17 11:19:38.308,415.4673252995413,1005
2024-09-17 11:19:38.363,415.4867102318466,105
2024-09-17 11:19:38.443,415.4772254708017,1003
2024-09-17 11:19:38.535,415.4749230626251,996
2024-09-17 11:19:38.540,415.4588305865054,997
2024-09-17 11:19:38.617,415.48652638688907,102
2024-09-17 11:19:38.697,415.4950002969394,6
2024-09-17 11:19:38.922,415.4681268377546,102
2024-09-17 11:19:39.014,415.4388545787468,99
2024-09-17 11:19:39.045,415.4384269537468,11
2024-09-17 11:19:39.052,415.4419485062682,998
2024-09-17 11:19:39.073,415.46463388379794,105
2024-09-17 11:19:39.208,415.4007058738428,1001
2024-09-17 11:19:39.247,415.3967238198665,11
2024-09-17 11:19:39.290,415.40150121824297,15
2024-09-17 11:19:39.318,415.4169224852221,9
2024-09-17 11:19:39.353,415.4489474513427,105
2024-09-17 11:19:39.434,415.47832721508007,102
2024-09-17 11:19:39.445,415.4683129885786,5
2024-09-17 11:19:39.479,415.4376282398351,997
2024-09-17 11:19:39.509,415.4156732585039,12
2024-09-17 11:19:39.607,415.4509479777896,99
2024-09-17 11:19:39.662,415.40356610046126,1003
2024-09-17 11:19:39.751,415.4379230674336,7
2024-09-17 11:19:39.796,415.4108735310431,9
2024-09-17 11:19:39.824,-415.45095431543535,101
2024-09-17 11:19:39.900,415.4257630753477,99
2024-09-17 11:19:39.905,415.43936618595615,7
2024-09-17 11:19:39.927,415.47983918100095,97
2024-09-17 11:19:39.988,415.4292381661039,9
2024-09-17 11:19:40.022,415.445202613409,1005
2024-09-17 11:19:40.022,415.4063888856288,103
2024-09-17 11:19:40.032,415.4266282660952,97
2024-09-17 11:19:40.061,415.4100378652356,1001
2024-09-17 11:19:40.095,415.4420118686984,1004
2024-09-17 11:19:40.153,415.4422376028888,96
2024-09-17 11:19:40.339,415.4289896162947,99
2024-09-17 11:19:40.342,415.4417221790834,999
2024-09-17 11:19:40.372,415.4271951794976,105
2024-09-17 11:19:40.375,415.4275622868422,101
2024-09-17 11:19:40.410,415.4194242518988,103
2024-09-17 11:19:40.433,415.43309653361285,103
2024-09-17 11:19:40.466,415.4294567637016,12
2024-09-17 11:19:40.690,415.42602846007975,9
2024-09-17 11:19:40.698,415.40403297638767,95
2024-09-17 11:19:40.720,415.4373968793752,15
2024-09-17 11:19:40.722,415.41407470869774,1000
2024-09-17 11:19:40.735,415.4149616179556,95
2024-09-17 11:19:40.832,415.3946008539383,103
2024-09-17 11:19:40.883,415.4369987161933,102
2024-09-17 11:19:40.894,415.4386814846851,1001
2024-09-17 11:19:40.905,415.447391883165,1002
2024-09-17 11:19:40.963,415.4224326954026,7
2024-09-17 11:19:41.011,415.4835381778213,14
2024-09-17 11:19:41.300,415.4557335257259,95
2024-09-17 11:19:41.341,415.4573114892999,13
2024-09-17 11:19:41.361,415.4446091183138,105
2024-09-17 11:19:41.387,415.46397047061913,101
2024-09-17 11:19:41.439,415.4655117276431,14
2024-09-17 11:19:41.634,415.47358650305904,104
2024-09-17 11:19:41.640,415.4312533440804,96
2024-09-17 11:19:41.781,415.4661164525213,104
2024-09-17 11:19:41.818,415.4270301822331,1001
2024-09-17 11:19:41.848,41.54525940640115,9
2024-09-17 11:19:41.873,415.442507333403,14
2024-09-17 11:19:41.930,415.4464609329924,1000
2024-09-17 11:19:41.932,415.4743841329008,1003
2024-09-17 11:19:42.041,415.4353306052394,7
2024-09-17 11:19:42.044,415.41206449028857,995
2024-09-17 11:19:42.101,415.4315284247431,1004
2024-09-17 11:19:42.184,415.4148970896534,14
2024-09-17 11:19:42.210,415.4053177363745,6
2024-09-17 11:19:42.272,415.4374348049242,98
2024-09-17 11:19:42.338,415.43479930703086,996
2024-09-17 11:19:42.387,415.4261471295788,13
2024-09-17 11:19:42.497,415.4793414001289,12
2024-09-17 11:19:42.628,415.43756571673424,15
2024-09-17 11:19:42.679,415.4428983219953,100
2024-09-17 11:19:42.771,415.473902714858,1000
2024-09-17 11:19:43.133,415.388047643099,12
2024-09-17 11:19:43.159,415.4058851655077,101
2024-09-17 11:19:43.226,415.3755447677804,104
2024-09-17 11:19:43.229,415.4127038337495,98
2024-09-17 11:19:43.271,415.40934779456,98
2024-09-17 11:19:43.277,415.3891632639583,12
2024-09-17 11:19:43.348,415.3763198762473,1004
2024-09-17 11:19:43.402,415.4012137404189,1003
2024-09-17 11:19:43.478,415.3530291969007,1005
2024-09-17 11:19:43.520,415.3937782025488,1004
2024-09-17 11:19:43.523,415.3699229896669,995
2024-09-17 11:19:43.589,415.3729020392451,1004
2024-09-17 11:19:43.660,415.35749991963866,8
2024-09-17 11:19:43.689,415.4091672253378,9
2024-09-17 11:19:43.944,415.3683343748624,998
2024-09-17 11:19:44.102,415.3496295264662,10
2024-09-17 11:19:44.121,415.3429064775173,11
2024-09-17 11:19:44.241,415.32127303134575,12
2024-09-17 11:19:44.293,415.3339755891869,98
2024-09-17 11:19:44.375,415.3423656741112,101
2024-09-17 11:19:44.447,415.3082902346727,103
2024-09-17 11:19:44.452,,996
2024-09-17 11:19:44.459,415.3419195558667,1003
2024-09-17 11:19:44.465,415.31325270963794,15
2024-09-17 11:19:44.492,415.33762052958286,997
2024-09-17 11:19:44.530,415.3294970820117,995
2024-09-17 11:19:44.553,415.3054013795873,103
2024-09-17 11:19:44.561,415.3115453657754,8
2024-09-17 11:19:44.568,415.34925246213714,14
2024-09-17 11:19:44.572,415.3213590396103,997
2024-09-17 11:19:44.575,415.31113959614623,1005
2024-09-17 11:19:44.652,415.3568219876,13
2024-09-17 11:19:44.653,415.3681471877642,98
2024-09-17 11:19:44.754,415.33647097161753,998
2024-09-17 11:19:44.774,415.35925632872767,95
2024-09-17 11:19:44.817,415.3452976074641,1002
2024-09-17 11:19:44.868,415.3497923196574,96
2024-09-17 11:19:44.883,415.34345828650737,6
2024-09-17 11:19:44.915,415.3461273201723,11
2024-09-17 11:19:44.924,415.3416012344082,1003
2024-09-17 11:19:45.022,415.2928230654919,9
2024-09-17 11:19:45.041,415.309939701941,101
2024-09-17 11:19:45.053,415.2893909888516,104
2024-09-17 11:19:45.055,415.2797230865218,104
2024-09-17 11:19:45.153,415.3225613587363,997
2024-09-17 11:19:45.247,415.25244882212905,997
2024-09-17 11:19:45.281,415.318122732952,11
2024-09-17 11:19:45.519,415.3235168886481,99
2024-09-17 11:19:45.526,415.2457744587248,102
2024-09-17 11:19:45.536,415.3055850590516,1004
2024-09-17 11:19:45.552,415.2678509089527,98
2024-09-17 11:19:45.554,415.3065041081642,103
2024-09-17 11:19:45.679,415.27759910471576,999
2024-09-17 11:19:45.680,415.2917374962499,6
2024-09-17 11:19:45.681,415.30491270990944,8
2024-09-17 11:19:45.726,415.3074269578905,1004
2024-09-17 11:19:45.806,415.31013102446127,99
2024-09-17 11:19:45.820,-415.2765108706986,9
2024-09-17 11:19:45.837,415.3246805534787,101
2024-09-17 11:19:45.929,415.2817231810965,998
2024-09-17 11:19:45.948,415.28183141078966,100
2024-09-17 11:19:45.970,415.2891844159884,10
2024-09-17 11:19:46.005,415.2589949433366,7
2024-09-17 11:19:46.035,415.2927629975349,999
2024-09-17 11:19:46.104,415.262540732637,100
2024-09-17 11:19:46.158,415.2817631831511,104
2024-09-17 11:19:46.213,415.2604031560032,6
2024-09-17 11:19:46.286,415.2991773506047,996
2024-09-17 11:19:46.292,415.24913035499713,1001
2024-09-17 11:19:46.300,415.2559057709023,100
2024-09-17 11:19:46.337,415.29438837527454,8
2024-09-17 11:19:46.349,415.2657899015001,996
2024-09-17 11:19:46.361,415.2676850905468,995
2024-09-17 11:19:46.429,415.2858786561391,9
2024-09-17 11:19:46.460,415.29165237964753,95
2024-09-17 11:19:46.515,415.28339912658936,1003
2024-09-17 11:19:46.521,415.27516852961554,96
2024-09-17 11:19:46.548,415.2860807882493,15
2024-09-17 11:19:46.583,415.3093751848283,5
2024-09-17 11:19:46.639,,11
2024-09-17 11:19:46.645,415.2946935776732,104
2024-09-17 11:19:46.647,415.2497396555682,997
2024-09-17 11:19:46.661,415.2673290111157,103
2024-09-17 11:19:46.661,415.26948281689096,99
2024-09-17 11:19:46.689,415.27519317309776,1000
2024-09-17 11:19:46.727,415.2629518752691,11
2024-09-17 11:19:46.761,415.2679390350372,997
2024-09-17 11:19:46.802,415.257672169121,996
2024-09-17 11:19:46.914,415.276939115122,996
2024-09-17 11:19:46.927,415.25930195787055,15
2024-09-17 11:19:46.941,415.3011794338365,103
2024-09-17 11:19:46.976,415.3040263284233,13
2024-09-17 11:19:47.007,415.24763123692856,998
2024-09-17 11:19:47.042,415.2476823137952,1001
2024-09-17 11:19:47.110,415.2363099535843,999
2024-09-17 11:19:47.149,415.2406426229368,995
2024-09-17 11:19:47.156,415.2714393496007,995
2024-09-17 11:19:47.177,415.25918464277606,996
2024-09-17 11:19:47.220,415.264386021893,998
2024-09-17 11:19:47.235,415.2751417176216,6
2024-09-17 11:19:47.365,415.252675767392,1005
2024-09-17 11:19:47.543,415.2328581049091,6
2024-09-17 11:19:47.635,415.2565512470733,1002
2024-09-17 11:19:47.648,415.27053379315606,1000
2024-09-17 11:19:47.656,415.2422211363355,101
2024-09-17 11:19:47.695,415.2657943891789,10
2024-09-17 11:19:47.769,415.2609051383321,103
2024-09-17 11:19:47.818,415.2382856637577,1004
2024-09-17 11:19:47.893,415.24330884306033,1005
2024-09-17 11:19:49.056,415.2557336158019,97
2024-09-17 11:19:49.070,415.2946915462051,11
2024-09-17 11:19:49.149,415.2608823638025,98
2024-09-17 11:19:49.239,415.26076023159374,100
2024-09-17 11:19:49.245,415.2637564768976,998
2024-09-17 11:19:49.246,415.2715975744075,6
2024-09-17 11:19:49.282,41.52642589334348,999
2024-09-17 11:19:49.298,415.2833121102813,999
2024-09-17 11:19:49.355,415.26449178596056,999
2024-09-17 11:19:49.493,415.2457684794321,6
2024-09-17 11:19:49.663,415.29718177312,12
2024-09-17 11:19:49.704,415.2748526438166,7
2024-09-17 11:19:49.723,415.2875841962524,11
2024-09-17 11:19:49.797,415.298877996261,1005
2024-09-17 11:19:49.814,415.2893431330543,1002
2024-09-17 11:19:49.969,415.2942067652778,9
2024-09-17 11:19:50.084,415.2855620956369,8
2024-09-17 11:19:50.110,415.28738669500166,6
2024-09-17 11:19:50.110,415.2893237573138,997
2024-09-17 11:19:50.236,415.28138684973504,997
2024-09-17 11:19:50.302,415.29405306158907,96
2024-09-17 11:19:50.386,415.31179492400366,5
2024-09-17 11:19:50.439,415.2595156899778,1002
2024-09-17 11:19:50.575,415.29165481095583,1004
2024-09-17 11:19:50.625,415.2631777455602,6
2024-09-17 11:19:50.677,415.2853019240362,7
2024-09-17 11:19:50.744,415.2960610241435,1003
2024-09-17 11:19:50.838,415.2930756494166,7
2024-09-17 11:19:50.932,415.2921047872697,99
2024-09-17 11:19:50.981,415.2932769904231,104
2024-09-17 11:19:50.992,415.3004907252629,6
2024-09-17 11:19:51.024,415.2892683515442,14
2024-09-17 11:19:51.043,415.2576411016367,105
2024-09-17 11:19:51.058,415.2762946511455,96
2024-09-17 11:19:51.076,415.2254584721297,95
2024-09-17 11:19:51.174,415.286633312321,8
2024-09-17 11:19:51.211,415.25632870975096,1001
2024-09-17 11:19:51.228,415.2293836482551,1004
2024-09-17 11:19:51.446,415.24315120554985,96
2024-09-17 11:19:51.476,415.30753793895786,1002
2024-09-17 11:19:51.512,415.28387025703535,97
2024-09-17 11:19:51.547,415.3048273847361,95
2024-09-17 11:19:51.554,415.3090314595726,99
2024-09-17 11:19:51.580,415.3164600289831,1004
2024-09-17 11:19:51.583,415.301093424706,7
2024-09-17 11:19:51.654,415.2999875000992,13
2024-09-17 11:19:51.743,415.3101011513885,5
2024-09-17 11:19:51.784,415.2908720069321,15
2024-09-17 11:19:51.839,415.2885739494357,997
2024-09-17 11:19:51.881,415.3207609142552,13
2024-09-17 11:19:51.966,415.3130153611705,9
2024-09-17 11:19:51.985,415.2578201893099,996
2024-09-17 11:19:52.289,415.2330831621669,1001
2024-09-17 11:19:52.407,415.223427133764,7
2024-09-17 11:19:52.535,415.2407422004625,10
2024-09-17 11:19:52.767,415.22523744188607,1005
2024-09-17 11:19:53.036,415.2108104258566,1000
2024-09-17 11:19:53.069,415.20756875911417,99
2024-09-17 11:19:53.216,415.2267121732693,100
2024-09-17 11:19:53.238,415.2172883605926,96
2024-09-17 11:19:53.254,415.2328739501575,1003
2024-09-17 11:19:53.411,415.2396667585602,104
2024-09-17 11:19:53.414,415.2271744694931,12
2024-09-17 11:19:53.438,415.2418524710969,7
2024-09-17 11:19:53.533,415.2408753855103,10
2024-09-17 11:19:53.573,415.2246505162976,1005
2024-09-17 11:19:53.614,415.22784925123074,997
2024-09-17 11:19:53.681,415.201041745444,102
2024-09-17 11:19:53.776,415.2383019591397,105
2024-09-17 11:19:53.777,415.2055006287878,8
2024-09-17 11:19:53.849,415.2344123764024,1003
2024-09-17 11:19:53.959,415.2330235478602,11
2024-09-17 11:19:53.959,415.2491262802613,105
2024-09-17 11:19:53.962,415.22187115608136,14
2024-09-17 11:19:53.967,415.20549744901024,102
2024-09-17 11:19:54.034,415.2644864350492,105
2024-09-17 11:19:54.060,415.2103603135764,995
2024-09-17 11:19:54.066,415.2163778980225,96
2024-09-17 11:19:54.135,415.238953725074,10
2024-09-17 11:19:54.210,415.23696516493374,1005
2024-09-17 11:19:54.255,415.2254025230732,104
2024-09-17 11:19:54.266,415.2267100706983,99
2024-09-17 11:19:54.267,415.2462332603298,14
2024-09-17 11:19:54.308,415.2061015464529,100
2024-09-17 11:19:54.403,415.2374501377189,1000
2024-09-17 11:19:54.405,415.2241114306498,97
2024-09-17 11:19:54.534,415.2515192190224,105
2024-09-17 11:19:54.754,415.1909055867121,1003
2024-09-17 11:19:54.794,415.1999611912621,12
2024-09-17 11:19:54.797,415.2510476995279,1000
2024-09-17 11:19:54.809,415.2475344778782,6
2024-09-17 11:19:54.832,415.26506272498233,97
2024-09-17 11:19:54.850,415.2418437384138,1001
2024-09-17 11:19:54.896,415.24174323849286,13
2024-09-17 11:19:54.945,415.20041641152255,995
2024-09-17 11:19:55.087,415.2668569473725,105
2024-09-17 11:19:55.229,415.2727353085347,99
2024-09-17 11:19:55.354,415.2644335907682,5
2024-09-17 11:19:55.445,415.2698902457736,101
2024-09-17 11:19:55.509,415.27529784095526,13
2024-09-17 11:19:55.576,415.2687629386937,999
2024-09-17 11:19:55.605,415.2622340531472,99
2024-09-17 11:19:55.778,,10
2024-09-17 11:19:55.814,,1000
2024-09-17 11:19:56.004,415.2625177152271,8
2024-09-17 11:19:56.008,415.297067803543,96
2024-09-17 11:19:56.062,415.3394842121074,1003
2024-09-17 11:19:56.097,,10
2024-09-17 11:19:56.208,415.2417623030785,95
2024-09-17 11:19:56.250,415.23295165238494,97
2024-09-17 11:19:56.329,415.33793532226775,11
2024-09-17 11:19:56.349,415.3264232556648,996
2024-09-17 11:19:56.391,415.32866434039903,5
2024-09-17 11:19:56.444,415.33806458450886,1002
2024-09-17 11:19:56.519,415.2697275156708,998
2024-09-17 11:19:56.543,415.2890000098334,999
2024-09-17 11:19:56.559,415.2534638722291,102
2024-09-17 11:19:56.591,415.3145190645022,1005
2024-09-17 11:19:56.613,415.3216138657066,1004
2024-09-17 11:19:56.640,415.2971384107536,13
2024-09-17 11:19:56.660,415.26827208393513,103
2024-09-17 11:19:56.709,415.291502721466,1002
2024-09-17 11:19:56.711,415.3301461863422,7
2024-09-17 11:19:56.813,415.2734462849068,999
2024-09-17 11:19:56.817,415.2579981438228,11
2024-09-17 11:19:56.914,415.3066974542936,1000
2024-09-17 11:19:56.921,415.3350886613858,998
2024-09-17 11:19:56.938,415.30070101288254,1000
2024-09-17 11:19:56.999,415.2891604011773,100
2024-09-17 11:19:57.250,415.2134875359656,5
2024-09-17 11:19:57.359,415.2448404169265,997
2024-09-17 11:19:57.466,415.22454163570353,1005
2024-09-17 11:19:57.682,415.2314139690116,7
2024-09-17 11:19:57.927,415.2406745118354,1001
2024-09-17 11:19:58.005,415.19256002927705,1004
2024-09-17 11:19:58.052,415.1849560225783,11
2024-09-17 11:19:58.086,415.1939493856362,10
2024-09-17 11:19:58.101,415.183106253044,99
2024-09-17 11:19:58.123,415.1854973404797,95
2024-09-17 11:19:58.222,415.19839664983846,96
2024-09-17 11:19:58.552,415.1768621304838,97
2024-09-17 11:19:58.630,415.2013214662637,11
2024-09-17 11:19:58.630,415.1626147603787,5
2024-09-17 11:19:58.633,415.16725134559215,1000
2024-09-17 11:19:58.930,415.1626705658341,100
2024-09-17 11:19:59.073,415.22616115809313,12
2024-09-17 11:19:59.080,415.240979712615,101
2024-09-17 11:19:59.086,415.2903946053871,998
2024-09-17 11:19:59.095,415.2436772237583,1001
2024-09-17 11:19:59.131,415.1952899319727,996
2024-09-17 11:19:59.181,415.30202383957607,13
2024-09-17 11:19:59.201,415.26841233436426,1002
2024-09-17 11:19:59.236,415.281428874803,105
2024-09-17 11:19:59.257,415.243167359756,9
2024-09-17 11:19:59.345,415.2883466464164,96
2024-09-17 11:19:59.348,415.185570833889,104
2024-09-17 11:19:59.382,415.2559762978839,1000
2024-09-17 11:19:59.385,415.2909195026352,1005
2024-09-17 11:19:59.438,,96
2024-09-17 11:19:59.502,415.2664714835648,14
2024-09-17 11:19:59.534,415.26326773856,102
2024-09-17 11:19:59.542,415.296322486465,999
2024-09-17 11:19:59.549,415.3056701705231,1005
2024-09-17 11:19:59.551,415.256963581746,96
2024-09-17 11:19:59.568,415.2885978413652,1004
2024-09-17 11:19:59.586,415.2970711010475,101
2024-09-17 11:19:59.594,415.3044774654669,9
2024-09-17 11:19:59.724,415.21709728708754,11
2024-09-17 11:19:59.740,415.2324716381584,8
2024-09-17 11:19:59.749,415.32022409338185,997
2024-09-17 11:19:59.755,415.2014353001945,8
2024-09-17 11:19:59.811,415.2743089148378,6
2024-09-17 11:19:59.862,415.3306211707941,99
2024-09-17 11:19:59.863,415.2878106440708,1001
2024-09-17 11:19:59.877,415.2182193620277,5
