Timestamp,Price,Size
2024-09-18 15:17:00.019,416.2216115918326,103
2024-09-18 15:17:00.026,416.2313222722989,1001
2024-09-18 15:17:00.168,416.16757524599,14
2024-09-18 15:17:00.170,416.1730392757402,1001
2024-09-18 15:17:00.183,416.2102413325894,10
2024-09-18 15:17:00.186,416.17214973377,99
2024-09-18 15:17:00.203,416.18103769160433,12
2024-09-18 15:17:00.233,416.1974675693212,7
2024-09-18 15:17:00.262,416.1892785026918,10
2024-09-18 15:17:00.264,416.16761510272494,13
2024-09-18 15:17:00.406,416.215215150829,99
2024-09-18 15:17:00.438,416.1759722244002,5
2024-09-18 15:17:00.464,416.1718243403062,13
2024-09-18 15:17:00.494,416.1757488477015,99
2024-09-18 15:17:00.531,416.1856898220691,103
2024-09-18 15:17:00.612,416.1799972495438,5
2024-09-18 15:17:00.645,416.1804232585115,1002
2024-09-18 15:17:00.660,416.2180706594845,5
2024-09-18 15:17:00.694,416.1691540997567,1003
2024-09-18 15:17:00.799,416.18992237274136,12
2024-09-18 15:17:00.848,416.2318684995758,5
2024-09-18 15:17:00.909,416.1842991913906,12
2024-09-18 15:17:00.912,416.24062344079545,10
2024-09-18 15:17:00.920,416.2461842074964,999
2024-09-18 15:17:00.979,416.1876709434191,998
2024-09-18 15:17:00.988,416.1696970797532,97
2024-09-18 15:17:01.014,416.2728062160686,999
2024-09-18 15:17:01.040,416.231321546658,1000
2024-09-18 15:17:01.077,416.2345938944909,11
2024-09-18 15:17:01.180,416.26527118883166,98
2024-09-18 15:17:01.243,416.237122222292,996
2024-09-18 15:17:01.275,416.2646806770088,1002
2024-09-18 15:17:01.296,416.28470249907,100
2024-09-18 15:17:01.338,416.25804159595305,10
2024-09-18 15:17:01.350,416.2724124704808,97
2024-09-18 15:17:01.452,416.2423889589563,9
2024-09-18 15:17:01.454,416.2181352556926,103
2024-09-18 15:17:01.516,416.2788162421441,105
2024-09-18 15:17:01.572,416.2855473318975,12
2024-09-18 15:17:01.583,416.21360622577527,1003
2024-09-18 15:17:01.656,416.2610684817587,997
2024-09-18 15:17:01.677,416.2668320307199,9
2024-09-18 15:17:01.766,41.627413511620375,14
2024-09-18 15:17:01.821,-416.2827577458483,10
2024-09-18 15:17:01.827,416.26117869441424,998
2024-09-18 15:17:01.838,416.25629947371056,9
2024-09-18 15:17:01.931,416.27116505397504,997
2024-09-18 15:17:02.040,416.26886876772505,14
2024-09-18 15:17:02.074,416.249073963956,9
2024-09-18 15:17:02.098,416.2787692865202,7
2024-09-18 15:17:02.150,411.18976202297904,995
2024-09-18 15:17:02.155,416.2953506715911,1004
2024-09-18 15:17:02.229,416.25795516045,998
2024-09-18 15:17:02.242,416.2478737119907,1001
2024-09-18 15:17:02.268,416.2265427049136,100
2024-09-18 15:17:02.271,416.274135366245,14
2024-09-18 15:17:02.352,416.2573218175047,97
2024-09-18 15:17:02.453,416.251939071596,1005
2024-09-18 15:17:02.479,416.2592190662425,102
2024-09-18 15:17:02.644,416.2880784403554,11
2024-09-18 15:17:02.705,416.2716376902801,996
2024-09-18 15:17:02.752,416.281655011816,104
2024-09-18 15:17:02.789,416.23897114985147,1001
2024-09-18 15:17:03.024,416.2714664781713,997
2024-09-18 15:17:03.044,416.2488760486017,101
2024-09-18 15:17:03.065,416.24618632594496,11
2024-09-18 15:17:03.118,416.2491166335594,1000
2024-09-18 15:17:03.130,416.2408130677933,8
2024-09-18 15:17:03.192,416.2334868060842,101
2024-09-18 15:17:03.297,416.2426326660468,9
2024-09-18 15:17:03.307,416.2372236476229,14
2024-09-18 15:17:03.333,416.2276338718823,97
2024-09-18 15:17:03.390,416.2353573527394,7
2024-09-18 15:17:03.438,416.2407678274355,1004
2024-09-18 15:17:03.477,416.2631931174493,14
2024-09-18 15:17:03.490,416.2414722189526,997
2024-09-18 15:17:03.611,416.2289645019442,998
2024-09-18 15:17:03.617,416.2461935752891,998
2024-09-18 15:17:03.782,416.23443845578544,1001
2024-09-18 15:17:03.782,416.2328560842296,103
2024-09-18 15:17:03.804,416.2616705498694,1004
2024-09-18 15:17:03.875,416.2550148175535,104
2024-09-18 15:17:03.885,416.266354455445,95
2024-09-18 15:17:03.888,416.2158832134493,13
2024-09-18 15:17:03.897,416.2140567592277,1002
2024-09-18 15:17:03.922,416.2270180273734,14
2024-09-18 15:17:03.965,416.2543999080897,1004
2024-09-18 15:17:03.975,416.2520306232401,14
2024-09-18 15:17:03.984,416.24928729889024,103
2024-09-18 15:17:03.990,416.2174548086696,7
2024-09-18 15:17:04.053,416.24659044597325,1003
2024-09-18 15:17:04.055,416.2224484159444,98
2024-09-18 15:17:04.108,416.21858392808025,11
2024-09-18 15:17:04.375,411.3032291524733,5
2024-09-18 15:17:04.488,416.2385967770148,98
2024-09-18 15:17:04.530,416.21088318575295,6
2024-09-18 15:17:05.181,416.20591232785466,100
2024-09-18 15:17:05.241,416.2399873865315,1004
2024-09-18 15:17:05.308,416.2178519050991,1003
2024-09-18 15:17:05.311,416.17143966070745,1000
2024-09-18 15:17:05.359,416.2184762722571,97
2024-09-18 15:17:05.408,416.22098391130993,96
2024-09-18 15:17:05.441,416.1641951700677,5
2024-09-18 15:17:05.527,416.2249542702364,6
2024-09-18 15:17:05.551,416.2247985752368,995
2024-09-18 15:17:05.597,416.204678729616,96
2024-09-18 15:17:05.615,416.2249781767271,1005
2024-09-18 15:17:05.724,416.1549350199188,102
2024-09-18 15:17:05.729,416.2160380077372,8
2024-09-18 15:17:05.737,416.178148836538,95
2024-09-18 15:17:05.752,416.22745012242086,5
2024-09-18 15:17:05.898,416.217146656358,6
2024-09-18 15:17:05.936,416.19114656873984,97
2024-09-18 15:17:06.016,416.28135622599495,996
2024-09-18 15:17:06.021,416.3023547274565,1001
2024-09-18 15:17:06.065,416.2899334795436,99
2024-09-18 15:17:06.071,416.2862614152756,100
2024-09-18 15:17:06.122,416.1985231652804,103
2024-09-18 15:17:06.248,416.1991453283739,10
2024-09-18 15:17:06.259,416.3039483907136,8
2024-09-18 15:17:06.319,416.20266149986304,101
2024-09-18 15:17:06.339,416.22751666316645,9
2024-09-18 15:17:06.354,416.2435504132058,15
2024-09-18 15:17:06.442,416.27263046092907,95
2024-09-18 15:17:06.486,416.2621594536954,1000
2024-09-18 15:17:06.548,416.3031403502948,13
2024-09-18 15:17:06.606,416.18775785180793,105
2024-09-18 15:17:06.645,416.30667093085816,100
2024-09-18 15:17:06.670,416.29006572278354,104
2024-09-18 15:17:06.732,416.2933340202338,99
2024-09-18 15:17:06.842,416.2584810100057,101
2024-09-18 15:17:06.879,416.2933334167056,13
2024-09-18 15:17:06.902,416.2220909399899,96
2024-09-18 15:17:06.927,416.2502495341727,7
2024-09-18 15:17:06.938,416.28901173264046,8
2024-09-18 15:17:06.943,416.2317648105662,15
2024-09-18 15:17:06.943,416.2712018643769,96
2024-09-18 15:17:06.958,416.193822329068,103
2024-09-18 15:17:06.988,416.2405207038344,95
2024-09-18 15:17:06.989,416.278962618826,7
2024-09-18 15:17:06.995,416.286019337768,1005
2024-09-18 15:17:07.027,416.1514879669857,1005
2024-09-18 15:17:07.038,416.2291766076658,6
2024-09-18 15:17:07.088,416.204218896266,97
2024-09-18 15:17:07.156,416.22200701884645,15
2024-09-18 15:17:07.166,416.2052187122197,100
2024-09-18 15:17:07.173,416.2374596903196,996
2024-09-18 15:17:07.185,416.1834108078518,5
2024-09-18 15:17:07.193,416.2331052305538,10
2024-09-18 15:17:07.290,416.1587978766221,98
2024-09-18 15:17:07.297,416.2037821040056,1000
2024-09-18 15:17:07.417,416.2084068638693,10
2024-09-18 15:17:07.496,416.2173660984157,102
2024-09-18 15:17:07.499,416.13876596970414,996
2024-09-18 15:17:07.532,416.2105965202607,8
2024-09-18 15:17:07.632,416.2030078690212,12
2024-09-18 15:17:07.711,416.239778164466,1000
2024-09-18 15:17:07.766,416.2283737072681,998
2024-09-18 15:17:07.792,416.2127139159596,6
2024-09-18 15:17:07.799,416.1541182910968,998
2024-09-18 15:17:07.837,416.2385553904209,99
2024-09-18 15:17:07.842,416.2276637788835,5
2024-09-18 15:17:07.868,416.14108800194725,8
2024-09-18 15:17:07.988,416.2055129965808,1004
2024-09-18 15:17:07.996,416.1628261717565,1000
2024-09-18 15:17:08.143,416.1024961501736,95
2024-09-18 15:17:08.159,416.1461651445716,103
2024-09-18 15:17:08.163,416.15595954740746,104
2024-09-18 15:17:08.399,416.1461008170072,11
2024-09-18 15:17:08.431,416.1234064608182,100
2024-09-18 15:17:08.488,416.1433367975128,101
2024-09-18 15:17:08.568,416.1116531401829,98
2024-09-18 15:17:08.820,416.1519004544089,7
2024-09-18 15:17:08.825,416.1319344779534,9
2024-09-18 15:17:08.826,416.1497291186146,997
2024-09-18 15:17:08.854,416.1594636631216,103
2024-09-18 15:17:08.932,416.11575750067294,13
2024-09-18 15:17:09.003,416.070289723031,1002
2024-09-18 15:17:09.019,416.08500456995006,997
2024-09-18 15:17:09.045,416.1126296064672,15
2024-09-18 15:17:09.134,416.1308273454677,1004
2024-09-18 15:17:09.194,416.0863068491105,15
2024-09-18 15:17:09.249,416.0831855350903,9
2024-09-18 15:17:09.272,416.0659783018245,998
2024-09-18 15:17:09.362,416.06568689565466,100
2024-09-18 15:17:09.418,416.08235109811005,1002
2024-09-18 15:17:09.491,416.0737713332541,1005
2024-09-18 15:17:09.542,416.0645901602837,100
2024-09-18 15:17:09.573,416.1198107436041,97
2024-09-18 15:17:09.586,416.08402353893706,1003
2024-09-18 15:17:09.654,416.0731424572579,8
2024-09-18 15:17:09.738,416.07702254182215,999
2024-09-18 15:17:09.743,416.1121764486937,999
2024-09-18 15:17:09.801,416.105899788333,999
2024-09-18 15:17:09.857,416.0563179931143,105
2024-09-18 15:17:09.875,416.09405666831776,7
2024-09-18 15:17:09.884,416.10074338266185,995
2024-09-18 15:17:09.944,416.0885239152781,7
2024-09-18 15:17:09.959,416.0961158527389,1001
2024-09-18 15:17:09.997,416.09097307790137,13
2024-09-18 15:17:10.316,416.1014665598424,101
2024-09-18 15:17:11.125,416.075826415786,97
2024-09-18 15:17:11.190,416.101745459428,95
2024-09-18 15:17:11.236,416.0432990777509,13
2024-09-18 15:17:11.285,416.06997093946495,100
2024-09-18 15:17:11.400,416.0647189441407,7
2024-09-18 15:17:11.456,416.0644388198806,104
2024-09-18 15:17:11.469,416.0602887309972,997
2024-09-18 15:17:11.503,416.0690748678552,103
2024-09-18 15:17:11.583,416.0813381585282,8
2024-09-18 15:17:11.697,416.065983512856,9
2024-09-18 15:17:11.802,416.0492703733245,13
2024-09-18 15:17:12.388,416.0827440154456,12
2024-09-18 15:17:12.608,416.0799225014128,1005
2024-09-18 15:17:12.712,416.0869483431493,997
2024-09-18 15:17:13.006,416.071227581178,997
2024-09-18 15:17:13.114,416.0826915816207,96
2024-09-18 15:17:13.254,416.038639892328,997
2024-09-18 15:17:13.332,416.071915061299,10
2024-09-18 15:17:13.590,416.0635593093181,14
2024-09-18 15:17:13.780,416.0344788995459,97
2024-09-18 15:17:13.812,416.0463471764746,1001
2024-09-18 15:17:13.842,416.047925706196,1005
2024-09-18 15:17:14.110,416.026322000931,7
2024-09-18 15:17:14.145,416.050273083753,1003
2024-09-18 15:17:14.198,416.0474859108307,10
2024-09-18 15:17:14.259,416.0535177135237,100
2024-09-18 15:17:14.334,416.07549796285673,6
2024-09-18 15:17:14.339,416.10394210940376,999
2024-09-18 15:17:14.410,416.0604235608935,998
2024-09-18 15:17:14.422,416.0512981517841,96
2024-09-18 15:17:14.460,416.0871157337324,1000
2024-09-18 15:17:14.462,416.0275274804113,99
2024-09-18 15:17:14.464,-416.0793060574781,102
2024-09-18 15:17:14.504,416.0575340389086,13
2024-09-18 15:17:14.583,416.07404721262327,995
2024-09-18 15:17:14.609,416.0772220625676,996
2024-09-18 15:17:14.709,416.08272615674224,104
2024-09-18 15:17:14.793,416.0510502229859,997
2024-09-18 15:17:14.863,41.60817182081061,1002
2024-09-18 15:17:14.925,416.0577933936951,103
2024-09-18 15:17:14.936,416.0628868928612,12
2024-09-18 15:17:15.018,416.067127358226,95
2024-09-18 15:17:15.206,416.09430017139954,1000
2024-09-18 15:17:15.241,416.049042020315,103
2024-09-18 15:17:15.270,416.0902975424607,103
2024-09-18 15:17:15.291,416.08967653008943,99
2024-09-18 15:17:15.314,416.0606734767922,1004
2024-09-18 15:17:15.341,416.0627824300489,5
2024-09-18 15:17:15.399,416.07814414168826,105
2024-09-18 15:17:15.413,416.0862870834941,1004
2024-09-18 15:17:15.437,416.0410489643165,1005
2024-09-18 15:17:15.458,416.05993156500017,96
2024-09-18 15:17:15.461,416.09255315707367,12
2024-09-18 15:17:15.561,416.0621457200396,1005
2024-09-18 15:17:15.591,416.0854709294522,1004
2024-09-18 15:17:15.631,416.0611856554341,10
2024-09-18 15:17:15.639,416.09184530710985,5
2024-09-18 15:17:15.654,416.05928527901233,996
2024-09-18 15:17:15.666,416.0406610259626,14
2024-09-18 15:17:15.866,416.0824226872617,7
2024-09-18 15:17:15.904,416.08356636418034,98
2024-09-18 15:17:15.920,416.0456538190288,95
2024-09-18 15:17:15.954,416.07543672821726,11
2024-09-18 15:17:16.127,416.13810428146354,1003
2024-09-18 15:17:16.251,416.0966939916062,99
2024-09-18 15:17:16.309,416.1206154633722,6
2024-09-18 15:17:16.654,411.3457092621457,12
2024-09-18 15:17:16.906,416.11129315136543,100
2024-09-18 15:17:17.020,416.1254100967975,1001
2024-09-18 15:17:17.197,416.1385216664136,104
2024-09-18 15:17:17.328,416.1190877198812,6
2024-09-18 15:17:17.349,416.1398352774477,6
2024-09-18 15:17:17.352,416.14089060128026,97
2024-09-18 15:17:17.627,416.1515183356158,999
2024-09-18 15:17:17.783,416.13081727218014,99
2024-09-18 15:17:17.821,416.1182641995055,5
2024-09-18 15:17:17.902,416.1180394708141,8
2024-09-18 15:17:18.031,416.1669599911857,105
2024-09-18 15:17:18.409,416.1422526554763,12
2024-09-18 15:17:18.483,416.14369861064966,1003
2024-09-18 15:17:18.607,416.17541109704337,1001
2024-09-18 15:17:18.804,416.1446022457527,996
2024-09-18 15:17:20.021,416.1965208823919,997
2024-09-18 15:17:20.125,416.1645972238608,10
2024-09-18 15:17:20.179,416.19314695380575,15
2024-09-18 15:17:20.217,416.1508606432352,101
2024-09-18 15:17:20.361,416.2128762627145,12
2024-09-18 15:17:20.366,416.2111952745632,10
2024-09-18 15:17:20.545,416.25008784011743,100
2024-09-18 15:17:20.551,416.1695896612964,103
2024-09-18 15:17:20.580,416.2287375059821,11
2024-09-18 15:17:20.610,416.229519103196,11
2024-09-18 15:17:20.676,416.1517949476224,1001
2024-09-18 15:17:20.727,416.1919149400192,95
2024-09-18 15:17:20.739,416.1695366913714,101
2024-09-18 15:17:20.772,,12
2024-09-18 15:17:20.853,416.1404471486261,96
2024-09-18 15:17:20.920,416.1936154666026,11
2024-09-18 15:17:20.966,416.2328128427445,1005
2024-09-18 15:17:20.967,,97
2024-09-18 15:17:20.996,416.1589577213226,1004
2024-09-18 15:17:21.308,416.2106270430753,7
2024-09-18 15:17:21.701,416.21807038031375,1001
2024-09-18 15:17:21.885,416.216959694327,105
2024-09-18 15:17:21.964,416.2126071358313,99
2024-09-18 15:17:22.167,416.2096295367948,10
2024-09-18 15:17:22.216,416.1986206631256,1004
2024-09-18 15:17:22.223,416.2129680175924,13
2024-09-18 15:17:22.291,416.2099051845349,99
2024-09-18 15:17:22.701,-416.1917562565189,12
2024-09-18 15:17:23.055,416.19100625150327,9
2024-09-18 15:17:23.079,416.1846150893829,1003
2024-09-18 15:17:23.103,416.2010914664103,7
2024-09-18 15:17:23.119,416.1746712256048,100
2024-09-18 15:17:23.245,416.18347332831473,5
2024-09-18 15:17:23.252,416.199726918265,996
2024-09-18 15:17:23.294,416.2092476924653,1000
2024-09-18 15:17:23.308,416.19447903057096,13
2024-09-18 15:17:23.312,416.17595350412137,12
2024-09-18 15:17:23.385,416.19852752696505,15
2024-09-18 15:17:23.457,416.1854931516516,1001
2024-09-18 15:17:23.542,416.2087123279723,101
2024-09-18 15:17:23.567,416.16273098083127,996
2024-09-18 15:17:23.604,416.2069594182028,997
2024-09-18 15:17:23.618,416.1695308855149,101
2024-09-18 15:17:23.690,416.1682925206111,1002
2024-09-18 15:17:23.711,416.1860865077826,1004
2024-09-18 15:17:23.807,416.1794626884545,15
2024-09-18 15:17:23.960,416.1786840234081,6
2024-09-18 15:17:23.986,416.1843221084702,9
2024-09-18 15:17:23.998,416.2177371821352,15
2024-09-18 15:17:24.041,416.22954963983176,997
2024-09-18 15:17:24.145,416.2784714727419,13
2024-09-18 15:17:24.179,416.2653395973256,11
2024-09-18 15:17:24.183,416.2253315213775,103
2024-09-18 15:17:24.336,416.27536457220873,9
2024-09-18 15:17:24.338,416.288183045122,98
2024-09-18 15:17:24.339,416.2759326677384,96
2024-09-18 15:17:24.366,416.2254917628533,996
2024-09-18 15:17:24.460,416.28792968785575,103
2024-09-18 15:17:24.490,416.30056146784045,95
2024-09-18 15:17:24.659,416.2760531444113,13
2024-09-18 15:17:24.719,416.2628160493214,9
2024-09-18 15:17:24.753,416.2160954936633,98
2024-09-18 15:17:24.755,416.2971598880273,12
2024-09-18 15:17:24.873,416.29506203432805,105
2024-09-18 15:17:24.891,416.2441374838442,11
2024-09-18 15:17:24.910,416.2665169902386,8
2024-09-18 15:17:24.951,416.27944407718985,97
2024-09-18 15:17:24.974,416.22309805178463,9
2024-09-18 15:17:25.058,416.258740847518,14
2024-09-18 15:17:25.072,416.2789075627832,997
2024-09-18 15:17:25.111,416.2561683193795,7
2024-09-18 15:17:25.145,416.2758237426122,103
2024-09-18 15:17:25.206,416.2596133995502,100
2024-09-18 15:17:25.271,416.2628651613072,13
2024-09-18 15:17:25.337,416.2866418471893,13
2024-09-18 15:17:25.346,416.2687924154595,1002
2024-09-18 15:17:25.473,416.2645467384136,104
2024-09-18 15:17:25.515,416.2485200988695,14
2024-09-18 15:17:25.544,416.2909836200975,98
2024-09-18 15:17:25.608,416.2639883843838,6
2024-09-18 15:17:25.670,416.2721570873235,98
2024-09-18 15:17:25.684,416.28498850413735,5
2024-09-18 15:17:25.832,416.2680556759119,11
2024-09-18 15:17:25.848,416.2673103789903,997
2024-09-18 15:17:25.916,416.2736807163444,1002
2024-09-18 15:17:25.974,416.261903190507,1002
2024-09-18 15:17:26.133,416.3031138053367,1004
2024-09-18 15:17:26.196,416.3111581513013,1002
2024-09-18 15:17:26.308,416.3107434255265,13
2024-09-18 15:17:26.417,416.2831092809861,99
2024-09-18 15:17:26.429,416.2888678438016,998
2024-09-18 15:17:26.441,416.2873000895818,6
2024-09-18 15:17:26.470,416.2954380484507,6
2024-09-18 15:17:26.513,416.30269976048737,5
2024-09-18 15:17:26.912,416.2901670206695,1003
2024-09-18 15:17:26.940,416.3000368468272,998
2024-09-18 15:17:27.046,416.3039154301864,13
2024-09-18 15:17:27.066,416.2650813585033,10
2024-09-18 15:17:27.243,416.2716541629164,101
2024-09-18 15:17:27.301,416.3156719291689,100
2024-09-18 15:17:27.527,416.26876501742566,95
2024-09-18 15:17:27.538,416.3345905669015,104
2024-09-18 15:17:27.606,416.2705275825921,97
2024-09-18 15:17:27.644,416.2735588319802,1000
2024-09-18 15:17:27.731,416.3061072428165,95
2024-09-18 15:17:27.820,416.28660330804007,1002
2024-09-18 15:17:27.836,416.2755789414938,999
2024-09-18 15:17:27.909,416.3052990815081,15
2024-09-18 15:17:27.941,416.2611428240132,11
2024-09-18 15:17:28.665,416.3143546840044,8
2024-09-18 15:17:29.184,416.3372335897348,996
2024-09-18 15:17:29.310,416.3799083799746,15
2024-09-18 15:17:29.358,416.4029271109938,15
2024-09-18 15:17:29.473,416.411814906366,7
2024-09-18 15:17:29.529,416.3764895672516,1000
2024-09-18 15:17:29.712,416.38205349891706,98
2024-09-18 15:17:29.736,416.4365192239813,7
2024-09-18 15:17:29.752,416.3515472133944,999
2024-09-18 15:17:29.764,416.42903429885126,8
2024-09-18 15:17:29.767,416.4298118433159,97
2024-09-18 15:17:29.783,416.3859505527248,1003
2024-09-18 15:17:29.783,416.3894716044695,95
2024-09-18 15:17:29.844,416.373617418608,98
2024-09-18 15:17:29.966,416.3725309542832,999
2024-09-18 15:17:30.082,416.4208129643621,95
2024-09-18 15:17:30.151,416.4264430818244,1005
2024-09-18 15:17:30.198,416.3936991986734,6
2024-09-18 15:17:30.600,416.4155441389771,1005
2024-09-18 15:17:30.652,416.4028385234768,12
2024-09-18 15:17:30.913,416.4106036516025,13
2024-09-18 15:17:31.093,416.3587046852626,10
2024-09-18 15:17:31.134,416.3667977644027,995
2024-09-18 15:17:31.226,416.3516771760509,10
2024-09-18 15:17:31.247,416.34922857622064,1004
2024-09-18 15:17:31.296,416.3868836206733,12
2024-09-18 15:17:31.337,416.3632925115629,998
2024-09-18 15:17:31.390,416.3698829849304,5
2024-09-18 15:17:31.408,416.3780878427668,15
2024-09-18 15:17:31.492,,15
2024-09-18 15:17:31.536,416.3622203071716,96
2024-09-18 15:17:31.696,416.3609944896315,12
2024-09-18 15:17:31.718,416.3512317142486,6
2024-09-18 15:17:31.732,416.3538472245398,8
2024-09-18 15:17:31.984,416.3652655019572,96
2024-09-18 15:17:31.993,416.34205268645337,998
2024-09-18 15:17:32.017,416.3625027669231,12
2024-09-18 15:17:32.078,416.4188582475623,8
2024-09-18 15:17:32.235,416.3749358389187,101
2024-09-18 15:17:32.291,416.3522690728872,1002
2024-09-18 15:17:32.456,416.4115940120566,11
2024-09-18 15:17:32.619,416.4139281113343,100
2024-09-18 15:17:32.693,416.4015198760306,95
2024-09-18 15:17:32.768,416.3556660372733,98
2024-09-18 15:17:32.770,416.3809900184369,11
2024-09-18 15:17:32.804,416.4187935628749,995
2024-09-18 15:17:32.889,416.38354325790687,14
2024-09-18 15:17:33.040,416.4177733324679,97
2024-09-18 15:17:33.052,416.4336921040267,1002
2024-09-18 15:17:33.100,416.4266678577284,105
2024-09-18 15:17:33.141,416.40392588955257,995
2024-09-18 15:17:33.311,416.4281033294247,100
2024-09-18 15:17:33.381,416.4431038983668,95
2024-09-18 15:17:33.412,416.4120838521436,101
2024-09-18 15:17:33.576,416.4070049058973,11
2024-09-18 15:17:33.689,416.41560798472193,997
2024-09-18 15:17:33.748,416.4260706155848,997
2024-09-18 15:17:33.882,416.3947962437077,102
2024-09-18 15:17:34.117,416.4399971886295,995
2024-09-18 15:17:34.348,416.425010436097,997
2024-09-18 15:17:34.369,416.419903341072,13
2024-09-18 15:17:34.682,416.42875587683614,104
2024-09-18 15:17:35.039,416.40990591445046,997
2024-09-18 15:17:35.042,416.4455358893289,1000
2024-09-18 15:17:35.130,411.3431655535447,98
2024-09-18 15:17:35.149,416.4160955267375,1005
2024-09-18 15:17:35.178,416.42014998208936,14
2024-09-18 15:17:35.238,416.42206833706007,97
2024-09-18 15:17:35.264,416.4131391542424,1001
2024-09-18 15:17:35.305,416.4248256902613,1004
2024-09-18 15:17:35.388,416.4244637995222,105
2024-09-18 15:17:35.403,416.411607804472,1003
2024-09-18 15:17:35.439,416.40988840634094,95
2024-09-18 15:17:35.490,416.4232238429506,99
2024-09-18 15:17:35.609,416.4228934969918,11
2024-09-18 15:17:35.731,416.4142902124047,998
2024-09-18 15:17:35.748,416.3965498848392,103
2024-09-18 15:17:35.777,416.4186696400264,9
2024-09-18 15:17:35.807,416.4274233509062,8
2024-09-18 15:17:35.841,416.414678919213,95
2024-09-18 15:17:35.911,416.41937667325584,11
2024-09-18 15:17:35.968,416.43719041122336,1002
2024-09-18 15:17:36.407,416.3958144950535,7
2024-09-18 15:17:36.602,416.4015860517076,997
2024-09-18 15:17:36.854,416.400388369614,995
2024-09-18 15:17:36.893,416.3970173616679,13
2024-09-18 15:17:36.924,416.3961887025676,99
2024-09-18 15:17:36.970,416.39561168987535,7
2024-09-18 15:17:37.039,416.3841834715348,1002
2024-09-18 15:17:38.003,416.3265634550909,998
2024-09-18 15:17:38.110,416.3472460105415,997
2024-09-18 15:17:38.274,416.3491184081488,1004
2024-09-18 15:17:38.329,416.3268723643348,101
2024-09-18 15:17:38.332,416.345692740676,98
2024-09-18 15:17:38.336,416.3192536266991,7
2024-09-18 15:17:38.354,416.29585786215335,1004
2024-09-18 15:17:38.366,416.3591514808803,15
2024-09-18 15:17:38.398,416.3405929020094,14
2024-09-18 15:17:38.446,416.3577368322303,995
2024-09-18 15:17:38.488,416.34862699702,999
2024-09-18 15:17:38.529,416.3257103131732,9
2024-09-18 15:17:38.534,416.3147875274576,6
2024-09-18 15:17:38.536,416.3643763454084,1004
2024-09-18 15:17:38.536,416.2969744255989,10
2024-09-18 15:17:38.580,41.62973633440736,996
2024-09-18 15:17:38.601,416.366592048724,99
2024-09-18 15:17:38.730,416.2951010851779,104
2024-09-18 15:17:38.743,416.3636879544007,8
2024-09-18 15:17:38.743,416.3569239504535,1005
2024-09-18 15:17:38.750,416.3563491552285,999
2024-09-18 15:17:38.801,416.3419196292172,15
2024-09-18 15:17:38.810,416.2840211459011,8
2024-09-18 15:17:38.812,416.35624850083343,995
2024-09-18 15:17:38.828,416.3029637256744,15
2024-09-18 15:17:38.833,416.3244606433414,12
2024-09-18 15:17:39.167,416.4028077037849,1003
2024-09-18 15:17:39.337,416.3543428135586,1001
2024-09-18 15:17:39.385,416.3517414431396,7
2024-09-18 15:17:39.457,416.3222321460718,999
2024-09-18 15:17:39.524,416.3421445435979,1003
2024-09-18 15:17:39.593,416.3815851180214,10
2024-09-18 15:17:39.646,416.4075434870064,1005
2024-09-18 15:17:39.664,416.3398711257866,13
2024-09-18 15:17:39.701,416.3382153061595,104
2024-09-18 15:17:39.764,416.3279093438013,7
2024-09-18 15:17:39.889,416.3491773324416,996
2024-09-18 15:17:39.913,416.3292577823749,11
2024-09-18 15:17:40.097,416.3966204068022,101
2024-09-18 15:17:40.144,416.40904048676913,6
2024-09-18 15:17:40.164,416.3934903597248,12
2024-09-18 15:17:40.193,416.416453753384,11
2024-09-18 15:17:40.201,416.41976076998026,1000
2024-09-18 15:17:40.206,416.3907454522568,11
2024-09-18 15:17:40.212,416.38067530992254,97
2024-09-18 15:17:40.230,416.41375438423785,104
2024-09-18 15:17:40.321,416.4080413683835,1003
2024-09-18 15:17:40.406,416.412933413681,98
2024-09-18 15:17:40.414,416.412040668066,9
2024-09-18 15:17:40.457,416.4284898849602,13
2024-09-18 15:17:40.486,416.40408522759634,1000
2024-09-18 15:17:40.491,416.4170663698274,12
2024-09-18 15:17:40.517,416.4215206950908,998
2024-09-18 15:17:40.556,416.4172000371765,103
2024-09-18 15:17:40.683,416.4349945512807,998
2024-09-18 15:17:40.749,416.4017005692914,998
2024-09-18 15:17:40.803,416.4051271760651,99
2024-09-18 15:17:40.811,416.3967738959773,15
2024-09-18 15:17:40.831,416.4164296691406,101
2024-09-18 15:17:40.965,416.3902001948082,102
2024-09-18 15:17:40.982,416.41041583713496,98
2024-09-18 15:17:41.060,416.3815092243383,1004
2024-09-18 15:17:41.227,416.387507755142,96
2024-09-18 15:17:41.429,416.3991974752737,97
2024-09-18 15:17:41.649,416.40556273391326,96
2024-09-18 15:17:41.783,411.23383782384064,100
2024-09-18 15:17:41.863,416.36567378707537,998
2024-09-18 15:17:41.927,416.3758158076059,101
2024-09-18 15:17:41.971,416.3908633573558,1005
2024-09-18 15:17:41.999,416.4028450893467,103
2024-09-18 15:17:42.108,416.3266853113428,5
2024-09-18 15:17:42.133,416.3491918391216,100
2024-09-18 15:17:42.173,416.2990691382657,995
2024-09-18 15:17:42.226,416.3787079886483,95
2024-09-18 15:17:42.229,416.3803602097116,1001
2024-09-18 15:17:42.281,416.3762766349425,97
2024-09-18 15:17:42.315,416.3834587959822,95
2024-09-18 15:17:42.318,416.3801932905706,1001
2024-09-18 15:17:42.455,41.63823731665693,97
2024-09-18 15:17:42.459,416.34574593420496,8
2024-09-18 15:17:42.467,416.3450968342443,100
2024-09-18 15:17:42.490,416.2738105572133,14
2024-09-18 15:17:42.516,416.2685252095426,99
2024-09-18 15:17:42.522,416.3918505519968,996
2024-09-18 15:17:42.585,416.3970496940871,9
2024-09-18 15:17:42.668,416.2533632407154,1004
2024-09-18 15:17:42.674,-416.3824151928975,105
2024-09-18 15:17:42.675,416.2836355235829,12
2024-09-18 15:17:42.677,416.3940925961324,15
2024-09-18 15:17:42.687,416.2561059415498,15
2024-09-18 15:17:42.704,416.37084243022986,12
2024-09-18 15:17:42.733,416.2747164640687,8
2024-09-18 15:17:42.762,416.38225207164527,11
2024-09-18 15:17:42.763,416.3831347971866,5
2024-09-18 15:17:42.771,416.25586788806544,100
2024-09-18 15:17:42.791,416.3735808825164,999
2024-09-18 15:17:42.897,411.3290937310212,7
2024-09-18 15:17:42.898,416.3089068864584,5
2024-09-18 15:17:42.934,416.33175572037527,96
2024-09-18 15:17:43.035,416.2552388027381,996
2024-09-18 15:17:43.115,416.23836082177166,7
2024-09-18 15:17:43.221,416.2525533781845,1003
2024-09-18 15:17:43.227,416.25081511133607,7
2024-09-18 15:17:43.255,416.2765009841932,6
2024-09-18 15:17:43.314,416.2567086874087,6
2024-09-18 15:17:43.514,416.2714416038604,101
2024-09-18 15:17:43.647,416.2576772817642,1005
2024-09-18 15:17:43.671,416.2412153803132,14
2024-09-18 15:17:43.767,416.2327794898505,10
2024-09-18 15:17:43.770,416.2568034502833,99
2024-09-18 15:17:43.799,416.2380305128996,101
2024-09-18 15:17:43.905,416.2627342905524,5
2024-09-18 15:17:43.994,416.25555398864014,999
2024-09-18 15:17:44.037,416.2959397862869,99
2024-09-18 15:17:44.071,416.3188761199908,104
2024-09-18 15:17:44.142,416.2792265701126,105
2024-09-18 15:17:44.187,416.3143613265829,8
2024-09-18 15:17:44.264,416.2783416260277,999
2024-09-18 15:17:44.267,416.3167693214627,15
2024-09-18 15:17:44.396,416.3129083234362,101
2024-09-18 15:17:44.398,416.26641822855794,11
2024-09-18 15:17:44.434,416.3102077448471,103
2024-09-18 15:17:44.454,416.30523752124594,1002
2024-09-18 15:17:44.471,416.3050683127548,10
2024-09-18 15:17:44.520,416.3109345302324,1000
2024-09-18 15:17:44.540,416.2706610103625,100
2024-09-18 15:17:44.568,416.2996264826788,101
2024-09-18 15:17:44.582,416.3071436697082,1000
2024-09-18 15:17:44.609,416.2702917794154,102
2024-09-18 15:17:44.632,416.272831598798,998
2024-09-18 15:17:44.685,416.3049149600746,95
2024-09-18 15:17:44.739,416.3181083331057,104
2024-09-18 15:17:44.760,416.3119588571408,996
2024-09-18 15:17:44.786,416.2775006589552,9
2024-09-18 15:17:44.795,416.30523516471817,97
2024-09-18 15:17:44.834,416.3050112469519,1000
2024-09-18 15:17:44.839,416.33546066038696,12
2024-09-18 15:17:44.859,416.3337256536221,6
2024-09-18 15:17:44.908,416.3205212287771,997
2024-09-18 15:17:44.994,416.3185920756592,6
2024-09-18 15:17:45.062,416.30987859833766,96
2024-09-18 15:17:45.121,416.3225879928382,997
2024-09-18 15:17:45.128,416.30638098923816,96
2024-09-18 15:17:45.239,416.32514391049415,98
2024-09-18 15:17:45.253,416.3068926739588,998
2024-09-18 15:17:45.269,416.3231994064509,100
2024-09-18 15:17:45.295,416.30659518836296,101
2024-09-18 15:17:45.408,416.3188453377687,996
2024-09-18 15:17:45.456,416.3229801802966,8
2024-09-18 15:17:45.470,416.2884131026368,995
2024-09-18 15:17:45.504,416.30148329241024,1004
2024-09-18 15:17:45.523,416.3360348761754,96
2024-09-18 15:17:45.556,416.3247576429829,99
2024-09-18 15:17:45.567,416.3192898838484,996
2024-09-18 15:17:45.587,416.3315612012629,995
2024-09-18 15:17:45.618,416.32046820941775,8
2024-09-18 15:17:45.657,416.3135061537002,12
2024-09-18 15:17:45.751,416.3173195153407,11
2024-09-18 15:17:45.754,416.3206580820195,15
2024-09-18 15:17:45.782,416.3240287300183,103
2024-09-18 15:17:45.788,416.3334773632404,12
2024-09-18 15:17:45.793,416.3322581106403,15
2024-09-18 15:17:45.833,416.3299016788554,11
2024-09-18 15:17:45.834,416.33215323302943,1002
2024-09-18 15:17:45.856,416.3297845728096,14
2024-09-18 15:17:46.057,416.315911855534,13
2024-09-18 15:17:46.156,416.3569613343112,995
2024-09-18 15:17:46.244,416.3474547859856,104
2024-09-18 15:17:46.255,416.3246624390991,14
2024-09-18 15:17:46.258,-416.33921229821874,11
2024-09-18 15:17:46.326,416.3178466089464,10
2024-09-18 15:17:46.347,416.3160844742461,1005
2024-09-18 15:17:46.350,416.3283510209425,10
2024-09-18 15:17:46.490,416.3429419029671,105
2024-09-18 15:17:46.514,41.63234988644332,100
2024-09-18 15:17:46.675,416.34634267233207,1005
2024-09-18 15:17:46.847,416.3312414019448,7
2024-09-18 15:17:46.890,416.3113567808562,100
2024-09-18 15:17:46.898,416.3025371232309,11
2024-09-18 15:17:48.063,416.37757091436737,98
2024-09-18 15:17:48.164,416.3546723589127,104
2024-09-18 15:17:48.220,416.3493438239767,6
2024-09-18 15:17:48.232,416.3526483501776,999
2024-09-18 15:17:48.233,416.35350634913226,1003
2024-09-18 15:17:48.390,416.3347670980282,1003
2024-09-18 15:17:48.422,416.37850818268896,10
2024-09-18 15:17:48.440,416.38058953263686,96
2024-09-18 15:17:48.470,41.63572812474472,95
2024-09-18 15:17:48.546,416.3370824854436,1003
2024-09-18 15:17:48.575,416.3466760025739,105
2024-09-18 15:17:48.587,416.36783387544784,9
2024-09-18 15:17:48.617,416.3719272334615,96
2024-09-18 15:17:48.626,416.3781519470593,1003
2024-09-18 15:17:48.672,416.37451388047776,999
2024-09-18 15:17:48.677,416.3518265387906,8
2024-09-18 15:17:48.694,416.3654205241581,997
2024-09-18 15:17:48.830,416.3279413393494,5
2024-09-18 15:17:48.861,416.3447349568638,96
2024-09-18 15:17:48.978,416.3658249850912,1003
2024-09-18 15:17:49.001,416.3955444057928,12
2024-09-18 15:17:49.041,416.38450861779097,15
2024-09-18 15:17:49.094,416.4041717542042,8
2024-09-18 15:17:49.139,416.37169588530327,995
2024-09-18 15:17:49.144,416.3805514306506,8
2024-09-18 15:17:49.205,,10
2024-09-18 15:17:49.308,416.3905642361674,96
2024-09-18 15:17:49.320,416.40709824939046,98
2024-09-18 15:17:49.349,416.3715515739845,995
2024-09-18 15:17:49.393,416.39502302160673,5
2024-09-18 15:17:49.501,416.4055025004782,996
2024-09-18 15:17:49.522,416.36952486875794,997
2024-09-18 15:17:49.538,416.384364144505,11
2024-09-18 15:17:49.542,416.3973829861961,8
2024-09-18 15:17:49.544,416.3948590586808,1004
2024-09-18 15:17:49.727,416.3861945522144,996
2024-09-18 15:17:49.761,416.4078210242764,1003
2024-09-18 15:17:49.830,416.3633430363603,105
2024-09-18 15:17:49.995,416.4177880052593,98
2024-09-18 15:17:50.025,416.3971902910548,1005
2024-09-18 15:17:50.114,416.4212083842637,99
2024-09-18 15:17:50.130,416.411431770589,104
2024-09-18 15:17:50.235,416.4016931700486,105
2024-09-18 15:17:50.241,416.4050268072803,1002
2024-09-18 15:17:50.256,416.4155161844387,9
2024-09-18 15:17:50.353,416.4169219111491,97
2024-09-18 15:17:50.630,416.3794558000624,6
2024-09-18 15:17:50.668,416.3632080826301,6
2024-09-18 15:17:50.670,416.4046221743614,104
2024-09-18 15:17:50.746,416.4339316648349,1003
2024-09-18 15:17:50.749,416.3983987488552,995
2024-09-18 15:17:50.767,416.4192550402987,15
2024-09-18 15:17:50.782,416.427806420536,13
2024-09-18 15:17:50.830,416.39198953455946,105
2024-09-18 15:17:50.831,416.3793057906156,99
2024-09-18 15:17:50.837,416.4226844048404,5
2024-09-18 15:17:50.851,416.4184943061148,97
2024-09-18 15:17:50.967,416.3966518162212,14
2024-09-18 15:17:50.968,416.3878549886109,995
2024-09-18 15:17:51.174,416.3326271427869,1005
2024-09-18 15:17:51.184,416.3153279182412,6
2024-09-18 15:17:51.227,416.3110023657978,10
2024-09-18 15:17:51.309,416.3088839680848,12
2024-09-18 15:17:51.325,416.32659096723455,995
2024-09-18 15:17:51.385,416.384828869357,1000
2024-09-18 15:17:51.396,416.321843593048,1001
2024-09-18 15:17:51.508,416.302308998729,11
2024-09-18 15:17:51.581,416.3132595794131,6
2024-09-18 15:17:51.664,416.315532245461,1005
2024-09-18 15:17:51.673,416.3616510467008,100
2024-09-18 15:17:51.678,416.3176117486181,105
2024-09-18 15:17:51.692,416.3003746422544,99
2024-09-18 15:17:51.753,416.3001035312688,1004
2024-09-18 15:17:51.801,416.29239868278,998
2024-09-18 15:17:51.860,416.2945287188148,1001
2024-09-18 15:17:51.862,416.3035812943295,102
2024-09-18 15:17:51.870,416.3822397012698,1001
2024-09-18 15:17:51.886,-416.3673864834556,96
2024-09-18 15:17:51.917,416.3351157580457,9
2024-09-18 15:17:51.925,416.3099606804957,5
2024-09-18 15:17:51.928,416.308183908152,13
2024-09-18 15:17:51.961,416.30861024401605,102
2024-09-18 15:17:51.971,416.3115901627767,102
2024-09-18 15:17:52.088,416.3624704996181,1002
2024-09-18 15:17:52.090,416.3504430108972,996
2024-09-18 15:17:52.101,416.3459307773402,996
2024-09-18 15:17:52.120,416.3367849367277,1002
2024-09-18 15:17:52.155,416.3659314332998,13
2024-09-18 15:17:52.156,416.3857177254191,95
2024-09-18 15:17:52.209,416.31967332336535,98
2024-09-18 15:17:52.244,416.3398293701142,104
2024-09-18 15:17:52.250,416.3573309165335,95
2024-09-18 15:17:52.273,416.338996132481,1001
2024-09-18 15:17:52.276,416.3449207139129,996
2024-09-18 15:17:52.316,416.3345490995326,1003
2024-09-18 15:17:52.341,416.38843848131296,97
2024-09-18 15:17:52.344,416.376320125455,15
2024-09-18 15:17:52.384,416.3782913836407,1001
2024-09-18 15:17:52.474,416.3338158248954,997
2024-09-18 15:17:52.543,416.3516076487796,11
2024-09-18 15:17:52.565,416.36184624931536,997
2024-09-18 15:17:52.567,416.392325843028,95
2024-09-18 15:17:52.642,416.3530726643353,8
2024-09-18 15:17:52.647,416.3782109632515,1005
2024-09-18 15:17:52.659,416.3523469777395,104
2024-09-18 15:17:52.694,416.3400273784216,13
2024-09-18 15:17:52.769,416.3906143811609,100
2024-09-18 15:17:52.773,416.379621244368,10
2024-09-18 15:17:52.885,416.3533238489313,1003
2024-09-18 15:17:52.903,416.3765032198783,100
2024-09-18 15:17:52.935,416.3248026061876,7
2024-09-18 15:17:52.952,416.3519298136093,14
2024-09-18 15:17:52.991,416.3159868120834,995
2024-09-18 15:17:53.003,416.365214338856,5
2024-09-18 15:17:53.017,416.3888403920437,1000
2024-09-18 15:17:53.032,416.35712146111854,104
2024-09-18 15:17:53.111,416.36428440831554,101
2024-09-18 15:17:53.148,416.3772616163009,998
2024-09-18 15:17:53.229,416.34052903346304,103
2024-09-18 15:17:53.268,416.34273594902606,99
2024-09-18 15:17:53.337,416.3219673212324,97
2024-09-18 15:17:53.398,416.3292527049143,95
2024-09-18 15:17:53.420,416.3460130217804,97
2024-09-18 15:17:53.483,416.3553760993223,105
2024-09-18 15:17:53.498,416.3765965551191,8
2024-09-18 15:17:53.587,416.3802101196353,9
2024-09-18 15:17:53.603,416.3447912133178,1005
2024-09-18 15:17:53.664,416.323053489815,104
2024-09-18 15:17:53.702,416.3442935698541,6
2024-09-18 15:17:53.703,416.3546492858116,9
2024-09-18 15:17:53.737,416.37609915068526,6
2024-09-18 15:17:53.744,416.3406701181584,1001
2024-09-18 15:17:53.781,416.3383501523576,103
2024-09-18 15:17:53.851,416.3465404283477,10
2024-09-18 15:17:53.853,416.35410143028247,96
2024-09-18 15:17:53.907,416.3638049042551,95
2024-09-18 15:17:53.935,416.3071929958877,6
2024-09-18 15:17:53.957,416.3516531910341,13
2024-09-18 15:17:53.986,416.3362361945864,1001
2024-09-18 15:17:54.610,416.3505949688592,1002
2024-09-18 15:17:54.960,416.3464686487151,101
2024-09-18 15:17:55.040,416.3072328636838,101
2024-09-18 15:17:55.168,416.3537745577551,104
2024-09-18 15:17:55.189,416.3199014821116,998
2024-09-18 15:17:55.193,416.3757114413898,999
2024-09-18 15:17:55.256,416.2678240342728,102
2024-09-18 15:17:55.261,416.3819089292342,8
2024-09-18 15:17:55.277,416.3789760756368,1003
2024-09-18 15:17:55.315,416.2691448196832,14
2024-09-18 15:17:55.364,416.36494050678095,14
2024-09-18 15:17:55.409,416.3374681341797,1002
2024-09-18 15:17:55.439,416.3787527455482,1004
2024-09-18 15:17:55.448,416.324384024935,1002
2024-09-18 15:17:55.503,416.26856453787815,100
2024-09-18 15:17:55.575,416.26913476544667,95
2024-09-18 15:17:55.699,416.3644493402969,100
2024-09-18 15:17:55.712,416.3106668159366,9
2024-09-18 15:17:55.729,416.3668931333469,104
2024-09-18 15:17:55.733,416.3653181002528,98
2024-09-18 15:17:55.743,416.32378615800354,103
2024-09-18 15:17:55.779,,102
2024-09-18 15:17:55.781,416.35498110545785,15
2024-09-18 15:17:55.793,416.3767544155758,14
2024-09-18 15:17:55.808,416.3723723602669,998
2024-09-18 15:17:55.823,416.3524703411283,6
2024-09-18 15:17:55.831,416.2938539875246,11
2024-09-18 15:17:55.844,416.3218652296252,101
2024-09-18 15:17:55.853,416.364613300502,12
2024-09-18 15:17:55.858,416.3496759618432,103
2024-09-18 15:17:55.865,416.38762759318746,11
2024-09-18 15:17:57.076,416.2764501319604,5
2024-09-18 15:17:57.085,416.1923258714872,14
2024-09-18 15:17:57.138,416.20193936396447,1004
2024-09-18 15:17:57.147,416.1991365760138,997
2024-09-18 15:17:57.193,416.2517591861782,998
2024-09-18 15:17:57.206,416.265931536882,995
2024-09-18 15:17:57.238,416.1912116900811,7
2024-09-18 15:17:57.322,416.2651130719023,98
2024-09-18 15:17:57.411,416.1845774751286,8
2024-09-18 15:17:57.437,416.2348837884661,12
2024-09-18 15:17:57.473,416.277477709954,996
2024-09-18 15:17:57.538,416.25778162815095,996
2024-09-18 15:17:57.596,416.2059262470816,1005
2024-09-18 15:17:57.661,416.274727819914,1001
2024-09-18 15:17:57.664,416.2605383301523,1002
2024-09-18 15:17:57.694,416.2748999708367,9
2024-09-18 15:17:57.696,416.2696909694103,1002
2024-09-18 15:17:57.726,416.2562653810474,10
2024-09-18 15:17:57.792,416.2407977945649,9
2024-09-18 15:17:57.799,416.1964577458693,100
2024-09-18 15:17:57.859,416.19420073213325,102
2024-09-18 15:17:57.869,416.2171589518012,10
2024-09-18 15:17:57.903,416.211269679301,7
2024-09-18 15:17:57.924,416.24317698579495,102
2024-09-18 15:17:57.931,416.2087944497851,1000
2024-09-18 15:17:57.958,416.1894731889668,98
2024-09-18 15:17:58.018,416.2617744529088,10
2024-09-18 15:17:58.061,416.263276006012,9
2024-09-18 15:17:58.220,416.2183339759561,1001
2024-09-18 15:17:58.231,416.22922488328027,1003
2024-09-18 15:17:58.292,416.2148029074473,99
2024-09-18 15:17:58.320,416.2444058618517,10
2024-09-18 15:17:58.354,416.2405628465687,1001
2024-09-18 15:17:58.383,416.2294388580857,1000
2024-09-18 15:17:58.416,416.2145423496221,96
2024-09-18 15:17:58.440,416.1996383650032,11
2024-09-18 15:17:58.539,416.2331848144372,1002
2024-09-18 15:17:58.565,416.1862485893235,6
2024-09-18 15:17:58.687,416.2243253679029,997
2024-09-18 15:17:58.744,416.2171980430826,1000
2024-09-18 15:17:58.757,416.23385725836977,101
2024-09-18 15:17:58.787,416.226978197722,99
2024-09-18 15:17:58.967,416.21450427295366,14
2024-09-18 15:17:58.969,416.2042376227655,1004
2024-09-18 15:17:59.078,416.2165065993818,104
2024-09-18 15:17:59.180,416.237209977019,102
2024-09-18 15:17:59.238,416.2229082913804,95
2024-09-18 15:17:59.249,416.2391600346435,14
2024-09-18 15:17:59.259,416.2384363057748,11
2024-09-18 15:17:59.286,416.2464127488688,7
2024-09-18 15:17:59.301,411.10701851586657,11
2024-09-18 15:17:59.384,416.2834160849963,10
2024-09-18 15:17:59.385,416.26574589112886,99
2024-09-18 15:17:59.444,416.1870409547464,1004
2024-09-18 15:17:59.468,416.2235111966492,998
2024-09-18 15:17:59.477,416.186013099951,997
2024-09-18 15:17:59.496,416.22022091684187,7
2024-09-18 15:17:59.535,416.2064177283551,14
2024-09-18 15:17:59.605,416.19336718272336,5
2024-09-18 15:17:59.710,416.2515292108088,10
2024-09-18 15:17:59.863,416.24942735503606,13
2024-09-18 15:17:59.891,416.21676430439953,14
2024-09-18 15:17:59.901,416.1961590840198,1005
2024-09-18 15:17:59.933,416.222994095938,97
