Timestamp,Price,Size
2024-09-16 15:18:00.776,416.0464582203946,104
2024-09-16 15:18:01.027,415.9591761296031,15
2024-09-16 15:18:01.143,415.9261330050173,10
2024-09-16 15:18:01.148,415.92519789081695,15
2024-09-16 15:18:01.153,415.9665439598245,999
2024-09-16 15:18:01.154,416.0084474988101,11
2024-09-16 15:18:01.161,415.9440369870017,999
2024-09-16 15:18:01.249,415.9201225125107,14
2024-09-16 15:18:01.300,416.0013299450224,105
2024-09-16 15:18:01.326,416.0353221664169,13
2024-09-16 15:18:01.337,416.01049310677337,12
2024-09-16 15:18:01.469,416.0437434016392,8
2024-09-16 15:18:01.478,416.0299971964528,9
2024-09-16 15:18:01.533,415.9647007987468,98
2024-09-16 15:18:01.536,415.9580187814224,1002
2024-09-16 15:18:01.569,415.9380284304801,1000
2024-09-16 15:18:01.616,415.948050508718,995
2024-09-16 15:18:01.641,416.026552060692,99
2024-09-16 15:18:01.643,416.0364808822287,12
2024-09-16 15:18:01.673,415.9495288739302,105
2024-09-16 15:18:01.685,415.9531970875528,103
2024-09-16 15:18:01.718,415.9955498307938,100
2024-09-16 15:18:01.740,415.9321743079592,1003
2024-09-16 15:18:01.759,415.9140196564175,9
2024-09-16 15:18:01.840,415.9619261757796,96
2024-09-16 15:18:01.903,415.9870904505251,998
2024-09-16 15:18:02.037,416.0044238933,1005
2024-09-16 15:18:02.071,415.9635785342268,15
2024-09-16 15:18:02.101,415.959222218318,7
2024-09-16 15:18:02.147,415.99257115068224,6
2024-09-16 15:18:02.177,415.9657502194268,15
2024-09-16 15:18:02.186,415.930534071315,1000
2024-09-16 15:18:02.191,415.95916331346655,99
2024-09-16 15:18:02.321,415.9969962599556,95
2024-09-16 15:18:02.332,415.94387447619386,1005
2024-09-16 15:18:02.348,415.9330967695958,13
2024-09-16 15:18:02.390,416.00985180172086,105
2024-09-16 15:18:02.401,415.94139629046697,103
2024-09-16 15:18:02.446,415.9388153176994,1005
2024-09-16 15:18:02.552,415.9652608286733,102
2024-09-16 15:18:02.589,416.0005359079295,103
2024-09-16 15:18:02.633,415.9234282817292,1005
2024-09-16 15:18:02.792,415.9891411889307,999
2024-09-16 15:18:02.801,415.9992261291659,9
2024-09-16 15:18:02.853,415.9666640283824,995
2024-09-16 15:18:02.858,415.98595428474266,104
2024-09-16 15:18:02.876,415.9410470934613,100
2024-09-16 15:18:02.888,415.9816936080327,5
2024-09-16 15:18:02.931,415.933435842332,8
2024-09-16 15:18:03.095,415.9341894104784,1002
2024-09-16 15:18:03.309,415.9245032557063,1004
2024-09-16 15:18:03.329,415.9365098306903,99
2024-09-16 15:18:03.389,415.929033629268,101
2024-09-16 15:18:03.390,415.9315568061399,97
2024-09-16 15:18:03.429,415.9407686897204,105
2024-09-16 15:18:03.534,415.92116965002697,1001
2024-09-16 15:18:03.583,415.94799086146304,102
2024-09-16 15:18:03.671,415.9540734086268,104
2024-09-16 15:18:03.712,415.935746374576,98
2024-09-16 15:18:03.830,415.93299891704544,104
2024-09-16 15:18:03.888,415.9474427208044,101
2024-09-16 15:18:03.906,415.9720923241189,11
2024-09-16 15:18:03.930,415.9422874625713,6
2024-09-16 15:18:03.979,415.9387492630509,6
2024-09-16 15:18:04.023,416.056825466533,15
2024-09-16 15:18:04.049,416.04950567396793,104
2024-09-16 15:18:04.155,415.9903994882952,9
2024-09-16 15:18:04.172,416.0389171800721,97
2024-09-16 15:18:04.173,416.0354905212205,1003
2024-09-16 15:18:04.184,416.0571013747119,1004
2024-09-16 15:18:04.278,416.0013068146328,95
2024-09-16 15:18:04.349,416.0063323788802,996
2024-09-16 15:18:04.356,416.0397832679042,97
2024-09-16 15:18:04.387,416.0332252911536,5
2024-09-16 15:18:04.397,416.0237956368596,997
2024-09-16 15:18:04.469,,96
2024-09-16 15:18:04.496,416.0631794999822,7
2024-09-16 15:18:04.598,416.0315159547293,11
2024-09-16 15:18:04.602,-415.9933450236138,8
2024-09-16 15:18:04.604,416.02371651533866,100
2024-09-16 15:18:04.629,416.0417512587409,996
2024-09-16 15:18:04.638,416.03514494415776,11
2024-09-16 15:18:04.809,416.0482591003643,7
2024-09-16 15:18:04.918,416.0075092114022,12
2024-09-16 15:18:04.945,416.0644116431472,7
2024-09-16 15:18:04.956,416.0051411618034,12
2024-09-16 15:18:05.047,416.06177087621467,5
2024-09-16 15:18:05.065,416.0516797397452,104
2024-09-16 15:18:05.323,416.0538153524778,995
2024-09-16 15:18:05.720,416.0665020071322,15
2024-09-16 15:18:06.555,416.0700086787541,12
2024-09-16 15:18:06.855,416.08687301376926,996
2024-09-16 15:18:06.905,416.0793355922818,101
2024-09-16 15:18:06.961,416.1084236328038,7
2024-09-16 15:18:07.002,416.1567781348122,14
2024-09-16 15:18:07.063,416.0892648348391,7
2024-09-16 15:18:07.112,416.1972721027736,1002
2024-09-16 15:18:07.201,416.194950804562,999
2024-09-16 15:18:07.217,416.12773758633233,10
2024-09-16 15:18:07.254,416.1586196335509,11
2024-09-16 15:18:07.295,416.1542900285396,104
2024-09-16 15:18:07.299,416.1441910758587,996
2024-09-16 15:18:07.333,416.1359367977725,9
2024-09-16 15:18:07.389,416.1393639990599,1001
2024-09-16 15:18:07.425,416.1764986062348,5
2024-09-16 15:18:07.487,416.19056487612,1004
2024-09-16 15:18:07.514,416.1930252234391,103
2024-09-16 15:18:07.560,416.192250284239,105
2024-09-16 15:18:07.595,416.0788335691527,97
2024-09-16 15:18:07.601,416.16505658684906,100
2024-09-16 15:18:07.621,41.61356452036833,101
2024-09-16 15:18:07.656,416.1175662186316,13
2024-09-16 15:18:07.715,416.1413591799375,995
2024-09-16 15:18:07.722,416.1518692868547,13
2024-09-16 15:18:07.751,416.1540225622441,95
2024-09-16 15:18:07.805,416.10674289753337,9
2024-09-16 15:18:07.812,416.1732543498324,12
2024-09-16 15:18:07.849,416.1510572488734,1003
2024-09-16 15:18:07.851,416.1393287964956,95
2024-09-16 15:18:07.851,416.1255738899962,7
2024-09-16 15:18:07.855,416.16069406005306,9
2024-09-16 15:18:07.874,416.1456292598944,95
2024-09-16 15:18:07.984,416.14442580576633,995
2024-09-16 15:18:07.988,416.1080985887624,996
2024-09-16 15:18:08.023,416.1850478255479,9
2024-09-16 15:18:08.032,416.1888969147039,96
2024-09-16 15:18:08.077,416.2037325730876,96
2024-09-16 15:18:08.193,416.1877122201058,100
2024-09-16 15:18:08.302,416.2016015479584,101
2024-09-16 15:18:08.593,416.1815967076659,13
2024-09-16 15:18:08.624,416.20245650284585,5
2024-09-16 15:18:08.641,416.1932813130434,8
2024-09-16 15:18:08.669,416.1988414287002,7
2024-09-16 15:18:08.809,416.19027605727297,1002
2024-09-16 15:18:08.847,416.1872890461678,103
2024-09-16 15:18:09.222,-416.1950747729616,997
2024-09-16 15:18:09.853,416.20021544172994,1001
2024-09-16 15:18:10.071,416.28017130639154,14
2024-09-16 15:18:10.095,416.2063618909809,101
2024-09-16 15:18:10.149,416.197597504196,1004
2024-09-16 15:18:10.180,416.2623243405191,998
2024-09-16 15:18:10.200,416.2523452532028,998
2024-09-16 15:18:10.232,416.2118574221191,96
2024-09-16 15:18:10.233,416.1841758495604,15
2024-09-16 15:18:10.261,416.2254133331876,995
2024-09-16 15:18:10.282,416.1933114218999,96
2024-09-16 15:18:10.292,416.2224872366456,6
2024-09-16 15:18:10.296,416.1778870606278,100
2024-09-16 15:18:10.300,416.19278649183184,105
2024-09-16 15:18:10.371,416.2033081913696,12
2024-09-16 15:18:10.477,416.19766363531966,1002
2024-09-16 15:18:10.479,416.18811928940727,1000
2024-09-16 15:18:10.482,416.1983141668711,8
2024-09-16 15:18:10.489,416.2124677347351,100
2024-09-16 15:18:10.605,416.18050879993314,1003
2024-09-16 15:18:10.606,416.216323330491,12
2024-09-16 15:18:10.619,416.1827150538807,7
2024-09-16 15:18:10.633,416.2157256535109,103
2024-09-16 15:18:10.654,416.213114934361,1003
2024-09-16 15:18:10.711,416.1990873298554,1002
2024-09-16 15:18:10.802,416.2740071738587,1004
2024-09-16 15:18:10.848,416.207661488248,15
2024-09-16 15:18:10.851,416.1787974870287,100
2024-09-16 15:18:10.963,416.19391269668216,997
2024-09-16 15:18:10.968,416.2511683882127,9
2024-09-16 15:18:10.989,416.24829668796576,1000
2024-09-16 15:18:11.020,416.2917123323844,13
2024-09-16 15:18:11.203,416.3105116239551,9
2024-09-16 15:18:11.268,416.3139203326445,5
2024-09-16 15:18:11.327,416.3194507005941,1000
2024-09-16 15:18:11.355,416.30391623145255,997
2024-09-16 15:18:11.466,416.3295146795506,1005
2024-09-16 15:18:11.482,416.3384389818085,1003
2024-09-16 15:18:11.581,416.3284505023463,10
2024-09-16 15:18:11.619,416.29770495399066,15
2024-09-16 15:18:11.641,416.323350760364,996
2024-09-16 15:18:11.707,416.3265088141743,101
2024-09-16 15:18:11.741,416.3395384821111,97
2024-09-16 15:18:11.763,416.2820089239724,999
2024-09-16 15:18:11.863,416.312511663022,8
2024-09-16 15:18:11.873,416.3006360350337,1004
2024-09-16 15:18:12.089,416.2945717158536,1003
2024-09-16 15:18:12.157,416.3054474148168,102
2024-09-16 15:18:12.517,416.3191661444627,105
2024-09-16 15:18:12.653,41.63066329579663,14
2024-09-16 15:18:12.730,416.3173752392522,9
2024-09-16 15:18:13.080,416.3145788319409,12
2024-09-16 15:18:13.124,416.28643376513946,100
2024-09-16 15:18:13.386,416.32193085981777,9
2024-09-16 15:18:13.418,416.2473573452973,1001
2024-09-16 15:18:13.487,416.3281759772652,104
2024-09-16 15:18:13.549,416.270852654359,1001
2024-09-16 15:18:13.582,416.26740252775954,100
2024-09-16 15:18:13.600,416.2967472106309,103
2024-09-16 15:18:13.645,416.28536830128974,1005
2024-09-16 15:18:13.670,416.32121561082266,9
2024-09-16 15:18:13.732,416.2655080622464,1001
2024-09-16 15:18:13.844,416.29315949156097,1002
2024-09-16 15:18:13.869,416.286283621982,1005
2024-09-16 15:18:13.936,416.254548126347,104
2024-09-16 15:18:14.002,416.2012366499295,105
2024-09-16 15:18:14.002,416.2137356728975,102
2024-09-16 15:18:14.033,416.2223022048224,101
2024-09-16 15:18:14.074,416.23382137726566,95
2024-09-16 15:18:14.318,416.2348559237451,102
2024-09-16 15:18:14.345,416.2312394953746,12
2024-09-16 15:18:14.420,416.1827676782133,1002
2024-09-16 15:18:14.427,416.2624154429666,999
2024-09-16 15:18:14.452,416.21840890371135,1001
2024-09-16 15:18:14.580,416.2161601432263,11
2024-09-16 15:18:14.614,416.2033608331062,6
2024-09-16 15:18:14.836,416.2325944097258,11
2024-09-16 15:18:14.873,416.1962399649358,100
2024-09-16 15:18:14.980,416.247271912775,100
2024-09-16 15:18:15.041,416.0159208314639,95
2024-09-16 15:18:15.080,416.115754492228,103
2024-09-16 15:18:15.118,416.01421194849706,13
2024-09-16 15:18:15.153,416.0906247342066,101
2024-09-16 15:18:15.159,416.06004364331153,105
2024-09-16 15:18:15.194,416.0789429736306,1003
2024-09-16 15:18:15.262,416.1457363694024,11
2024-09-16 15:18:15.263,416.095211083021,999
2024-09-16 15:18:15.280,416.15561502176007,10
2024-09-16 15:18:15.382,416.02437445255424,6
2024-09-16 15:18:15.465,416.0034642961597,1000
2024-09-16 15:18:15.485,416.11756162004,97
2024-09-16 15:18:15.522,415.9995835208626,999
2024-09-16 15:18:15.524,416.014427582932,101
2024-09-16 15:18:15.601,416.024946354956,96
2024-09-16 15:18:15.607,416.11849993154107,996
2024-09-16 15:18:15.613,416.04970788472366,1001
2024-09-16 15:18:15.614,416.0710323957923,996
2024-09-16 15:18:15.645,416.0522685038229,1002
2024-09-16 15:18:15.687,416.0534968938621,103
2024-09-16 15:18:15.696,416.0628636668586,104
2024-09-16 15:18:15.705,416.0352646544844,11
2024-09-16 15:18:15.746,416.0206908266621,5
2024-09-16 15:18:15.778,416.0284705231677,10
2024-09-16 15:18:15.817,416.02210411318464,6
2024-09-16 15:18:15.917,416.0288736013087,15
2024-09-16 15:18:15.965,416.0475762931623,996
2024-09-16 15:18:15.971,416.10767070447673,104
2024-09-16 15:18:16.087,416.0107070514186,1001
2024-09-16 15:18:16.137,416.0439470389469,8
2024-09-16 15:18:16.202,416.0171775110536,102
2024-09-16 15:18:16.259,416.0406413859744,1001
2024-09-16 15:18:16.454,416.0170378748782,8
2024-09-16 15:18:16.463,416.0407042223458,97
2024-09-16 15:18:16.474,416.0342225315989,7
2024-09-16 15:18:16.525,416.00659507464593,101
2024-09-16 15:18:16.560,416.0127097141478,1004
2024-09-16 15:18:16.608,415.9893638363132,103
2024-09-16 15:18:16.695,416.0236201871188,103
2024-09-16 15:18:16.786,416.0050244961157,1000
2024-09-16 15:18:16.872,415.9976116673676,7
2024-09-16 15:18:16.895,416.0380493544347,102
2024-09-16 15:18:16.916,416.0363097497552,998
2024-09-16 15:18:17.048,416.0013456806077,995
2024-09-16 15:18:17.145,415.98210955733015,1003
2024-09-16 15:18:17.149,416.0419908648222,1004
2024-09-16 15:18:17.158,416.0269535029119,15
2024-09-16 15:18:17.173,415.9875755546288,11
2024-09-16 15:18:17.260,415.97219447778446,15
2024-09-16 15:18:17.277,416.0045188749776,997
2024-09-16 15:18:17.309,415.9820560571865,999
2024-09-16 15:18:17.433,416.0293998708162,1003
2024-09-16 15:18:17.433,416.0326724400897,7
2024-09-16 15:18:17.583,416.0395225552544,102
2024-09-16 15:18:17.648,416.0425032046368,1003
2024-09-16 15:18:17.651,415.9827852699316,7
2024-09-16 15:18:17.763,415.9763919266296,9
2024-09-16 15:18:17.790,-416.0352057549618,998
2024-09-16 15:18:17.801,416.0275407047842,100
2024-09-16 15:18:17.885,416.0430278845779,1005
2024-09-16 15:18:17.971,416.0060838467234,101
2024-09-16 15:18:17.995,41.59892790706487,105
2024-09-16 15:18:18.117,415.9677690432684,10
2024-09-16 15:18:18.121,415.98358840540703,9
2024-09-16 15:18:18.128,415.9624982460301,8
2024-09-16 15:18:18.156,415.9650048286168,13
2024-09-16 15:18:18.339,415.9750605342322,1003
2024-09-16 15:18:18.686,415.95199152283953,1004
2024-09-16 15:18:18.708,415.95656628055445,12
2024-09-16 15:18:18.721,415.9561046218156,7
2024-09-16 15:18:18.750,415.9534749429956,999
2024-09-16 15:18:18.812,415.9851147421268,1000
2024-09-16 15:18:18.874,415.9674182613439,996
2024-09-16 15:18:19.184,415.8747177889595,11
2024-09-16 15:18:19.291,415.8629625156289,999
2024-09-16 15:18:19.361,415.9459251671211,104
2024-09-16 15:18:19.388,415.8563814386551,15
2024-09-16 15:18:19.520,415.9070006524015,14
2024-09-16 15:18:19.530,415.85123077254457,95
2024-09-16 15:18:19.581,415.8531103162208,1005
2024-09-16 15:18:19.726,415.8571192996114,9
2024-09-16 15:18:19.764,41.59360685205442,104
2024-09-16 15:18:19.798,415.93180936762553,102
2024-09-16 15:18:19.990,415.86000609753614,997
2024-09-16 15:18:20.029,415.84432924099104,996
2024-09-16 15:18:20.048,415.8572465676161,103
2024-09-16 15:18:20.092,415.82930057359647,98
2024-09-16 15:18:20.296,415.8496418062979,96
2024-09-16 15:18:20.538,415.8452936206387,999
2024-09-16 15:18:20.706,415.8569708672784,1002
2024-09-16 15:18:20.770,415.8192072624237,998
2024-09-16 15:18:20.933,415.8719468189794,1002
2024-09-16 15:18:20.936,415.8742503951692,9
2024-09-16 15:18:21.006,415.8215653472639,1000
2024-09-16 15:18:21.198,415.8306628177817,102
2024-09-16 15:18:21.272,415.8134101317336,15
2024-09-16 15:18:21.317,415.8094224027437,997
2024-09-16 15:18:21.385,415.809229713027,1004
2024-09-16 15:18:21.417,415.8276668906023,7
2024-09-16 15:18:21.455,415.8578775523328,105
2024-09-16 15:18:21.498,415.8279592054951,99
2024-09-16 15:18:21.646,415.85604991421775,12
2024-09-16 15:18:21.766,415.830112410504,102
2024-09-16 15:18:21.777,415.80571127690376,996
2024-09-16 15:18:21.837,415.8362855839802,1004
2024-09-16 15:18:21.842,415.8519630754024,998
2024-09-16 15:18:22.004,415.8041543072557,13
2024-09-16 15:18:22.010,415.8288077725167,98
2024-09-16 15:18:22.019,415.7857937458609,5
2024-09-16 15:18:22.026,415.7881927396968,12
2024-09-16 15:18:22.113,415.8100160191,102
2024-09-16 15:18:22.169,415.8109437589926,1003
2024-09-16 15:18:22.170,-415.81439334913966,1003
2024-09-16 15:18:22.327,415.8124125386555,105
2024-09-16 15:18:22.332,415.79743567485866,1001
2024-09-16 15:18:22.357,415.83311791512034,95
2024-09-16 15:18:22.363,415.82556028365553,5
2024-09-16 15:18:22.405,415.8046450102124,8
2024-09-16 15:18:22.435,415.80537765134727,8
2024-09-16 15:18:22.463,415.78182173590295,1000
2024-09-16 15:18:22.483,415.8461227712634,96
2024-09-16 15:18:22.493,415.8361324694928,1005
2024-09-16 15:18:22.504,415.8021695182628,995
2024-09-16 15:18:22.509,415.803704580049,13
2024-09-16 15:18:22.526,415.8335600119844,98
2024-09-16 15:18:22.693,415.799172345804,996
2024-09-16 15:18:22.711,415.8012921201704,1001
2024-09-16 15:18:22.716,415.8222991809082,8
2024-09-16 15:18:22.748,415.7987511033944,1003
2024-09-16 15:18:22.814,415.83864286424,105
2024-09-16 15:18:22.821,415.8000989115067,1005
2024-09-16 15:18:22.839,415.7899401183819,1004
2024-09-16 15:18:22.872,415.7843929569144,1004
2024-09-16 15:18:22.878,415.7690861693616,1002
2024-09-16 15:18:22.892,415.7950325574571,102
2024-09-16 15:18:22.897,415.8375799088119,5
2024-09-16 15:18:23.834,415.8081766855445,998
2024-09-16 15:18:24.008,415.84907540835616,101
2024-09-16 15:18:24.050,415.7716827178366,1002
2024-09-16 15:18:24.051,415.7758605530686,1004
2024-09-16 15:18:24.061,415.8123202008462,12
2024-09-16 15:18:24.089,415.7926848801941,8
2024-09-16 15:18:24.125,415.7479009892169,14
2024-09-16 15:18:24.157,415.799681145404,8
2024-09-16 15:18:24.200,415.8330060463172,1004
2024-09-16 15:18:24.227,415.7513138364112,1004
2024-09-16 15:18:24.239,415.8110889341367,95
2024-09-16 15:18:24.242,415.78622563682205,1004
2024-09-16 15:18:24.303,415.8097918917927,997
2024-09-16 15:18:24.381,415.8444211911887,98
2024-09-16 15:18:24.421,415.76992197347664,104
2024-09-16 15:18:24.423,415.76807851238505,100
2024-09-16 15:18:24.539,415.8132384372408,105
2024-09-16 15:18:24.546,415.84872807508987,97
2024-09-16 15:18:24.553,415.86369060978245,97
2024-09-16 15:18:24.596,415.7708265843797,12
2024-09-16 15:18:24.648,415.86572178745774,998
2024-09-16 15:18:24.755,415.7854198633088,1002
2024-09-16 15:18:24.849,415.81039874366417,1002
2024-09-16 15:18:24.868,41.57781895471996,7
2024-09-16 15:18:24.934,415.84845191096383,1005
2024-09-16 15:18:24.946,-415.8100916912693,7
2024-09-16 15:18:24.952,415.87100026511166,5
2024-09-16 15:18:24.960,415.8256718329454,100
2024-09-16 15:18:24.970,415.82031325541845,100
2024-09-16 15:18:25.866,415.77417588609865,10
2024-09-16 15:18:25.903,415.7486232346066,101
2024-09-16 15:18:26.021,415.7015919442197,104
2024-09-16 15:18:26.070,415.67988276342095,8
2024-09-16 15:18:26.322,415.6809727604232,13
2024-09-16 15:18:26.374,415.7469325239469,15
2024-09-16 15:18:26.922,-415.7314454891864,1000
2024-09-16 15:18:26.945,415.6764247587796,10
2024-09-16 15:18:26.964,415.7220372025626,998
2024-09-16 15:18:26.979,415.70521215999895,99
2024-09-16 15:18:27.050,415.7343487441635,1002
2024-09-16 15:18:27.225,415.6759498577579,999
2024-09-16 15:18:27.615,415.6823559897953,11
2024-09-16 15:18:27.626,415.6741846281034,8
2024-09-16 15:18:27.711,415.70300236254616,1004
2024-09-16 15:18:27.784,415.6891682067354,14
2024-09-16 15:18:27.823,415.6953125584844,13
2024-09-16 15:18:27.828,415.6660847218191,999
2024-09-16 15:18:27.884,415.7290035037969,997
2024-09-16 15:18:28.025,415.7897532401264,105
2024-09-16 15:18:28.081,415.7914459820657,12
2024-09-16 15:18:28.121,-415.78704215587874,10
2024-09-16 15:18:28.210,415.7909327735198,11
2024-09-16 15:18:28.262,415.7662309364432,105
2024-09-16 15:18:28.262,415.7787697147814,13
2024-09-16 15:18:28.273,,1005
2024-09-16 15:18:28.305,415.7804992488146,96
2024-09-16 15:18:28.534,415.75476886221895,100
2024-09-16 15:18:28.690,417.387760134185,98
2024-09-16 15:18:28.981,-415.7960572186825,99
2024-09-16 15:18:29.049,415.72518443275067,14
2024-09-16 15:18:29.061,415.7874593444722,1000
2024-09-16 15:18:29.089,415.7349648855676,10
2024-09-16 15:18:29.136,415.78102387556027,13
2024-09-16 15:18:29.175,415.76207779076185,97
2024-09-16 15:18:29.275,415.7049621200447,7
2024-09-16 15:18:29.340,415.7439034569904,998
2024-09-16 15:18:29.434,415.7063846540612,12
2024-09-16 15:18:29.449,415.7734189076503,8
2024-09-16 15:18:29.483,415.7200792070099,14
2024-09-16 15:18:29.488,415.7837365874739,999
2024-09-16 15:18:29.497,415.79220193878666,104
2024-09-16 15:18:29.497,415.6974259920611,1005
2024-09-16 15:18:29.520,415.7351095659338,95
2024-09-16 15:18:29.561,415.7142204770684,1003
2024-09-16 15:18:29.647,415.75889766189954,103
2024-09-16 15:18:29.657,415.77943992408177,99
2024-09-16 15:18:29.680,415.7516264093391,999
2024-09-16 15:18:29.683,415.72865411480274,1000
2024-09-16 15:18:29.687,415.77426271059954,95
2024-09-16 15:18:29.691,415.7353233102852,997
2024-09-16 15:18:29.801,415.7125761688592,95
2024-09-16 15:18:29.810,415.69542845426304,98
2024-09-16 15:18:29.912,415.75510257603736,102
2024-09-16 15:18:30.055,415.78298694922165,996
2024-09-16 15:18:30.102,415.7916729294567,12
2024-09-16 15:18:30.175,415.7781429822796,101
2024-09-16 15:18:30.284,415.75404539991433,14
2024-09-16 15:18:30.301,415.80353884013743,13
2024-09-16 15:18:30.348,415.7412902823877,9
2024-09-16 15:18:30.377,415.73873420420085,12
2024-09-16 15:18:30.424,415.7471890362468,104
2024-09-16 15:18:30.458,415.7680522495537,12
2024-09-16 15:18:30.530,415.7958853933443,1005
2024-09-16 15:18:30.535,415.8225096721189,996
2024-09-16 15:18:30.733,415.7786342998736,995
2024-09-16 15:18:30.734,415.7743444554288,11
2024-09-16 15:18:30.760,415.7401142041688,10
2024-09-16 15:18:30.817,-415.7842924061177,13
2024-09-16 15:18:30.830,415.78716615622494,102
2024-09-16 15:18:30.839,415.78313616851005,13
2024-09-16 15:18:30.857,415.74506298764766,998
2024-09-16 15:18:30.895,415.79944129894034,8
2024-09-16 15:18:30.960,415.7631134793172,96
2024-09-16 15:18:30.975,415.82362932985353,14
2024-09-16 15:18:31.132,415.7930775213736,995
2024-09-16 15:18:31.235,415.80462300344783,102
2024-09-16 15:18:31.259,415.8089662818758,14
2024-09-16 15:18:31.449,415.78977297374666,101
2024-09-16 15:18:31.468,415.8063375907232,997
2024-09-16 15:18:31.739,415.81297886402257,995
2024-09-16 15:18:31.922,415.7929521097958,95
2024-09-16 15:18:31.957,415.7860134835243,998
2024-09-16 15:18:31.977,415.7835259054917,101
2024-09-16 15:18:32.080,415.7761331779804,96
2024-09-16 15:18:32.111,415.7772428298128,6
2024-09-16 15:18:32.160,415.7813458962176,8
2024-09-16 15:18:32.185,415.7553187898746,15
2024-09-16 15:18:32.199,415.7674287802493,998
2024-09-16 15:18:32.261,415.7867214411724,14
2024-09-16 15:18:32.302,415.7558550073696,999
2024-09-16 15:18:32.319,415.7657570124231,12
2024-09-16 15:18:32.323,415.7767944543174,98
2024-09-16 15:18:32.373,415.8003776303789,1001
2024-09-16 15:18:32.385,415.7593228940162,7
2024-09-16 15:18:32.451,415.7432936889924,1001
2024-09-16 15:18:32.454,415.7985124968208,9
2024-09-16 15:18:32.529,415.7409101795888,1001
2024-09-16 15:18:32.540,415.7842595314163,8
2024-09-16 15:18:32.576,415.79342042091577,99
2024-09-16 15:18:32.597,415.78013323276,5
2024-09-16 15:18:32.639,415.7855503374852,1004
2024-09-16 15:18:32.720,415.7644032131914,1003
2024-09-16 15:18:32.823,415.7645087695093,98
2024-09-16 15:18:32.833,415.7905483480799,104
2024-09-16 15:18:32.845,415.7729498402338,996
2024-09-16 15:18:32.949,415.76076113098986,11
2024-09-16 15:18:32.999,415.7847271327967,999
2024-09-16 15:18:33.005,415.8054975439029,95
2024-09-16 15:18:33.114,415.83343271647,100
2024-09-16 15:18:33.138,415.7911028619119,14
2024-09-16 15:18:33.215,415.8197936592342,11
2024-09-16 15:18:33.215,415.8223497276703,103
2024-09-16 15:18:33.254,415.78736626613767,96
2024-09-16 15:18:33.256,415.80498943729685,7
2024-09-16 15:18:33.284,415.770385804529,11
2024-09-16 15:18:33.469,415.804980475038,1001
2024-09-16 15:18:33.649,415.7603252964941,102
2024-09-16 15:18:33.716,415.7990808070666,7
2024-09-16 15:18:33.720,415.82955646368447,97
2024-09-16 15:18:33.969,415.795679398656,1000
2024-09-16 15:18:34.084,415.8175370912994,98
2024-09-16 15:18:34.088,415.8118900970672,8
2024-09-16 15:18:34.097,415.7951484555946,6
2024-09-16 15:18:34.169,415.8119939796704,15
2024-09-16 15:18:34.405,415.8065556465392,1002
2024-09-16 15:18:34.449,415.8152517946044,10
2024-09-16 15:18:34.728,415.7941402172802,96
2024-09-16 15:18:34.738,415.7855439655379,97
2024-09-16 15:18:35.059,415.833920407084,95
2024-09-16 15:18:35.168,415.83418987702976,101
2024-09-16 15:18:35.296,415.8368828844701,103
2024-09-16 15:18:35.296,415.84082363348654,104
2024-09-16 15:18:35.379,415.8536652067186,99
2024-09-16 15:18:35.409,415.8144495177926,9
2024-09-16 15:18:35.530,415.8292895620698,998
2024-09-16 15:18:35.542,415.8325936217748,6
2024-09-16 15:18:35.580,415.8037165712259,1002
2024-09-16 15:18:35.595,415.82280442462553,1004
2024-09-16 15:18:35.638,415.8062611376975,5
2024-09-16 15:18:35.681,415.829266834803,99
2024-09-16 15:18:35.695,415.812457685928,11
2024-09-16 15:18:35.776,415.8197166191888,15
2024-09-16 15:18:35.838,415.7999904447945,104
2024-09-16 15:18:35.849,415.8461939952247,8
2024-09-16 15:18:35.919,415.8561996042963,998
2024-09-16 15:18:35.930,415.7986184775152,101
2024-09-16 15:18:35.959,415.81772556389126,97
2024-09-16 15:18:36.107,415.82493009148055,1003
2024-09-16 15:18:36.116,415.8225176540556,1003
2024-09-16 15:18:36.122,415.81180567314806,98
2024-09-16 15:18:36.147,415.8110275124415,101
2024-09-16 15:18:36.179,415.8313058203928,15
2024-09-16 15:18:36.263,415.8363830234241,13
2024-09-16 15:18:36.267,415.82900824656673,95
2024-09-16 15:18:36.270,415.81256142130593,996
2024-09-16 15:18:36.290,415.83107992845936,998
2024-09-16 15:18:36.316,415.82990502137073,98
2024-09-16 15:18:36.324,415.8323071664369,12
2024-09-16 15:18:36.351,415.8305149200643,1004
2024-09-16 15:18:36.355,415.81086793892325,101
2024-09-16 15:18:36.417,415.84105744787655,104
2024-09-16 15:18:36.577,415.8372925525456,998
2024-09-16 15:18:36.615,415.8119540833706,5
2024-09-16 15:18:36.656,415.8116911108801,1001
2024-09-16 15:18:36.672,415.8210466756758,13
2024-09-16 15:18:36.722,415.8356521218773,997
2024-09-16 15:18:36.736,415.806337312144,14
2024-09-16 15:18:36.737,415.8399585331939,95
2024-09-16 15:18:36.827,415.8078405746569,1005
2024-09-16 15:18:36.848,415.8108975851554,97
2024-09-16 15:18:36.858,415.8269436178502,6
2024-09-16 15:18:36.917,415.839197302288,998
2024-09-16 15:18:36.925,415.81663385831337,9
2024-09-16 15:18:37.038,415.8566665436064,995
2024-09-16 15:18:37.081,415.8776484833288,98
2024-09-16 15:18:37.120,415.8514152545159,10
2024-09-16 15:18:37.130,415.8397606331346,10
2024-09-16 15:18:37.297,415.89882787580535,12
2024-09-16 15:18:37.307,415.8630322949568,102
2024-09-16 15:18:37.341,415.86196831077456,995
2024-09-16 15:18:37.362,415.8608061851916,95
2024-09-16 15:18:37.389,415.8897451122646,1005
2024-09-16 15:18:37.429,415.8731673454844,1005
2024-09-16 15:18:37.447,415.8450657649756,9
2024-09-16 15:18:37.477,415.89151037735786,1002
2024-09-16 15:18:37.487,415.85210315539575,9
2024-09-16 15:18:37.657,415.84988292849687,99
2024-09-16 15:18:37.759,415.8738378571989,7
2024-09-16 15:18:37.776,415.8500724793584,10
2024-09-16 15:18:37.803,415.8257580493578,1003
2024-09-16 15:18:37.894,415.8658469807764,8
2024-09-16 15:18:37.902,-41.584903213316046,101
2024-09-16 15:18:37.962,415.9008333173924,105
2024-09-16 15:18:38.300,415.8558942499638,1002
2024-09-16 15:18:38.501,415.8706501219467,1005
2024-09-16 15:18:38.546,415.8853879096605,99
2024-09-16 15:18:38.550,415.8653566858316,14
2024-09-16 15:18:38.563,415.8813147695614,1002
2024-09-16 15:18:38.634,415.8909642272124,99
2024-09-16 15:18:38.656,415.8780857091628,1003
2024-09-16 15:18:38.837,415.8804392720836,101
2024-09-16 15:18:38.886,415.86603601687887,101
2024-09-16 15:18:39.067,415.9131883945133,6
2024-09-16 15:18:39.162,415.91283949869097,104
2024-09-16 15:18:39.194,415.90908642629137,15
2024-09-16 15:18:39.206,415.8760206464606,1002
2024-09-16 15:18:39.244,415.8398935346465,1005
2024-09-16 15:18:39.293,415.9158573197445,1005
2024-09-16 15:18:39.328,415.8292208901378,99
2024-09-16 15:18:39.354,415.8743738319336,1000
2024-09-16 15:18:39.477,415.8300252215769,9
2024-09-16 15:18:39.505,415.8748673818196,97
2024-09-16 15:18:39.546,415.856159332939,998
2024-09-16 15:18:39.599,415.8584173266307,99
2024-09-16 15:18:39.618,415.9331656843311,1002
2024-09-16 15:18:39.619,415.86020378437695,5
2024-09-16 15:18:39.668,415.8489472417564,11
2024-09-16 15:18:39.673,415.872665528758,12
2024-09-16 15:18:39.711,415.8969740490257,7
2024-09-16 15:18:39.795,,104
2024-09-16 15:18:39.796,415.8605737689284,9
2024-09-16 15:18:39.850,,15
2024-09-16 15:18:39.947,415.8573685039037,105
2024-09-16 15:18:40.034,415.9262376019609,98
2024-09-16 15:18:40.157,415.9601681503186,998
2024-09-16 15:18:40.158,415.91011134984274,995
2024-09-16 15:18:40.176,415.97177167174414,1005
2024-09-16 15:18:40.183,415.9157242662254,99
2024-09-16 15:18:40.242,415.9297388994488,9
2024-09-16 15:18:40.290,415.94261730856175,104
2024-09-16 15:18:40.330,415.9283788534,14
2024-09-16 15:18:40.369,415.9234571658718,11
2024-09-16 15:18:40.461,415.9061165445177,102
2024-09-16 15:18:40.486,415.9219383253172,1002
2024-09-16 15:18:40.554,415.9374940920637,995
2024-09-16 15:18:40.604,415.92814449444353,1002
2024-09-16 15:18:40.606,415.9485674086805,999
2024-09-16 15:18:40.633,415.91591449449845,999
2024-09-16 15:18:40.675,415.9235771337426,1005
2024-09-16 15:18:40.703,415.92985604272826,1005
2024-09-16 15:18:40.707,415.9180516825959,996
2024-09-16 15:18:40.776,415.91979986587125,998
2024-09-16 15:18:40.803,415.9394070218346,103
2024-09-16 15:18:40.848,415.9255140327163,1001
2024-09-16 15:18:40.850,415.9316780127372,105
2024-09-16 15:18:40.896,415.9124764566861,105
2024-09-16 15:18:40.913,415.9202095044903,997
2024-09-16 15:18:40.939,415.92143822206094,9
2024-09-16 15:18:40.959,415.9392433683131,98
2024-09-16 15:18:40.985,415.91796060461263,97
2024-09-16 15:18:40.988,415.90561535534505,1001
2024-09-16 15:18:41.102,415.9469350917339,103
2024-09-16 15:18:41.114,415.9785430980208,1000
2024-09-16 15:18:41.137,415.92974250837847,105
2024-09-16 15:18:41.173,415.93259496450776,97
2024-09-16 15:18:41.209,415.9706714445782,95
2024-09-16 15:18:41.214,415.91537767653136,103
2024-09-16 15:18:41.292,415.9717969062787,99
2024-09-16 15:18:41.305,415.93815187124,8
2024-09-16 15:18:41.306,415.92328215374863,1000
2024-09-16 15:18:41.310,415.95532318084577,10
2024-09-16 15:18:41.374,415.95797792550366,6
2024-09-16 15:18:41.388,415.9430027938236,95
2024-09-16 15:18:41.393,415.92918291681934,1002
2024-09-16 15:18:41.408,415.9662606894564,6
2024-09-16 15:18:41.587,415.96048237976913,103
2024-09-16 15:18:41.605,415.94973682649015,7
2024-09-16 15:18:41.625,415.9732588169241,7
2024-09-16 15:18:41.746,415.9376129655658,995
2024-09-16 15:18:41.780,415.9267956507506,96
2024-09-16 15:18:41.794,415.950916993823,9
2024-09-16 15:18:41.809,415.9155019096402,5
2024-09-16 15:18:41.841,415.9717324724905,13
2024-09-16 15:18:41.860,415.9646382359855,6
2024-09-16 15:18:41.890,415.956432341988,5
2024-09-16 15:18:41.935,415.96177593298574,7
2024-09-16 15:18:41.936,415.9584853087602,8
2024-09-16 15:18:41.938,415.94518910611066,104
2024-09-16 15:18:41.955,415.9246902945666,5
2024-09-16 15:18:41.978,415.9229108965627,14
2024-09-16 15:18:41.999,-415.9201129464556,96
2024-09-16 15:18:42.109,41.59124094702984,104
2024-09-16 15:18:42.321,415.92206949186567,996
2024-09-16 15:18:42.340,415.9109991375962,105
2024-09-16 15:18:42.506,415.9129547038231,14
2024-09-16 15:18:42.728,41.59189490872109,11
2024-09-16 15:18:42.804,415.9274794812327,999
2024-09-16 15:18:42.864,415.8949752011637,104
2024-09-16 15:18:42.981,415.9110161944935,1003
2024-09-16 15:18:43.011,415.9106799599879,96
2024-09-16 15:18:43.022,415.9098964382204,995
2024-09-16 15:18:43.109,415.9895124791631,995
2024-09-16 15:18:43.150,416.02914898898536,14
2024-09-16 15:18:43.186,415.9015760800506,12
2024-09-16 15:18:43.188,415.91885767199045,100
2024-09-16 15:18:43.213,415.9158594776839,11
2024-09-16 15:18:43.223,415.9015921208488,1005
2024-09-16 15:18:43.274,415.9456068542614,8
2024-09-16 15:18:43.292,,7
2024-09-16 15:18:43.298,415.9220449875104,1001
2024-09-16 15:18:43.356,416.0165621897429,9
2024-09-16 15:18:43.393,416.028020300106,1003
2024-09-16 15:18:43.399,416.0089616933282,11
2024-09-16 15:18:43.465,415.96544820231054,1000
2024-09-16 15:18:43.492,415.9587162534328,99
2024-09-16 15:18:43.518,415.9725855862874,1005
2024-09-16 15:18:43.538,415.9477061322669,104
2024-09-16 15:18:43.544,416.0207494249474,97
2024-09-16 15:18:43.599,415.90384955101695,1003
2024-09-16 15:18:43.628,415.8962015759855,105
2024-09-16 15:18:43.708,415.9055474703891,1002
2024-09-16 15:18:43.782,416.0674659811984,6
2024-09-16 15:18:43.831,416.0511764000652,10
2024-09-16 15:18:43.847,415.94997321822,10
2024-09-16 15:18:43.885,415.9505749118306,1005
2024-09-16 15:18:43.930,415.9463890530765,1000
2024-09-16 15:18:44.208,416.1034671199324,1003
2024-09-16 15:18:44.229,416.1100863551503,10
2024-09-16 15:18:44.690,416.08948809003857,15
2024-09-16 15:18:44.722,416.0952866777251,96
2024-09-16 15:18:45.031,416.1183443274145,998
2024-09-16 15:18:45.161,416.1320483366494,12
2024-09-16 15:18:45.297,416.1613436796467,101
2024-09-16 15:18:45.526,416.11568488395824,95
2024-09-16 15:18:45.621,416.11254149180616,95
2024-09-16 15:18:45.694,416.1203799244473,1005
2024-09-16 15:18:45.697,416.1342281839869,13
2024-09-16 15:18:46.003,416.1663578914664,13
2024-09-16 15:18:46.241,416.1623000829126,105
2024-09-16 15:18:46.276,416.1305151479797,1005
2024-09-16 15:18:46.335,416.16878244944337,995
2024-09-16 15:18:46.563,416.1502925148727,1000
2024-09-16 15:18:46.661,416.1557674356289,996
2024-09-16 15:18:46.808,416.1667930618819,1003
2024-09-16 15:18:46.819,416.1693927083973,105
2024-09-16 15:18:46.903,416.1318377811668,14
2024-09-16 15:18:48.102,416.063504997196,103
2024-09-16 15:18:48.103,416.0507272258318,105
2024-09-16 15:18:48.109,416.13234893987305,996
2024-09-16 15:18:48.209,416.1150891606234,5
2024-09-16 15:18:48.306,416.1377239675367,100
2024-09-16 15:18:48.362,416.1394048071797,102
2024-09-16 15:18:48.376,416.12323100238586,103
2024-09-16 15:18:48.392,416.1587539843028,998
2024-09-16 15:18:48.397,416.13176270115446,995
2024-09-16 15:18:48.454,416.12670006440186,1001
2024-09-16 15:18:48.593,416.0582561903133,96
2024-09-16 15:18:48.658,416.1097138890548,996
2024-09-16 15:18:48.829,416.05070682668463,99
2024-09-16 15:18:48.851,416.1020606898718,104
2024-09-16 15:18:48.856,416.07866164922575,7
2024-09-16 15:18:48.888,416.1180605280007,100
2024-09-16 15:18:48.891,416.1362369313952,1003
2024-09-16 15:18:48.935,416.099845303577,7
2024-09-16 15:18:48.953,-416.0661154421517,103
2024-09-16 15:18:49.002,416.1448248149189,102
2024-09-16 15:18:49.075,416.0674316080217,101
2024-09-16 15:18:49.113,416.138911469628,998
2024-09-16 15:18:49.436,416.12415236894265,5
2024-09-16 15:18:49.540,416.0953296053946,9
2024-09-16 15:18:49.587,416.1137743901965,101
2024-09-16 15:18:49.637,416.1427349014083,9
2024-09-16 15:18:49.968,416.09079918511225,6
2024-09-16 15:18:49.984,416.05653908452354,1001
2024-09-16 15:18:51.103,416.14749180952,1005
2024-09-16 15:18:51.200,416.2072839471741,998
2024-09-16 15:18:51.246,416.1908270095304,1001
2024-09-16 15:18:51.270,416.1238737574832,1001
2024-09-16 15:18:51.278,416.2101206374391,12
2024-09-16 15:18:51.295,416.1138820326385,1005
2024-09-16 15:18:51.311,416.1823791228064,5
2024-09-16 15:18:51.385,416.1279513395322,999
2024-09-16 15:18:51.395,416.20980487658176,1003
2024-09-16 15:18:51.423,416.1111651860087,14
2024-09-16 15:18:51.443,416.1168589992344,9
2024-09-16 15:18:51.443,416.1150816664632,12
2024-09-16 15:18:51.505,416.2088049801088,995
2024-09-16 15:18:51.558,416.1124949111351,1003
2024-09-16 15:18:51.558,416.1962241454625,1004
2024-09-16 15:18:51.560,416.1072642367179,96
2024-09-16 15:18:51.582,416.1680236347946,103
2024-09-16 15:18:51.682,416.1040665320909,997
2024-09-16 15:18:51.737,416.13394668937286,1005
2024-09-16 15:18:51.840,416.2157581309648,996
2024-09-16 15:18:51.855,416.20656637511695,1000
2024-09-16 15:18:51.870,416.1326095496998,1005
2024-09-16 15:18:51.880,416.1316301110641,998
2024-09-16 15:18:51.956,-416.2225743181336,1003
2024-09-16 15:18:51.978,416.21191527485536,997
2024-09-16 15:18:52.007,416.16298786405287,97
2024-09-16 15:18:52.015,416.1914409975791,95
2024-09-16 15:18:52.164,416.1504782978008,1000
2024-09-16 15:18:52.166,416.1680941100648,96
2024-09-16 15:18:52.172,416.1780736006035,15
2024-09-16 15:18:52.222,416.141193865793,1001
2024-09-16 15:18:52.262,-416.189355134,6
2024-09-16 15:18:52.281,416.1574555303145,997
2024-09-16 15:18:52.366,416.15604000430704,99
2024-09-16 15:18:52.380,416.1509192764604,12
2024-09-16 15:18:52.386,416.1771185996214,998
2024-09-16 15:18:52.439,416.13501858996847,999
2024-09-16 15:18:52.454,416.1411557656138,97
2024-09-16 15:18:52.468,416.1679283453212,11
2024-09-16 15:18:52.469,416.14426302589135,997
2024-09-16 15:18:52.504,416.1616828804192,1004
2024-09-16 15:18:52.560,416.1617426035596,13
2024-09-16 15:18:52.562,416.1875575740552,5
2024-09-16 15:18:52.579,416.1652591891497,14
2024-09-16 15:18:52.607,416.13317404458974,5
2024-09-16 15:18:52.609,416.20439469012297,8
2024-09-16 15:18:52.656,416.14306264012407,1000
2024-09-16 15:18:52.698,416.13707594991945,1003
2024-09-16 15:18:52.726,416.1462309246148,104
2024-09-16 15:18:52.775,416.15289263639926,15
2024-09-16 15:18:52.804,416.1414191211336,104
2024-09-16 15:18:52.854,416.1956740882162,98
2024-09-16 15:18:52.892,416.1695024381383,998
2024-09-16 15:18:52.895,416.1738440704558,7
2024-09-16 15:18:53.004,416.1668934653776,13
2024-09-16 15:18:53.056,416.1436484712705,15
2024-09-16 15:18:53.071,416.1573904571821,101
2024-09-16 15:18:53.087,416.16261293212114,6
2024-09-16 15:18:53.097,416.15612775320267,15
2024-09-16 15:18:53.145,416.1742922786384,1005
2024-09-16 15:18:53.154,416.1525132470958,98
2024-09-16 15:18:53.248,416.15015429187525,101
2024-09-16 15:18:53.251,416.1482245520761,6
2024-09-16 15:18:53.268,416.1716388777237,13
2024-09-16 15:18:53.304,416.1458804300448,999
2024-09-16 15:18:53.354,416.1853761571204,996
2024-09-16 15:18:53.486,416.1540404128883,1002
2024-09-16 15:18:53.513,416.1825086113333,15
2024-09-16 15:18:53.630,416.1685842598311,999
2024-09-16 15:18:53.633,416.16786133547566,103
2024-09-16 15:18:53.697,416.1827077446357,10
2024-09-16 15:18:53.723,416.1679392574683,6
2024-09-16 15:18:53.773,416.1640492937119,1000
2024-09-16 15:18:53.863,416.1619085080328,96
2024-09-16 15:18:53.978,416.1532719057113,1005
2024-09-16 15:18:54.230,416.1924502235183,996
2024-09-16 15:18:54.466,416.25162526053913,15
2024-09-16 15:18:54.556,416.2360002157027,15
2024-09-16 15:18:54.747,416.2068065758779,100
2024-09-16 15:18:54.813,416.201828192779,11
2024-09-16 15:18:54.922,416.2207850576703,1004
2024-09-16 15:18:55.050,416.318567886102,12
2024-09-16 15:18:55.052,416.2284123812861,6
2024-09-16 15:18:55.163,416.318579581181,15
2024-09-16 15:18:55.178,416.325043327533,8
2024-09-16 15:18:55.232,416.3172171990933,5
2024-09-16 15:18:55.272,416.2096207583132,98
2024-09-16 15:18:55.295,416.267218766539,102
2024-09-16 15:18:55.404,416.2679304106575,13
2024-09-16 15:18:55.413,416.3093291567701,104
2024-09-16 15:18:55.436,416.2595873040453,103
2024-09-16 15:18:55.448,416.315825377497,9
2024-09-16 15:18:55.497,416.3262018542734,105
2024-09-16 15:18:55.516,416.3263834193483,99
2024-09-16 15:18:55.547,416.2842255437157,5
2024-09-16 15:18:55.562,416.2565762970343,9
2024-09-16 15:18:55.644,416.2582096746007,99
2024-09-16 15:18:55.669,416.2953775532929,996
2024-09-16 15:18:55.674,416.2245070698365,1000
2024-09-16 15:18:55.680,416.23265900566906,97
2024-09-16 15:18:55.735,416.3074828116816,105
2024-09-16 15:18:55.765,416.3185618689509,14
2024-09-16 15:18:55.797,416.319062687649,998
2024-09-16 15:18:55.850,416.3212431719424,105
2024-09-16 15:18:55.890,416.2835330343348,1002
2024-09-16 15:18:55.917,416.2454313466924,105
2024-09-16 15:18:55.959,416.3296656713618,15
2024-09-16 15:18:55.996,416.2647532125339,15
2024-09-16 15:18:56.062,416.3171354591751,996
2024-09-16 15:18:56.157,,96
2024-09-16 15:18:56.226,416.30921216317125,1001
2024-09-16 15:18:56.290,416.30641044264826,14
2024-09-16 15:18:56.445,416.3201417862884,6
2024-09-16 15:18:56.499,416.3235945321716,1004
2024-09-16 15:18:56.560,416.2987268562106,1000
2024-09-16 15:18:56.665,416.31324344650886,96
2024-09-16 15:18:56.672,416.2986687886496,997
2024-09-16 15:18:56.679,416.3187607818573,1002
2024-09-16 15:18:56.787,416.31674313181,998
2024-09-16 15:18:56.831,416.31092071670713,101
2024-09-16 15:18:56.955,416.3186114458044,98
2024-09-16 15:18:57.113,416.302359530027,5
2024-09-16 15:18:57.277,416.2848264599109,997
2024-09-16 15:18:57.659,416.3033914117627,15
2024-09-16 15:18:57.792,416.3014744318581,9
2024-09-16 15:18:58.062,416.3635533062071,104
2024-09-16 15:18:58.101,416.2938463349792,103
2024-09-16 15:18:58.107,416.31992608556,997
2024-09-16 15:18:58.140,416.3384066984437,999
2024-09-16 15:18:58.233,416.3306713033803,5
2024-09-16 15:18:58.297,416.3535476013102,96
2024-09-16 15:18:58.364,-416.3396044552695,8
2024-09-16 15:18:58.373,416.3571416144015,1000
2024-09-16 15:18:58.399,416.3466635324111,1004
2024-09-16 15:18:58.522,416.3626679957327,1000
2024-09-16 15:18:58.542,416.3263895009341,11
2024-09-16 15:18:58.595,416.3207593649324,102
2024-09-16 15:18:58.611,416.3344710178071,998
2024-09-16 15:18:58.669,416.33735846652513,98
2024-09-16 15:18:58.735,416.3616997793684,96
2024-09-16 15:18:58.788,416.33191209053433,96
2024-09-16 15:18:59.013,416.2547581317414,995
2024-09-16 15:18:59.040,416.23604900696654,996
2024-09-16 15:18:59.078,416.3173934209668,13
2024-09-16 15:18:59.124,416.2638080661491,1002
2024-09-16 15:18:59.181,416.29809101752113,1004
2024-09-16 15:18:59.199,417.2306306412466,6
2024-09-16 15:18:59.373,416.2709531496418,11
2024-09-16 15:18:59.379,416.3061746860376,7
2024-09-16 15:18:59.388,416.224058401297,5
2024-09-16 15:18:59.448,416.305896205104,15
2024-09-16 15:18:59.476,416.26703017779545,6
2024-09-16 15:18:59.536,416.2538201342276,6
2024-09-16 15:18:59.612,416.31370285232265,96
2024-09-16 15:18:59.644,41.629296975546296,95
2024-09-16 15:18:59.685,416.29325060775744,11
2024-09-16 15:18:59.719,416.32450155403416,104
2024-09-16 15:18:59.761,416.2286237589634,95
2024-09-16 15:18:59.822,416.24089980662336,7
2024-09-16 15:18:59.825,416.3213215083765,105
2024-09-16 15:18:59.903,416.2363814036834,8
2024-09-16 15:18:59.938,416.3066949004156,12
