Timestamp,Price,Size
2024-09-18 09:33:00.025,407.6270719346935,1003
2024-09-18 09:33:00.099,407.5783899999973,100
2024-09-18 09:33:00.118,407.588918243166,8
2024-09-18 09:33:00.129,407.5912455293271,1001
2024-09-18 09:33:00.198,407.6827402263989,8
2024-09-18 09:33:00.241,407.6084048753552,97
2024-09-18 09:33:00.299,407.5851744773112,13
2024-09-18 09:33:00.322,407.5676202106732,97
2024-09-18 09:33:00.354,407.6146152421298,98
2024-09-18 09:33:00.383,407.65292268911327,8
2024-09-18 09:33:00.391,407.6656715736172,13
2024-09-18 09:33:00.416,407.5907650132402,1002
2024-09-18 09:33:00.470,407.6798662109457,1004
2024-09-18 09:33:00.487,407.678484987995,95
2024-09-18 09:33:00.525,407.6888318948216,102
2024-09-18 09:33:00.587,407.5759925672969,13
2024-09-18 09:33:00.604,407.5914738009258,14
2024-09-18 09:33:00.719,407.6806553945753,7
2024-09-18 09:33:00.758,407.56727465202624,7
2024-09-18 09:33:00.762,407.6723995742376,12
2024-09-18 09:33:00.770,407.5736538000895,95
2024-09-18 09:33:00.775,407.66599767761096,1000
2024-09-18 09:33:00.806,407.6713685166382,104
2024-09-18 09:33:00.829,407.5859187936733,102
2024-09-18 09:33:00.835,407.58135387704016,8
2024-09-18 09:33:00.861,407.6763745580892,96
2024-09-18 09:33:00.880,407.5961506121705,1001
2024-09-18 09:33:00.882,407.56347032632607,999
2024-09-18 09:33:00.916,407.6036082271829,1005
2024-09-18 09:33:00.939,407.66244042336007,97
2024-09-18 09:33:01.038,407.5926942698156,9
2024-09-18 09:33:01.076,407.6057809251179,996
2024-09-18 09:33:01.085,407.63729812396735,14
2024-09-18 09:33:01.100,407.686669836333,1002
2024-09-18 09:33:01.154,407.61613760874303,98
2024-09-18 09:33:01.254,407.6956303605578,101
2024-09-18 09:33:01.332,407.6581605117927,9
2024-09-18 09:33:01.335,407.7300055457603,100
2024-09-18 09:33:01.341,407.5949989574432,95
2024-09-18 09:33:01.385,407.6154807155591,6
2024-09-18 09:33:01.393,407.67291349477847,97
2024-09-18 09:33:01.403,407.5838939643638,95
2024-09-18 09:33:01.411,407.6362703790548,104
2024-09-18 09:33:01.456,407.67033295324455,15
2024-09-18 09:33:01.520,407.6964965964692,96
2024-09-18 09:33:01.561,407.6988694836485,999
2024-09-18 09:33:01.576,407.5879567302994,998
2024-09-18 09:33:01.636,407.5828770576776,99
2024-09-18 09:33:01.658,407.61523777597137,995
2024-09-18 09:33:01.716,407.6095319771656,11
2024-09-18 09:33:01.726,407.70490831444766,995
2024-09-18 09:33:01.738,407.58652147326086,12
2024-09-18 09:33:01.853,407.678671791269,999
2024-09-18 09:33:01.909,407.70821231284674,102
2024-09-18 09:33:01.925,407.7009589756558,7
2024-09-18 09:33:01.937,,98
2024-09-18 09:33:01.944,407.58667638063,998
2024-09-18 09:33:01.986,407.5866041563101,998
2024-09-18 09:33:02.060,407.7044416774356,1001
2024-09-18 09:33:02.118,407.7329641791947,105
2024-09-18 09:33:02.168,407.7099966920596,1001
2024-09-18 09:33:02.206,407.7377493578447,13
2024-09-18 09:33:02.211,407.7395439844745,14
2024-09-18 09:33:02.225,407.7182826087864,1000
2024-09-18 09:33:02.260,407.72811920615806,1003
2024-09-18 09:33:02.324,407.725223740248,103
2024-09-18 09:33:02.448,407.696046365835,1002
2024-09-18 09:33:02.558,407.73158073054776,7
2024-09-18 09:33:02.567,407.7307163110839,10
2024-09-18 09:33:02.588,407.7280610765642,100
2024-09-18 09:33:02.597,407.7273784528308,997
2024-09-18 09:33:02.825,407.7187827079471,10
2024-09-18 09:33:02.852,407.7288408141089,98
2024-09-18 09:33:02.936,407.7094606284802,995
2024-09-18 09:33:02.948,407.7171103887349,15
2024-09-18 09:33:02.958,407.7290233594076,12
2024-09-18 09:33:02.961,407.7216501344472,995
2024-09-18 09:33:03.556,407.73810310412034,995
2024-09-18 09:33:03.847,407.7418898313928,14
2024-09-18 09:33:03.986,407.7537748391023,102
2024-09-18 09:33:04.063,407.6674987357555,997
2024-09-18 09:33:04.083,407.6777316564858,11
2024-09-18 09:33:04.105,407.7303672038252,1002
2024-09-18 09:33:04.159,407.69375206670674,1005
2024-09-18 09:33:04.209,407.6791894860573,6
2024-09-18 09:33:04.223,407.6974096314504,8
2024-09-18 09:33:04.350,407.6859970300759,997
2024-09-18 09:33:04.368,407.71950219012,1003
2024-09-18 09:33:04.465,407.7287558452285,13
2024-09-18 09:33:04.499,407.69923639195787,8
2024-09-18 09:33:04.509,407.6854469043088,97
2024-09-18 09:33:04.711,407.69603900746057,1000
2024-09-18 09:33:04.746,407.6660255731204,11
2024-09-18 09:33:04.936,407.6934380959625,11
2024-09-18 09:33:04.970,407.7025927785322,10
2024-09-18 09:33:05.096,407.65319265972863,104
2024-09-18 09:33:05.125,407.6064440140516,6
2024-09-18 09:33:05.294,407.6482571474701,1000
2024-09-18 09:33:05.338,407.6538499976765,9
2024-09-18 09:33:05.357,407.6157572988754,13
2024-09-18 09:33:05.498,407.60246757040505,8
2024-09-18 09:33:05.502,407.60556045838297,8
2024-09-18 09:33:05.689,407.6390288709817,1005
2024-09-18 09:33:05.707,407.5956520542512,100
2024-09-18 09:33:05.767,407.6303788819287,10
2024-09-18 09:33:05.773,407.6010972800151,99
2024-09-18 09:33:05.793,407.6572265245794,105
2024-09-18 09:33:05.799,407.6584848216279,10
2024-09-18 09:33:05.929,407.60814357205805,995
2024-09-18 09:33:05.934,407.6186014458828,1004
2024-09-18 09:33:05.944,407.5853117431137,96
2024-09-18 09:33:06.041,407.5998215187699,14
2024-09-18 09:33:06.059,407.5826304625986,98
2024-09-18 09:33:06.118,407.5807603382953,998
2024-09-18 09:33:06.179,407.5573766677365,12
2024-09-18 09:33:06.181,407.56588376019306,15
2024-09-18 09:33:06.190,407.5641114796466,14
2024-09-18 09:33:06.270,407.589634497556,100
2024-09-18 09:33:06.293,407.56456206442056,999
2024-09-18 09:33:06.347,407.56685512408353,996
2024-09-18 09:33:06.347,407.5828386964941,105
2024-09-18 09:33:06.359,407.5620122488274,15
2024-09-18 09:33:06.370,407.57977989891447,995
2024-09-18 09:33:06.376,407.5773533099096,15
2024-09-18 09:33:06.385,407.5640746522256,104
2024-09-18 09:33:06.399,407.5909560733814,1005
2024-09-18 09:33:06.492,407.5902805164077,1005
2024-09-18 09:33:06.557,407.55756715632793,104
2024-09-18 09:33:06.577,,96
2024-09-18 09:33:06.607,407.5920692817777,10
2024-09-18 09:33:06.614,407.5677492318529,98
2024-09-18 09:33:06.623,407.5722374867863,1004
2024-09-18 09:33:06.630,407.59400211088894,14
2024-09-18 09:33:06.676,407.5739352846017,13
2024-09-18 09:33:06.748,407.5989246713944,6
2024-09-18 09:33:06.756,407.5807553812548,1004
2024-09-18 09:33:06.795,407.6065801668578,1005
2024-09-18 09:33:06.902,407.59038964317386,11
2024-09-18 09:33:06.913,407.5687299966828,100
2024-09-18 09:33:06.933,407.5993742524424,7
2024-09-18 09:33:07.500,407.5996426302749,1005
2024-09-18 09:33:07.667,407.58881767989845,103
2024-09-18 09:33:07.704,407.57924236549513,8
2024-09-18 09:33:07.984,407.5951115725387,103
2024-09-18 09:33:08.110,407.62647698877095,995
2024-09-18 09:33:08.119,407.5997348922092,105
2024-09-18 09:33:08.131,407.6245734439215,1000
2024-09-18 09:33:08.211,407.613620604424,13
2024-09-18 09:33:08.363,407.6225539556956,104
2024-09-18 09:33:08.486,407.6039873500909,97
2024-09-18 09:33:08.634,407.6231806543391,96
2024-09-18 09:33:08.654,407.6077509530769,5
2024-09-18 09:33:08.692,407.6125587277602,14
2024-09-18 09:33:08.710,407.6344117104229,13
2024-09-18 09:33:08.765,407.6356573023758,7
2024-09-18 09:33:08.774,407.62930639101256,99
2024-09-18 09:33:09.182,407.594934919487,12
2024-09-18 09:33:09.342,407.5961651464038,95
2024-09-18 09:33:09.618,407.61194294351776,13
2024-09-18 09:33:09.765,407.59574100986174,7
2024-09-18 09:33:09.922,407.61229476576005,103
2024-09-18 09:33:10.027,407.6170971684854,100
2024-09-18 09:33:10.085,407.67768928360863,104
2024-09-18 09:33:10.099,407.6326397249269,1002
2024-09-18 09:33:10.142,407.6798247229013,104
2024-09-18 09:33:10.145,407.6602842242011,99
2024-09-18 09:33:10.167,407.6231970524452,6
2024-09-18 09:33:10.173,407.62280693388806,97
2024-09-18 09:33:10.219,407.6153366933351,102
2024-09-18 09:33:10.222,407.6325659899417,14
2024-09-18 09:33:10.233,407.6589445816432,1001
2024-09-18 09:33:10.304,407.6606098912396,97
2024-09-18 09:33:10.430,407.6219327504721,96
2024-09-18 09:33:10.438,407.633194855631,102
2024-09-18 09:33:10.489,407.6465746054952,996
2024-09-18 09:33:10.584,407.62480213221687,997
2024-09-18 09:33:10.604,407.6517331477351,996
2024-09-18 09:33:10.677,407.5961600498676,1001
2024-09-18 09:33:10.739,407.6552247323639,101
2024-09-18 09:33:10.804,407.5938035180619,96
2024-09-18 09:33:10.804,407.58933255851446,96
2024-09-18 09:33:10.869,407.65783299796817,999
2024-09-18 09:33:10.895,407.6660096877321,98
2024-09-18 09:33:10.910,407.6723651212091,1002
2024-09-18 09:33:10.936,407.676362687621,103
2024-09-18 09:33:11.017,407.7321223609255,14
2024-09-18 09:33:11.185,407.6965127388877,1001
2024-09-18 09:33:11.207,407.69240155036096,1000
2024-09-18 09:33:11.267,407.69923091306185,14
2024-09-18 09:33:11.267,407.70463926512366,13
2024-09-18 09:33:11.297,407.69918628971067,998
2024-09-18 09:33:11.371,40.769161318554126,98
2024-09-18 09:33:11.383,407.6735275599022,6
2024-09-18 09:33:11.409,407.6524353360116,9
2024-09-18 09:33:11.428,407.6974496125139,997
2024-09-18 09:33:11.470,407.6991396974236,8
2024-09-18 09:33:11.584,407.6898358719246,995
2024-09-18 09:33:11.601,407.7147421000172,10
2024-09-18 09:33:11.624,407.6950180911511,1005
2024-09-18 09:33:11.723,407.72366677906143,103
2024-09-18 09:33:11.734,407.6701650585239,1002
2024-09-18 09:33:11.773,407.6877704926428,14
2024-09-18 09:33:11.792,407.68448591399545,1003
2024-09-18 09:33:11.899,407.6805087909025,105
2024-09-18 09:33:11.931,407.71755575657335,97
2024-09-18 09:33:12.026,407.7635428127934,99
2024-09-18 09:33:12.044,407.6863924037464,1001
2024-09-18 09:33:12.072,407.7312358842382,97
2024-09-18 09:33:12.148,407.7545675648534,998
2024-09-18 09:33:12.209,407.6883385642636,9
2024-09-18 09:33:12.254,407.72056967363744,1003
2024-09-18 09:33:12.288,407.7112165195111,101
2024-09-18 09:33:12.303,407.7484192032351,105
2024-09-18 09:33:12.321,407.6772185340564,11
2024-09-18 09:33:12.337,407.7210514217007,996
2024-09-18 09:33:12.380,407.7525594544197,1000
2024-09-18 09:33:12.652,407.7134913763823,1002
2024-09-18 09:33:12.655,407.707254991651,13
2024-09-18 09:33:12.698,407.71082112469145,13
2024-09-18 09:33:12.732,407.7043050553975,1002
2024-09-18 09:33:12.821,407.7378629350944,102
2024-09-18 09:33:12.929,407.7299577342882,10
2024-09-18 09:33:12.931,407.7441391573674,5
2024-09-18 09:33:13.115,407.727813719128,105
2024-09-18 09:33:13.267,407.725805603501,1002
2024-09-18 09:33:13.326,407.7347478956767,5
2024-09-18 09:33:13.359,407.7187234083203,12
2024-09-18 09:33:13.413,407.7289494780092,5
2024-09-18 09:33:13.466,407.7545132181002,104
2024-09-18 09:33:13.599,407.76087316437406,14
2024-09-18 09:33:13.667,407.7361710529551,103
2024-09-18 09:33:13.790,407.7208982294477,11
2024-09-18 09:33:13.810,407.7464031596505,101
2024-09-18 09:33:13.868,407.7256453296281,1003
2024-09-18 09:33:14.001,407.6971403342523,5
2024-09-18 09:33:14.022,407.7224904951835,995
2024-09-18 09:33:14.102,407.7097475708317,6
2024-09-18 09:33:14.130,407.6828947536042,9
2024-09-18 09:33:14.220,,97
2024-09-18 09:33:14.261,407.6852017989894,998
2024-09-18 09:33:14.305,407.7211817493254,105
2024-09-18 09:33:14.391,407.7105202035104,8
2024-09-18 09:33:14.414,407.71726570489136,96
2024-09-18 09:33:14.424,407.69926392654776,13
2024-09-18 09:33:14.436,,996
2024-09-18 09:33:14.520,407.7162428526321,95
2024-09-18 09:33:14.542,407.70611358356,5
2024-09-18 09:33:14.543,407.7137579348438,1003
2024-09-18 09:33:14.557,407.6910196991707,102
2024-09-18 09:33:14.562,407.6867358031177,1000
2024-09-18 09:33:14.592,407.7243807099479,100
2024-09-18 09:33:14.618,407.695605130698,105
2024-09-18 09:33:14.712,407.74651870264574,997
2024-09-18 09:33:14.725,407.689719035758,96
2024-09-18 09:33:14.771,407.7268353962445,8
2024-09-18 09:33:14.814,407.7351511483034,96
2024-09-18 09:33:14.817,407.6862746815681,9
2024-09-18 09:33:14.830,407.72354986635423,9
2024-09-18 09:33:14.847,407.71347380395787,101
2024-09-18 09:33:14.848,407.7291591203012,10
2024-09-18 09:33:14.874,407.7206746029728,96
2024-09-18 09:33:14.914,407.7081328868909,100
2024-09-18 09:33:14.919,407.69548193724137,9
2024-09-18 09:33:14.925,407.7195152620888,104
2024-09-18 09:33:15.006,407.66880989024463,996
2024-09-18 09:33:15.097,407.6963499809588,1003
2024-09-18 09:33:15.127,407.7219899583699,102
2024-09-18 09:33:15.138,407.6842115851462,1005
2024-09-18 09:33:15.340,407.6821103402888,100
2024-09-18 09:33:15.350,407.7088311717296,1004
2024-09-18 09:33:15.426,407.6909356112418,998
2024-09-18 09:33:15.446,407.6811331377769,9
2024-09-18 09:33:15.482,407.7048131034412,97
2024-09-18 09:33:15.580,407.70156069804256,99
2024-09-18 09:33:15.590,407.6841861637402,15
2024-09-18 09:33:15.619,407.7120396667048,103
2024-09-18 09:33:15.696,407.6994798933035,5
2024-09-18 09:33:15.969,407.6637062396707,6
2024-09-18 09:33:16.028,407.6215004872817,7
2024-09-18 09:33:16.087,407.6477149724567,15
2024-09-18 09:33:16.099,407.6093496577555,105
2024-09-18 09:33:16.128,407.6342271088212,1005
2024-09-18 09:33:16.138,407.5570430882036,999
2024-09-18 09:33:16.156,407.6201878396456,11
2024-09-18 09:33:16.203,407.5642585669519,96
2024-09-18 09:33:16.210,407.64874954738383,1004
2024-09-18 09:33:16.217,407.60974158576863,5
2024-09-18 09:33:16.219,407.64446569639097,105
2024-09-18 09:33:16.246,407.5779533374604,6
2024-09-18 09:33:16.268,407.5842954525013,10
2024-09-18 09:33:16.321,407.5513266402813,105
2024-09-18 09:33:16.350,407.6140808494543,12
2024-09-18 09:33:16.350,407.6275206725278,1001
2024-09-18 09:33:16.350,407.6357806151457,995
2024-09-18 09:33:16.402,407.6658154460293,1002
2024-09-18 09:33:16.421,407.6321404955898,97
2024-09-18 09:33:16.425,407.5545153101647,105
2024-09-18 09:33:16.430,407.6254851166478,101
2024-09-18 09:33:16.520,407.5624352070576,100
2024-09-18 09:33:16.734,407.6518217896557,104
2024-09-18 09:33:16.777,407.6617896610484,14
2024-09-18 09:33:16.779,407.6492862053193,103
2024-09-18 09:33:16.797,407.6786034249412,14
2024-09-18 09:33:16.800,407.6578206343745,12
2024-09-18 09:33:16.822,407.57141954987065,103
2024-09-18 09:33:16.865,,102
2024-09-18 09:33:16.940,407.6287532671868,15
2024-09-18 09:33:17.112,407.5628749326338,15
2024-09-18 09:33:17.183,407.60449923169847,1004
2024-09-18 09:33:17.640,407.5700335517189,5
2024-09-18 09:33:17.684,407.5477605772746,10
2024-09-18 09:33:17.735,407.5918846099597,9
2024-09-18 09:33:17.853,407.5820876155865,95
2024-09-18 09:33:17.911,407.5877599535559,104
2024-09-18 09:33:17.994,407.534637987634,995
2024-09-18 09:33:18.279,-407.5404848882622,10
2024-09-18 09:33:18.504,407.5353244122299,1002
2024-09-18 09:33:18.532,407.5206867928944,5
2024-09-18 09:33:18.599,407.531424014266,104
2024-09-18 09:33:18.622,407.5590411202792,12
2024-09-18 09:33:19.020,407.5555631501845,96
2024-09-18 09:33:19.116,407.51914678485247,105
2024-09-18 09:33:19.126,40.750038875982085,14
2024-09-18 09:33:19.224,407.5287178654646,102
2024-09-18 09:33:19.226,407.49111386757966,1005
2024-09-18 09:33:19.233,407.483789307182,14
2024-09-18 09:33:19.274,407.5271763331834,100
2024-09-18 09:33:19.278,-407.5407011690461,999
2024-09-18 09:33:19.304,407.5057241870898,12
2024-09-18 09:33:19.328,-407.5257624246795,13
2024-09-18 09:33:19.354,40.75386017789035,100
2024-09-18 09:33:19.386,407.5066174294008,98
2024-09-18 09:33:19.388,407.5472087790554,997
2024-09-18 09:33:19.393,407.540755172614,997
2024-09-18 09:33:19.467,407.5385014231142,9
2024-09-18 09:33:19.487,407.5435706019069,95
2024-09-18 09:33:19.491,407.54530759281545,10
2024-09-18 09:33:19.536,407.48769634782,10
2024-09-18 09:33:19.574,407.5392991073943,14
2024-09-18 09:33:19.658,407.5548707985975,996
2024-09-18 09:33:19.700,407.5426474260058,997
2024-09-18 09:33:19.741,407.55246494608656,10
2024-09-18 09:33:19.795,407.53306338213855,1002
2024-09-18 09:33:19.827,,10
2024-09-18 09:33:19.835,407.52658429386247,99
2024-09-18 09:33:19.848,407.5357251758144,102
2024-09-18 09:33:19.981,407.54771620998,10
2024-09-18 09:33:19.997,407.5074978467995,995
2024-09-18 09:33:20.140,407.5260685604938,8
2024-09-18 09:33:20.143,407.5265000618954,8
2024-09-18 09:33:20.171,407.5636700042352,8
2024-09-18 09:33:20.274,407.5372634182223,15
2024-09-18 09:33:20.300,407.5642509775488,105
2024-09-18 09:33:20.313,407.5808704881382,1002
2024-09-18 09:33:20.361,407.5626109565238,14
2024-09-18 09:33:20.563,407.5676617570112,102
2024-09-18 09:33:20.614,407.5343956812184,997
2024-09-18 09:33:20.636,407.56234604367074,997
2024-09-18 09:33:20.846,407.5595277651138,5
2024-09-18 09:33:20.973,407.5274346538903,998
2024-09-18 09:33:20.995,407.5205015252124,999
2024-09-18 09:33:21.174,407.56669751351086,15
2024-09-18 09:33:21.191,407.5789900110737,998
2024-09-18 09:33:21.285,407.57249942941377,98
2024-09-18 09:33:21.337,407.56904910754525,101
2024-09-18 09:33:21.397,407.55978541369126,1001
2024-09-18 09:33:21.427,407.5627985184693,101
2024-09-18 09:33:21.482,407.57732048504914,1001
2024-09-18 09:33:21.495,407.5822151073924,995
2024-09-18 09:33:21.553,407.5715772341245,997
2024-09-18 09:33:21.555,407.57054251688845,997
2024-09-18 09:33:21.609,407.5640613135822,1000
2024-09-18 09:33:21.693,407.5832145864859,6
2024-09-18 09:33:21.746,407.561526704809,996
2024-09-18 09:33:21.772,407.5811936364025,96
2024-09-18 09:33:21.775,407.5761576735949,1002
2024-09-18 09:33:21.889,407.5690388421446,1005
2024-09-18 09:33:21.940,407.56125203695655,15
2024-09-18 09:33:22.053,407.4891963137161,1003
2024-09-18 09:33:22.143,407.4947284289827,1003
2024-09-18 09:33:22.144,407.5345785435688,997
2024-09-18 09:33:22.204,407.4752037136422,99
2024-09-18 09:33:22.295,407.5440264442873,103
2024-09-18 09:33:22.315,407.5497192066081,999
2024-09-18 09:33:22.325,407.4714930004144,7
2024-09-18 09:33:22.347,407.5483062197305,6
2024-09-18 09:33:22.363,407.4819671967546,1000
2024-09-18 09:33:22.370,407.5655433902139,10
2024-09-18 09:33:22.482,407.5718150761012,9
2024-09-18 09:33:22.504,407.5142802881004,1002
2024-09-18 09:33:22.517,407.48589849317466,1001
2024-09-18 09:33:22.691,407.5503174907808,100
2024-09-18 09:33:22.821,407.5369677068811,102
2024-09-18 09:33:22.843,407.51549461381086,7
2024-09-18 09:33:22.922,407.5758858040683,12
2024-09-18 09:33:22.924,407.5600505129752,14
2024-09-18 09:33:22.937,407.5474359119444,998
2024-09-18 09:33:23.024,407.4235517027691,1004
2024-09-18 09:33:23.074,407.39901027855245,102
2024-09-18 09:33:23.082,407.4488263004306,102
2024-09-18 09:33:23.085,-407.3982295335254,102
2024-09-18 09:33:23.308,407.40676153594745,14
2024-09-18 09:33:23.340,407.4110604411306,6
2024-09-18 09:33:23.381,407.4366366193746,995
2024-09-18 09:33:23.437,-407.41312025881206,13
2024-09-18 09:33:23.468,407.4069489843762,98
2024-09-18 09:33:23.559,407.4245339565168,96
2024-09-18 09:33:23.563,407.467282704176,14
2024-09-18 09:33:23.724,407.46936838201657,998
2024-09-18 09:33:23.743,407.3992640028383,1001
2024-09-18 09:33:23.906,407.40353583849975,1002
2024-09-18 09:33:23.987,407.4618814530375,104
2024-09-18 09:33:24.003,407.4306957974678,1003
2024-09-18 09:33:24.024,407.4385114130916,12
2024-09-18 09:33:24.028,407.4373242105752,1002
2024-09-18 09:33:24.064,407.4241831937107,96
2024-09-18 09:33:24.072,407.4273985320252,1000
2024-09-18 09:33:24.140,407.41586827505125,1005
2024-09-18 09:33:24.170,407.4206552769057,14
2024-09-18 09:33:24.243,407.437782148953,105
2024-09-18 09:33:24.307,407.4531841891854,1005
2024-09-18 09:33:24.367,407.4151470825027,13
2024-09-18 09:33:24.381,407.4237533555166,5
2024-09-18 09:33:24.392,407.4118948521326,98
2024-09-18 09:33:24.426,407.4307088616853,95
2024-09-18 09:33:24.496,407.4076565360684,1005
2024-09-18 09:33:24.610,407.4422657628925,999
2024-09-18 09:33:24.639,407.4330415026551,5
2024-09-18 09:33:24.672,407.4083861991148,9
2024-09-18 09:33:24.688,407.4178942366072,105
2024-09-18 09:33:24.706,407.4362353088738,1000
2024-09-18 09:33:24.718,407.416409870796,99
2024-09-18 09:33:24.854,407.4098290592574,11
2024-09-18 09:33:24.930,407.4116109965297,100
2024-09-18 09:33:25.159,407.4823278759689,999
2024-09-18 09:33:25.159,407.4261245522635,99
2024-09-18 09:33:25.236,407.4257621846099,997
2024-09-18 09:33:25.246,407.4319254791305,5
2024-09-18 09:33:25.271,407.4779617547999,995
2024-09-18 09:33:25.344,407.4453295870581,103
2024-09-18 09:33:25.584,407.4104935028565,99
2024-09-18 09:33:25.600,407.4100612439627,100
2024-09-18 09:33:25.609,407.4364060431423,5
2024-09-18 09:33:25.633,407.4749240162352,14
2024-09-18 09:33:25.645,407.4029926027542,1002
2024-09-18 09:33:25.666,407.4133429690722,6
2024-09-18 09:33:25.679,407.4831318711701,105
2024-09-18 09:33:25.705,407.49365990182457,96
2024-09-18 09:33:25.711,407.424733634564,6
2024-09-18 09:33:25.725,407.4394583341356,999
2024-09-18 09:33:25.735,407.4486081358687,7
2024-09-18 09:33:25.751,407.49283532615925,8
2024-09-18 09:33:25.786,407.4273106373483,1003
2024-09-18 09:33:25.799,407.4368327840957,13
2024-09-18 09:33:25.800,407.4188892436762,103
2024-09-18 09:33:25.818,407.4146549834852,14
2024-09-18 09:33:25.900,407.4351313378604,95
2024-09-18 09:33:25.942,407.42077962631015,12
2024-09-18 09:33:25.956,407.4137213093935,1000
2024-09-18 09:33:26.025,407.4686261361298,1003
2024-09-18 09:33:26.035,407.4827864201924,102
2024-09-18 09:33:26.178,407.52129152500095,6
2024-09-18 09:33:26.218,407.5653118077731,7
2024-09-18 09:33:26.266,407.4864468991682,98
2024-09-18 09:33:26.365,407.4918706650172,1000
2024-09-18 09:33:26.372,407.4841060045615,104
2024-09-18 09:33:26.378,407.5006737441658,101
2024-09-18 09:33:26.436,407.51478525076527,995
2024-09-18 09:33:26.459,40.75513135119752,5
2024-09-18 09:33:26.490,407.5804152102936,1002
2024-09-18 09:33:26.505,407.4589587690246,6
2024-09-18 09:33:26.661,407.5788224046229,14
2024-09-18 09:33:26.702,407.473836834584,996
2024-09-18 09:33:26.753,407.5126194603302,9
2024-09-18 09:33:26.795,407.50080990127225,6
2024-09-18 09:33:26.816,407.54684607489713,12
2024-09-18 09:33:26.826,407.47083595921913,100
2024-09-18 09:33:26.826,407.5768801237618,102
2024-09-18 09:33:26.833,407.4822256139543,99
2024-09-18 09:33:26.847,407.4756051383912,14
2024-09-18 09:33:26.882,407.5967023109954,13
2024-09-18 09:33:26.970,407.5448847327272,103
2024-09-18 09:33:27.001,407.61204447702784,6
2024-09-18 09:33:27.037,407.6238217469361,97
2024-09-18 09:33:27.138,407.633343985506,15
2024-09-18 09:33:27.170,407.6155484315355,5
2024-09-18 09:33:27.228,407.6479929717318,9
2024-09-18 09:33:27.243,407.617831595518,5
2024-09-18 09:33:27.292,407.5836589442463,1005
2024-09-18 09:33:27.417,407.6464372253976,7
2024-09-18 09:33:27.446,407.6007619704486,996
2024-09-18 09:33:27.468,-407.6387564780992,98
2024-09-18 09:33:27.551,407.6425894808887,95
2024-09-18 09:33:27.595,407.6237590278279,99
2024-09-18 09:33:27.631,407.5860386611513,996
2024-09-18 09:33:27.683,407.6160787155913,15
2024-09-18 09:33:27.709,407.6178583253114,8
2024-09-18 09:33:27.716,407.6281407956205,13
2024-09-18 09:33:27.831,407.6235921764354,999
2024-09-18 09:33:27.834,407.5790487304453,1002
2024-09-18 09:33:27.841,407.6398665434817,98
2024-09-18 09:33:27.873,407.6371010567309,12
2024-09-18 09:33:27.935,407.629925667268,95
2024-09-18 09:33:28.095,407.6082923999097,99
2024-09-18 09:33:28.383,407.5871060654424,95
2024-09-18 09:33:28.938,407.607360491992,1003
2024-09-18 09:33:29.081,407.5812755798351,6
2024-09-18 09:33:29.375,407.58302673148376,96
2024-09-18 09:33:29.486,407.5729997145265,13
2024-09-18 09:33:29.550,407.5830499811959,9
2024-09-18 09:33:29.559,407.5921727300071,8
2024-09-18 09:33:29.581,407.6060806635952,102
2024-09-18 09:33:29.605,407.6002123486844,1002
2024-09-18 09:33:29.721,407.575662020244,11
2024-09-18 09:33:29.760,407.5838166140945,7
2024-09-18 09:33:29.768,407.60480295501407,8
2024-09-18 09:33:29.813,407.5925614250141,999
2024-09-18 09:33:30.004,407.56902482816696,998
2024-09-18 09:33:30.075,407.5970754599478,12
2024-09-18 09:33:30.116,407.6118865929056,96
2024-09-18 09:33:30.231,407.62415188172815,6
2024-09-18 09:33:30.286,407.5790755121048,98
2024-09-18 09:33:30.400,407.59588694346553,14
2024-09-18 09:33:30.407,407.6107310216913,998
2024-09-18 09:33:30.449,407.5285441015487,15
2024-09-18 09:33:30.537,407.5639624576512,13
2024-09-18 09:33:30.562,407.6185615902411,8
2024-09-18 09:33:30.631,407.591296880229,999
2024-09-18 09:33:30.633,407.6078595263221,5
2024-09-18 09:33:30.686,407.5668005980682,103
2024-09-18 09:33:30.705,407.6143281912765,7
2024-09-18 09:33:30.802,407.5418333885332,6
2024-09-18 09:33:30.820,407.59875923280833,6
2024-09-18 09:33:30.855,407.5355921958897,101
2024-09-18 09:33:31.107,407.51264071384753,13
2024-09-18 09:33:31.131,407.5450535958582,1004
2024-09-18 09:33:31.159,407.52807168779225,99
2024-09-18 09:33:31.160,407.48511476784057,8
2024-09-18 09:33:31.163,407.5071380163196,104
2024-09-18 09:33:31.171,407.4865779942464,999
2024-09-18 09:33:31.243,407.5216555061106,1005
2024-09-18 09:33:31.343,407.543491970126,1004
2024-09-18 09:33:31.370,407.540746676388,13
2024-09-18 09:33:31.445,407.51265577629647,104
2024-09-18 09:33:31.448,407.5144270634243,96
2024-09-18 09:33:31.458,407.5252056638816,104
2024-09-18 09:33:31.509,407.5045812602364,1002
2024-09-18 09:33:31.560,407.5496567524549,12
2024-09-18 09:33:31.583,407.51342364229936,5
2024-09-18 09:33:31.595,407.5147948306601,103
2024-09-18 09:33:31.609,407.508409398295,10
2024-09-18 09:33:31.627,407.51192530563605,1003
2024-09-18 09:33:31.660,407.5066353537805,9
2024-09-18 09:33:31.739,407.5109579945916,98
2024-09-18 09:33:31.784,407.5000067182144,6
2024-09-18 09:33:31.799,407.5244977959353,1001
2024-09-18 09:33:31.869,407.52977651904047,101
2024-09-18 09:33:31.874,407.5365091860181,5
2024-09-18 09:33:31.944,407.5365197913568,6
2024-09-18 09:33:32.019,407.5550157523628,998
2024-09-18 09:33:32.145,407.56532692327806,99
2024-09-18 09:33:32.289,,12
2024-09-18 09:33:32.302,407.5461740678115,9
2024-09-18 09:33:32.304,407.5552281820253,5
2024-09-18 09:33:32.326,407.572205336528,14
2024-09-18 09:33:32.343,407.5954924946756,10
2024-09-18 09:33:33.048,407.59796911433534,8
2024-09-18 09:33:33.083,407.5862830671714,13
2024-09-18 09:33:33.239,407.6051142467351,104
2024-09-18 09:33:33.289,407.5760344654753,995
2024-09-18 09:33:33.331,407.609047480694,97
2024-09-18 09:33:33.337,407.5967114160563,104
2024-09-18 09:33:33.403,407.595045288678,996
2024-09-18 09:33:33.491,407.5901082306581,1004
2024-09-18 09:33:33.555,407.5973378882142,997
2024-09-18 09:33:33.707,407.5887167587983,1005
2024-09-18 09:33:33.710,407.581581586192,13
2024-09-18 09:33:33.864,407.56595795973504,100
2024-09-18 09:33:33.865,407.5967658739857,1003
2024-09-18 09:33:33.889,407.58199763086014,96
2024-09-18 09:33:33.960,407.6133329661016,102
2024-09-18 09:33:33.994,407.5956868056047,997
2024-09-18 09:33:34.001,407.55199491442505,999
2024-09-18 09:33:34.078,407.61751749422695,1000
2024-09-18 09:33:34.207,407.63044072454704,9
2024-09-18 09:33:34.241,407.5750849444811,11
2024-09-18 09:33:34.249,407.6202937660689,995
2024-09-18 09:33:34.260,407.6236461855671,999
2024-09-18 09:33:34.357,407.6283448506091,105
2024-09-18 09:33:34.395,407.60334512087775,103
2024-09-18 09:33:34.401,407.5790825110983,12
2024-09-18 09:33:34.473,407.6053775680218,101
2024-09-18 09:33:34.490,407.5480260870287,9
2024-09-18 09:33:34.513,,103
2024-09-18 09:33:34.531,407.6360658947882,997
2024-09-18 09:33:34.531,407.5866622518279,101
2024-09-18 09:33:34.692,407.6280738132599,105
2024-09-18 09:33:34.776,407.5919383285829,1004
2024-09-18 09:33:34.818,407.5986498720212,11
2024-09-18 09:33:34.834,407.6199717463688,6
2024-09-18 09:33:34.868,407.5694796548345,101
2024-09-18 09:33:34.884,407.5586730549358,13
2024-09-18 09:33:34.914,407.5579624641841,7
2024-09-18 09:33:34.998,407.6447139693019,13
2024-09-18 09:33:34.998,407.5741097708933,1003
2024-09-18 09:33:35.004,407.59078077749535,98
2024-09-18 09:33:35.033,407.56236118904536,998
2024-09-18 09:33:35.118,407.5774138041758,1002
2024-09-18 09:33:35.125,407.5559209600528,996
2024-09-18 09:33:35.182,407.5917744694785,100
2024-09-18 09:33:35.269,407.58671179341314,997
2024-09-18 09:33:35.271,407.59303235310415,7
2024-09-18 09:33:35.284,407.5677659710805,995
2024-09-18 09:33:35.323,407.5861681876594,11
2024-09-18 09:33:35.340,407.5951383232692,1003
2024-09-18 09:33:35.360,407.5558393739973,13
2024-09-18 09:33:35.369,407.5349006270287,8
2024-09-18 09:33:35.370,407.5847559494921,13
2024-09-18 09:33:35.468,407.5416372970651,97
2024-09-18 09:33:35.535,407.56582904179976,8
2024-09-18 09:33:35.693,,105
2024-09-18 09:33:35.698,407.57840932523646,10
2024-09-18 09:33:35.702,407.589285429188,10
2024-09-18 09:33:35.719,407.564404781798,997
2024-09-18 09:33:35.772,407.5768454443368,9
2024-09-18 09:33:35.790,407.56861396962137,7
2024-09-18 09:33:35.794,407.5550366067992,96
2024-09-18 09:33:35.799,407.5500349674455,1002
2024-09-18 09:33:35.864,407.6062483730981,15
2024-09-18 09:33:35.903,407.5742869787387,997
2024-09-18 09:33:35.907,407.5425320223024,11
2024-09-18 09:33:35.933,407.56299116744384,6
2024-09-18 09:33:35.942,407.56055801567175,7
2024-09-18 09:33:35.943,407.6151093633849,1004
2024-09-18 09:33:35.960,407.5370055977441,1001
2024-09-18 09:33:36.016,407.5117798950254,5
2024-09-18 09:33:36.026,407.5478562205628,7
2024-09-18 09:33:36.039,407.5445099058285,7
2024-09-18 09:33:36.053,407.5060569311841,8
2024-09-18 09:33:36.146,407.46030561897095,101
2024-09-18 09:33:36.177,407.49171421776975,103
2024-09-18 09:33:36.237,407.49807365723785,99
2024-09-18 09:33:36.279,407.540610668863,996
2024-09-18 09:33:36.284,407.48256195707086,5
2024-09-18 09:33:36.333,407.4929729302154,97
2024-09-18 09:33:36.359,407.4739093224753,103
2024-09-18 09:33:36.397,407.4655764467131,997
2024-09-18 09:33:36.403,407.54293643906857,9
2024-09-18 09:33:36.406,407.5095763660642,96
2024-09-18 09:33:36.497,407.4704004699348,998
2024-09-18 09:33:36.525,407.44778873043856,1005
2024-09-18 09:33:36.581,407.46950199950544,11
2024-09-18 09:33:36.643,407.4700537821551,1002
2024-09-18 09:33:36.697,407.5364835807788,96
2024-09-18 09:33:36.699,407.5108002391225,9
2024-09-18 09:33:36.706,407.54477661660445,103
2024-09-18 09:33:36.774,407.4984784477284,5
2024-09-18 09:33:36.920,407.4616920246783,11
2024-09-18 09:33:37.380,407.49365980335085,1000
2024-09-18 09:33:37.443,407.4798787111947,10
2024-09-18 09:33:38.028,407.4893472154456,999
2024-09-18 09:33:38.106,407.46383627212725,95
2024-09-18 09:33:38.130,407.4541282887986,1001
2024-09-18 09:33:38.139,407.50955596671406,100
2024-09-18 09:33:38.201,407.4712445617545,1002
2024-09-18 09:33:38.263,407.4991684685718,104
2024-09-18 09:33:38.291,407.4876111366767,997
2024-09-18 09:33:38.336,407.4725316910786,13
2024-09-18 09:33:38.348,407.4619473138512,9
2024-09-18 09:33:38.363,407.42368348687415,9
2024-09-18 09:33:38.387,407.45827067226895,12
2024-09-18 09:33:38.454,407.4240087474488,100
2024-09-18 09:33:38.476,407.4559555247213,1003
2024-09-18 09:33:38.503,407.46317170804207,1000
2024-09-18 09:33:38.511,407.4862507269902,6
2024-09-18 09:33:38.534,407.4931942408218,12
2024-09-18 09:33:38.558,407.4898766213191,99
2024-09-18 09:33:38.591,407.47017617689215,1001
2024-09-18 09:33:38.607,407.4315066086592,996
2024-09-18 09:33:38.655,407.49892281504106,997
2024-09-18 09:33:38.811,40.74442060587738,999
2024-09-18 09:33:38.867,407.4731327352685,14
2024-09-18 09:33:38.868,407.4517682908404,995
2024-09-18 09:33:38.949,407.47643323039154,5
2024-09-18 09:33:38.967,-407.43028696239526,12
2024-09-18 09:33:39.102,407.4771468169516,9
2024-09-18 09:33:39.241,407.4757593159875,1001
2024-09-18 09:33:39.749,407.45615906517,100
2024-09-18 09:33:40.170,407.4747191765187,8
2024-09-18 09:33:40.189,407.5038514178343,104
2024-09-18 09:33:40.321,407.5083388104728,10
2024-09-18 09:33:40.343,407.564763406627,98
2024-09-18 09:33:40.377,407.5347285461439,14
2024-09-18 09:33:40.639,407.5504661011535,1003
2024-09-18 09:33:40.739,407.4974280756474,104
2024-09-18 09:33:40.743,407.5308577844749,99
2024-09-18 09:33:40.970,407.5648886540086,1000
2024-09-18 09:33:41.024,407.5522742685947,999
2024-09-18 09:33:41.103,407.5708209274872,100
2024-09-18 09:33:41.222,407.56408573327616,11
2024-09-18 09:33:41.229,407.5472055689715,1005
2024-09-18 09:33:41.268,407.585661788577,97
2024-09-18 09:33:41.418,407.5664235042266,101
2024-09-18 09:33:41.432,407.54966092545527,1005
2024-09-18 09:33:41.439,407.5788740451276,1001
2024-09-18 09:33:41.453,407.5646994252296,996
2024-09-18 09:33:41.725,-407.5458092110023,102
2024-09-18 09:33:41.782,407.562532841849,104
2024-09-18 09:33:41.915,407.5534699740562,1005
2024-09-18 09:33:41.958,407.5727506182556,1005
2024-09-18 09:33:41.959,407.5427371765738,7
2024-09-18 09:33:41.963,407.55612156955385,998
2024-09-18 09:33:42.077,407.6237236535621,97
2024-09-18 09:33:42.112,407.617388981203,8
2024-09-18 09:33:42.197,407.6208269865117,103
2024-09-18 09:33:42.216,407.60295200360497,100
2024-09-18 09:33:42.286,407.61187443841743,100
2024-09-18 09:33:42.359,407.6221840047515,1002
2024-09-18 09:33:42.364,407.6046764457885,95
2024-09-18 09:33:42.406,407.6024017609906,995
2024-09-18 09:33:42.407,407.5472570904848,104
2024-09-18 09:33:42.476,407.583218874634,5
2024-09-18 09:33:42.547,407.6069079168305,104
2024-09-18 09:33:42.596,407.5852191034048,8
2024-09-18 09:33:42.611,407.5565979278323,105
2024-09-18 09:33:42.613,407.6219752838669,15
2024-09-18 09:33:42.623,407.6141241203584,995
2024-09-18 09:33:42.774,407.59256209967,96
2024-09-18 09:33:42.802,407.6007498830054,14
2024-09-18 09:33:42.933,407.5706296299186,999
2024-09-18 09:33:43.691,407.5996137382047,1005
2024-09-18 09:33:44.016,407.5717290242192,995
2024-09-18 09:33:44.121,407.5664795895148,99
2024-09-18 09:33:44.186,407.5762382557835,997
2024-09-18 09:33:44.201,407.5535418624785,7
2024-09-18 09:33:44.314,407.6038390770784,7
2024-09-18 09:33:44.437,407.5933303812383,12
2024-09-18 09:33:44.644,407.57923737512976,101
2024-09-18 09:33:44.656,407.5666890097812,1001
2024-09-18 09:33:44.851,407.573384669683,100
2024-09-18 09:33:44.919,407.5659933297309,98
2024-09-18 09:33:44.964,407.57844082100615,101
2024-09-18 09:33:45.005,407.550859713288,995
2024-09-18 09:33:45.023,407.58017988484255,100
2024-09-18 09:33:45.384,407.5793659418939,1003
2024-09-18 09:33:45.545,407.5803103512983,100
2024-09-18 09:33:45.553,407.5684630138427,96
2024-09-18 09:33:45.563,407.5654734711057,1002
2024-09-18 09:33:45.566,407.5658430113205,12
2024-09-18 09:33:45.637,407.5768314591239,1002
2024-09-18 09:33:45.682,407.5670252538626,999
2024-09-18 09:33:45.850,407.5661294734774,103
2024-09-18 09:33:45.899,407.5709842095488,7
2024-09-18 09:33:45.899,407.558638446738,13
2024-09-18 09:33:45.908,407.579671157716,6
2024-09-18 09:33:45.979,407.5544057871839,14
2024-09-18 09:33:45.981,407.5551767870172,95
2024-09-18 09:33:46.149,407.5193536094312,1004
2024-09-18 09:33:46.212,40.751694177118615,996
2024-09-18 09:33:46.286,407.5292530740399,96
2024-09-18 09:33:46.297,407.5274859033384,103
2024-09-18 09:33:46.397,407.528874633844,1005
2024-09-18 09:33:46.482,407.5108738558525,95
2024-09-18 09:33:46.507,407.55474257012463,999
2024-09-18 09:33:46.509,407.5724490809365,1003
2024-09-18 09:33:46.516,407.5245869039385,101
2024-09-18 09:33:46.528,407.5749973537893,1002
2024-09-18 09:33:46.532,407.5351584016248,996
2024-09-18 09:33:46.569,407.5451362583025,96
2024-09-18 09:33:46.613,407.5690860057152,10
2024-09-18 09:33:46.642,407.5185252161618,996
2024-09-18 09:33:46.643,407.5481816889021,996
2024-09-18 09:33:46.659,407.53132822920975,995
2024-09-18 09:33:46.678,407.5360176943646,1001
2024-09-18 09:33:46.734,407.5108371144819,95
2024-09-18 09:33:46.768,407.5339155791939,99
2024-09-18 09:33:46.784,407.5751034625008,103
2024-09-18 09:33:46.820,407.5142692122686,95
2024-09-18 09:33:46.881,407.5630056560188,1003
2024-09-18 09:33:46.889,407.5686390550503,15
2024-09-18 09:33:46.913,407.5698071712992,1004
2024-09-18 09:33:46.963,407.5376709927404,1002
2024-09-18 09:33:46.974,407.5601304567788,7
2024-09-18 09:33:47.101,407.53579515212215,997
2024-09-18 09:33:47.323,407.5323808850079,1002
2024-09-18 09:33:47.347,407.5237907805292,6
2024-09-18 09:33:47.459,407.53615958724026,103
2024-09-18 09:33:47.624,407.5181795333144,14
2024-09-18 09:33:47.628,407.55701544743545,1004
2024-09-18 09:33:47.822,407.53799496172206,999
2024-09-18 09:33:47.868,407.557332127828,13
2024-09-18 09:33:47.945,407.56158233885145,105
2024-09-18 09:33:48.525,407.515192299143,996
2024-09-18 09:33:48.583,407.526311151758,101
2024-09-18 09:33:48.686,407.52955282695126,11
2024-09-18 09:33:48.918,407.5263335929501,97
2024-09-18 09:33:49.010,407.4917480805032,98
2024-09-18 09:33:49.026,407.474494436922,1001
2024-09-18 09:33:49.047,407.50548602136,104
2024-09-18 09:33:49.052,407.5120659057043,998
2024-09-18 09:33:49.104,407.48698752982943,997
2024-09-18 09:33:49.140,407.4906936804721,101
2024-09-18 09:33:49.154,407.476677482259,1002
2024-09-18 09:33:49.156,407.4950993780157,97
2024-09-18 09:33:49.280,407.4898400482636,102
2024-09-18 09:33:49.303,407.4889094175328,99
2024-09-18 09:33:49.317,407.4952222051944,105
2024-09-18 09:33:49.343,407.4710148381979,998
2024-09-18 09:33:49.350,407.5273339799544,98
2024-09-18 09:33:49.366,407.4754920188467,97
2024-09-18 09:33:49.407,407.4756261715242,9
2024-09-18 09:33:49.414,407.5127095104555,99
2024-09-18 09:33:49.450,407.4654420089879,996
2024-09-18 09:33:49.509,407.4792194050647,10
2024-09-18 09:33:49.570,407.4788526717565,5
2024-09-18 09:33:49.583,407.4832810418882,1002
2024-09-18 09:33:49.631,407.5027521349565,104
2024-09-18 09:33:49.639,407.50886131695904,97
2024-09-18 09:33:49.706,407.4684545350441,995
2024-09-18 09:33:49.753,407.4754163843684,8
2024-09-18 09:33:49.764,407.4980441483369,102
2024-09-18 09:33:49.891,407.46975704446106,99
2024-09-18 09:33:49.921,407.4871736856344,997
2024-09-18 09:33:49.981,407.475131190638,15
2024-09-18 09:33:50.070,407.4821257039764,95
2024-09-18 09:33:50.073,407.4403690449666,15
2024-09-18 09:33:50.254,407.421942786808,5
2024-09-18 09:33:50.292,407.5012287947874,995
2024-09-18 09:33:50.538,407.4785184428328,15
2024-09-18 09:33:50.559,407.4754454385252,104
2024-09-18 09:33:50.674,407.485117613432,14
2024-09-18 09:33:50.745,407.48121177704496,96
2024-09-18 09:33:50.902,407.4969408288588,8
2024-09-18 09:33:50.928,407.4870158805463,13
2024-09-18 09:33:50.965,407.49331783968177,8
2024-09-18 09:33:51.001,407.40213646620026,104
2024-09-18 09:33:51.586,407.4043723141947,97
2024-09-18 09:33:52.046,407.3989243525783,101
2024-09-18 09:33:52.134,407.4079147954228,1005
2024-09-18 09:33:52.158,407.4026593472525,97
2024-09-18 09:33:52.235,407.414704447536,995
2024-09-18 09:33:52.303,407.3986935252962,7
2024-09-18 09:33:52.500,407.4317352669093,7
2024-09-18 09:33:52.581,407.40027149786926,11
2024-09-18 09:33:52.627,407.4161502682179,1005
2024-09-18 09:33:52.652,407.42449291395496,12
2024-09-18 09:33:52.750,407.4206741000474,104
2024-09-18 09:33:52.869,407.3981688939721,102
2024-09-18 09:33:53.021,407.4000290880037,995
2024-09-18 09:33:53.054,407.4162110004508,995
2024-09-18 09:33:53.091,407.3817977989436,13
2024-09-18 09:33:53.130,407.3870375851758,1001
2024-09-18 09:33:53.134,407.4144643386863,105
2024-09-18 09:33:53.191,407.3839453351081,1003
2024-09-18 09:33:53.239,407.3741282519829,12
2024-09-18 09:33:53.274,407.4124267092107,96
2024-09-18 09:33:53.281,407.4075685536497,1005
2024-09-18 09:33:53.408,407.3899952812037,96
2024-09-18 09:33:53.460,407.3748360392788,103
2024-09-18 09:33:53.477,40.73787510545882,11
2024-09-18 09:33:53.480,407.38397128728826,97
2024-09-18 09:33:53.501,407.4216909873927,105
2024-09-18 09:33:53.633,407.3828260213344,97
2024-09-18 09:33:53.664,407.4162795713212,9
2024-09-18 09:33:53.676,407.4159339376858,9
2024-09-18 09:33:53.695,407.368042164202,103
2024-09-18 09:33:53.699,407.3623408389244,103
2024-09-18 09:33:53.867,407.4147508094594,99
2024-09-18 09:33:53.874,407.3886980811422,1002
2024-09-18 09:33:53.889,407.4278380002738,104
2024-09-18 09:33:53.907,407.38433255233787,10
2024-09-18 09:33:53.952,407.4367583135055,997
2024-09-18 09:33:53.982,407.4137523443824,1001
2024-09-18 09:33:53.990,407.4147987364983,997
2024-09-18 09:33:55.468,407.3938197157767,998
2024-09-18 09:33:56.027,407.3818975147017,1000
2024-09-18 09:33:56.068,407.398578230215,996
2024-09-18 09:33:56.073,407.3983025531698,10
2024-09-18 09:33:56.299,407.4137853925931,995
2024-09-18 09:33:56.320,407.4211863104487,97
2024-09-18 09:33:56.380,407.4025197631333,102
2024-09-18 09:33:56.435,407.4063942467655,997
2024-09-18 09:33:56.702,407.4022421083192,13
2024-09-18 09:33:56.871,407.4152711390908,95
2024-09-18 09:33:56.930,407.4151716588954,1004
2024-09-18 09:33:57.019,407.3948591940445,96
2024-09-18 09:33:57.060,407.3733136433937,7
2024-09-18 09:33:57.178,407.353713407473,99
2024-09-18 09:33:57.688,407.40675311087006,1000
2024-09-18 09:33:57.793,,97
2024-09-18 09:33:57.867,407.3560825944509,98
2024-09-18 09:33:57.867,407.3772633484704,95
2024-09-18 09:33:57.875,407.3859867901768,105
2024-09-18 09:33:57.914,407.3941224366355,102
2024-09-18 09:33:57.918,407.3762039850892,6
2024-09-18 09:33:58.057,407.3529671515641,95
2024-09-18 09:33:58.443,407.3459686631701,6
2024-09-18 09:33:58.465,407.3621576075616,100
2024-09-18 09:33:58.598,407.3384588784408,103
2024-09-18 09:33:58.725,407.3592049223703,100
2024-09-18 09:33:58.919,407.3571361025338,1000
2024-09-18 09:33:59.128,407.4257419514603,6
2024-09-18 09:33:59.135,407.40473305310894,103
2024-09-18 09:33:59.236,-407.4124244703339,1002
2024-09-18 09:33:59.290,407.43747163966106,12
2024-09-18 09:33:59.308,407.364757748491,8
2024-09-18 09:33:59.322,407.4014987853531,11
2024-09-18 09:33:59.362,407.3851728603656,102
2024-09-18 09:33:59.405,407.39083451061,1000
2024-09-18 09:33:59.515,407.3640551666325,99
2024-09-18 09:33:59.557,407.3379402661268,13
2024-09-18 09:33:59.566,407.3578378021179,15
2024-09-18 09:33:59.582,407.3949777975968,14
2024-09-18 09:33:59.584,407.4413598883766,998
2024-09-18 09:33:59.589,407.35642795555856,997
2024-09-18 09:33:59.604,407.42245319105245,15
2024-09-18 09:33:59.608,407.4222688045404,95
2024-09-18 09:33:59.647,407.4031347665849,13
2024-09-18 09:33:59.677,407.3944806471258,7
2024-09-18 09:33:59.705,,1005
2024-09-18 09:33:59.728,407.44272855619135,9
2024-09-18 09:33:59.756,407.36607864746776,15
2024-09-18 09:33:59.765,407.3952260944921,6
2024-09-18 09:33:59.766,407.38852005024887,95
2024-09-18 09:33:59.850,407.3755957030572,6
2024-09-18 09:33:59.859,407.3830118516698,14
2024-09-18 09:33:59.863,407.3823737528119,1002
2024-09-18 09:33:59.924,407.3724759123928,15
2024-09-18 09:33:59.938,407.3693871660968,1003
2024-09-18 09:33:59.945,407.3751402004677,1000
2024-09-18 09:33:59.968,407.379713490905,96
