Timestamp,Price,Size
2024-09-17 13:38:00.043,401.9154535229857,1004
2024-09-17 13:38:00.148,401.8337308312561,1002
2024-09-17 13:38:00.156,401.82622249441766,13
2024-09-17 13:38:00.166,401.8720058374385,96
2024-09-17 13:38:00.262,401.8953939935092,1000
2024-09-17 13:38:00.280,401.8681891002474,1001
2024-09-17 13:38:00.284,401.8629001539002,104
2024-09-17 13:38:00.317,401.86590806012697,6
2024-09-17 13:38:00.327,401.8508612677417,103
2024-09-17 13:38:00.450,401.8905081897159,1004
2024-09-17 13:38:00.580,401.8270241865757,999
2024-09-17 13:38:00.605,401.8655309265442,96
2024-09-17 13:38:00.637,401.8941667775994,15
2024-09-17 13:38:00.662,-401.8781142663862,100
2024-09-17 13:38:00.695,401.9007396498116,105
2024-09-17 13:38:00.912,401.81620105189415,7
2024-09-17 13:38:01.000,401.8630162004656,102
2024-09-17 13:38:01.052,401.8981377397947,997
2024-09-17 13:38:01.108,401.9057141148954,101
2024-09-17 13:38:01.224,401.8920638651586,9
2024-09-17 13:38:01.225,401.9050479831908,98
2024-09-17 13:38:01.277,401.91328228740775,1004
2024-09-17 13:38:01.305,401.8590748504813,95
2024-09-17 13:38:01.339,401.8538402371904,9
2024-09-17 13:38:01.389,401.8858590280557,14
2024-09-17 13:38:01.416,401.88993106441137,104
2024-09-17 13:38:01.429,401.8639917768913,1005
2024-09-17 13:38:01.430,401.877657344088,99
2024-09-17 13:38:01.431,401.901924758759,1002
2024-09-17 13:38:01.461,401.8682386512408,101
2024-09-17 13:38:01.527,401.9270116815239,1005
2024-09-17 13:38:01.533,401.8723331774832,1000
2024-09-17 13:38:01.569,401.9330760674391,1005
2024-09-17 13:38:01.635,401.8564022822444,100
2024-09-17 13:38:01.676,401.9199319650732,102
2024-09-17 13:38:01.695,401.84146119864806,8
2024-09-17 13:38:01.724,401.8622467858521,105
2024-09-17 13:38:01.724,401.9242086416271,14
2024-09-17 13:38:01.761,401.8969466467653,96
2024-09-17 13:38:01.768,401.85083574771886,99
2024-09-17 13:38:01.784,401.9039820159385,97
2024-09-17 13:38:01.785,401.854267146078,13
2024-09-17 13:38:01.801,401.8649558312021,105
2024-09-17 13:38:01.957,401.9183177533087,96
2024-09-17 13:38:02.126,401.8596304430458,14
2024-09-17 13:38:02.208,401.86534730872006,1003
2024-09-17 13:38:02.600,401.873508300069,999
2024-09-17 13:38:02.628,401.8641441822696,1004
2024-09-17 13:38:02.633,401.8653683489561,10
2024-09-17 13:38:02.792,401.8738600106684,1002
2024-09-17 13:38:02.822,-401.8865677417451,15
2024-09-17 13:38:02.832,401.8570103350708,105
2024-09-17 13:38:02.901,401.846706114239,1002
2024-09-17 13:38:02.923,401.8631968796665,96
2024-09-17 13:38:02.968,401.8824447866892,5
2024-09-17 13:38:02.984,401.8572029788807,8
2024-09-17 13:38:03.036,401.8262435804376,103
2024-09-17 13:38:03.067,401.82539160068313,14
2024-09-17 13:38:03.162,401.85418381961546,996
2024-09-17 13:38:03.303,40.18776271365698,12
2024-09-17 13:38:03.329,401.84838888626,8
2024-09-17 13:38:03.459,401.8656048702656,997
2024-09-17 13:38:03.480,401.8324065488303,103
2024-09-17 13:38:03.524,401.8298549006527,12
2024-09-17 13:38:03.530,401.82377920183137,7
2024-09-17 13:38:03.536,401.85883488660727,1004
2024-09-17 13:38:03.613,401.8623061382454,6
2024-09-17 13:38:03.656,401.8554780098175,103
2024-09-17 13:38:03.701,401.88734506571086,6
2024-09-17 13:38:03.916,401.8722037824419,95
2024-09-17 13:38:04.050,401.85462482797095,8
2024-09-17 13:38:04.072,401.8803206781565,14
2024-09-17 13:38:04.114,401.8531086779056,97
2024-09-17 13:38:04.124,401.8073456386752,14
2024-09-17 13:38:04.228,401.856319095301,15
2024-09-17 13:38:04.284,401.8784899980724,96
2024-09-17 13:38:04.316,401.86368117632605,102
2024-09-17 13:38:04.411,401.85127084796727,13
2024-09-17 13:38:04.448,401.861024657911,999
2024-09-17 13:38:04.517,401.87684352150194,101
2024-09-17 13:38:04.536,401.8761030953394,995
2024-09-17 13:38:04.595,401.8775161865352,14
2024-09-17 13:38:04.613,401.8561128328787,101
2024-09-17 13:38:04.637,401.86871457328505,1000
2024-09-17 13:38:04.645,401.8348876861997,13
2024-09-17 13:38:04.693,401.8795641151633,1005
2024-09-17 13:38:04.736,401.8686086939138,100
2024-09-17 13:38:04.763,401.844564862906,6
2024-09-17 13:38:04.770,401.8841386237653,7
2024-09-17 13:38:04.800,401.8789824823272,1004
2024-09-17 13:38:04.815,401.87854699731344,97
2024-09-17 13:38:04.894,401.8506311833348,97
2024-09-17 13:38:04.904,401.83410049255474,100
2024-09-17 13:38:04.948,,10
2024-09-17 13:38:04.975,401.8438142454566,15
2024-09-17 13:38:04.982,401.8702439382926,5
2024-09-17 13:38:04.991,401.8827689413976,7
2024-09-17 13:38:05.081,,5
2024-09-17 13:38:05.134,401.8994331243129,105
2024-09-17 13:38:05.139,401.91134802247655,6
2024-09-17 13:38:05.156,401.8874373073594,13
2024-09-17 13:38:05.196,401.9066007378426,6
2024-09-17 13:38:05.221,401.8999750507575,8
2024-09-17 13:38:05.292,401.8929174995524,100
2024-09-17 13:38:05.304,401.9073979545323,103
2024-09-17 13:38:05.392,401.90555035722014,999
2024-09-17 13:38:05.452,401.8884382835416,103
2024-09-17 13:38:05.589,401.8785532982337,1004
2024-09-17 13:38:05.596,401.9053156900862,100
2024-09-17 13:38:05.719,401.8894264689392,1000
2024-09-17 13:38:05.742,401.89114033730925,105
2024-09-17 13:38:05.799,401.9125005634592,1000
2024-09-17 13:38:05.804,401.8957746666712,99
2024-09-17 13:38:05.816,-401.8936982837591,99
2024-09-17 13:38:05.947,401.9108484622657,1003
2024-09-17 13:38:05.950,401.88036534960526,1003
2024-09-17 13:38:05.990,401.8820453646255,15
2024-09-17 13:38:06.024,401.8753919404009,97
2024-09-17 13:38:06.025,401.9253978319287,7
2024-09-17 13:38:06.157,401.8809857162354,14
2024-09-17 13:38:06.170,401.9275797924469,1000
2024-09-17 13:38:06.178,401.88726696532194,100
2024-09-17 13:38:06.220,401.9158407512817,997
2024-09-17 13:38:06.238,401.8915112694353,998
2024-09-17 13:38:06.290,401.90777886597857,96
2024-09-17 13:38:06.311,401.9123932613393,997
2024-09-17 13:38:06.335,401.93585157958745,995
2024-09-17 13:38:06.351,401.90792540286094,5
2024-09-17 13:38:06.372,401.8919630389707,7
2024-09-17 13:38:06.385,401.91161528507297,5
2024-09-17 13:38:06.385,401.9304941919111,97
2024-09-17 13:38:06.393,401.9390386868519,996
2024-09-17 13:38:06.413,401.9347157064561,6
2024-09-17 13:38:06.447,-401.8955084483681,104
2024-09-17 13:38:06.514,401.8973358437826,1005
2024-09-17 13:38:06.534,401.9229520414498,6
2024-09-17 13:38:06.570,401.8951339951232,1001
2024-09-17 13:38:06.585,401.88739465601367,100
2024-09-17 13:38:06.733,401.9126253495874,100
2024-09-17 13:38:06.755,401.9265775219182,99
2024-09-17 13:38:06.783,401.8961869238561,14
2024-09-17 13:38:06.837,401.9025087346228,5
2024-09-17 13:38:06.846,401.87143185532426,995
2024-09-17 13:38:06.875,401.8718402479255,9
2024-09-17 13:38:06.958,401.9080712705137,14
2024-09-17 13:38:06.968,401.9107064449001,101
2024-09-17 13:38:06.986,401.912610949556,10
2024-09-17 13:38:07.158,401.8621084286909,996
2024-09-17 13:38:07.323,401.8780153413369,11
2024-09-17 13:38:07.466,401.8833894797765,996
2024-09-17 13:38:07.564,401.8734841702189,97
2024-09-17 13:38:07.596,401.86475783854,1000
2024-09-17 13:38:07.638,401.8860699525285,103
2024-09-17 13:38:07.919,401.8719958522768,9
2024-09-17 13:38:08.048,401.8739302870823,1002
2024-09-17 13:38:08.167,401.87155390920753,9
2024-09-17 13:38:08.346,401.86890432547096,995
2024-09-17 13:38:08.371,401.8863141297812,104
2024-09-17 13:38:08.670,401.8779820486476,1003
2024-09-17 13:38:08.801,401.8686774129207,100
2024-09-17 13:38:08.972,401.855132234928,8
2024-09-17 13:38:09.035,401.8171989418387,105
2024-09-17 13:38:09.054,401.7817934013547,100
2024-09-17 13:38:09.068,401.7729659066063,15
2024-09-17 13:38:09.096,401.7850216926789,1005
2024-09-17 13:38:09.131,401.8273660985907,999
2024-09-17 13:38:09.196,401.7871025100806,996
2024-09-17 13:38:09.209,401.8111315077461,99
2024-09-17 13:38:09.280,401.83502770623807,1001
2024-09-17 13:38:09.287,401.8573684243535,999
2024-09-17 13:38:09.316,401.8285704111694,7
2024-09-17 13:38:09.367,401.8302747225813,5
2024-09-17 13:38:09.370,401.7602513420797,15
2024-09-17 13:38:09.372,401.784166539616,104
2024-09-17 13:38:09.452,401.7833754440516,9
2024-09-17 13:38:09.474,401.8081461331637,999
2024-09-17 13:38:09.489,401.8232922185992,1004
2024-09-17 13:38:09.491,401.775680150188,100
2024-09-17 13:38:09.515,401.7813691639524,15
2024-09-17 13:38:09.628,401.7797902635844,103
2024-09-17 13:38:09.630,401.79398848613886,1002
2024-09-17 13:38:09.639,401.77096756670926,9
2024-09-17 13:38:09.771,,10
2024-09-17 13:38:09.782,401.794715385305,97
2024-09-17 13:38:09.896,401.7539069177895,102
2024-09-17 13:38:09.940,401.7802335926256,103
2024-09-17 13:38:09.944,401.81427411538937,103
2024-09-17 13:38:10.408,401.7925951424732,98
2024-09-17 13:38:11.079,401.72988652221255,5
2024-09-17 13:38:11.138,401.7417890042746,11
2024-09-17 13:38:11.166,401.8034310493365,105
2024-09-17 13:38:11.170,401.79992171973146,12
2024-09-17 13:38:11.257,401.7776916529151,96
2024-09-17 13:38:11.265,401.7768675463203,12
2024-09-17 13:38:11.273,401.7636944625936,1003
2024-09-17 13:38:11.287,401.7976181475787,1001
2024-09-17 13:38:11.291,401.7858937447124,11
2024-09-17 13:38:11.322,401.73936353356817,14
2024-09-17 13:38:11.479,401.7603699833842,998
2024-09-17 13:38:11.479,-401.8063369160747,1004
2024-09-17 13:38:11.619,401.8264489303684,95
2024-09-17 13:38:11.653,401.7461397124217,13
2024-09-17 13:38:11.654,401.74804291476136,12
2024-09-17 13:38:11.802,401.7529929605871,1003
2024-09-17 13:38:11.813,401.7635578313623,97
2024-09-17 13:38:11.819,401.8010087100031,7
2024-09-17 13:38:11.856,401.8122166313285,99
2024-09-17 13:38:11.871,401.81283125822273,95
2024-09-17 13:38:11.978,401.79601658841113,1000
2024-09-17 13:38:12.060,401.71462851722544,105
2024-09-17 13:38:12.068,401.71696466196,1004
2024-09-17 13:38:12.153,401.7380378327909,8
2024-09-17 13:38:12.345,401.735753798838,98
2024-09-17 13:38:12.351,401.727526460204,15
2024-09-17 13:38:12.355,401.7239439441837,12
2024-09-17 13:38:12.659,401.7170764957174,98
2024-09-17 13:38:12.747,401.7395183090006,15
2024-09-17 13:38:12.830,401.733742755568,995
2024-09-17 13:38:13.147,401.6919520732786,1003
2024-09-17 13:38:13.570,401.6701788484062,1000
2024-09-17 13:38:13.802,401.6990743948842,10
2024-09-17 13:38:13.832,401.6912568231691,997
2024-09-17 13:38:14.003,401.69502872882026,13
2024-09-17 13:38:14.146,401.6629803838963,9
2024-09-17 13:38:14.213,401.6617665797829,5
2024-09-17 13:38:14.290,401.6628325052632,10
2024-09-17 13:38:14.378,401.6523767055491,9
2024-09-17 13:38:14.463,401.6658605766205,100
2024-09-17 13:38:14.610,401.6775043427876,11
2024-09-17 13:38:14.710,401.6605220059068,99
2024-09-17 13:38:14.747,401.66006291675234,100
2024-09-17 13:38:14.777,401.67233268384126,15
2024-09-17 13:38:14.830,401.6554496057956,99
2024-09-17 13:38:14.878,401.6907324045546,6
2024-09-17 13:38:14.911,401.6427859533974,997
2024-09-17 13:38:14.912,401.6601563177385,6
2024-09-17 13:38:15.030,401.6623120802937,14
2024-09-17 13:38:15.047,401.6543703991749,1000
2024-09-17 13:38:15.125,401.6760686188245,13
2024-09-17 13:38:15.195,401.6198069675045,11
2024-09-17 13:38:15.251,401.65640167859607,98
2024-09-17 13:38:15.261,401.6674436205533,97
2024-09-17 13:38:15.277,401.6697691996033,997
2024-09-17 13:38:15.290,401.6081160440739,104
2024-09-17 13:38:15.335,401.6747988638173,103
2024-09-17 13:38:15.386,401.6634713435798,997
2024-09-17 13:38:15.422,401.6459678124049,97
2024-09-17 13:38:15.430,401.6768444782716,103
2024-09-17 13:38:15.439,401.6087196930632,7
2024-09-17 13:38:15.506,401.602548357462,7
2024-09-17 13:38:15.540,40.16021715656433,15
2024-09-17 13:38:15.626,401.6518158380488,14
2024-09-17 13:38:15.720,401.6664183466803,95
2024-09-17 13:38:15.780,401.6765847301122,14
2024-09-17 13:38:15.799,401.6065622883573,104
2024-09-17 13:38:15.865,401.6691789942205,95
2024-09-17 13:38:15.943,401.6735295610456,101
2024-09-17 13:38:15.953,401.6576955726806,995
2024-09-17 13:38:15.958,401.643194424841,97
2024-09-17 13:38:15.998,401.66986002980536,11
2024-09-17 13:38:16.060,401.5346550036389,11
2024-09-17 13:38:16.090,401.5495910220184,996
2024-09-17 13:38:16.151,401.5729365873356,99
2024-09-17 13:38:16.194,401.5493897934902,99
2024-09-17 13:38:16.226,401.5234462682501,10
2024-09-17 13:38:16.227,401.5003820076786,9
2024-09-17 13:38:16.377,401.5431804411022,12
2024-09-17 13:38:16.378,,996
2024-09-17 13:38:16.385,401.5628279478629,1003
2024-09-17 13:38:16.445,401.56970798689525,103
2024-09-17 13:38:16.461,401.4772847185802,96
2024-09-17 13:38:16.575,401.531593186827,99
2024-09-17 13:38:16.599,401.5360056382772,97
2024-09-17 13:38:16.618,401.53640686906186,15
2024-09-17 13:38:16.639,401.5104544657813,5
2024-09-17 13:38:16.776,401.5348731285054,995
2024-09-17 13:38:16.938,401.5467667387063,96
2024-09-17 13:38:16.966,401.49236788833446,11
2024-09-17 13:38:18.076,401.4755806776989,12
2024-09-17 13:38:18.083,401.49065466715695,1004
2024-09-17 13:38:18.194,401.4930996408426,95
2024-09-17 13:38:18.645,-401.4823997811559,95
2024-09-17 13:38:18.785,401.4804573083069,996
2024-09-17 13:38:18.829,401.4969711498321,13
2024-09-17 13:38:18.839,401.49077819118895,11
2024-09-17 13:38:18.852,401.4715355506346,102
2024-09-17 13:38:18.902,401.4820052838532,102
2024-09-17 13:38:18.905,401.50974644575126,100
2024-09-17 13:38:18.929,401.4835521997621,6
2024-09-17 13:38:18.952,401.4975952115999,7
2024-09-17 13:38:19.329,401.4824332312493,1000
2024-09-17 13:38:19.571,401.4863322720486,103
2024-09-17 13:38:19.635,401.4727666265091,1005
2024-09-17 13:38:20.160,401.4336298122287,14
2024-09-17 13:38:20.436,401.4627344139366,1003
2024-09-17 13:38:20.599,401.4420630506065,95
2024-09-17 13:38:20.699,401.4639176743883,999
2024-09-17 13:38:20.857,401.4643217543597,995
2024-09-17 13:38:20.862,401.46554393048,1001
2024-09-17 13:38:22.076,401.4036755659714,1005
2024-09-17 13:38:23.018,401.4070069014011,1004
2024-09-17 13:38:23.083,401.3940182865532,1001
2024-09-17 13:38:23.216,401.3854601834684,105
2024-09-17 13:38:23.257,401.3943668748315,97
2024-09-17 13:38:23.385,401.4022784333932,995
2024-09-17 13:38:23.435,401.4088167164044,96
2024-09-17 13:38:23.534,401.41214644492936,1005
2024-09-17 13:38:23.544,401.4123004525911,1002
2024-09-17 13:38:23.619,401.4292660403518,13
2024-09-17 13:38:23.660,401.3900510093651,1002
2024-09-17 13:38:23.724,401.4003912914446,1001
2024-09-17 13:38:23.740,401.4355931994167,1005
2024-09-17 13:38:23.756,401.4210152670641,1000
2024-09-17 13:38:23.868,401.3896538805062,101
2024-09-17 13:38:23.981,401.39814668878506,9
2024-09-17 13:38:24.367,401.46062123033306,6
2024-09-17 13:38:24.400,401.44073619819903,9
2024-09-17 13:38:24.470,401.4277522639098,102
2024-09-17 13:38:24.482,401.4706553649953,103
2024-09-17 13:38:24.500,401.4502892181093,5
2024-09-17 13:38:24.511,401.4700351527552,97
2024-09-17 13:38:24.558,401.4343508078297,8
2024-09-17 13:38:24.583,401.4592464757056,997
2024-09-17 13:38:24.604,401.4705159084932,1003
2024-09-17 13:38:24.684,401.48166911508514,999
2024-09-17 13:38:24.705,401.4581699570608,104
2024-09-17 13:38:24.724,401.4803798299537,997
2024-09-17 13:38:24.938,401.4533784585484,14
2024-09-17 13:38:25.324,401.4755755595063,95
2024-09-17 13:38:25.528,-401.48152076312806,999
2024-09-17 13:38:25.844,401.4414343081087,99
2024-09-17 13:38:25.895,401.4602605106824,997
2024-09-17 13:38:26.050,401.47215678100895,101
2024-09-17 13:38:26.057,401.4680637098652,14
2024-09-17 13:38:26.108,401.4676141961239,13
2024-09-17 13:38:26.166,401.466917692482,1001
2024-09-17 13:38:26.215,401.4565329664865,1001
2024-09-17 13:38:26.224,401.46831203259774,5
2024-09-17 13:38:26.248,401.4754001800055,1005
2024-09-17 13:38:26.396,401.46093696435366,97
2024-09-17 13:38:26.406,401.47892318954166,1003
2024-09-17 13:38:26.411,401.4577370132349,15
2024-09-17 13:38:26.506,401.4635689210344,1001
2024-09-17 13:38:26.551,401.4733238716882,104
2024-09-17 13:38:26.624,401.4652810970582,104
2024-09-17 13:38:26.634,401.4592686427332,1002
2024-09-17 13:38:26.671,401.46570813147474,1005
2024-09-17 13:38:26.691,401.4551352655658,1004
2024-09-17 13:38:26.751,401.448090457167,8
2024-09-17 13:38:26.766,401.4650991885071,103
2024-09-17 13:38:26.836,401.4564395059532,998
2024-09-17 13:38:26.912,401.4649646182941,6
2024-09-17 13:38:26.958,401.4486566967506,1001
2024-09-17 13:38:26.967,401.47306690852304,1000
2024-09-17 13:38:26.968,401.4634095303208,10
2024-09-17 13:38:26.972,401.4367786070961,97
2024-09-17 13:38:27.030,401.4482437187679,1005
2024-09-17 13:38:27.188,401.4768458269039,105
2024-09-17 13:38:27.191,401.4647586042446,6
2024-09-17 13:38:27.263,40.1497734996691,101
2024-09-17 13:38:27.284,401.4886177729352,101
2024-09-17 13:38:27.350,401.4532222377296,9
2024-09-17 13:38:27.401,401.46843583235705,11
2024-09-17 13:38:27.490,401.4653498337903,999
2024-09-17 13:38:27.839,401.4469286419552,996
2024-09-17 13:38:27.902,401.4922054966805,101
2024-09-17 13:38:27.904,401.4905897395101,1005
2024-09-17 13:38:27.923,,97
2024-09-17 13:38:27.960,401.4681534890896,1004
2024-09-17 13:38:28.042,401.4436470625753,8
2024-09-17 13:38:28.185,401.44809856944,100
2024-09-17 13:38:28.187,401.4459154761808,996
2024-09-17 13:38:28.244,401.44410678377386,996
2024-09-17 13:38:28.260,401.44021079054176,104
2024-09-17 13:38:28.261,401.4656223330058,101
2024-09-17 13:38:28.327,401.4435553458236,1001
2024-09-17 13:38:28.383,401.4373692791447,7
2024-09-17 13:38:28.457,401.4379642022295,1004
2024-09-17 13:38:28.494,401.4405465871272,13
2024-09-17 13:38:28.669,401.43908511005634,99
2024-09-17 13:38:28.827,401.4458807100671,996
2024-09-17 13:38:28.829,401.42292838228144,98
2024-09-17 13:38:28.888,401.4589168508678,104
2024-09-17 13:38:28.912,401.43132986431175,6
2024-09-17 13:38:28.921,401.4495488582738,1000
2024-09-17 13:38:29.081,401.44308488131,997
2024-09-17 13:38:29.130,401.4230726827286,6
2024-09-17 13:38:29.251,401.4435487781676,96
2024-09-17 13:38:29.297,401.4550622928719,12
2024-09-17 13:38:29.316,401.4581463122559,102
2024-09-17 13:38:29.407,401.450273706633,1001
2024-09-17 13:38:29.557,401.4406197502096,1001
2024-09-17 13:38:29.802,401.4421975584509,996
2024-09-17 13:38:29.855,401.4444629614408,15
2024-09-17 13:38:29.964,401.4642506867257,1005
2024-09-17 13:38:29.971,401.4369400723431,995
2024-09-17 13:38:30.007,401.462478673748,96
2024-09-17 13:38:30.017,401.4642911899766,1004
2024-09-17 13:38:30.100,401.45738634570336,95
2024-09-17 13:38:30.110,401.4448390835226,98
2024-09-17 13:38:30.176,401.4668826651792,7
2024-09-17 13:38:30.235,401.46528938451854,15
2024-09-17 13:38:30.329,401.4455227307029,8
2024-09-17 13:38:30.349,401.4399961844994,8
2024-09-17 13:38:30.519,401.49282680291367,12
2024-09-17 13:38:30.541,401.4866360177135,7
2024-09-17 13:38:30.568,401.4711678498289,5
2024-09-17 13:38:30.610,401.45382271593553,996
2024-09-17 13:38:30.613,401.4367838217725,102
2024-09-17 13:38:30.629,-401.4667310498917,11
2024-09-17 13:38:30.720,401.4941289425521,95
2024-09-17 13:38:30.743,401.4287087994248,1002
2024-09-17 13:38:30.776,401.46779512017326,102
2024-09-17 13:38:30.867,401.4709808735387,103
2024-09-17 13:38:30.888,401.46992171870414,995
2024-09-17 13:38:31.045,401.53307980660816,8
2024-09-17 13:38:31.139,401.5284655631838,1003
2024-09-17 13:38:31.202,401.5295233217728,6
2024-09-17 13:38:31.212,401.49977152601423,96
2024-09-17 13:38:31.261,401.5338369517443,997
2024-09-17 13:38:31.399,401.5194611285253,97
2024-09-17 13:38:31.697,401.49739844012913,999
2024-09-17 13:38:31.718,401.4942490633974,999
2024-09-17 13:38:31.807,401.52513887613,104
2024-09-17 13:38:31.960,,102
2024-09-17 13:38:31.996,401.5287498208541,997
2024-09-17 13:38:32.049,401.5650689181224,99
2024-09-17 13:38:32.069,401.5056558141441,996
2024-09-17 13:38:32.111,401.51877546650974,8
2024-09-17 13:38:32.164,401.52962387493983,100
2024-09-17 13:38:32.226,401.5238851456703,14
2024-09-17 13:38:32.252,401.49279735825047,15
2024-09-17 13:38:32.260,401.5207872760591,1000
2024-09-17 13:38:32.279,401.5308742734586,100
2024-09-17 13:38:32.352,401.5164808659256,99
2024-09-17 13:38:32.357,401.50617961342726,102
2024-09-17 13:38:32.365,401.5033465646484,995
2024-09-17 13:38:32.392,401.5081084012072,998
2024-09-17 13:38:32.450,401.5118043920182,999
2024-09-17 13:38:32.490,401.574840260164,1003
2024-09-17 13:38:32.513,401.5285170985042,95
2024-09-17 13:38:32.552,401.5070154993603,999
2024-09-17 13:38:32.566,401.522414894436,105
2024-09-17 13:38:32.608,401.5300858266127,97
2024-09-17 13:38:32.621,401.4977720624783,101
2024-09-17 13:38:32.634,401.5489108244232,998
2024-09-17 13:38:32.718,401.5095984165204,1000
2024-09-17 13:38:32.740,401.5031043575051,998
2024-09-17 13:38:32.820,401.53687117885903,98
2024-09-17 13:38:32.852,401.5333566149841,12
2024-09-17 13:38:32.865,401.5394246545817,7
2024-09-17 13:38:32.888,401.51420335602353,6
2024-09-17 13:38:32.932,401.526257283281,11
2024-09-17 13:38:32.963,401.5226548368253,1003
2024-09-17 13:38:32.988,401.5177682413827,9
2024-09-17 13:38:33.127,401.5674034567745,1005
2024-09-17 13:38:33.751,401.5638362631237,102
2024-09-17 13:38:34.012,401.54446143915976,101
2024-09-17 13:38:34.037,401.58408409757214,999
2024-09-17 13:38:34.091,401.5454769184109,997
2024-09-17 13:38:34.144,401.5803010940288,105
2024-09-17 13:38:34.255,401.5356910190343,101
2024-09-17 13:38:34.307,401.51699119053785,9
2024-09-17 13:38:34.317,401.57379737996274,11
2024-09-17 13:38:34.319,401.5344123160128,996
2024-09-17 13:38:34.319,401.5398705652776,14
2024-09-17 13:38:34.328,401.5432141144289,10
2024-09-17 13:38:34.346,401.57919837864887,12
2024-09-17 13:38:34.359,401.5375931960232,1001
2024-09-17 13:38:34.365,401.5674948920658,7
2024-09-17 13:38:34.395,401.5054532209229,102
2024-09-17 13:38:34.467,401.5897568412333,1005
2024-09-17 13:38:34.478,401.5409852005097,95
2024-09-17 13:38:34.586,401.5757191112313,999
2024-09-17 13:38:34.591,401.5380835058604,5
2024-09-17 13:38:34.695,401.5303193281876,10
2024-09-17 13:38:34.714,401.5530498426753,1002
2024-09-17 13:38:34.757,401.5327883872478,1004
2024-09-17 13:38:34.761,401.5841181266844,102
2024-09-17 13:38:34.820,401.5316229955096,1005
2024-09-17 13:38:34.821,401.57466260630457,100
2024-09-17 13:38:34.831,401.505031018334,1001
2024-09-17 13:38:34.865,,9
2024-09-17 13:38:34.884,401.59032124421526,998
2024-09-17 13:38:34.923,401.5645426358977,1000
2024-09-17 13:38:34.963,401.5015424197584,7
2024-09-17 13:38:35.053,401.5949469496007,11
2024-09-17 13:38:35.065,401.5845313823549,6
2024-09-17 13:38:35.089,401.5595915208004,6
2024-09-17 13:38:35.242,401.5665636464803,1002
2024-09-17 13:38:35.281,401.5926826463125,105
2024-09-17 13:38:35.313,401.5740193302802,8
2024-09-17 13:38:35.353,401.5873873907197,9
2024-09-17 13:38:35.363,401.5495727983117,7
2024-09-17 13:38:35.401,401.54579574671504,1000
2024-09-17 13:38:35.443,401.5449106652837,995
2024-09-17 13:38:35.463,401.57299778570246,13
2024-09-17 13:38:35.472,401.55965250691565,99
2024-09-17 13:38:35.476,401.5819773571344,998
2024-09-17 13:38:35.581,401.5505594303544,1000
2024-09-17 13:38:35.591,401.5568472218903,10
2024-09-17 13:38:35.617,401.5657406070432,1005
2024-09-17 13:38:35.682,401.5585455867124,998
2024-09-17 13:38:35.708,401.5937262136186,998
2024-09-17 13:38:35.872,401.5571359702531,1004
2024-09-17 13:38:35.911,401.55725732694265,996
2024-09-17 13:38:36.016,401.593877115245,1005
2024-09-17 13:38:36.025,401.5722309214412,11
2024-09-17 13:38:36.087,401.60927383015405,9
2024-09-17 13:38:36.199,401.57370507456335,1000
2024-09-17 13:38:36.211,401.6324156977348,1000
2024-09-17 13:38:36.380,401.6170418430403,1002
2024-09-17 13:38:36.440,401.6024540224864,102
2024-09-17 13:38:36.456,401.6354318750267,1001
2024-09-17 13:38:36.462,401.6098537568648,8
2024-09-17 13:38:36.482,401.6223430665208,11
2024-09-17 13:38:36.493,401.58178162906097,97
2024-09-17 13:38:36.626,401.61901679700753,7
2024-09-17 13:38:36.644,401.5663372510505,96
2024-09-17 13:38:36.658,401.5729442667701,995
2024-09-17 13:38:36.675,401.63929153522673,7
2024-09-17 13:38:36.743,401.618776727777,103
2024-09-17 13:38:36.755,401.5523328724232,5
2024-09-17 13:38:36.855,401.57497759842846,997
2024-09-17 13:38:36.949,401.57183856417583,98
2024-09-17 13:38:36.999,401.58347069084806,996
2024-09-17 13:38:37.065,401.514028181413,9
2024-09-17 13:38:37.094,401.49743275699865,1005
2024-09-17 13:38:37.103,401.48389036146506,5
2024-09-17 13:38:37.126,401.5289208520143,8
2024-09-17 13:38:37.143,401.4975794900039,105
2024-09-17 13:38:37.146,401.51969513679626,9
2024-09-17 13:38:37.207,401.5511110020389,105
2024-09-17 13:38:37.213,401.4644987568437,1000
2024-09-17 13:38:37.264,401.5601223076083,105
2024-09-17 13:38:37.265,401.5235195700972,105
2024-09-17 13:38:37.314,401.5390123917997,97
2024-09-17 13:38:37.319,401.55091423398113,1000
2024-09-17 13:38:37.381,401.5523243818739,999
2024-09-17 13:38:37.382,401.45853518541713,11
2024-09-17 13:38:37.524,401.4904888675123,101
2024-09-17 13:38:37.550,401.5464201116323,996
2024-09-17 13:38:37.659,401.51674313138426,1004
2024-09-17 13:38:37.741,401.5229542691323,12
2024-09-17 13:38:37.749,401.5466349662775,996
2024-09-17 13:38:37.767,-401.524569691864,98
2024-09-17 13:38:37.833,401.4774965847477,104
2024-09-17 13:38:37.846,401.5341390301928,1002
2024-09-17 13:38:37.888,401.55318667280727,98
2024-09-17 13:38:37.889,401.4489286425351,10
2024-09-17 13:38:37.910,401.4746420197868,6
2024-09-17 13:38:38.495,401.4314859519243,1001
2024-09-17 13:38:39.050,401.476456562022,13
2024-09-17 13:38:39.187,401.4275379646432,9
2024-09-17 13:38:39.237,401.4552539296994,5
2024-09-17 13:38:39.266,401.42951501562,13
2024-09-17 13:38:39.286,401.4759238917794,5
2024-09-17 13:38:39.322,401.4881666803155,8
2024-09-17 13:38:39.361,40.151382652279096,1001
2024-09-17 13:38:39.362,401.4889615195015,14
2024-09-17 13:38:39.399,401.4665409000905,5
2024-09-17 13:38:39.534,401.5189639088544,1001
2024-09-17 13:38:39.565,401.43868634139926,7
2024-09-17 13:38:39.577,401.4684654146354,1004
2024-09-17 13:38:39.675,401.44550182089455,95
2024-09-17 13:38:39.704,401.4826331677111,13
2024-09-17 13:38:39.713,401.48296748994426,105
2024-09-17 13:38:39.730,401.4542342858888,5
2024-09-17 13:38:39.738,401.4345984198872,10
2024-09-17 13:38:39.756,401.45798312380094,7
2024-09-17 13:38:39.765,401.4988611160994,997
2024-09-17 13:38:39.789,401.4443706244956,998
2024-09-17 13:38:40.039,401.5207506664666,998
2024-09-17 13:38:40.056,401.465501032444,96
2024-09-17 13:38:40.173,401.4875066666676,1001
2024-09-17 13:38:40.178,401.4798801514473,99
2024-09-17 13:38:40.186,401.5319564231089,1003
2024-09-17 13:38:40.203,401.51574592470496,1004
2024-09-17 13:38:40.257,401.5409612730412,1005
2024-09-17 13:38:40.281,401.4790857584383,12
2024-09-17 13:38:40.301,401.4966827196469,97
2024-09-17 13:38:40.336,401.48351068964354,996
2024-09-17 13:38:40.440,401.4741546160298,999
2024-09-17 13:38:40.512,401.4945895565507,996
2024-09-17 13:38:40.515,401.48715138169626,10
2024-09-17 13:38:40.522,401.507277945136,995
2024-09-17 13:38:40.601,401.4663060822871,13
2024-09-17 13:38:40.716,401.4774420060489,97
2024-09-17 13:38:40.794,401.5316904255511,105
2024-09-17 13:38:40.870,401.4962445999436,996
2024-09-17 13:38:40.894,401.47262070277617,95
2024-09-17 13:38:40.898,401.5406071444346,12
2024-09-17 13:38:40.930,401.5304883755842,103
2024-09-17 13:38:40.955,401.518129629869,12
2024-09-17 13:38:40.970,401.4922740447808,105
2024-09-17 13:38:41.062,401.4626558470948,1001
2024-09-17 13:38:41.136,401.4730697789366,100
2024-09-17 13:38:41.143,401.4543441047397,995
2024-09-17 13:38:41.186,401.4542947414824,14
2024-09-17 13:38:41.197,401.454689023496,96
2024-09-17 13:38:41.199,401.4428699322701,104
2024-09-17 13:38:41.230,401.45154787358456,97
2024-09-17 13:38:41.395,401.4559094902759,1000
2024-09-17 13:38:41.431,401.4530975408746,1000
2024-09-17 13:38:41.537,401.4386908206395,997
2024-09-17 13:38:41.600,401.5069515345727,1003
2024-09-17 13:38:41.607,401.4574215827857,14
2024-09-17 13:38:41.611,401.4724192515845,1004
2024-09-17 13:38:41.677,401.4385738214603,1004
2024-09-17 13:38:41.718,401.4925919255339,96
2024-09-17 13:38:41.770,401.4495720181623,97
2024-09-17 13:38:41.855,401.4480575928965,998
2024-09-17 13:38:41.859,401.4707061855147,14
2024-09-17 13:38:42.049,401.4771256028503,1005
2024-09-17 13:38:42.128,401.49597985356576,98
2024-09-17 13:38:42.132,401.45485947323726,999
2024-09-17 13:38:42.212,401.49368689957424,997
2024-09-17 13:38:42.271,401.50505213831,8
2024-09-17 13:38:42.359,401.4874843685352,995
2024-09-17 13:38:42.616,401.5006679949787,15
2024-09-17 13:38:42.643,401.4717025597735,14
2024-09-17 13:38:42.652,401.5158015155656,103
2024-09-17 13:38:42.754,401.4734077126536,998
2024-09-17 13:38:42.847,,10
2024-09-17 13:38:42.877,401.4863404074429,1002
2024-09-17 13:38:42.884,401.4995458477413,100
2024-09-17 13:38:42.963,401.4675076515413,105
2024-09-17 13:38:43.125,401.47900476595714,101
2024-09-17 13:38:43.244,401.4925001905699,1002
2024-09-17 13:38:43.253,401.5464419645781,6
2024-09-17 13:38:43.547,401.5189100687898,12
2024-09-17 13:38:43.570,401.4911591787475,97
2024-09-17 13:38:43.582,401.4783845049019,95
2024-09-17 13:38:43.804,401.50882594263135,12
2024-09-17 13:38:43.933,401.48734985518695,15
2024-09-17 13:38:43.941,401.4940634539493,13
2024-09-17 13:38:43.968,401.5006429090781,10
2024-09-17 13:38:44.019,401.55982183372834,1005
2024-09-17 13:38:44.035,401.53687937735606,13
2024-09-17 13:38:44.128,401.5529004559402,995
2024-09-17 13:38:44.157,401.5509133326252,100
2024-09-17 13:38:44.341,401.54184025560016,5
2024-09-17 13:38:44.625,401.5526400255235,101
2024-09-17 13:38:44.679,401.5364935881757,1005
2024-09-17 13:38:44.683,401.54637483570366,99
2024-09-17 13:38:44.786,401.5420282479879,5
2024-09-17 13:38:45.015,,103
2024-09-17 13:38:45.023,401.5922608883534,1005
2024-09-17 13:38:45.080,401.5550443006758,98
2024-09-17 13:38:45.081,401.606798367236,5
2024-09-17 13:38:45.089,401.60138976575473,98
2024-09-17 13:38:45.095,401.6247046827162,14
2024-09-17 13:38:45.106,401.61097334979183,96
2024-09-17 13:38:45.121,401.59975024962944,999
2024-09-17 13:38:45.255,401.5594017298583,101
2024-09-17 13:38:45.289,401.5731706429529,1001
2024-09-17 13:38:45.327,401.6145487116362,98
2024-09-17 13:38:45.430,401.6066839663652,6
2024-09-17 13:38:45.605,401.6025294897884,99
2024-09-17 13:38:45.619,401.5934078580877,999
2024-09-17 13:38:45.694,401.5874727904246,1003
2024-09-17 13:38:45.950,401.61093156193465,998
2024-09-17 13:38:45.981,401.5840816509664,5
2024-09-17 13:38:46.024,401.5264143533423,996
2024-09-17 13:38:46.136,401.5109270007436,104
2024-09-17 13:38:46.201,401.4904006635806,97
2024-09-17 13:38:46.229,401.53079671408346,999
2024-09-17 13:38:46.230,401.5291121000111,999
2024-09-17 13:38:46.331,401.5988428625583,12
2024-09-17 13:38:46.348,401.49788793759984,95
2024-09-17 13:38:46.413,401.50002315195866,96
2024-09-17 13:38:46.486,401.536212301786,13
2024-09-17 13:38:46.538,401.50524499678176,96
2024-09-17 13:38:46.549,401.53128558250233,998
2024-09-17 13:38:46.625,401.5066267843415,6
2024-09-17 13:38:46.647,401.5581103612928,10
2024-09-17 13:38:46.650,401.51628856039326,99
2024-09-17 13:38:46.653,401.541079869268,8
2024-09-17 13:38:46.693,401.5078206289125,1004
2024-09-17 13:38:46.722,401.5890268303213,12
2024-09-17 13:38:46.793,401.5504603453003,98
2024-09-17 13:38:46.878,401.4907985589807,96
2024-09-17 13:38:46.924,401.5035650936756,104
2024-09-17 13:38:46.987,401.4815277218104,102
2024-09-17 13:38:46.996,401.5484093156649,100
2024-09-17 13:38:47.031,401.4437628735625,95
2024-09-17 13:38:47.101,401.470985692222,100
2024-09-17 13:38:47.202,401.4504897998424,7
2024-09-17 13:38:47.264,401.46216064092073,100
2024-09-17 13:38:47.315,401.46472973228174,996
2024-09-17 13:38:47.328,401.4579226424362,15
2024-09-17 13:38:47.344,401.45967184043553,101
2024-09-17 13:38:47.382,401.4290634568304,97
2024-09-17 13:38:47.391,401.4647528031695,8
2024-09-17 13:38:47.441,401.4575416339211,10
2024-09-17 13:38:47.443,401.47939408749465,1001
2024-09-17 13:38:47.509,401.4405717399492,99
2024-09-17 13:38:47.521,401.4547813162105,6
2024-09-17 13:38:47.535,401.4529061997943,997
2024-09-17 13:38:47.545,401.4729185079802,105
2024-09-17 13:38:47.595,401.47014349932175,10
2024-09-17 13:38:47.631,401.4604480711635,102
2024-09-17 13:38:47.643,401.4844574626321,14
2024-09-17 13:38:47.651,401.46938072237697,6
2024-09-17 13:38:47.666,401.4782623938548,95
2024-09-17 13:38:47.684,401.4713586797463,97
2024-09-17 13:38:47.726,401.46275697372056,1003
2024-09-17 13:38:47.733,401.4797580331949,97
2024-09-17 13:38:47.760,401.4601507518847,1005
2024-09-17 13:38:47.808,401.4562244088632,996
2024-09-17 13:38:47.894,401.445972305776,9
2024-09-17 13:38:47.927,401.469911643926,14
2024-09-17 13:38:47.949,401.4455470013265,11
2024-09-17 13:38:47.960,401.49282602759513,1003
2024-09-17 13:38:47.984,401.4845150154293,104
2024-09-17 13:38:48.156,401.4100608335685,1000
2024-09-17 13:38:48.160,401.3953653421021,1003
2024-09-17 13:38:48.193,401.4215328060289,995
2024-09-17 13:38:48.305,401.3965946488632,101
2024-09-17 13:38:48.335,401.4153704202015,96
2024-09-17 13:38:48.346,401.42887923911576,999
2024-09-17 13:38:48.372,401.4248088704709,998
2024-09-17 13:38:48.387,401.3816536470021,6
2024-09-17 13:38:48.414,401.3943816412132,15
2024-09-17 13:38:48.495,401.448636610979,1005
2024-09-17 13:38:48.501,401.3931999447885,8
2024-09-17 13:38:48.506,401.4217433297199,996
2024-09-17 13:38:48.657,401.4216400015898,103
2024-09-17 13:38:48.708,401.4515418845678,9
2024-09-17 13:38:48.738,401.4360050745593,100
2024-09-17 13:38:48.761,401.4260910946062,6
2024-09-17 13:38:48.875,401.3869345936795,1002
2024-09-17 13:38:48.896,401.4614563621097,1002
2024-09-17 13:38:48.914,401.3943930241914,102
2024-09-17 13:38:48.935,401.3948997819981,1000
2024-09-17 13:38:48.952,401.46209145914975,97
2024-09-17 13:38:49.028,401.39524532726017,5
2024-09-17 13:38:49.054,401.3927458719131,99
2024-09-17 13:38:49.168,401.3774671759593,105
2024-09-17 13:38:49.185,401.3965576711343,11
2024-09-17 13:38:49.232,401.3969320292182,15
2024-09-17 13:38:49.294,401.39442928611294,1000
2024-09-17 13:38:49.332,401.4138127857168,99
2024-09-17 13:38:49.349,401.3824102449826,995
2024-09-17 13:38:49.352,401.3742064062477,5
2024-09-17 13:38:49.368,401.374114630285,103
2024-09-17 13:38:49.372,401.4303898773688,96
2024-09-17 13:38:49.416,401.39048844154775,1003
2024-09-17 13:38:49.569,401.38182366168576,5
2024-09-17 13:38:49.608,401.3948734895773,10
2024-09-17 13:38:49.659,401.38596950331976,14
2024-09-17 13:38:49.661,401.4119288659366,6
2024-09-17 13:38:49.666,401.3933020094351,98
2024-09-17 13:38:49.732,401.3868015056613,999
2024-09-17 13:38:49.790,401.3950207386622,96
2024-09-17 13:38:49.796,401.3899473921571,101
2024-09-17 13:38:49.870,401.3967191777246,98
2024-09-17 13:38:49.973,401.3952913345423,1000
2024-09-17 13:38:50.008,401.3791462789816,1000
2024-09-17 13:38:50.014,401.3692982172981,1005
2024-09-17 13:38:50.017,401.4059706900617,1004
2024-09-17 13:38:50.077,401.39215900988825,998
2024-09-17 13:38:50.095,401.3384305833696,95
2024-09-17 13:38:50.143,401.3662991725406,1004
2024-09-17 13:38:50.165,401.3727645021617,99
2024-09-17 13:38:50.173,401.3821046842125,6
2024-09-17 13:38:50.182,401.3478399602716,5
2024-09-17 13:38:50.182,401.36336230687306,104
2024-09-17 13:38:50.254,401.3853346492298,101
2024-09-17 13:38:50.379,401.3382620843551,103
2024-09-17 13:38:50.403,401.3723608693591,1005
2024-09-17 13:38:50.442,401.3869673046759,996
2024-09-17 13:38:50.442,401.3912875707538,5
2024-09-17 13:38:50.475,401.3831609908572,1001
2024-09-17 13:38:50.531,401.37860869330746,5
2024-09-17 13:38:50.550,401.3812028968157,1005
2024-09-17 13:38:50.561,401.350446098484,103
2024-09-17 13:38:50.610,401.3918823276239,99
2024-09-17 13:38:50.672,401.3548784668105,1000
2024-09-17 13:38:50.856,401.40295055351214,96
2024-09-17 13:38:51.010,401.2822650583711,103
2024-09-17 13:38:51.010,401.27972506561895,15
2024-09-17 13:38:51.015,401.30120199219033,96
2024-09-17 13:38:51.018,401.3113728382333,104
2024-09-17 13:38:51.044,401.3459201899322,10
2024-09-17 13:38:51.051,401.3069491632386,7
2024-09-17 13:38:51.249,,995
2024-09-17 13:38:51.285,401.3088804613528,5
2024-09-17 13:38:51.301,401.3185268189952,9
2024-09-17 13:38:51.336,401.2866947559004,11
2024-09-17 13:38:51.357,401.2943306047786,13
2024-09-17 13:38:51.367,401.3204430943128,100
2024-09-17 13:38:51.412,401.2909509362495,95
2024-09-17 13:38:51.480,401.2934617396696,98
2024-09-17 13:38:51.487,401.3198520506386,6
2024-09-17 13:38:51.494,401.3277251764296,105
2024-09-17 13:38:51.514,401.3180036871239,9
2024-09-17 13:38:51.542,401.3086150775091,12
2024-09-17 13:38:51.551,401.29738287059234,1000
2024-09-17 13:38:51.778,401.3201913082194,995
2024-09-17 13:38:51.823,401.2801423105951,105
2024-09-17 13:38:51.882,401.3092082884694,97
2024-09-17 13:38:51.896,401.3034999055826,10
2024-09-17 13:38:51.951,401.3128952163897,10
2024-09-17 13:38:51.996,401.2923855370955,1001
2024-09-17 13:38:52.007,401.2989302452557,1001
2024-09-17 13:38:52.008,401.3075771070611,15
2024-09-17 13:38:52.021,401.2721174100402,997
2024-09-17 13:38:52.135,401.2648746303785,98
2024-09-17 13:38:52.218,401.2904292347804,104
2024-09-17 13:38:52.294,401.2784878498119,98
2024-09-17 13:38:52.321,401.274219001032,12
2024-09-17 13:38:52.398,401.2914495294256,103
2024-09-17 13:38:52.480,401.2627884324597,101
2024-09-17 13:38:52.480,401.2866336871728,1004
2024-09-17 13:38:52.570,401.2719075813992,103
2024-09-17 13:38:52.598,401.2611630628855,1005
2024-09-17 13:38:52.637,401.26603755965226,1000
2024-09-17 13:38:52.639,401.273998073469,100
2024-09-17 13:38:52.718,401.2921159286232,1003
2024-09-17 13:38:52.800,401.2819860437518,999
2024-09-17 13:38:52.841,401.2935744740986,104
2024-09-17 13:38:52.882,401.2700609091039,997
2024-09-17 13:38:52.891,401.2796382338882,9
2024-09-17 13:38:52.930,401.3008329239709,15
2024-09-17 13:38:53.437,,99
2024-09-17 13:38:54.067,401.286670338932,104
2024-09-17 13:38:54.182,401.3052252544493,11
2024-09-17 13:38:54.533,401.2990038384457,100
2024-09-17 13:38:54.692,40.12952316593965,9
2024-09-17 13:38:54.722,401.3047979976793,100
2024-09-17 13:38:54.818,401.2940750055132,99
2024-09-17 13:38:55.025,401.315014764289,10
2024-09-17 13:38:55.076,401.3406245631006,102
2024-09-17 13:38:55.105,401.359387612522,105
2024-09-17 13:38:55.235,401.3161618158121,7
2024-09-17 13:38:55.441,401.34642127351935,8
2024-09-17 13:38:55.802,401.3438554647876,6
2024-09-17 13:38:56.005,401.3089928764418,1001
2024-09-17 13:38:56.043,401.32253403453086,105
2024-09-17 13:38:56.132,40.1293130535718,11
2024-09-17 13:38:56.168,401.3073827983281,99
2024-09-17 13:38:56.220,401.3304082694746,8
2024-09-17 13:38:56.229,401.2874442129204,97
2024-09-17 13:38:56.277,401.3081452016041,999
2024-09-17 13:38:56.298,401.3089383377116,998
2024-09-17 13:38:56.338,401.3098289362115,7
2024-09-17 13:38:56.534,401.31520772643626,15
2024-09-17 13:38:56.542,401.3081103744617,996
2024-09-17 13:38:56.554,401.3025426751325,9
2024-09-17 13:38:56.587,401.3007727980262,7
2024-09-17 13:38:56.624,401.31603253441216,13
2024-09-17 13:38:56.624,401.3243634313464,996
2024-09-17 13:38:56.637,401.29079588106913,5
2024-09-17 13:38:56.708,401.3175173051277,105
2024-09-17 13:38:56.766,401.304592030845,996
2024-09-17 13:38:56.838,401.29051491066,9
2024-09-17 13:38:56.862,401.3126382276061,995
2024-09-17 13:38:56.880,401.30203294743217,997
2024-09-17 13:38:56.905,401.2960036790158,103
2024-09-17 13:38:56.905,401.2966642542472,1000
2024-09-17 13:38:57.273,401.2776044770183,96
2024-09-17 13:38:57.495,401.2872432883049,6
2024-09-17 13:38:57.506,401.27917297665056,101
2024-09-17 13:38:57.760,401.2963337258984,95
2024-09-17 13:38:57.762,401.2916380947082,96
2024-09-17 13:38:57.911,401.2981718629324,99
2024-09-17 13:38:58.069,401.298390613658,98
2024-09-17 13:38:58.102,401.30944676548745,998
2024-09-17 13:38:58.105,401.28731924538215,12
2024-09-17 13:38:58.113,401.29930986467406,997
2024-09-17 13:38:58.212,401.2895030915304,11
2024-09-17 13:38:58.223,401.3018033868617,9
2024-09-17 13:38:58.290,401.2950475569466,6
2024-09-17 13:38:58.306,401.2879700801475,5
2024-09-17 13:38:58.321,401.3042438937428,6
2024-09-17 13:38:58.382,401.3056166501627,100
2024-09-17 13:38:58.403,401.2813609973652,1002
2024-09-17 13:38:58.405,401.29376190542143,98
2024-09-17 13:38:58.407,401.29972982324193,1002
2024-09-17 13:38:58.491,401.3068479570195,96
2024-09-17 13:38:58.519,401.2855148450503,12
2024-09-17 13:38:58.551,401.30843961511295,1005
2024-09-17 13:38:58.566,401.2827626394581,98
2024-09-17 13:38:58.617,401.279630747721,1000
2024-09-17 13:38:58.665,401.2942725991921,5
2024-09-17 13:38:58.696,401.3270275817604,102
2024-09-17 13:38:58.699,401.308401527194,102
2024-09-17 13:38:58.794,401.2842353701751,995
2024-09-17 13:38:58.882,401.2892663757563,104
2024-09-17 13:38:58.915,401.2958130539358,5
2024-09-17 13:38:58.962,401.2800844006263,1004
2024-09-17 13:38:59.027,401.3409187702642,104
2024-09-17 13:38:59.031,401.3225899754479,13
2024-09-17 13:38:59.171,401.34512343054473,103
2024-09-17 13:38:59.174,401.3172129802257,97
2024-09-17 13:38:59.246,401.3694668839267,1004
2024-09-17 13:38:59.249,401.3440422775548,5
2024-09-17 13:38:59.252,401.3800269624083,14
2024-09-17 13:38:59.270,401.38137987146456,5
2024-09-17 13:38:59.328,401.3326277297664,6
2024-09-17 13:38:59.352,401.3883730823597,103
2024-09-17 13:38:59.357,401.3579520342616,998
2024-09-17 13:38:59.411,401.378349074745,997
2024-09-17 13:38:59.462,401.3585416274611,1000
2024-09-17 13:38:59.481,401.4024013102002,104
2024-09-17 13:38:59.539,401.36368119466266,1003
2024-09-17 13:38:59.622,401.35790072374175,105
2024-09-17 13:38:59.672,401.36094340178784,9
2024-09-17 13:38:59.689,401.4016019622271,105
2024-09-17 13:38:59.811,401.36446507803953,1000
2024-09-17 13:38:59.815,401.3535830759464,10
2024-09-17 13:38:59.888,401.3664536143125,100
2024-09-17 13:38:59.923,401.3982262017595,98
