Timestamp,Price,Size
2024-09-19 15:06:00.126,420.21350865519247,998
2024-09-19 15:06:00.236,420.1839398897948,1005
2024-09-19 15:06:00.309,420.165353793194,1005
2024-09-19 15:06:00.412,42.0137966341017,997
2024-09-19 15:06:00.431,420.1722059551428,13
2024-09-19 15:06:00.469,419.07460791935966,1002
2024-09-19 15:06:00.477,420.15326825290646,1004
2024-09-19 15:06:00.563,420.1547098198196,999
2024-09-19 15:06:00.604,-420.1690480004292,996
2024-09-19 15:06:00.649,420.1455633344487,998
2024-09-19 15:06:00.698,420.2274684675042,97
2024-09-19 15:06:00.832,420.1434333459125,100
2024-09-19 15:06:00.889,420.1894745559039,1000
2024-09-19 15:06:00.901,420.2212107319792,1005
2024-09-19 15:06:00.932,420.2152233988825,10
2024-09-19 15:06:00.941,420.1717278475981,998
2024-09-19 15:06:00.988,420.2332852223863,14
2024-09-19 15:06:01.018,420.1663250879067,999
2024-09-19 15:06:01.058,420.1882933959153,6
2024-09-19 15:06:01.130,-420.1937539584578,13
2024-09-19 15:06:01.255,420.139166691301,996
2024-09-19 15:06:01.275,420.1609249969043,101
2024-09-19 15:06:01.277,420.1955671624144,96
2024-09-19 15:06:01.279,420.18937321185,1002
2024-09-19 15:06:01.373,420.1732531652716,104
2024-09-19 15:06:01.460,420.17359446351634,6
2024-09-19 15:06:01.471,420.1976613379889,105
2024-09-19 15:06:01.517,420.2005697616409,101
2024-09-19 15:06:01.526,420.120593594716,6
2024-09-19 15:06:01.599,420.208657446367,99
2024-09-19 15:06:01.654,420.2159955932423,996
2024-09-19 15:06:01.659,420.203560875296,105
2024-09-19 15:06:01.727,420.158321437097,101
2024-09-19 15:06:01.733,420.1935819377502,6
2024-09-19 15:06:01.782,420.180337613983,99
2024-09-19 15:06:01.857,420.15475015752,99
2024-09-19 15:06:01.861,420.1624261412188,14
2024-09-19 15:06:01.870,420.15049128960015,11
2024-09-19 15:06:01.921,420.1434398718811,95
2024-09-19 15:06:02.039,420.1340576741866,1003
2024-09-19 15:06:02.059,420.101995908169,105
2024-09-19 15:06:02.127,420.0974594478959,12
2024-09-19 15:06:02.130,420.0919156476352,8
2024-09-19 15:06:02.215,420.0894150425239,97
2024-09-19 15:06:02.311,420.0980295611445,6
2024-09-19 15:06:02.325,420.08583776942015,1001
2024-09-19 15:06:02.328,420.1432142188784,1004
2024-09-19 15:06:02.336,420.1014830612482,8
2024-09-19 15:06:02.391,420.1277524301583,1004
2024-09-19 15:06:02.393,420.1519767207319,10
2024-09-19 15:06:02.515,420.10885602718247,105
2024-09-19 15:06:02.545,420.09689911490415,1001
2024-09-19 15:06:02.549,420.1286789149993,11
2024-09-19 15:06:02.625,420.1183154334512,995
2024-09-19 15:06:02.687,420.114596039624,1004
2024-09-19 15:06:02.708,420.1107771531404,997
2024-09-19 15:06:02.727,420.0961707627652,95
2024-09-19 15:06:02.737,420.10451097618295,100
2024-09-19 15:06:02.739,420.1128873880687,105
2024-09-19 15:06:02.758,420.11431592918393,12
2024-09-19 15:06:02.802,420.0943322911489,104
2024-09-19 15:06:02.807,420.11947464677314,105
2024-09-19 15:06:02.823,420.0943668274802,14
2024-09-19 15:06:02.901,420.1503840001592,97
2024-09-19 15:06:02.927,420.1491032749738,100
2024-09-19 15:06:02.947,420.0982371962484,102
2024-09-19 15:06:02.949,420.12582020371127,1003
2024-09-19 15:06:02.973,420.09325198441167,13
2024-09-19 15:06:03.102,420.1601895721393,96
2024-09-19 15:06:03.182,420.1574023678278,8
2024-09-19 15:06:03.192,420.1719521021892,102
2024-09-19 15:06:03.250,420.1617233291775,9
2024-09-19 15:06:03.305,420.14138677918737,14
2024-09-19 15:06:03.333,420.1524333629712,1001
2024-09-19 15:06:03.342,420.1553049984671,15
2024-09-19 15:06:03.401,420.162022058945,14
2024-09-19 15:06:03.439,420.1495416188673,1001
2024-09-19 15:06:03.528,420.1679042076867,1004
2024-09-19 15:06:03.622,420.1790994917394,1004
2024-09-19 15:06:03.713,420.12923578865616,99
2024-09-19 15:06:03.833,420.1630631356112,15
2024-09-19 15:06:03.954,420.1721994081143,15
2024-09-19 15:06:04.012,420.0740725657743,100
2024-09-19 15:06:04.013,420.1059095021973,104
2024-09-19 15:06:04.156,420.0986145343891,1000
2024-09-19 15:06:04.191,420.1012363609212,100
2024-09-19 15:06:04.206,420.0701285588616,999
2024-09-19 15:06:04.266,420.0834255525569,95
2024-09-19 15:06:04.273,,1004
2024-09-19 15:06:04.281,420.12415629971485,100
2024-09-19 15:06:04.317,418.9495666341422,103
2024-09-19 15:06:04.376,420.0860202056318,104
2024-09-19 15:06:04.381,420.07921585740434,1005
2024-09-19 15:06:04.444,420.0778437733437,8
2024-09-19 15:06:04.466,420.0698096862468,98
2024-09-19 15:06:04.511,420.0962128018298,8
2024-09-19 15:06:04.514,420.112978546924,1000
2024-09-19 15:06:04.538,420.103468733722,9
2024-09-19 15:06:04.581,420.0872623154616,1001
2024-09-19 15:06:04.588,420.0987260970146,14
2024-09-19 15:06:04.615,420.06050660088295,7
2024-09-19 15:06:04.645,420.0863409162255,12
2024-09-19 15:06:04.691,420.112616247048,100
2024-09-19 15:06:04.718,420.1057398712463,105
2024-09-19 15:06:04.718,420.1000425561956,999
2024-09-19 15:06:04.768,420.1318314454308,998
2024-09-19 15:06:04.886,420.0967236049802,999
2024-09-19 15:06:04.888,420.1088540270989,104
2024-09-19 15:06:04.889,420.1273287578819,9
2024-09-19 15:06:04.921,420.10131814720273,97
2024-09-19 15:06:04.931,420.1281237578304,12
2024-09-19 15:06:05.002,420.1017802773974,14
2024-09-19 15:06:05.052,420.0329679971964,12
2024-09-19 15:06:05.071,420.0999466492253,15
2024-09-19 15:06:05.079,420.0813408223968,14
2024-09-19 15:06:05.281,420.11453816527774,9
2024-09-19 15:06:05.288,420.1207843689408,104
2024-09-19 15:06:05.295,420.0991079999693,101
2024-09-19 15:06:05.326,420.0292866796209,1004
2024-09-19 15:06:05.423,420.1274333776774,1002
2024-09-19 15:06:05.471,420.0187666456947,99
2024-09-19 15:06:05.651,420.0305918080634,103
2024-09-19 15:06:05.690,420.1312961193064,102
2024-09-19 15:06:05.767,420.07783718051854,996
2024-09-19 15:06:05.802,420.01697762230646,7
2024-09-19 15:06:05.860,420.0244758506802,1005
2024-09-19 15:06:05.983,420.1224603411716,97
2024-09-19 15:06:06.278,42.001063640715145,11
2024-09-19 15:06:07.074,420.04161935735874,97
2024-09-19 15:06:07.109,420.04890851931367,95
2024-09-19 15:06:07.143,420.0374196826279,101
2024-09-19 15:06:07.150,420.0421541178836,5
2024-09-19 15:06:07.157,420.0112564999447,7
2024-09-19 15:06:07.218,420.02306711983897,101
2024-09-19 15:06:07.282,420.0226751705567,98
2024-09-19 15:06:07.294,420.03453677547714,10
2024-09-19 15:06:07.388,420.0491007636226,12
2024-09-19 15:06:07.395,420.0329533216665,1003
2024-09-19 15:06:07.498,420.0349909014264,1001
2024-09-19 15:06:07.561,420.0370410091113,97
2024-09-19 15:06:07.581,420.0368922367768,15
2024-09-19 15:06:07.612,420.0105419055628,11
2024-09-19 15:06:07.674,420.0381222959903,1002
2024-09-19 15:06:07.684,420.0527002102833,100
2024-09-19 15:06:07.802,420.0619014397717,995
2024-09-19 15:06:07.804,420.042488543614,6
2024-09-19 15:06:07.821,420.07310062356254,997
2024-09-19 15:06:07.872,420.0584270170067,102
2024-09-19 15:06:08.093,420.0717242077917,11
2024-09-19 15:06:08.142,420.0562786976051,15
2024-09-19 15:06:08.590,420.0495575123867,98
2024-09-19 15:06:08.717,-420.05628408901526,96
2024-09-19 15:06:08.760,420.0604010271695,99
2024-09-19 15:06:08.917,420.0400612900214,9
2024-09-19 15:06:09.061,420.103089178413,996
2024-09-19 15:06:09.204,420.088048868582,11
2024-09-19 15:06:09.522,420.0603703919969,103
2024-09-19 15:06:09.541,420.0557817511078,100
2024-09-19 15:06:09.809,420.0547515817734,1000
2024-09-19 15:06:09.868,420.08075053029086,105
2024-09-19 15:06:09.887,420.0679801726001,999
2024-09-19 15:06:09.916,420.0771375275263,105
2024-09-19 15:06:09.952,420.0686411506624,15
2024-09-19 15:06:10.162,420.0949048640164,1001
2024-09-19 15:06:10.510,420.0972477374692,997
2024-09-19 15:06:11.119,420.1198539046701,105
2024-09-19 15:06:11.137,420.0714355729999,104
2024-09-19 15:06:11.272,420.1417555311132,99
2024-09-19 15:06:11.406,420.0906012213376,9
2024-09-19 15:06:11.581,420.1236961653914,1005
2024-09-19 15:06:11.640,420.0905380971323,5
2024-09-19 15:06:11.660,420.0876910917692,1002
2024-09-19 15:06:11.675,-420.1130088766112,104
2024-09-19 15:06:11.848,420.0876433874132,12
2024-09-19 15:06:11.978,420.0449816774024,103
2024-09-19 15:06:12.016,420.1504186398931,100
2024-09-19 15:06:12.026,420.1906353983068,98
2024-09-19 15:06:12.072,420.2231680119386,13
2024-09-19 15:06:12.078,420.20209697036944,1000
2024-09-19 15:06:12.083,420.1976554148719,12
2024-09-19 15:06:12.114,420.16515998212174,12
2024-09-19 15:06:12.149,420.1587009257967,104
2024-09-19 15:06:12.161,420.1875847035524,995
2024-09-19 15:06:12.178,420.1604575539138,100
2024-09-19 15:06:12.213,420.19753847345305,9
2024-09-19 15:06:12.232,420.1578731043061,103
2024-09-19 15:06:12.263,420.18407042500326,98
2024-09-19 15:06:12.275,420.1456948014554,995
2024-09-19 15:06:12.310,420.2125013123263,97
2024-09-19 15:06:12.538,420.1939524893066,8
2024-09-19 15:06:12.549,420.1870323283405,998
2024-09-19 15:06:12.576,420.2104776655038,7
2024-09-19 15:06:12.606,420.1502342534896,98
2024-09-19 15:06:12.677,420.17072738800886,100
2024-09-19 15:06:12.686,420.19863373778696,1003
2024-09-19 15:06:12.818,420.1821570283305,96
2024-09-19 15:06:12.846,420.17470538959503,1000
2024-09-19 15:06:12.883,420.1962882338964,8
2024-09-19 15:06:12.916,420.19006848772045,1000
2024-09-19 15:06:12.921,420.21713003164143,10
2024-09-19 15:06:12.956,420.2148872793653,104
2024-09-19 15:06:13.203,420.1961751547607,1005
2024-09-19 15:06:13.328,420.1723009240808,997
2024-09-19 15:06:13.376,420.1797496386331,96
2024-09-19 15:06:13.496,420.1641567437359,10
2024-09-19 15:06:13.596,420.1853115695061,12
2024-09-19 15:06:13.746,420.20340529091646,97
2024-09-19 15:06:13.921,420.1600024430224,997
2024-09-19 15:06:13.990,420.1943795174912,999
2024-09-19 15:06:14.029,420.2066319369837,98
2024-09-19 15:06:14.092,420.135390200633,1004
2024-09-19 15:06:14.274,420.1343234615451,13
2024-09-19 15:06:14.318,420.182543802697,1004
2024-09-19 15:06:14.351,420.1920483342346,96
2024-09-19 15:06:14.380,420.17489827107073,104
2024-09-19 15:06:14.402,420.2139972838984,102
2024-09-19 15:06:14.448,420.1598463808996,14
2024-09-19 15:06:14.521,420.1954840667813,98
2024-09-19 15:06:14.589,420.1505991022347,105
2024-09-19 15:06:14.831,420.1801447760208,102
2024-09-19 15:06:14.887,420.1680939937959,1002
2024-09-19 15:06:14.972,420.17383517795406,14
2024-09-19 15:06:14.999,420.15189570588205,10
2024-09-19 15:06:15.001,420.2043744971359,101
2024-09-19 15:06:15.011,420.2321729068992,5
2024-09-19 15:06:15.022,420.2295062909267,999
2024-09-19 15:06:15.041,420.244556314039,1005
2024-09-19 15:06:15.062,420.2122617138804,8
2024-09-19 15:06:15.071,420.2507943227301,101
2024-09-19 15:06:15.131,420.2302082911748,1002
2024-09-19 15:06:15.141,420.24034113155375,9
2024-09-19 15:06:15.164,420.2260435499524,6
2024-09-19 15:06:15.190,420.23053170818406,996
2024-09-19 15:06:15.195,420.2449145825421,14
2024-09-19 15:06:15.234,420.253650855348,13
2024-09-19 15:06:15.246,420.2345966683739,5
2024-09-19 15:06:15.294,420.22445277190496,10
2024-09-19 15:06:15.307,420.20936945580416,1005
2024-09-19 15:06:15.309,420.2091398374174,5
2024-09-19 15:06:15.391,420.2135214596975,10
2024-09-19 15:06:15.402,420.2258709850606,96
2024-09-19 15:06:15.426,420.22320741788405,1000
2024-09-19 15:06:15.453,420.2414225098591,998
2024-09-19 15:06:15.496,420.24322879108297,9
2024-09-19 15:06:15.509,420.2275686455784,995
2024-09-19 15:06:15.813,420.24486552543664,995
2024-09-19 15:06:15.827,420.219729882891,1003
2024-09-19 15:06:15.856,420.2284921063338,101
2024-09-19 15:06:15.905,420.2409772310024,1002
2024-09-19 15:06:15.946,420.22315233091865,997
2024-09-19 15:06:15.962,420.2309999346976,11
2024-09-19 15:06:15.989,420.2028739805283,102
2024-09-19 15:06:16.009,420.2755266743101,102
2024-09-19 15:06:16.031,420.2682402952387,998
2024-09-19 15:06:16.118,420.27231387016167,6
2024-09-19 15:06:16.182,420.2659399171672,5
2024-09-19 15:06:16.303,420.2509916846194,101
2024-09-19 15:06:16.366,420.2964863189547,996
2024-09-19 15:06:16.372,420.27431753673744,14
2024-09-19 15:06:16.387,420.2488606151324,995
2024-09-19 15:06:16.461,420.2790727963252,98
2024-09-19 15:06:16.472,420.2730204531642,997
2024-09-19 15:06:16.587,42.02888098329518,105
2024-09-19 15:06:16.588,420.2672455294366,1005
2024-09-19 15:06:16.664,420.2558022888769,8
2024-09-19 15:06:16.856,420.2669946237592,13
2024-09-19 15:06:16.862,420.27753722977735,1004
2024-09-19 15:06:16.864,420.2856876260413,104
2024-09-19 15:06:16.900,420.2726973194815,1001
2024-09-19 15:06:16.930,420.3083151494177,12
2024-09-19 15:06:16.982,420.27567869002047,99
2024-09-19 15:06:16.995,420.2811198298781,9
2024-09-19 15:06:17.015,420.3527475705281,105
2024-09-19 15:06:17.017,420.3199418161868,1001
2024-09-19 15:06:17.244,420.30858433741344,7
2024-09-19 15:06:17.302,420.3509986356428,10
2024-09-19 15:06:17.322,420.3217809788777,1003
2024-09-19 15:06:17.434,420.3334717386258,1002
2024-09-19 15:06:17.451,420.3317014149656,105
2024-09-19 15:06:17.543,420.3187927335179,1005
2024-09-19 15:06:17.935,420.3370411679186,105
2024-09-19 15:06:17.941,420.3349073119954,9
2024-09-19 15:06:18.187,420.329904722753,13
2024-09-19 15:06:18.568,420.3251826492544,99
2024-09-19 15:06:19.008,420.3319377133919,9
2024-09-19 15:06:19.028,420.320680011455,1000
2024-09-19 15:06:19.051,420.335246231437,12
2024-09-19 15:06:19.075,420.3369089206808,9
2024-09-19 15:06:19.103,420.3386995852844,996
2024-09-19 15:06:19.194,420.3214614493988,1001
2024-09-19 15:06:19.194,420.307323358596,1005
2024-09-19 15:06:19.206,420.2846372011408,5
2024-09-19 15:06:19.235,420.3197753780051,7
2024-09-19 15:06:19.274,420.2591787628002,995
2024-09-19 15:06:19.275,420.3059158354866,1002
2024-09-19 15:06:19.399,420.2483120647135,9
2024-09-19 15:06:19.407,420.3227880986884,1004
2024-09-19 15:06:19.420,420.2768737504482,1005
2024-09-19 15:06:19.464,420.2821990753563,97
2024-09-19 15:06:19.563,-420.3272410186891,13
2024-09-19 15:06:19.608,420.32307254587664,1003
2024-09-19 15:06:19.635,420.3103212189491,99
2024-09-19 15:06:19.648,420.321529687053,14
2024-09-19 15:06:19.648,420.2817244748418,98
2024-09-19 15:06:19.717,420.3170814430133,1004
2024-09-19 15:06:19.749,420.3103492869326,13
2024-09-19 15:06:19.931,420.2727470641124,999
2024-09-19 15:06:19.959,420.32750167710986,102
2024-09-19 15:06:19.994,420.30827798655486,996
2024-09-19 15:06:20.197,42.02965204460568,6
2024-09-19 15:06:20.223,420.3025772324901,102
2024-09-19 15:06:20.526,420.3081502982736,104
2024-09-19 15:06:20.916,420.2831947363443,6
2024-09-19 15:06:20.943,420.308208193208,15
2024-09-19 15:06:20.954,420.2992474478709,96
2024-09-19 15:06:21.038,420.3283330674267,5
2024-09-19 15:06:21.047,420.293608851241,1003
2024-09-19 15:06:21.095,420.3112883417653,10
2024-09-19 15:06:21.111,420.2946039979074,998
2024-09-19 15:06:21.131,420.3584402928156,96
2024-09-19 15:06:21.192,420.3052429640117,105
2024-09-19 15:06:21.205,420.2964148602508,103
2024-09-19 15:06:21.276,420.3076329006605,1001
2024-09-19 15:06:21.290,,996
2024-09-19 15:06:21.319,420.3123250427167,998
2024-09-19 15:06:21.322,420.3050084721933,102
2024-09-19 15:06:21.392,420.37289103281705,1001
2024-09-19 15:06:21.399,420.3020616963508,10
2024-09-19 15:06:21.408,42.032243678724285,998
2024-09-19 15:06:21.418,420.3320204924697,1001
2024-09-19 15:06:21.466,420.3390738734576,8
2024-09-19 15:06:21.490,420.31322575625273,12
2024-09-19 15:06:21.533,420.3095949286384,95
2024-09-19 15:06:21.544,420.30913516636593,1005
2024-09-19 15:06:21.553,420.3058999123653,10
2024-09-19 15:06:21.656,420.2944636058609,1004
2024-09-19 15:06:21.687,420.32314600722447,12
2024-09-19 15:06:21.688,420.2774835969449,1003
2024-09-19 15:06:21.792,420.34666502003824,97
2024-09-19 15:06:21.876,420.3206888957873,103
2024-09-19 15:06:21.903,420.3356088907449,99
2024-09-19 15:06:22.047,420.3907122733028,104
2024-09-19 15:06:22.047,420.4596133734802,99
2024-09-19 15:06:22.053,420.4296608937409,99
2024-09-19 15:06:22.081,420.4661046606768,15
2024-09-19 15:06:22.117,420.3724609767461,1003
2024-09-19 15:06:22.129,420.3976349627701,97
2024-09-19 15:06:22.148,420.4663551353284,102
2024-09-19 15:06:22.184,420.416215724337,105
2024-09-19 15:06:22.188,420.422994506703,98
2024-09-19 15:06:22.263,420.4460456150076,1000
2024-09-19 15:06:22.415,420.3754633396889,995
2024-09-19 15:06:22.521,420.399515568286,101
2024-09-19 15:06:22.522,420.4507411738216,996
2024-09-19 15:06:22.541,420.4409048048095,104
2024-09-19 15:06:22.549,420.3948003857877,12
2024-09-19 15:06:22.611,420.3769074209864,1002
2024-09-19 15:06:22.632,420.3974841297728,14
2024-09-19 15:06:22.668,420.43286850678464,1001
2024-09-19 15:06:22.684,420.44435292510224,103
2024-09-19 15:06:22.691,420.4147095060892,15
2024-09-19 15:06:22.720,,95
2024-09-19 15:06:22.862,420.3924812744153,1004
2024-09-19 15:06:23.262,420.3280154465635,10
2024-09-19 15:06:23.452,420.3395876683177,12
2024-09-19 15:06:23.740,420.3746617211495,1005
2024-09-19 15:06:23.878,420.37366083789135,14
2024-09-19 15:06:23.878,420.3501442927004,997
2024-09-19 15:06:23.902,420.3757544948287,995
2024-09-19 15:06:23.980,419.0629017903096,104
2024-09-19 15:06:24.180,420.358731073172,98
2024-09-19 15:06:24.534,420.3433944261967,1005
2024-09-19 15:06:24.785,420.35452744873055,998
2024-09-19 15:06:25.059,420.41484280910754,12
2024-09-19 15:06:25.088,420.4166307921872,8
2024-09-19 15:06:25.101,420.4519132620849,10
2024-09-19 15:06:25.108,420.377255334292,995
2024-09-19 15:06:25.172,420.40472927454783,95
2024-09-19 15:06:25.201,420.4489271395853,995
2024-09-19 15:06:25.214,420.43873276141846,997
2024-09-19 15:06:25.241,420.4455731262557,5
2024-09-19 15:06:25.242,420.4440604510047,98
2024-09-19 15:06:25.254,420.3860116621552,96
2024-09-19 15:06:25.260,420.4144005412095,12
2024-09-19 15:06:25.291,420.4190718036244,998
2024-09-19 15:06:25.302,420.4233836211647,5
2024-09-19 15:06:25.339,420.4398846349581,15
2024-09-19 15:06:25.393,420.40160476283216,5
2024-09-19 15:06:25.416,420.410857431027,96
2024-09-19 15:06:25.419,420.4102575390924,97
2024-09-19 15:06:25.467,420.4302991219424,998
2024-09-19 15:06:25.488,420.353097589772,15
2024-09-19 15:06:25.625,,1003
2024-09-19 15:06:25.721,420.4140545275747,1005
2024-09-19 15:06:25.745,420.4518479548557,11
2024-09-19 15:06:25.749,420.44799707875706,999
2024-09-19 15:06:25.777,420.4012794343287,13
2024-09-19 15:06:25.777,420.447227459127,96
2024-09-19 15:06:25.808,420.4161598076981,7
2024-09-19 15:06:25.820,420.4109880069928,12
2024-09-19 15:06:25.878,420.4302673570168,6
2024-09-19 15:06:25.930,,95
2024-09-19 15:06:26.077,420.4467167778539,8
2024-09-19 15:06:26.100,420.4685820060841,98
2024-09-19 15:06:26.322,418.984918530611,999
2024-09-19 15:06:26.352,420.4646556351842,7
2024-09-19 15:06:26.564,420.45409640542624,9
2024-09-19 15:06:26.977,420.471619055076,7
2024-09-19 15:06:27.057,420.54707308428505,104
2024-09-19 15:06:27.111,420.5375588808233,1002
2024-09-19 15:06:27.132,420.4700392207832,103
2024-09-19 15:06:27.144,,7
2024-09-19 15:06:27.185,420.4690057042243,99
2024-09-19 15:06:27.304,420.49244813445927,996
2024-09-19 15:06:27.392,420.5288558549435,1004
2024-09-19 15:06:27.478,420.5430638865139,100
2024-09-19 15:06:27.485,420.50653433652025,104
2024-09-19 15:06:27.589,420.4830473306965,5
2024-09-19 15:06:27.593,420.552496860061,998
2024-09-19 15:06:27.597,420.46359101271946,1000
2024-09-19 15:06:27.636,420.5279142516939,14
2024-09-19 15:06:27.675,420.5547561192694,10
2024-09-19 15:06:27.700,420.4954620827562,101
2024-09-19 15:06:27.701,420.4715211263617,1005
2024-09-19 15:06:27.764,420.53856659437,7
2024-09-19 15:06:27.921,420.5191608967912,11
2024-09-19 15:06:28.015,420.6277505422359,12
2024-09-19 15:06:28.060,420.571584862088,997
2024-09-19 15:06:28.252,420.6058894466197,6
2024-09-19 15:06:28.346,420.60823609569775,11
2024-09-19 15:06:28.360,420.5764338654758,12
2024-09-19 15:06:28.409,42.062597061170045,1000
2024-09-19 15:06:28.552,420.62652732133154,105
2024-09-19 15:06:28.596,420.5783664021985,997
2024-09-19 15:06:28.619,420.6125619457926,96
2024-09-19 15:06:28.727,42.06167181347633,105
2024-09-19 15:06:28.807,420.6317488914573,14
2024-09-19 15:06:28.854,420.6024497218784,11
2024-09-19 15:06:28.915,420.58891933436246,101
2024-09-19 15:06:29.088,420.6171056465981,97
2024-09-19 15:06:29.465,420.58966946273546,103
2024-09-19 15:06:29.981,420.5965170185782,12
2024-09-19 15:06:30.004,420.5742037643814,1003
2024-09-19 15:06:30.059,420.5494380822861,98
2024-09-19 15:06:30.119,420.57354405536086,1004
2024-09-19 15:06:30.165,420.6275022018569,995
2024-09-19 15:06:30.193,420.5676625450612,1003
2024-09-19 15:06:30.198,420.534870712521,8
2024-09-19 15:06:30.229,420.5904422783146,97
2024-09-19 15:06:30.231,420.57712793451714,104
2024-09-19 15:06:30.279,420.629863132921,100
2024-09-19 15:06:30.285,420.59132041520223,997
2024-09-19 15:06:30.385,420.5860140497468,5
2024-09-19 15:06:30.411,420.5675929478251,11
2024-09-19 15:06:30.428,420.6109548554952,100
2024-09-19 15:06:30.439,420.5914938990814,998
2024-09-19 15:06:30.554,420.58315022489614,997
2024-09-19 15:06:30.558,420.5812075566548,1002
2024-09-19 15:06:30.651,420.5912279470309,97
2024-09-19 15:06:30.665,420.5881260782379,12
2024-09-19 15:06:30.686,420.6055497820278,13
2024-09-19 15:06:30.719,420.6431724822906,15
2024-09-19 15:06:30.748,42.05962621748502,1001
2024-09-19 15:06:30.774,420.58127423554464,100
2024-09-19 15:06:30.777,420.6061673937023,5
2024-09-19 15:06:30.783,420.6119111694803,998
2024-09-19 15:06:30.800,420.571928966254,14
2024-09-19 15:06:30.898,420.62166229244656,104
2024-09-19 15:06:30.951,420.6033305846192,100
2024-09-19 15:06:30.955,420.569142125993,6
2024-09-19 15:06:30.986,420.5576795616378,100
2024-09-19 15:06:31.046,-420.5943483567684,997
2024-09-19 15:06:31.056,420.6007799717577,5
2024-09-19 15:06:31.058,420.61989171636736,7
2024-09-19 15:06:31.254,420.5988443762441,101
2024-09-19 15:06:31.330,420.5124376105638,1003
2024-09-19 15:06:31.333,420.56040136961184,12
2024-09-19 15:06:31.388,420.6204476426944,101
2024-09-19 15:06:31.476,420.6103862842355,95
2024-09-19 15:06:31.558,420.5271837479468,9
2024-09-19 15:06:31.568,420.5795476333975,96
2024-09-19 15:06:31.647,420.5591367941262,105
2024-09-19 15:06:31.674,420.6077504973272,96
2024-09-19 15:06:31.725,420.5925664611352,101
2024-09-19 15:06:31.759,420.6154519693974,998
2024-09-19 15:06:31.864,420.61210810850906,1004
2024-09-19 15:06:31.869,420.60335785507954,99
2024-09-19 15:06:31.958,420.62157366341296,995
2024-09-19 15:06:32.077,420.5020278231452,1000
2024-09-19 15:06:32.162,420.5327680565131,98
2024-09-19 15:06:32.182,420.5358987479195,1004
2024-09-19 15:06:32.237,420.50200617781104,101
2024-09-19 15:06:32.387,420.51129205651824,1003
2024-09-19 15:06:32.434,420.5267454854359,1003
2024-09-19 15:06:32.440,420.5029519504471,105
2024-09-19 15:06:32.445,420.5056556947192,1003
2024-09-19 15:06:32.585,420.53604466387554,103
2024-09-19 15:06:32.589,420.5417713887088,997
2024-09-19 15:06:32.597,,105
2024-09-19 15:06:32.639,420.54060004449366,995
2024-09-19 15:06:32.662,420.5458791855781,8
2024-09-19 15:06:32.757,420.53217876686097,996
2024-09-19 15:06:32.763,420.52329786664336,10
2024-09-19 15:06:32.876,420.5339408010999,5
2024-09-19 15:06:32.935,420.527968606725,11
2024-09-19 15:06:32.994,420.5252846853917,998
2024-09-19 15:06:33.021,420.54561730720064,1000
2024-09-19 15:06:33.079,420.52454959443793,996
2024-09-19 15:06:33.139,420.53587531510055,1002
2024-09-19 15:06:33.207,420.5478241734549,8
2024-09-19 15:06:33.264,420.53090787041566,998
2024-09-19 15:06:33.270,420.5435644835947,98
2024-09-19 15:06:33.282,420.5346875519258,6
2024-09-19 15:06:33.351,420.5338634972272,1002
2024-09-19 15:06:33.512,,105
2024-09-19 15:06:33.549,420.5405933798834,9
2024-09-19 15:06:33.671,420.5276901148388,14
2024-09-19 15:06:33.736,420.5308876623252,15
2024-09-19 15:06:33.826,420.52842176983694,105
2024-09-19 15:06:33.909,420.51152657376673,99
2024-09-19 15:06:33.922,420.5364707187397,7
2024-09-19 15:06:33.931,420.5394697720087,8
2024-09-19 15:06:34.071,420.48919845180296,97
2024-09-19 15:06:34.095,420.48966807848393,1002
2024-09-19 15:06:34.135,420.475327743593,997
2024-09-19 15:06:34.183,420.484992355496,13
2024-09-19 15:06:34.200,420.50681257431154,100
2024-09-19 15:06:34.209,420.49956230559314,9
2024-09-19 15:06:34.217,420.4997244697052,103
2024-09-19 15:06:34.341,,102
2024-09-19 15:06:34.498,420.4986437476319,96
2024-09-19 15:06:34.500,420.52983398571536,1002
2024-09-19 15:06:34.587,420.5219932347152,9
2024-09-19 15:06:34.603,420.4952947836628,102
2024-09-19 15:06:34.689,420.5297422634559,105
2024-09-19 15:06:34.692,420.49676071034537,5
2024-09-19 15:06:34.715,42.052543755917846,12
2024-09-19 15:06:34.780,420.5392025806012,995
2024-09-19 15:06:34.856,420.53896311095866,1000
2024-09-19 15:06:34.908,,100
2024-09-19 15:06:34.969,-420.5018473323148,98
2024-09-19 15:06:35.017,420.4511715009351,1000
2024-09-19 15:06:35.029,420.46109650495765,1003
2024-09-19 15:06:35.040,420.4202025641831,97
2024-09-19 15:06:35.082,420.4712646463991,13
2024-09-19 15:06:35.104,420.44122168925753,999
2024-09-19 15:06:35.111,420.4515291523306,100
2024-09-19 15:06:35.116,420.4306996897621,1001
2024-09-19 15:06:35.208,420.4770580190336,104
2024-09-19 15:06:35.242,420.4170692871336,9
2024-09-19 15:06:35.244,420.4809413932844,104
2024-09-19 15:06:35.256,420.43050535063946,11
2024-09-19 15:06:35.360,420.4690355671544,997
2024-09-19 15:06:35.425,420.45700893555386,1001
2024-09-19 15:06:35.442,420.4521907521117,997
2024-09-19 15:06:35.507,420.43091687388784,1004
2024-09-19 15:06:35.551,420.465236812196,96
2024-09-19 15:06:35.636,420.4386838896551,5
2024-09-19 15:06:35.655,420.475715640514,1001
2024-09-19 15:06:35.659,420.45985938618526,98
2024-09-19 15:06:35.713,420.4837297998077,997
2024-09-19 15:06:35.762,42.04655222322686,100
2024-09-19 15:06:35.883,420.4495136418498,98
2024-09-19 15:06:35.903,420.4419527433489,995
2024-09-19 15:06:35.914,420.43901422638817,96
2024-09-19 15:06:35.930,420.4431096375995,98
2024-09-19 15:06:35.943,420.4629503357467,102
2024-09-19 15:06:35.972,420.4454366673855,96
2024-09-19 15:06:36.215,420.4855010552997,102
2024-09-19 15:06:36.235,420.5125658495615,12
2024-09-19 15:06:36.248,420.470560338489,10
2024-09-19 15:06:36.325,420.44624966890143,5
2024-09-19 15:06:36.341,420.5060007276439,100
2024-09-19 15:06:36.435,420.4627443617498,95
2024-09-19 15:06:36.466,420.4879431936864,101
2024-09-19 15:06:36.517,420.4582006624586,13
2024-09-19 15:06:36.524,420.45870610801046,6
2024-09-19 15:06:36.571,420.443014902823,6
2024-09-19 15:06:36.595,420.4581524869332,1005
2024-09-19 15:06:36.666,420.4659108991559,14
2024-09-19 15:06:36.695,420.4858994260522,8
2024-09-19 15:06:36.711,420.47236015802383,103
2024-09-19 15:06:36.738,420.46234860940496,12
2024-09-19 15:06:36.898,420.4964487213618,996
2024-09-19 15:06:36.899,420.4469645317467,6
2024-09-19 15:06:37.108,420.4906529059466,99
2024-09-19 15:06:37.209,420.4729900490264,13
2024-09-19 15:06:37.212,420.48521008958,96
2024-09-19 15:06:37.271,420.52689260542695,1000
2024-09-19 15:06:37.340,420.4911166114984,1001
2024-09-19 15:06:37.422,420.4734062030362,96
2024-09-19 15:06:37.492,420.5030565877712,95
2024-09-19 15:06:37.558,420.4730875986292,13
2024-09-19 15:06:37.566,420.4468706162117,11
2024-09-19 15:06:37.638,420.4427697344527,997
2024-09-19 15:06:37.717,420.4642619511099,95
2024-09-19 15:06:38.004,420.4817918254757,996
2024-09-19 15:06:38.036,420.4717358514135,1004
2024-09-19 15:06:38.183,420.4782463872693,101
2024-09-19 15:06:38.189,420.4729736714662,105
2024-09-19 15:06:38.313,420.4957213922198,105
2024-09-19 15:06:38.383,420.4872433809409,15
2024-09-19 15:06:38.578,420.48897614826245,103
2024-09-19 15:06:38.609,420.5013544181361,997
2024-09-19 15:06:38.646,420.4830826080085,95
2024-09-19 15:06:38.710,420.4868739588915,11
2024-09-19 15:06:38.738,420.4848729485713,998
2024-09-19 15:06:38.755,420.4886726544392,997
2024-09-19 15:06:38.758,42.0495570221361,7
2024-09-19 15:06:38.796,420.4796644204837,100
2024-09-19 15:06:38.965,420.4689808781681,999
2024-09-19 15:06:39.010,420.3655984318018,997
2024-09-19 15:06:39.064,420.3943880318397,996
2024-09-19 15:06:39.165,420.4504279885684,1000
2024-09-19 15:06:39.378,420.40054449631833,12
2024-09-19 15:06:39.384,420.3425831012942,10
2024-09-19 15:06:39.409,420.3388878109268,1004
2024-09-19 15:06:39.417,,995
2024-09-19 15:06:39.441,420.3475823034833,100
2024-09-19 15:06:39.467,420.3372276344216,6
2024-09-19 15:06:39.553,420.4455920378827,104
2024-09-19 15:06:39.861,420.3625236836472,95
2024-09-19 15:06:39.889,420.4242457836698,15
2024-09-19 15:06:39.921,420.3420406076647,1004
2024-09-19 15:06:39.959,420.445752516959,1005
2024-09-19 15:06:40.061,420.3018489146533,11
2024-09-19 15:06:40.329,420.2932358440246,105
2024-09-19 15:06:40.591,420.2982142328344,1001
2024-09-19 15:06:40.650,420.3090287574634,6
2024-09-19 15:06:40.666,420.29114865188944,1005
2024-09-19 15:06:40.887,420.30112623106135,99
2024-09-19 15:06:40.934,420.3010221940903,100
2024-09-19 15:06:40.963,420.2898231454825,996
2024-09-19 15:06:41.031,420.3864399797948,1000
2024-09-19 15:06:41.039,420.40094686606494,999
2024-09-19 15:06:41.047,420.4421846258852,95
2024-09-19 15:06:41.075,420.3827515713119,1001
2024-09-19 15:06:41.183,420.3565904734874,998
2024-09-19 15:06:41.280,420.352778249511,10
2024-09-19 15:06:41.302,420.4165333412726,8
2024-09-19 15:06:41.310,420.42088180713216,14
2024-09-19 15:06:41.425,420.3943589957015,14
2024-09-19 15:06:41.439,420.3972651907368,95
2024-09-19 15:06:41.493,420.3579820170464,9
2024-09-19 15:06:41.554,420.37773016890026,5
2024-09-19 15:06:41.558,420.3963491109616,7
2024-09-19 15:06:41.579,420.3305960860543,5
2024-09-19 15:06:41.611,420.4126186016517,104
2024-09-19 15:06:41.630,420.4141901235446,1000
2024-09-19 15:06:41.672,-420.3262331153261,5
2024-09-19 15:06:41.674,420.3758407077322,98
2024-09-19 15:06:41.733,420.35132195751663,999
2024-09-19 15:06:41.735,420.4023214657561,14
2024-09-19 15:06:41.766,420.3709893166362,7
2024-09-19 15:06:41.795,420.41769237006463,97
2024-09-19 15:06:41.820,42.04153193590578,15
2024-09-19 15:06:41.825,420.3969814630729,12
2024-09-19 15:06:41.947,420.4119328933912,1000
2024-09-19 15:06:42.039,420.3808612762529,12
2024-09-19 15:06:42.042,420.4466131052736,100
2024-09-19 15:06:42.136,420.5073252069968,95
2024-09-19 15:06:42.190,420.5112850077016,995
2024-09-19 15:06:42.203,420.4304321222693,10
2024-09-19 15:06:42.220,420.4015851271399,1001
2024-09-19 15:06:42.259,420.4829224661272,5
2024-09-19 15:06:42.287,418.97860347591774,102
2024-09-19 15:06:42.318,420.47504297740176,1001
2024-09-19 15:06:42.364,420.52653529336914,998
2024-09-19 15:06:42.367,42.038130805311376,11
2024-09-19 15:06:42.390,420.39274709510215,15
2024-09-19 15:06:42.390,420.4960509232271,97
2024-09-19 15:06:42.407,420.4358928422806,105
2024-09-19 15:06:42.439,420.4088647164071,995
2024-09-19 15:06:42.456,420.4514986506237,997
2024-09-19 15:06:42.539,420.5014617195922,1004
2024-09-19 15:06:42.545,420.5019105284168,997
2024-09-19 15:06:42.566,420.5270580969843,7
2024-09-19 15:06:42.649,420.435219048824,104
2024-09-19 15:06:42.729,420.3751818690663,7
2024-09-19 15:06:42.805,420.4061445446779,6
2024-09-19 15:06:42.807,420.5218786115105,12
2024-09-19 15:06:42.926,420.3948269921023,97
2024-09-19 15:06:42.954,420.5019305028871,10
2024-09-19 15:06:42.988,420.4828923298692,1005
2024-09-19 15:06:42.992,420.4864396542221,1000
2024-09-19 15:06:42.993,420.4876841231805,105
2024-09-19 15:06:43.029,420.5099666312876,13
2024-09-19 15:06:43.072,420.4580959241309,104
2024-09-19 15:06:43.086,420.4916105821145,102
2024-09-19 15:06:43.142,420.4695354795151,11
2024-09-19 15:06:43.148,420.51403718967566,102
2024-09-19 15:06:43.190,420.465301632554,6
2024-09-19 15:06:43.262,420.45297241081,105
2024-09-19 15:06:43.337,420.4626894358877,96
2024-09-19 15:06:43.479,420.4550503558606,7
2024-09-19 15:06:43.539,420.4914956921171,6
2024-09-19 15:06:43.560,420.4986387696918,1003
2024-09-19 15:06:43.572,420.44625152092976,998
2024-09-19 15:06:43.581,420.4579498888661,96
2024-09-19 15:06:43.635,420.5167865668706,1005
2024-09-19 15:06:43.676,420.4935960297956,6
2024-09-19 15:06:43.837,420.4862515557827,6
2024-09-19 15:06:43.877,420.465279866038,995
2024-09-19 15:06:43.882,-420.4561180908887,1002
2024-09-19 15:06:43.944,420.5245803021384,104
2024-09-19 15:06:44.029,420.3886965921242,8
2024-09-19 15:06:44.035,420.4546552770438,103
2024-09-19 15:06:44.085,420.4051969076655,15
2024-09-19 15:06:44.133,420.4654679247585,14
2024-09-19 15:06:44.182,420.4045850441088,14
2024-09-19 15:06:44.199,420.4604615773283,11
2024-09-19 15:06:44.212,420.4195897103015,998
2024-09-19 15:06:44.213,420.4724242056844,995
2024-09-19 15:06:44.222,420.4691206077294,15
2024-09-19 15:06:44.231,420.4232375914536,1004
2024-09-19 15:06:44.283,420.4505011734408,95
2024-09-19 15:06:44.329,-420.435069011922,1004
2024-09-19 15:06:44.330,420.4350204846464,1003
2024-09-19 15:06:44.363,420.428359878664,102
2024-09-19 15:06:44.411,420.4327077259629,102
2024-09-19 15:06:44.413,420.4244074633023,1004
2024-09-19 15:06:44.421,420.4380313666628,1002
2024-09-19 15:06:44.473,420.4426332216102,996
2024-09-19 15:06:44.478,420.4278338840633,1004
2024-09-19 15:06:44.483,420.3947576518348,1005
2024-09-19 15:06:44.568,420.3867479896516,95
2024-09-19 15:06:44.579,420.3842578562876,6
2024-09-19 15:06:44.674,420.4552935524399,8
2024-09-19 15:06:44.685,420.44094138822834,1004
2024-09-19 15:06:44.738,420.4443768137239,998
2024-09-19 15:06:44.768,420.4485518071076,6
2024-09-19 15:06:44.813,420.4601818270387,10
2024-09-19 15:06:45.055,420.3853270947889,1000
2024-09-19 15:06:45.079,420.363655054882,9
2024-09-19 15:06:45.107,420.3585224849256,15
2024-09-19 15:06:45.120,420.3961605243015,13
2024-09-19 15:06:45.257,420.3623471505828,96
2024-09-19 15:06:45.276,420.4188307234279,10
2024-09-19 15:06:45.316,420.3977546332177,1001
2024-09-19 15:06:45.348,420.400060400464,1003
2024-09-19 15:06:45.419,420.3499289830996,95
2024-09-19 15:06:45.452,420.3460637420551,13
2024-09-19 15:06:45.452,420.38142825157234,995
2024-09-19 15:06:45.546,420.35306083965,99
2024-09-19 15:06:45.598,420.4087845598514,101
2024-09-19 15:06:45.636,420.3665874423593,14
2024-09-19 15:06:45.678,420.3911861293192,100
2024-09-19 15:06:45.742,420.361747583103,1005
2024-09-19 15:06:45.746,420.3617821460308,8
2024-09-19 15:06:45.780,420.4047793020204,995
2024-09-19 15:06:45.855,420.3840041506844,14
2024-09-19 15:06:45.857,420.3949503447304,105
2024-09-19 15:06:45.902,,9
2024-09-19 15:06:45.926,42.03938576268027,998
2024-09-19 15:06:45.930,420.4046894891069,1001
2024-09-19 15:06:45.936,420.3802064719647,98
2024-09-19 15:06:46.005,420.3948031176399,96
2024-09-19 15:06:46.133,420.37110984901454,105
2024-09-19 15:06:46.207,420.36235444985925,95
2024-09-19 15:06:46.219,420.3768555318092,1003
2024-09-19 15:06:46.278,420.350117176949,996
2024-09-19 15:06:46.282,420.3995948066949,14
2024-09-19 15:06:46.285,420.40060310549126,995
2024-09-19 15:06:46.349,420.3818068309042,998
2024-09-19 15:06:46.405,420.374482726798,14
2024-09-19 15:06:46.477,420.3745751748432,1000
2024-09-19 15:06:46.573,420.37455965325927,1005
2024-09-19 15:06:46.610,420.3550177203009,8
2024-09-19 15:06:46.642,420.398791382746,1003
2024-09-19 15:06:46.667,420.3885428203476,101
2024-09-19 15:06:46.667,420.4124638028648,996
2024-09-19 15:06:47.038,420.3848142182323,12
2024-09-19 15:06:47.112,420.37212652227976,104
2024-09-19 15:06:47.188,42.03675390476121,1005
2024-09-19 15:06:47.189,420.3621621215185,96
2024-09-19 15:06:47.221,420.3940254193109,11
2024-09-19 15:06:47.229,420.36029775621006,1001
2024-09-19 15:06:47.268,420.3587842047,5
2024-09-19 15:06:47.375,420.36463806444567,1004
2024-09-19 15:06:47.438,420.3870187125184,5
2024-09-19 15:06:47.499,420.3833554290024,996
2024-09-19 15:06:47.566,420.3543692729785,11
2024-09-19 15:06:47.666,420.3589665224645,104
2024-09-19 15:06:47.881,420.3436151206711,13
2024-09-19 15:06:47.949,420.3738700328074,103
2024-09-19 15:06:47.953,,1003
2024-09-19 15:06:47.979,420.3475886229726,999
2024-09-19 15:06:47.997,420.3821907347388,105
2024-09-19 15:06:48.095,420.3411058081397,996
2024-09-19 15:06:48.130,420.3365289998833,102
2024-09-19 15:06:48.375,420.3550114147579,1001
2024-09-19 15:06:48.394,420.4153615711748,98
2024-09-19 15:06:48.407,420.3945474842867,995
2024-09-19 15:06:48.464,420.3713024951417,101
2024-09-19 15:06:48.483,420.3584724554397,1005
2024-09-19 15:06:48.603,420.34049002550006,1003
2024-09-19 15:06:48.672,420.3509998109007,9
2024-09-19 15:06:48.732,420.34041509618976,99
2024-09-19 15:06:48.761,420.3265616599046,96
2024-09-19 15:06:48.838,420.40901926026646,6
2024-09-19 15:06:48.863,420.4122415040926,97
2024-09-19 15:06:48.948,420.37476191587353,1004
2024-09-19 15:06:48.982,420.3577567047328,1002
2024-09-19 15:06:48.983,420.3573118243542,102
2024-09-19 15:06:48.998,420.3606872634225,8
2024-09-19 15:06:49.451,420.3125062456164,5
2024-09-19 15:06:49.676,420.3379545921005,995
2024-09-19 15:06:49.799,420.3201878478561,996
2024-09-19 15:06:50.151,420.2987124736958,10
2024-09-19 15:06:50.658,420.2990153532698,105
2024-09-19 15:06:50.873,420.2896050250521,1005
2024-09-19 15:06:51.072,420.31924841360814,13
2024-09-19 15:06:51.075,420.3675447116856,1004
2024-09-19 15:06:51.196,420.3789486733218,100
2024-09-19 15:06:51.404,420.3761058780749,96
2024-09-19 15:06:51.436,420.3095999999106,1002
2024-09-19 15:06:51.494,420.3461655405428,100
2024-09-19 15:06:51.514,420.3456587325449,12
2024-09-19 15:06:51.540,420.3557796163346,15
2024-09-19 15:06:51.571,420.3238592117823,12
2024-09-19 15:06:51.605,420.3526929119693,999
2024-09-19 15:06:51.702,420.3805127019082,997
2024-09-19 15:06:51.707,420.34479458531337,1001
2024-09-19 15:06:51.745,420.3539850217496,95
2024-09-19 15:06:51.803,420.32988097092976,1002
2024-09-19 15:06:51.835,420.3178079806775,997
2024-09-19 15:06:51.854,420.3304155919383,7
2024-09-19 15:06:51.856,420.3515803903903,104
2024-09-19 15:06:51.859,420.3732865370979,104
2024-09-19 15:06:51.940,420.3331219375482,100
2024-09-19 15:06:51.997,420.3456723622189,10
2024-09-19 15:06:52.033,420.3967539332498,100
2024-09-19 15:06:52.037,420.37185196953527,13
2024-09-19 15:06:52.049,420.3929790112752,996
2024-09-19 15:06:52.063,420.3467294261041,104
2024-09-19 15:06:52.066,420.3741618717049,1003
2024-09-19 15:06:52.070,420.3902455767438,100
2024-09-19 15:06:52.141,420.385886928734,9
2024-09-19 15:06:52.164,420.3762801912176,12
2024-09-19 15:06:52.236,,1000
2024-09-19 15:06:52.274,420.39534177219247,105
2024-09-19 15:06:52.361,420.3426057011139,97
2024-09-19 15:06:52.363,420.3780958151727,1005
2024-09-19 15:06:52.516,420.4077770419685,6
2024-09-19 15:06:52.522,420.380955049869,100
2024-09-19 15:06:52.536,420.351985572152,999
2024-09-19 15:06:52.543,420.3443185939251,999
2024-09-19 15:06:52.580,420.3706744365208,1001
2024-09-19 15:06:52.631,420.37625061105535,1003
2024-09-19 15:06:52.650,420.35876197354526,5
2024-09-19 15:06:52.669,420.3885583295653,7
2024-09-19 15:06:52.748,420.37408395595753,11
2024-09-19 15:06:52.858,420.3430124981119,996
2024-09-19 15:06:52.933,420.3438642873066,100
2024-09-19 15:06:52.977,420.4069447181729,13
2024-09-19 15:06:52.998,420.388647840537,102
2024-09-19 15:06:54.019,420.4409039348127,102
2024-09-19 15:06:54.107,420.4194768795435,13
2024-09-19 15:06:54.507,420.4298872995275,6
2024-09-19 15:06:54.792,420.44430113365945,998
2024-09-19 15:06:55.029,420.4281366894604,96
2024-09-19 15:06:55.112,420.4562620993086,104
2024-09-19 15:06:55.230,420.4562330902533,11
2024-09-19 15:06:55.245,420.4807017816429,5
2024-09-19 15:06:55.267,420.4517883954331,5
2024-09-19 15:06:55.367,420.51721053958096,98
2024-09-19 15:06:55.387,,1005
2024-09-19 15:06:55.393,420.5055001073738,9
2024-09-19 15:06:55.474,420.44672532922976,995
2024-09-19 15:06:55.737,420.4922732677062,99
2024-09-19 15:06:55.784,420.4947253919609,12
2024-09-19 15:06:56.014,420.52036588828986,11
2024-09-19 15:06:56.069,420.5321386880032,101
2024-09-19 15:06:56.131,420.5480142309308,96
2024-09-19 15:06:56.178,420.5149893452806,10
2024-09-19 15:06:56.347,420.5205223219344,101
2024-09-19 15:06:56.350,420.51738554541976,5
2024-09-19 15:06:56.457,420.5133642098594,9
2024-09-19 15:06:56.490,420.5380946528442,13
2024-09-19 15:06:56.554,420.52484651444746,997
2024-09-19 15:06:56.555,420.5462770779997,15
2024-09-19 15:06:56.629,420.569825900347,1003
2024-09-19 15:06:56.763,420.5307198505571,7
2024-09-19 15:06:56.993,420.5031761526898,12
2024-09-19 15:06:57.086,420.5448059487733,96
2024-09-19 15:06:57.150,420.5652786832652,14
2024-09-19 15:06:57.154,420.55448259965567,7
2024-09-19 15:06:57.250,420.57453458735455,995
2024-09-19 15:06:57.299,420.5480765045808,95
2024-09-19 15:06:57.351,420.5387171832898,15
2024-09-19 15:06:57.535,420.5401684511711,96
2024-09-19 15:06:57.727,420.5381942204097,98
2024-09-19 15:06:57.949,420.5441501781586,96
2024-09-19 15:06:58.014,420.5360685322675,98
2024-09-19 15:06:58.015,420.5172595685264,998
2024-09-19 15:06:58.053,420.5371380473229,101
2024-09-19 15:06:58.144,420.5469811778903,95
2024-09-19 15:06:58.166,420.5573697646555,996
2024-09-19 15:06:58.268,420.5607816175735,7
2024-09-19 15:06:58.465,420.5337951839574,997
2024-09-19 15:06:58.481,420.51838671634255,995
2024-09-19 15:06:58.481,420.5642037993424,12
2024-09-19 15:06:58.537,420.5659002181264,997
2024-09-19 15:06:58.579,420.5584462139586,96
2024-09-19 15:06:58.677,420.5559785601776,998
2024-09-19 15:06:58.782,420.56546749088426,1001
2024-09-19 15:06:58.804,420.5576427369344,12
2024-09-19 15:06:58.889,420.5789356947545,14
2024-09-19 15:06:58.928,420.5466736932244,95
2024-09-19 15:06:58.986,420.553394113578,1001
2024-09-19 15:06:59.039,420.5622749454362,97
2024-09-19 15:06:59.141,,1002
2024-09-19 15:06:59.184,420.55071592104366,995
2024-09-19 15:06:59.193,420.5846864526216,998
2024-09-19 15:06:59.195,420.6048787777031,12
2024-09-19 15:06:59.197,420.61764770638814,8
2024-09-19 15:06:59.218,420.5797290103216,1000
2024-09-19 15:06:59.223,420.5733168504463,9
2024-09-19 15:06:59.234,420.5740868622357,105
2024-09-19 15:06:59.275,420.5878561856468,10
2024-09-19 15:06:59.313,420.6089745894519,13
2024-09-19 15:06:59.330,420.6160161474797,1004
2024-09-19 15:06:59.373,418.9010592249581,1005
2024-09-19 15:06:59.399,420.5458157763397,14
2024-09-19 15:06:59.428,420.550477347712,14
2024-09-19 15:06:59.465,420.6161849965833,100
2024-09-19 15:06:59.660,420.5497512090477,100
2024-09-19 15:06:59.680,420.5629627612711,13
2024-09-19 15:06:59.808,420.6178112196985,1000
2024-09-19 15:06:59.838,420.5512413935281,7
2024-09-19 15:06:59.991,420.5792032768165,5
