Timestamp,Price,Size
2024-09-18 15:39:00.052,416.6203380238348,105
2024-09-18 15:39:00.073,416.59909363631385,1004
2024-09-18 15:39:00.177,416.623673014084,998
2024-09-18 15:39:00.244,416.6171952901588,1004
2024-09-18 15:39:00.267,416.5946823805058,1001
2024-09-18 15:39:00.358,416.6121517740926,99
2024-09-18 15:39:00.380,416.6031455204335,15
2024-09-18 15:39:00.493,416.6013700057092,104
2024-09-18 15:39:00.504,416.6125561983056,96
2024-09-18 15:39:00.703,416.6081779402916,100
2024-09-18 15:39:01.609,416.5969300275421,14
2024-09-18 15:39:02.122,416.5762896672378,1003
2024-09-18 15:39:02.170,416.5934221749699,6
2024-09-18 15:39:02.172,416.6099904193072,101
2024-09-18 15:39:02.195,416.6046324225093,12
2024-09-18 15:39:02.204,416.5945917391937,102
2024-09-18 15:39:02.359,416.5969194549852,104
2024-09-18 15:39:02.419,416.5854538354899,13
2024-09-18 15:39:02.468,416.5827602226362,995
2024-09-18 15:39:02.580,416.6009915795835,999
2024-09-18 15:39:02.587,416.6188728732943,102
2024-09-18 15:39:02.683,416.5749427112847,1003
2024-09-18 15:39:02.707,416.6076054670344,99
2024-09-18 15:39:02.750,416.572066271725,1003
2024-09-18 15:39:02.783,41.66079295832654,100
2024-09-18 15:39:02.871,416.59244539433047,12
2024-09-18 15:39:03.420,416.6396769696743,103
2024-09-18 15:39:03.484,416.640321659723,997
2024-09-18 15:39:03.832,416.6209788699224,13
2024-09-18 15:39:03.979,416.61589358253246,96
2024-09-18 15:39:05.395,416.5772084290478,96
2024-09-18 15:39:05.702,416.6100656995037,13
2024-09-18 15:39:05.733,416.6243012539581,105
2024-09-18 15:39:05.754,416.5777534054104,97
2024-09-18 15:39:05.791,41.6593385790146,98
2024-09-18 15:39:05.928,416.588040089925,9
2024-09-18 15:39:05.961,416.57576594724895,102
2024-09-18 15:39:06.093,416.5755759499694,1003
2024-09-18 15:39:06.115,416.60020421768417,8
2024-09-18 15:39:06.147,416.56788829470594,105
2024-09-18 15:39:06.327,416.5716979859093,5
2024-09-18 15:39:06.349,416.57471152284114,101
2024-09-18 15:39:06.353,416.5917083122246,104
2024-09-18 15:39:06.388,416.5924040992938,5
2024-09-18 15:39:06.434,416.5872126509893,1002
2024-09-18 15:39:06.446,416.58895819522326,1000
2024-09-18 15:39:06.569,416.56283531556704,998
2024-09-18 15:39:06.578,416.5669699948686,5
2024-09-18 15:39:06.585,416.5996720493936,1005
2024-09-18 15:39:06.598,416.54785900756906,12
2024-09-18 15:39:06.609,416.56293435854496,10
2024-09-18 15:39:06.666,416.56710858838994,1005
2024-09-18 15:39:06.671,416.5372272863463,998
2024-09-18 15:39:06.677,-416.54433124314414,1003
2024-09-18 15:39:06.777,416.5812347248053,103
2024-09-18 15:39:06.941,416.59163403816274,95
2024-09-18 15:39:06.980,416.5475182767582,104
2024-09-18 15:39:06.994,416.5980656550241,998
2024-09-18 15:39:07.198,416.53553093379776,100
2024-09-18 15:39:07.262,416.57502645167136,996
2024-09-18 15:39:07.313,416.561173520656,101
2024-09-18 15:39:07.515,416.5787308950503,6
2024-09-18 15:39:07.544,416.5638230094248,104
2024-09-18 15:39:07.584,416.58178085806793,11
2024-09-18 15:39:07.587,416.5709291983716,1003
2024-09-18 15:39:07.587,416.5869282979136,96
2024-09-18 15:39:07.626,416.5553304470542,12
2024-09-18 15:39:07.643,416.59155292928926,100
2024-09-18 15:39:07.700,416.59038310472965,1003
2024-09-18 15:39:07.793,416.5503176560621,103
2024-09-18 15:39:07.835,416.5586665700552,103
2024-09-18 15:39:07.975,416.5423838818485,7
2024-09-18 15:39:07.995,416.5807055840562,15
2024-09-18 15:39:08.081,-416.5788672360831,102
2024-09-18 15:39:08.243,-416.5466935352204,8
2024-09-18 15:39:08.342,416.5555754964169,101
2024-09-18 15:39:08.398,416.58958917869774,105
2024-09-18 15:39:08.590,416.5621020358162,1003
2024-09-18 15:39:08.647,416.5806853906551,97
2024-09-18 15:39:08.743,416.5405287002388,1002
2024-09-18 15:39:08.792,416.5833160785261,102
2024-09-18 15:39:08.800,416.5881908339184,1003
2024-09-18 15:39:08.803,416.59706504085295,8
2024-09-18 15:39:08.826,416.57500668268233,1002
2024-09-18 15:39:08.883,416.5455891711277,1002
2024-09-18 15:39:08.988,416.5544131231314,995
2024-09-18 15:39:09.048,416.5217649237416,998
2024-09-18 15:39:09.064,416.4782195433533,1000
2024-09-18 15:39:09.093,416.5171705273523,98
2024-09-18 15:39:09.128,416.4813923313147,99
2024-09-18 15:39:09.158,416.563727182209,1001
2024-09-18 15:39:09.258,416.4696096997631,101
2024-09-18 15:39:09.275,416.4593376245271,998
2024-09-18 15:39:09.334,416.4788986492686,96
2024-09-18 15:39:09.341,416.4732967395138,6
2024-09-18 15:39:09.346,416.4886135880012,98
2024-09-18 15:39:09.380,416.4568555806334,5
2024-09-18 15:39:09.398,416.4668308833446,100
2024-09-18 15:39:09.522,416.4856453917795,102
2024-09-18 15:39:09.561,416.4873056893195,998
2024-09-18 15:39:09.613,416.488687427208,14
2024-09-18 15:39:09.637,416.472033626195,998
2024-09-18 15:39:09.730,416.5117320686648,12
2024-09-18 15:39:09.787,416.4507140284989,5
2024-09-18 15:39:09.800,416.4733743067999,14
2024-09-18 15:39:09.811,416.47160682625565,100
2024-09-18 15:39:09.813,416.5431558647995,104
2024-09-18 15:39:09.847,416.4625174780828,13
2024-09-18 15:39:09.855,416.4894177449154,9
2024-09-18 15:39:09.955,416.4448763211524,11
2024-09-18 15:39:10.079,416.463729712964,1001
2024-09-18 15:39:10.173,416.5699069847299,997
2024-09-18 15:39:10.239,416.4412366091741,105
2024-09-18 15:39:10.263,416.5260865669516,13
2024-09-18 15:39:10.267,416.4567411283071,995
2024-09-18 15:39:10.272,416.5714190139747,15
2024-09-18 15:39:10.289,416.463925722621,14
2024-09-18 15:39:10.338,41.65775545528008,103
2024-09-18 15:39:10.434,416.5711991682502,98
2024-09-18 15:39:10.444,416.5627874437518,9
2024-09-18 15:39:10.487,416.4356396415599,100
2024-09-18 15:39:10.574,416.58197525402016,1004
2024-09-18 15:39:10.621,416.5585014223084,1004
2024-09-18 15:39:10.638,416.5721843991363,15
2024-09-18 15:39:10.709,416.4902676288431,104
2024-09-18 15:39:10.729,416.44349297000224,97
2024-09-18 15:39:10.785,416.51319857670296,7
2024-09-18 15:39:10.792,416.57578517744207,96
2024-09-18 15:39:10.796,416.4306232469633,97
2024-09-18 15:39:10.800,416.46352592519287,996
2024-09-18 15:39:10.823,416.5821886029398,104
2024-09-18 15:39:10.847,416.5105503565191,1002
2024-09-18 15:39:10.903,416.4523519635348,9
2024-09-18 15:39:10.906,416.4623439481826,13
2024-09-18 15:39:11.054,416.5759807931294,10
2024-09-18 15:39:12.077,416.6564760126301,11
2024-09-18 15:39:12.119,416.5869686327824,999
2024-09-18 15:39:12.167,416.6363227257704,10
2024-09-18 15:39:12.219,416.6562201092156,9
2024-09-18 15:39:12.278,416.7023742244916,13
2024-09-18 15:39:12.306,416.7134564457536,995
2024-09-18 15:39:12.493,416.64437226778574,7
2024-09-18 15:39:12.533,416.6301074643536,9
2024-09-18 15:39:12.540,416.72848168347673,7
2024-09-18 15:39:12.554,,7
2024-09-18 15:39:12.580,416.68056785805504,5
2024-09-18 15:39:12.639,416.70049407021634,103
2024-09-18 15:39:12.751,416.6325249315243,97
2024-09-18 15:39:12.780,416.6672678609904,103
2024-09-18 15:39:12.901,416.7234971761016,12
2024-09-18 15:39:12.943,416.6907473974881,9
2024-09-18 15:39:12.999,416.6155225098125,103
2024-09-18 15:39:13.035,416.72439711885033,997
2024-09-18 15:39:13.052,41.66898467967318,99
2024-09-18 15:39:13.094,416.71808523549015,6
2024-09-18 15:39:13.116,416.701113063776,103
2024-09-18 15:39:13.134,416.7330555219255,11
2024-09-18 15:39:13.286,416.689490564527,12
2024-09-18 15:39:13.303,416.68749787171504,8
2024-09-18 15:39:13.340,416.7026264431829,95
2024-09-18 15:39:13.354,416.7313418631254,95
2024-09-18 15:39:13.375,416.73323430583457,100
2024-09-18 15:39:13.383,416.711567352198,102
2024-09-18 15:39:13.405,416.6777558451069,14
2024-09-18 15:39:13.419,416.7192397653103,96
2024-09-18 15:39:13.434,416.6974127735636,1001
2024-09-18 15:39:13.537,416.7430271481509,11
2024-09-18 15:39:13.550,416.73716695667633,99
2024-09-18 15:39:13.552,416.6979862213163,6
2024-09-18 15:39:13.602,416.690622336716,99
2024-09-18 15:39:13.616,416.7157358541688,1002
2024-09-18 15:39:13.706,416.7216242159544,104
2024-09-18 15:39:13.811,-416.6909780094661,101
2024-09-18 15:39:13.857,416.68896266085954,104
2024-09-18 15:39:13.918,416.70609365518186,99
2024-09-18 15:39:13.978,416.6949792694171,5
2024-09-18 15:39:13.979,416.6836268885467,7
2024-09-18 15:39:14.006,,9
2024-09-18 15:39:14.027,-416.6862339118384,997
2024-09-18 15:39:14.176,416.7026949377294,100
2024-09-18 15:39:14.360,416.67913765744765,97
2024-09-18 15:39:14.389,416.6425350690473,997
2024-09-18 15:39:14.390,416.6787012696872,998
2024-09-18 15:39:14.488,416.6469554906548,103
2024-09-18 15:39:14.549,416.69496297378384,1003
2024-09-18 15:39:14.598,416.6893487454826,103
2024-09-18 15:39:14.632,416.66968662582366,1000
2024-09-18 15:39:14.661,416.6578327807805,95
2024-09-18 15:39:14.823,416.7031519505592,95
2024-09-18 15:39:14.847,416.666695211836,97
2024-09-18 15:39:14.859,416.701412472233,999
2024-09-18 15:39:14.861,416.65686200897096,12
2024-09-18 15:39:14.874,416.6665251473579,1003
2024-09-18 15:39:14.879,416.6555583313218,95
2024-09-18 15:39:14.892,416.6763508388352,5
2024-09-18 15:39:14.966,416.6725966076318,102
2024-09-18 15:39:14.990,416.6942632384624,6
2024-09-18 15:39:15.081,416.6462061875479,997
2024-09-18 15:39:15.288,416.6399087379385,101
2024-09-18 15:39:15.419,416.65272632798366,103
2024-09-18 15:39:15.804,416.66261418127226,101
2024-09-18 15:39:15.847,-416.64856687166713,7
2024-09-18 15:39:15.941,416.65835802938255,101
2024-09-18 15:39:16.080,416.6168020357756,995
2024-09-18 15:39:16.098,416.5656560000297,101
2024-09-18 15:39:16.105,416.61141975727554,1005
2024-09-18 15:39:16.121,416.58217925291626,8
2024-09-18 15:39:16.187,416.62049047602335,10
2024-09-18 15:39:16.189,41.66012537879422,15
2024-09-18 15:39:16.209,416.61580775593086,101
2024-09-18 15:39:16.254,416.58271224706726,99
2024-09-18 15:39:16.258,416.5985969600117,101
2024-09-18 15:39:16.330,416.5955994633858,100
2024-09-18 15:39:16.388,416.58635401599184,104
2024-09-18 15:39:16.443,416.5547076479844,6
2024-09-18 15:39:16.466,416.6079172075054,5
2024-09-18 15:39:16.528,416.6175769939811,1002
2024-09-18 15:39:16.540,416.5954744430811,1003
2024-09-18 15:39:16.639,416.6173986643198,1005
2024-09-18 15:39:16.665,416.5732932060976,999
2024-09-18 15:39:16.710,416.6341902053824,15
2024-09-18 15:39:16.815,416.59279400441056,1003
2024-09-18 15:39:16.886,416.6041828827813,103
2024-09-18 15:39:16.916,416.5791553993476,11
2024-09-18 15:39:16.939,416.5936791616018,12
2024-09-18 15:39:16.976,416.5726796265964,11
2024-09-18 15:39:16.984,416.6104878288164,998
2024-09-18 15:39:17.010,416.6443266519561,101
2024-09-18 15:39:17.015,416.64013985828,99
2024-09-18 15:39:17.030,416.5673391181095,1001
2024-09-18 15:39:17.090,416.622178977016,11
2024-09-18 15:39:17.129,416.5801690675976,7
2024-09-18 15:39:17.171,416.62380445191735,98
2024-09-18 15:39:17.179,,9
2024-09-18 15:39:17.186,416.6300869332552,998
2024-09-18 15:39:17.218,416.5712448156604,98
2024-09-18 15:39:17.221,416.653998897365,996
2024-09-18 15:39:17.235,416.67260659283465,105
2024-09-18 15:39:17.236,416.65299440359786,1003
2024-09-18 15:39:17.300,416.5904097636071,995
2024-09-18 15:39:17.378,416.6376102707483,104
2024-09-18 15:39:17.482,416.6160424601276,103
2024-09-18 15:39:17.683,416.6197880713026,99
2024-09-18 15:39:17.687,416.608911813036,12
2024-09-18 15:39:17.751,416.5863567610859,95
2024-09-18 15:39:17.768,416.670539816224,1001
2024-09-18 15:39:17.869,416.56615297512906,98
2024-09-18 15:39:17.884,416.6277115417282,103
2024-09-18 15:39:17.924,416.5735664325328,1003
2024-09-18 15:39:17.958,416.6200100599726,99
2024-09-18 15:39:17.960,416.6527898408336,999
2024-09-18 15:39:18.052,416.6648602057078,100
2024-09-18 15:39:18.198,416.6566045989459,99
2024-09-18 15:39:18.202,416.68321377126216,1002
2024-09-18 15:39:18.319,416.6814758686517,7
2024-09-18 15:39:18.364,416.6734194864891,98
2024-09-18 15:39:18.383,416.6562494047439,10
2024-09-18 15:39:18.391,416.6618335272808,11
2024-09-18 15:39:18.400,416.6324194503271,999
2024-09-18 15:39:18.617,416.6605092321725,11
2024-09-18 15:39:18.635,416.6614766713316,7
2024-09-18 15:39:18.843,413.5088185478737,996
2024-09-18 15:39:18.907,416.63890486427977,6
2024-09-18 15:39:19.169,416.6565478127884,99
2024-09-18 15:39:19.180,416.6509343893531,8
2024-09-18 15:39:19.197,416.65200251795886,1001
2024-09-18 15:39:19.214,416.6729621991663,1005
2024-09-18 15:39:19.267,416.6631287138415,11
2024-09-18 15:39:19.304,416.64413644854005,105
2024-09-18 15:39:19.407,416.6714577851142,999
2024-09-18 15:39:19.436,416.65555187005856,99
2024-09-18 15:39:19.501,416.6573116288458,103
2024-09-18 15:39:19.512,416.6642820754492,1003
2024-09-18 15:39:19.529,416.6723315563653,97
2024-09-18 15:39:19.531,416.6568454967371,5
2024-09-18 15:39:19.562,416.6688612342679,998
2024-09-18 15:39:19.578,416.6660142691575,1004
2024-09-18 15:39:19.630,416.6713532713873,97
2024-09-18 15:39:19.631,416.6566694451013,10
2024-09-18 15:39:19.681,416.62236528917504,99
2024-09-18 15:39:19.698,416.6380492586478,995
2024-09-18 15:39:19.698,416.64957497454327,996
2024-09-18 15:39:19.725,416.6303720403064,10
2024-09-18 15:39:19.768,416.6527917772778,8
2024-09-18 15:39:19.803,416.6714284203501,6
2024-09-18 15:39:19.826,416.67061470581535,999
2024-09-18 15:39:19.833,,10
2024-09-18 15:39:19.843,416.6714949014282,13
2024-09-18 15:39:19.859,416.6499944211022,998
2024-09-18 15:39:19.900,416.64554237551687,104
2024-09-18 15:39:19.900,416.647255866095,15
2024-09-18 15:39:19.951,416.6494166546255,103
2024-09-18 15:39:19.996,416.6465745431227,5
2024-09-18 15:39:20.097,413.618536293879,12
2024-09-18 15:39:20.116,416.5936666668063,99
2024-09-18 15:39:20.166,416.53896589381947,5
2024-09-18 15:39:20.205,416.6060365581372,12
2024-09-18 15:39:20.246,416.5975180037901,14
2024-09-18 15:39:20.383,416.5933198911888,96
2024-09-18 15:39:20.425,416.5520153532223,1001
2024-09-18 15:39:20.534,416.60428869692896,98
2024-09-18 15:39:20.587,416.6405742742198,102
2024-09-18 15:39:20.587,416.5534774284339,10
2024-09-18 15:39:20.604,416.5851327897829,999
2024-09-18 15:39:20.634,416.62967350719214,13
2024-09-18 15:39:20.639,416.6523538472616,1005
2024-09-18 15:39:20.723,416.58627783456825,998
2024-09-18 15:39:20.925,416.5963915324512,100
2024-09-18 15:39:21.015,416.6435902573386,104
2024-09-18 15:39:21.026,416.5429085554305,1005
2024-09-18 15:39:21.039,416.586134080138,15
2024-09-18 15:39:21.063,416.56566278419433,1002
2024-09-18 15:39:21.065,416.5216492277031,105
2024-09-18 15:39:21.150,416.52329941720046,14
2024-09-18 15:39:21.185,416.5437712509676,10
2024-09-18 15:39:21.202,416.5436840875186,104
2024-09-18 15:39:21.253,416.5100492691071,12
2024-09-18 15:39:21.253,416.5665042484719,999
2024-09-18 15:39:21.268,416.5738231992524,998
2024-09-18 15:39:21.270,416.57522669012894,998
2024-09-18 15:39:21.284,416.5337709959958,997
2024-09-18 15:39:21.328,416.6147644483074,10
2024-09-18 15:39:21.340,-416.5562191986665,5
2024-09-18 15:39:21.570,416.55339136810426,9
2024-09-18 15:39:21.654,416.5461343519081,11
2024-09-18 15:39:21.695,416.5999248199181,999
2024-09-18 15:39:21.722,416.4885348597885,11
2024-09-18 15:39:21.813,416.5377991728152,15
2024-09-18 15:39:21.865,416.5081290462198,6
2024-09-18 15:39:21.867,416.5354891678251,100
2024-09-18 15:39:21.914,416.5282142880893,1001
2024-09-18 15:39:21.957,416.63631876592905,13
2024-09-18 15:39:21.989,416.5622103410204,1004
2024-09-18 15:39:22.056,416.6890446848456,95
2024-09-18 15:39:22.185,416.6769326799947,96
2024-09-18 15:39:22.354,416.6367070535452,995
2024-09-18 15:39:22.458,416.64809146470895,97
2024-09-18 15:39:22.474,416.6920384771398,101
2024-09-18 15:39:22.499,416.6919525518806,6
2024-09-18 15:39:22.521,416.69732394753424,104
2024-09-18 15:39:22.587,416.6264695017155,100
2024-09-18 15:39:22.629,416.6860164377348,15
2024-09-18 15:39:22.639,416.6923024848261,10
2024-09-18 15:39:22.648,416.7064037391411,97
2024-09-18 15:39:22.685,416.6817956788725,98
2024-09-18 15:39:22.728,416.6460403356154,6
2024-09-18 15:39:22.729,416.6989581495829,99
2024-09-18 15:39:22.747,416.6703064722717,1003
2024-09-18 15:39:22.754,416.6906800695587,5
2024-09-18 15:39:22.774,416.6427481290781,103
2024-09-18 15:39:22.775,416.69308377969605,1005
2024-09-18 15:39:22.847,416.6314255400829,15
2024-09-18 15:39:22.853,-416.6517827264626,101
2024-09-18 15:39:22.936,416.6968640200512,99
2024-09-18 15:39:23.456,416.7110382573034,14
2024-09-18 15:39:24.020,416.7145869270523,10
2024-09-18 15:39:24.025,416.6848847697896,998
2024-09-18 15:39:24.073,416.713573331021,103
2024-09-18 15:39:24.251,416.72827847349794,1005
2024-09-18 15:39:24.303,416.7034018671656,7
2024-09-18 15:39:24.363,416.7168624669996,100
2024-09-18 15:39:24.408,416.7590213049199,996
2024-09-18 15:39:24.408,416.73659535353386,996
2024-09-18 15:39:24.441,416.7181857126203,995
2024-09-18 15:39:24.452,416.71484134747647,103
2024-09-18 15:39:24.477,416.6830414964003,100
2024-09-18 15:39:24.652,416.7291403150104,995
2024-09-18 15:39:24.660,416.7167367568008,6
2024-09-18 15:39:24.716,416.7368413444685,1004
2024-09-18 15:39:24.717,416.7314051607692,1004
2024-09-18 15:39:24.779,416.7364347852056,997
2024-09-18 15:39:24.783,416.688435580704,97
2024-09-18 15:39:24.826,416.7169507100868,6
2024-09-18 15:39:24.897,416.67558233959136,15
2024-09-18 15:39:24.946,416.7088503773984,103
2024-09-18 15:39:24.954,416.68772133300456,7
2024-09-18 15:39:25.093,416.7745789294172,995
2024-09-18 15:39:25.212,416.6989196200786,1002
2024-09-18 15:39:25.302,416.6893751183333,11
2024-09-18 15:39:25.314,416.6926970526103,998
2024-09-18 15:39:25.401,416.74137276058485,1004
2024-09-18 15:39:25.460,416.6933915006874,7
2024-09-18 15:39:25.500,416.6863411696697,7
2024-09-18 15:39:25.520,416.6731225594455,11
2024-09-18 15:39:25.546,416.7391425486781,98
2024-09-18 15:39:25.587,416.6901674494119,995
2024-09-18 15:39:25.607,416.7140995264053,15
2024-09-18 15:39:25.704,416.7677583685442,98
2024-09-18 15:39:25.705,416.7798516325509,95
2024-09-18 15:39:25.907,416.6858197960349,7
2024-09-18 15:39:25.963,416.7487216200244,102
2024-09-18 15:39:25.974,416.70559004181575,6
2024-09-18 15:39:26.000,416.784759400904,1004
2024-09-18 15:39:26.001,416.79870303634766,12
2024-09-18 15:39:26.029,416.7508337777416,999
2024-09-18 15:39:26.038,416.7444970417047,98
2024-09-18 15:39:26.051,416.7240875982338,9
2024-09-18 15:39:26.202,416.78194461688906,9
2024-09-18 15:39:26.212,416.7794059192564,999
2024-09-18 15:39:26.215,416.7264324340189,1004
2024-09-18 15:39:26.232,416.7158919236148,1004
2024-09-18 15:39:26.256,416.7446106470166,1004
2024-09-18 15:39:26.334,416.7278432231641,102
2024-09-18 15:39:26.378,416.7505024155398,13
2024-09-18 15:39:26.413,416.8114698409952,1002
2024-09-18 15:39:26.433,416.7999411537886,15
2024-09-18 15:39:26.514,416.7318103552891,105
2024-09-18 15:39:26.531,416.7472287553544,997
2024-09-18 15:39:26.569,416.7134697103893,999
2024-09-18 15:39:26.644,416.7799834997405,998
2024-09-18 15:39:26.685,416.8187237828207,12
2024-09-18 15:39:26.754,416.73082693310926,995
2024-09-18 15:39:26.762,,10
2024-09-18 15:39:26.859,416.7329933600873,7
2024-09-18 15:39:26.879,416.7460887835486,95
2024-09-18 15:39:26.928,416.7358453948002,12
2024-09-18 15:39:26.986,416.8189191974968,1005
2024-09-18 15:39:26.989,416.7406276563976,1005
2024-09-18 15:39:27.021,416.7862733823532,1000
2024-09-18 15:39:27.071,416.7986852086863,10
2024-09-18 15:39:27.140,416.81664454717736,104
2024-09-18 15:39:27.158,416.8092836794016,100
2024-09-18 15:39:27.306,416.82575585426736,100
2024-09-18 15:39:27.313,416.8252830797684,1002
2024-09-18 15:39:27.512,416.8256569949213,996
2024-09-18 15:39:27.737,416.78939283522914,99
2024-09-18 15:39:27.842,416.78331840485765,95
2024-09-18 15:39:27.934,416.7744422081738,998
2024-09-18 15:39:28.028,416.8437839037181,104
2024-09-18 15:39:28.041,416.8327001014618,998
2024-09-18 15:39:28.048,416.8295229104258,7
2024-09-18 15:39:28.135,416.8407385329187,995
2024-09-18 15:39:28.140,416.78209912956765,96
2024-09-18 15:39:28.147,416.82193100146105,9
2024-09-18 15:39:28.193,416.7945117176971,8
2024-09-18 15:39:28.242,416.8131903653332,105
2024-09-18 15:39:28.423,416.8174431359597,12
2024-09-18 15:39:28.499,416.7865477666465,95
2024-09-18 15:39:28.522,416.8289148138805,11
2024-09-18 15:39:28.526,416.82853325014736,98
2024-09-18 15:39:28.539,416.823616257036,997
2024-09-18 15:39:28.544,416.776324486931,11
2024-09-18 15:39:28.561,416.80390158417214,102
2024-09-18 15:39:28.594,-416.7975786169658,11
2024-09-18 15:39:28.626,416.846019008235,1004
2024-09-18 15:39:28.635,416.8158769591727,99
2024-09-18 15:39:28.780,416.8168781715999,8
2024-09-18 15:39:28.831,416.80899875588295,98
2024-09-18 15:39:28.850,416.8026685931689,1004
2024-09-18 15:39:28.861,416.81092969624063,6
2024-09-18 15:39:28.879,416.8033775187352,99
2024-09-18 15:39:28.897,416.8004838633488,9
2024-09-18 15:39:28.951,416.8268150169116,14
2024-09-18 15:39:28.972,416.7971455989535,8
2024-09-18 15:39:28.975,416.8303966216724,99
2024-09-18 15:39:29.276,416.8099684996819,15
2024-09-18 15:39:30.030,416.8975285377226,8
2024-09-18 15:39:30.044,416.8534914119944,95
2024-09-18 15:39:30.044,41.68840108226483,12
2024-09-18 15:39:30.050,416.88496323433225,95
2024-09-18 15:39:30.088,416.8791213599181,96
2024-09-18 15:39:30.093,416.8312966641718,997
2024-09-18 15:39:30.108,416.8624564025706,1005
2024-09-18 15:39:30.127,416.8341831629817,1001
2024-09-18 15:39:30.198,416.8825157022097,1004
2024-09-18 15:39:30.208,416.8508290736209,997
2024-09-18 15:39:30.236,416.8161562029171,1002
2024-09-18 15:39:30.237,416.8860389315301,1001
2024-09-18 15:39:30.249,416.8895830392353,14
2024-09-18 15:39:30.266,416.8937351434033,105
2024-09-18 15:39:30.374,416.9099436976696,14
2024-09-18 15:39:30.392,416.88636719449664,995
2024-09-18 15:39:30.421,416.8777183545284,5
2024-09-18 15:39:30.425,416.8901392387884,103
2024-09-18 15:39:30.432,416.8294831187417,1004
2024-09-18 15:39:30.591,416.8908648498572,15
2024-09-18 15:39:30.627,416.8186957251596,5
2024-09-18 15:39:30.761,416.8926189036169,11
2024-09-18 15:39:30.768,416.8132184570759,101
2024-09-18 15:39:30.847,416.81815460485353,1005
2024-09-18 15:39:30.923,416.8777466052152,104
2024-09-18 15:39:30.941,41.6860290916565,13
2024-09-18 15:39:30.977,416.8218182946416,96
2024-09-18 15:39:31.044,416.9526180390743,1003
2024-09-18 15:39:31.046,416.9262344505092,97
2024-09-18 15:39:31.115,416.9369741037648,1000
2024-09-18 15:39:31.117,416.9457885760727,96
2024-09-18 15:39:31.154,416.9338471933386,997
2024-09-18 15:39:31.189,416.9223797985524,99
2024-09-18 15:39:31.318,416.9312755072469,11
2024-09-18 15:39:31.340,416.9288117976323,105
2024-09-18 15:39:31.356,416.923214128084,995
2024-09-18 15:39:31.359,416.939898536364,999
2024-09-18 15:39:31.374,416.93073242298703,102
2024-09-18 15:39:31.394,416.9444574250475,1005
2024-09-18 15:39:31.496,416.9116356971567,8
2024-09-18 15:39:31.524,416.93359290024927,97
2024-09-18 15:39:31.532,416.93430835313904,8
2024-09-18 15:39:31.561,416.93632449423495,12
2024-09-18 15:39:31.819,416.9393740655513,101
2024-09-18 15:39:31.909,416.9193462381224,15
2024-09-18 15:39:32.122,416.92927984225526,995
2024-09-18 15:39:32.482,416.9363463334661,1005
2024-09-18 15:39:32.872,416.90549600733095,1001
2024-09-18 15:39:32.877,416.9349811492336,101
2024-09-18 15:39:33.030,416.9344942232327,1002
2024-09-18 15:39:33.084,,1002
2024-09-18 15:39:33.103,416.9145305929592,5
2024-09-18 15:39:33.118,416.92002433626976,13
2024-09-18 15:39:33.174,416.9432914002813,1005
2024-09-18 15:39:33.295,41.69338028346068,8
2024-09-18 15:39:33.302,416.92819135446535,10
2024-09-18 15:39:33.306,416.916565798741,997
2024-09-18 15:39:33.324,416.92293199917447,1002
2024-09-18 15:39:33.395,416.9363390750733,1002
2024-09-18 15:39:33.422,416.9405526521465,10
2024-09-18 15:39:33.504,416.94948981475625,1002
2024-09-18 15:39:33.568,416.9284320953413,6
2024-09-18 15:39:33.585,416.9466644983222,14
2024-09-18 15:39:33.607,-416.9296043898647,14
2024-09-18 15:39:33.651,416.9184622626064,9
2024-09-18 15:39:33.667,416.9026735157664,100
2024-09-18 15:39:33.671,416.9062468718552,100
2024-09-18 15:39:33.680,416.8895485682318,998
2024-09-18 15:39:33.707,416.91491782147045,1003
2024-09-18 15:39:33.716,416.917630655444,104
2024-09-18 15:39:33.824,416.9163038313107,15
2024-09-18 15:39:33.859,416.9369194028589,97
2024-09-18 15:39:33.919,416.9193832979541,995
2024-09-18 15:39:33.934,416.93525719766217,1002
2024-09-18 15:39:34.006,416.94284980442745,9
2024-09-18 15:39:34.036,416.9858753984627,7
2024-09-18 15:39:34.071,416.9392761498105,10
2024-09-18 15:39:34.131,416.93409348016274,103
2024-09-18 15:39:34.238,416.9480726644418,105
2024-09-18 15:39:34.265,416.97655464977225,95
2024-09-18 15:39:34.377,416.97220964718485,6
2024-09-18 15:39:34.502,416.9629569238368,98
2024-09-18 15:39:34.524,416.9460117518042,995
2024-09-18 15:39:34.528,416.9802113955344,995
2024-09-18 15:39:34.535,416.951747280662,1005
2024-09-18 15:39:34.681,416.9839415575016,104
2024-09-18 15:39:34.739,416.9626589313693,5
2024-09-18 15:39:34.807,416.9370003144202,100
2024-09-18 15:39:34.909,416.98159614620295,996
2024-09-18 15:39:35.035,416.90563547023896,102
2024-09-18 15:39:35.071,416.934560703578,95
2024-09-18 15:39:35.287,416.9275138564483,95
2024-09-18 15:39:35.304,416.92794521990896,95
2024-09-18 15:39:35.342,416.9006639480429,95
2024-09-18 15:39:35.450,416.903723024308,101
2024-09-18 15:39:35.453,416.92368798650114,10
2024-09-18 15:39:35.481,416.8896140018681,7
2024-09-18 15:39:35.575,416.8986476794708,1001
2024-09-18 15:39:35.651,416.9092814835682,11
2024-09-18 15:39:35.682,416.8974112839232,102
2024-09-18 15:39:35.700,416.9212741950089,11
2024-09-18 15:39:35.818,416.9159783386071,102
2024-09-18 15:39:35.835,416.91646671620026,13
2024-09-18 15:39:35.919,416.9391602675154,98
2024-09-18 15:39:36.007,416.914099591828,99
2024-09-18 15:39:36.025,416.9447179386192,995
2024-09-18 15:39:36.032,416.91663654535887,1004
2024-09-18 15:39:36.071,416.9090477819008,95
2024-09-18 15:39:36.126,416.9148945869194,997
2024-09-18 15:39:36.144,416.9054586592626,11
2024-09-18 15:39:36.158,416.91978813604254,11
2024-09-18 15:39:36.190,416.9054177496255,98
2024-09-18 15:39:36.203,-416.9494715265701,6
2024-09-18 15:39:36.256,416.9353879919613,97
2024-09-18 15:39:36.282,416.921045006349,98
2024-09-18 15:39:36.288,416.91062602171183,1005
2024-09-18 15:39:36.347,416.9128846048927,6
2024-09-18 15:39:36.390,416.92306603969786,999
2024-09-18 15:39:36.408,416.9164608700328,97
2024-09-18 15:39:36.459,416.9246807852853,1003
2024-09-18 15:39:36.490,416.8986753265855,997
2024-09-18 15:39:36.496,416.9129103336055,998
2024-09-18 15:39:36.545,416.90941652259534,11
2024-09-18 15:39:36.566,416.9049420209658,1004
2024-09-18 15:39:36.604,416.9213150693146,8
2024-09-18 15:39:36.672,416.9320450447015,13
2024-09-18 15:39:36.712,416.9217440674562,96
2024-09-18 15:39:36.885,416.9037055671544,99
2024-09-18 15:39:36.886,416.9213199913664,997
2024-09-18 15:39:36.948,416.9277113887466,99
2024-09-18 15:39:36.948,416.9236591749772,98
2024-09-18 15:39:37.051,416.9363385272938,1001
2024-09-18 15:39:37.064,416.9587994941888,10
2024-09-18 15:39:37.070,416.93031959244814,99
2024-09-18 15:39:37.078,416.9287398436712,10
2024-09-18 15:39:37.153,416.9263727876924,6
2024-09-18 15:39:37.155,416.9316582510568,1003
2024-09-18 15:39:37.166,416.9461941802324,995
2024-09-18 15:39:37.172,416.9379094764866,8
2024-09-18 15:39:37.470,416.9270133695691,7
2024-09-18 15:39:37.507,416.921403999528,8
2024-09-18 15:39:37.535,416.9224115514702,12
2024-09-18 15:39:37.557,416.9315562814919,8
2024-09-18 15:39:37.559,416.9352869612676,14
2024-09-18 15:39:37.580,416.9267955800112,96
2024-09-18 15:39:37.589,416.9239407981249,95
2024-09-18 15:39:37.613,416.9402241104581,98
2024-09-18 15:39:37.668,416.9288243020527,98
2024-09-18 15:39:37.696,416.9400370279373,10
2024-09-18 15:39:37.697,416.9204877450514,7
2024-09-18 15:39:37.810,416.945377197449,1000
2024-09-18 15:39:37.814,416.9410023486583,11
2024-09-18 15:39:37.907,416.91333305100864,7
2024-09-18 15:39:37.920,416.9119488265811,96
2024-09-18 15:39:37.975,416.93832821136726,11
2024-09-18 15:39:37.981,416.9149388401616,1005
2024-09-18 15:39:38.112,416.9194275961607,6
2024-09-18 15:39:38.232,416.93128620183546,1004
2024-09-18 15:39:38.239,416.9105793440201,995
2024-09-18 15:39:38.318,416.9058524733456,104
2024-09-18 15:39:38.392,416.9580271890598,14
2024-09-18 15:39:38.438,416.9187440317871,1003
2024-09-18 15:39:38.713,416.9052744104674,9
2024-09-18 15:39:38.721,416.9349447926146,100
2024-09-18 15:39:38.756,416.913845690702,995
2024-09-18 15:39:38.764,416.9165655370385,99
2024-09-18 15:39:38.770,416.9093718018142,104
2024-09-18 15:39:38.942,416.9369300964004,15
2024-09-18 15:39:39.005,416.9260220333989,996
2024-09-18 15:39:39.052,416.94738131708544,104
2024-09-18 15:39:39.109,416.9587148870026,105
2024-09-18 15:39:39.117,416.9409946902818,1005
2024-09-18 15:39:39.133,416.960813573089,997
2024-09-18 15:39:39.133,416.947430553345,95
2024-09-18 15:39:39.137,416.9379477148628,15
2024-09-18 15:39:39.177,416.9170186262096,7
2024-09-18 15:39:39.194,416.9530365486067,95
2024-09-18 15:39:39.205,416.9064723493184,1001
2024-09-18 15:39:39.218,416.956139173107,999
2024-09-18 15:39:39.227,-416.9414668069404,13
2024-09-18 15:39:39.290,416.9563711374941,96
2024-09-18 15:39:39.443,416.9500764220604,996
2024-09-18 15:39:39.457,,96
2024-09-18 15:39:39.530,416.94360483851005,999
2024-09-18 15:39:39.581,416.960735773142,102
2024-09-18 15:39:39.585,416.93558972354657,95
2024-09-18 15:39:39.586,416.9529758723267,1002
2024-09-18 15:39:39.612,416.9540104969341,996
2024-09-18 15:39:39.637,416.9391777099241,998
2024-09-18 15:39:39.651,416.943423167786,998
2024-09-18 15:39:39.694,416.9255930598763,9
2024-09-18 15:39:39.734,416.93583158912566,999
2024-09-18 15:39:39.752,416.9119701077981,1000
2024-09-18 15:39:39.815,416.94239669016855,1001
2024-09-18 15:39:39.849,416.9452808992701,1004
2024-09-18 15:39:39.885,416.9243692664247,103
2024-09-18 15:39:39.903,416.9748603014848,998
2024-09-18 15:39:40.058,416.9036611825507,998
2024-09-18 15:39:40.067,416.90889475311593,100
2024-09-18 15:39:40.101,416.8774945887537,95
2024-09-18 15:39:40.107,416.9059012780526,5
2024-09-18 15:39:40.562,416.8712670649016,104
2024-09-18 15:39:40.703,416.8677390359538,9
2024-09-18 15:39:40.710,416.9110318883099,999
2024-09-18 15:39:40.758,416.8996148777493,14
2024-09-18 15:39:40.773,416.8937540099713,14
2024-09-18 15:39:40.881,416.8917579812628,1005
2024-09-18 15:39:40.888,416.8965244985504,1005
2024-09-18 15:39:40.967,416.8917501862456,105
2024-09-18 15:39:41.009,416.9068379086268,105
2024-09-18 15:39:41.025,416.89764417156505,14
2024-09-18 15:39:41.179,416.872317617545,97
2024-09-18 15:39:41.443,416.8977900708578,104
2024-09-18 15:39:41.646,416.9072437162624,998
2024-09-18 15:39:41.660,416.90564634409566,103
2024-09-18 15:39:41.701,416.9289621020119,1000
2024-09-18 15:39:41.716,416.9244465606248,103
2024-09-18 15:39:41.803,416.90090467293817,7
2024-09-18 15:39:41.872,416.9010492697296,99
2024-09-18 15:39:41.929,416.9027868167448,6
2024-09-18 15:39:41.938,416.9066243944562,99
2024-09-18 15:39:42.141,416.9632735391576,101
2024-09-18 15:39:42.192,416.9809813354004,99
2024-09-18 15:39:42.273,416.96062531993095,12
2024-09-18 15:39:42.314,413.7547305485068,99
2024-09-18 15:39:42.558,416.9678748748525,9
2024-09-18 15:39:43.244,416.9647905703213,998
2024-09-18 15:39:43.528,416.96475365385663,100
2024-09-18 15:39:43.898,416.9735175536428,1000
2024-09-18 15:39:43.984,416.9639917163409,104
2024-09-18 15:39:44.042,417.0688748253894,100
2024-09-18 15:39:44.134,417.021620242644,14
2024-09-18 15:39:44.263,417.0428017187998,1004
2024-09-18 15:39:44.312,417.0036133989363,104
2024-09-18 15:39:44.339,417.0677479871189,12
2024-09-18 15:39:44.343,417.04955772828185,101
2024-09-18 15:39:44.389,417.08270083994654,11
2024-09-18 15:39:44.493,417.0054384442709,5
2024-09-18 15:39:44.518,417.0184888864816,10
2024-09-18 15:39:44.567,417.0570618025896,998
2024-09-18 15:39:44.573,417.0507410384868,1004
2024-09-18 15:39:44.587,417.05558103141,101
2024-09-18 15:39:44.761,417.00341564059073,1005
2024-09-18 15:39:44.769,417.0361434847022,104
2024-09-18 15:39:44.773,417.0517596123221,99
2024-09-18 15:39:44.777,417.0197431767827,102
2024-09-18 15:39:44.790,417.0552900746287,7
2024-09-18 15:39:44.915,416.9750488920926,101
2024-09-18 15:39:44.992,417.0751855926829,6
2024-09-18 15:39:45.056,417.18066165766646,999
2024-09-18 15:39:45.111,417.0628381853338,1005
2024-09-18 15:39:45.123,417.0944242676061,1001
2024-09-18 15:39:45.134,417.0709143275319,11
2024-09-18 15:39:45.218,417.1085168097016,1003
2024-09-18 15:39:45.290,417.0749698495606,99
2024-09-18 15:39:45.373,417.166274460746,100
2024-09-18 15:39:45.388,417.0674949158978,103
2024-09-18 15:39:45.431,417.15951528757824,14
2024-09-18 15:39:45.452,417.1603201378133,7
2024-09-18 15:39:45.563,417.0749037765136,7
2024-09-18 15:39:45.665,417.1425747641539,98
2024-09-18 15:39:45.673,417.1560307984367,996
2024-09-18 15:39:45.674,417.0704203613311,103
2024-09-18 15:39:45.827,417.1801402695221,12
2024-09-18 15:39:45.870,417.079158397821,999
2024-09-18 15:39:45.888,417.07587827057887,1000
2024-09-18 15:39:45.918,417.07254375484456,1005
2024-09-18 15:39:46.110,417.1759286251166,13
2024-09-18 15:39:46.328,417.1781956089577,999
2024-09-18 15:39:46.401,417.1780398703444,95
2024-09-18 15:39:46.569,417.1581992191049,96
2024-09-18 15:39:46.645,417.1479962864156,1002
2024-09-18 15:39:46.808,417.185079646386,15
2024-09-18 15:39:47.063,417.08747098969513,999
2024-09-18 15:39:47.193,417.0653693075421,1005
2024-09-18 15:39:47.231,417.1025266029761,103
2024-09-18 15:39:47.534,417.0927422129458,999
2024-09-18 15:39:47.539,417.0990825173423,999
2024-09-18 15:39:47.743,417.1070558913608,996
2024-09-18 15:39:47.840,417.1129192855472,95
2024-09-18 15:39:47.899,417.07786928556135,98
2024-09-18 15:39:47.960,417.1428882607111,9
2024-09-18 15:39:47.973,417.1355485034103,97
2024-09-18 15:39:48.062,417.0702989843941,104
2024-09-18 15:39:48.066,,1004
2024-09-18 15:39:48.133,417.0716720079501,15
2024-09-18 15:39:48.173,417.077921124068,101
2024-09-18 15:39:48.203,417.0598972595226,1001
2024-09-18 15:39:48.361,417.08453329350704,10
2024-09-18 15:39:48.387,417.088065691162,99
2024-09-18 15:39:48.389,417.1015448496784,105
2024-09-18 15:39:48.494,417.0734139403778,998
2024-09-18 15:39:48.536,417.0763030314018,12
2024-09-18 15:39:48.585,417.0851541017352,1002
2024-09-18 15:39:48.601,417.0740459619872,96
2024-09-18 15:39:48.645,41.70813231912762,13
2024-09-18 15:39:48.653,417.0814492986973,105
2024-09-18 15:39:48.676,417.07223860248587,101
2024-09-18 15:39:48.782,417.0769099641112,103
2024-09-18 15:39:48.785,417.0839167749071,1000
2024-09-18 15:39:48.793,417.0772720968183,1001
2024-09-18 15:39:48.801,417.080098376196,1002
2024-09-18 15:39:48.831,417.0853447063248,9
2024-09-18 15:39:48.908,417.06997814318913,15
2024-09-18 15:39:48.991,417.1029797113824,15
2024-09-18 15:39:50.015,417.1185955549206,10
2024-09-18 15:39:50.076,417.1142862667085,95
2024-09-18 15:39:50.292,417.11743962315705,8
2024-09-18 15:39:50.649,417.1047514483234,96
2024-09-18 15:39:50.668,417.1224997582795,13
2024-09-18 15:39:50.768,417.1282032734311,100
2024-09-18 15:39:51.106,417.10486482205215,995
2024-09-18 15:39:51.910,417.1150063982186,102
2024-09-18 15:39:52.062,417.1185129269196,15
2024-09-18 15:39:52.188,417.119034312296,12
2024-09-18 15:39:52.210,417.123596193707,101
2024-09-18 15:39:52.310,417.1395639364249,1003
2024-09-18 15:39:52.396,417.1315405971787,12
2024-09-18 15:39:52.443,417.1233696961009,5
2024-09-18 15:39:52.595,417.1040886449583,100
2024-09-18 15:39:52.737,417.13090297120016,96
2024-09-18 15:39:52.785,417.1342698330161,95
2024-09-18 15:39:52.829,417.1181192333621,12
2024-09-18 15:39:52.830,417.1141302125875,95
2024-09-18 15:39:52.879,417.101575060157,998
2024-09-18 15:39:53.866,417.1035825243191,105
2024-09-18 15:39:54.011,417.1118239755426,1002
2024-09-18 15:39:54.014,417.12357347746433,1004
2024-09-18 15:39:54.020,417.0988356500475,8
2024-09-18 15:39:54.136,417.1506872780281,1005
2024-09-18 15:39:54.153,417.1181622846712,8
2024-09-18 15:39:54.169,417.137476591845,1000
2024-09-18 15:39:54.249,417.1369550264597,998
2024-09-18 15:39:54.263,417.1135540704067,999
2024-09-18 15:39:54.268,417.0935334295477,7
2024-09-18 15:39:54.349,417.1353440873221,101
2024-09-18 15:39:54.501,417.1196715931384,103
2024-09-18 15:39:54.508,417.1429291178697,1003
2024-09-18 15:39:54.532,-417.155431511172,999
2024-09-18 15:39:54.600,417.1441332911871,996
2024-09-18 15:39:54.626,,999
2024-09-18 15:39:54.690,417.1577889642699,97
2024-09-18 15:39:54.691,417.14677379941975,995
2024-09-18 15:39:54.694,417.1262264308411,99
2024-09-18 15:39:54.716,417.1144411337538,14
2024-09-18 15:39:54.722,417.1223377017628,1002
2024-09-18 15:39:54.723,417.1243680891502,997
2024-09-18 15:39:54.758,417.13432296187904,12
2024-09-18 15:39:54.777,417.1159003227367,997
2024-09-18 15:39:54.814,417.1514526269247,104
2024-09-18 15:39:54.857,417.0957045552474,98
2024-09-18 15:39:54.865,417.111425719368,999
2024-09-18 15:39:54.866,417.0966539573332,996
2024-09-18 15:39:54.867,417.1032341804761,997
2024-09-18 15:39:54.909,417.1456948691692,998
2024-09-18 15:39:54.921,417.08782230927926,98
2024-09-18 15:39:55.196,417.1415124771505,1001
2024-09-18 15:39:55.306,417.1320260481508,11
2024-09-18 15:39:55.325,417.1207934021457,11
2024-09-18 15:39:55.328,417.1313553747129,999
2024-09-18 15:39:55.521,413.9217172688648,1002
2024-09-18 15:39:55.838,417.13142458435016,99
2024-09-18 15:39:56.099,417.10878116703606,15
2024-09-18 15:39:56.128,417.1405519589664,8
2024-09-18 15:39:56.164,417.0773639811977,104
2024-09-18 15:39:56.203,417.13520651235257,103
2024-09-18 15:39:56.241,417.1365611717185,99
2024-09-18 15:39:56.242,417.118032469626,102
2024-09-18 15:39:56.316,417.09887600544505,1000
2024-09-18 15:39:56.328,417.07447277009777,105
2024-09-18 15:39:56.442,417.0871339732186,14
2024-09-18 15:39:56.449,417.10012299920106,101
2024-09-18 15:39:56.471,417.0797973231517,995
2024-09-18 15:39:56.498,417.1084331944471,102
2024-09-18 15:39:56.504,417.09801788023776,97
2024-09-18 15:39:56.507,417.1415441810939,100
2024-09-18 15:39:56.515,417.0810979217799,11
2024-09-18 15:39:56.538,417.106975106854,1004
2024-09-18 15:39:56.654,417.10205245461816,99
2024-09-18 15:39:56.709,417.14353480627335,11
2024-09-18 15:39:56.717,417.1378901132322,1002
2024-09-18 15:39:56.731,417.1392715245364,1001
2024-09-18 15:39:56.789,417.1436499862132,8
2024-09-18 15:39:56.886,417.1250256271413,9
2024-09-18 15:39:56.890,417.08134991542016,103
2024-09-18 15:39:56.891,417.095121131729,6
2024-09-18 15:39:56.894,417.0798612028741,7
2024-09-18 15:39:56.907,417.11324505741817,12
2024-09-18 15:39:56.937,417.0839366413428,96
2024-09-18 15:39:56.943,417.1013043522599,13
2024-09-18 15:39:56.969,417.1027055412196,13
2024-09-18 15:39:56.999,417.0825219330189,102
2024-09-18 15:39:57.086,417.0961998711625,13
2024-09-18 15:39:57.240,417.09131553155606,1004
2024-09-18 15:39:57.323,417.1103793578937,1000
2024-09-18 15:39:57.352,417.0956150893685,996
2024-09-18 15:39:57.359,417.0963947272912,12
2024-09-18 15:39:57.362,417.1170910868457,96
2024-09-18 15:39:57.503,417.1189116592176,1002
2024-09-18 15:39:57.551,41.7109861497266,13
2024-09-18 15:39:57.671,417.1320566678231,8
2024-09-18 15:39:57.682,417.1116393893249,104
2024-09-18 15:39:57.722,417.1088517584552,1003
2024-09-18 15:39:57.738,417.0859508535796,103
2024-09-18 15:39:57.809,417.09561409076366,998
2024-09-18 15:39:57.810,417.0861971961491,103
2024-09-18 15:39:57.824,417.10765085881945,11
2024-09-18 15:39:57.837,417.1017037659486,1004
2024-09-18 15:39:57.842,417.12287541987854,1005
2024-09-18 15:39:57.905,417.10161004902574,996
2024-09-18 15:39:57.932,417.10289841335214,999
2024-09-18 15:39:57.939,417.1374061020516,13
2024-09-18 15:39:57.945,417.1010883790056,95
2024-09-18 15:39:58.031,417.111772454414,995
2024-09-18 15:39:58.146,41.71168522456424,1000
2024-09-18 15:39:58.150,417.10652151164993,1003
2024-09-18 15:39:58.185,417.1518032098943,99
2024-09-18 15:39:58.193,417.10954670247503,9
2024-09-18 15:39:58.232,417.13110338889794,15
2024-09-18 15:39:58.235,417.12958918005233,10
2024-09-18 15:39:58.300,417.12961174425857,5
2024-09-18 15:39:58.339,417.1187241742508,1002
2024-09-18 15:39:58.357,417.0933427743394,105
2024-09-18 15:39:58.462,417.108560722389,96
2024-09-18 15:39:58.466,417.1561257538802,999
2024-09-18 15:39:58.468,417.1242455490261,96
2024-09-18 15:39:58.523,417.0797534402972,1002
2024-09-18 15:39:58.539,417.125359756444,1004
2024-09-18 15:39:58.548,417.1288900077357,104
2024-09-18 15:39:58.554,417.1304886201224,99
2024-09-18 15:39:58.564,417.1419070695642,99
2024-09-18 15:39:58.604,417.1289861473917,99
2024-09-18 15:39:58.650,417.1337849070856,11
2024-09-18 15:39:58.760,417.0919483736321,95
2024-09-18 15:39:58.795,417.0982128384295,102
2024-09-18 15:39:58.852,417.1344478745281,11
2024-09-18 15:39:58.858,417.0895156956849,9
2024-09-18 15:39:58.880,417.0871135848028,1003
2024-09-18 15:39:58.888,417.0946970407816,8
2024-09-18 15:39:59.049,417.0676098360407,1004
2024-09-18 15:39:59.074,417.0780369411742,104
2024-09-18 15:39:59.118,417.06189566285695,996
2024-09-18 15:39:59.141,417.0569420109888,100
2024-09-18 15:39:59.142,417.0920556329402,996
2024-09-18 15:39:59.202,417.05940379612,1004
2024-09-18 15:39:59.226,417.0644478707635,95
2024-09-18 15:39:59.270,417.0521778437047,995
2024-09-18 15:39:59.272,417.0600896010442,1005
2024-09-18 15:39:59.283,417.0937374877674,13
2024-09-18 15:39:59.287,417.0747701830573,12
2024-09-18 15:39:59.350,417.1004100213552,100
2024-09-18 15:39:59.359,417.0684173915676,97
2024-09-18 15:39:59.371,417.0860907075719,100
2024-09-18 15:39:59.448,417.0893174797441,996
2024-09-18 15:39:59.466,417.0874413595041,99
2024-09-18 15:39:59.471,417.0857771233049,1004
2024-09-18 15:39:59.496,417.0823027258031,6
2024-09-18 15:39:59.500,417.0874996382181,11
2024-09-18 15:39:59.532,417.10042740174,1003
2024-09-18 15:39:59.682,417.11283639543103,99
2024-09-18 15:39:59.686,417.0944154332695,999
2024-09-18 15:39:59.714,417.0895196796533,98
2024-09-18 15:39:59.777,417.091487866257,104
2024-09-18 15:39:59.782,417.0981510614714,999
2024-09-18 15:39:59.810,417.0605381491656,13
2024-09-18 15:39:59.912,417.0649732840229,1005
2024-09-18 15:39:59.927,417.0595908711269,100
