Timestamp,Price,Size
2024-09-17 10:37:00.084,415.0469773206786,14
2024-09-17 10:37:00.428,415.0266822847887,101
2024-09-17 10:37:00.430,415.0462006345229,9
2024-09-17 10:37:00.494,415.0334280595406,996
2024-09-17 10:37:00.749,415.0534108854381,1004
2024-09-17 10:37:00.752,415.01360642075934,103
2024-09-17 10:37:00.809,415.0185501716469,1002
2024-09-17 10:37:00.908,415.0636437173554,998
2024-09-17 10:37:01.067,415.0883089712064,995
2024-09-17 10:37:01.200,415.0504772064155,13
2024-09-17 10:37:01.254,415.0843931583794,998
2024-09-17 10:37:01.300,415.0934831411882,14
2024-09-17 10:37:01.325,415.111189026411,998
2024-09-17 10:37:01.368,415.0766432070705,11
2024-09-17 10:37:01.478,415.0758199628369,95
2024-09-17 10:37:01.617,415.0607131535645,1004
2024-09-17 10:37:01.635,415.0893086109277,998
2024-09-17 10:37:01.733,415.111080884358,9
2024-09-17 10:37:02.129,415.0230918878112,998
2024-09-17 10:37:02.243,415.0623929058517,100
2024-09-17 10:37:02.604,415.0501460657857,998
2024-09-17 10:37:02.633,415.0316638795265,96
2024-09-17 10:37:02.874,415.0558475588207,101
2024-09-17 10:37:03.029,414.9885760446264,997
2024-09-17 10:37:03.102,414.98230658913786,10
2024-09-17 10:37:03.110,415.0039199556795,995
2024-09-17 10:37:03.206,415.0375149807259,95
2024-09-17 10:37:03.210,414.9827220002463,996
2024-09-17 10:37:03.235,415.0013320864893,7
2024-09-17 10:37:03.341,414.98311158621954,10
2024-09-17 10:37:03.345,415.0040446274956,6
2024-09-17 10:37:03.355,414.9884047133689,95
2024-09-17 10:37:03.381,414.99226675652505,1003
2024-09-17 10:37:03.383,415.0154291316956,998
2024-09-17 10:37:03.385,414.97227356134505,98
2024-09-17 10:37:03.397,415.0246864602591,15
2024-09-17 10:37:03.406,415.00356992960576,96
2024-09-17 10:37:03.487,415.0045749146204,997
2024-09-17 10:37:03.511,414.9929145645511,997
2024-09-17 10:37:03.519,414.984690866321,6
2024-09-17 10:37:03.573,415.0123336402968,15
2024-09-17 10:37:03.658,415.03631070140347,8
2024-09-17 10:37:03.660,414.99453308351167,7
2024-09-17 10:37:03.703,415.0298831049082,7
2024-09-17 10:37:03.733,415.028132135289,15
2024-09-17 10:37:03.755,414.983978997255,102
2024-09-17 10:37:03.759,414.991233211141,105
2024-09-17 10:37:03.853,415.0136503653477,13
2024-09-17 10:37:03.933,415.0316585020975,104
2024-09-17 10:37:03.957,414.9925408432581,8
2024-09-17 10:37:03.969,415.0122077361159,14
2024-09-17 10:37:04.001,414.983803984944,999
2024-09-17 10:37:04.056,415.0043546456155,102
2024-09-17 10:37:04.102,414.9973896827329,100
2024-09-17 10:37:04.105,415.00104841447296,96
2024-09-17 10:37:04.132,414.9508137178644,996
2024-09-17 10:37:04.194,414.9810143288415,100
2024-09-17 10:37:04.213,414.9438803212224,101
2024-09-17 10:37:04.306,414.96792420864233,995
2024-09-17 10:37:04.325,414.9612629262444,104
2024-09-17 10:37:04.354,414.9383125958001,9
2024-09-17 10:37:04.356,414.938259066516,95
2024-09-17 10:37:04.483,41.49506106739565,995
2024-09-17 10:37:04.488,414.9386016342031,1005
2024-09-17 10:37:04.717,415.00493069199234,7
2024-09-17 10:37:04.924,414.94527241411953,15
2024-09-17 10:37:05.027,414.9456179618146,995
2024-09-17 10:37:05.039,414.95514220727176,1002
2024-09-17 10:37:05.050,414.9486045459436,10
2024-09-17 10:37:05.194,414.94770637737975,998
2024-09-17 10:37:05.296,414.9413140535756,97
2024-09-17 10:37:05.305,414.9138473379714,15
2024-09-17 10:37:05.334,414.9285701889392,5
2024-09-17 10:37:05.413,414.9025359411704,96
2024-09-17 10:37:05.441,414.9408515777074,14
2024-09-17 10:37:05.492,414.9193058654606,999
2024-09-17 10:37:05.533,414.9150195878128,102
2024-09-17 10:37:05.692,414.92998197518057,99
2024-09-17 10:37:05.703,414.941735011928,1005
2024-09-17 10:37:05.734,414.9233616322688,105
2024-09-17 10:37:05.785,414.9289561981999,102
2024-09-17 10:37:05.838,414.89473923047984,1005
2024-09-17 10:37:05.928,414.9150095895664,8
2024-09-17 10:37:05.950,414.9545880695277,1005
2024-09-17 10:37:06.033,414.8920513201469,999
2024-09-17 10:37:06.067,414.8713040825901,10
2024-09-17 10:37:06.270,414.8700324069064,15
2024-09-17 10:37:06.306,414.8863415923086,7
2024-09-17 10:37:06.346,414.8647711783609,1001
2024-09-17 10:37:06.476,414.8739402960833,10
2024-09-17 10:37:06.525,414.8714549496093,996
2024-09-17 10:37:06.903,414.8612562534138,14
2024-09-17 10:37:06.915,414.869162259544,8
2024-09-17 10:37:06.991,414.85759415343256,102
2024-09-17 10:37:07.122,414.8445761345528,6
2024-09-17 10:37:07.279,414.8341383198738,96
2024-09-17 10:37:07.353,414.88351944322,1004
2024-09-17 10:37:07.465,414.839778569256,996
2024-09-17 10:37:07.483,414.8181242126822,105
2024-09-17 10:37:07.510,414.808104078603,1000
2024-09-17 10:37:07.532,414.8034579815943,999
2024-09-17 10:37:07.599,414.879400115889,9
2024-09-17 10:37:07.633,414.80797275079806,997
2024-09-17 10:37:07.643,414.8143850917191,104
2024-09-17 10:37:07.656,414.857916391082,5
2024-09-17 10:37:07.696,414.8140090631934,101
2024-09-17 10:37:07.774,414.7898906187791,97
2024-09-17 10:37:07.780,414.8373418174032,1003
2024-09-17 10:37:07.795,414.8062470872207,101
2024-09-17 10:37:07.795,414.7923155965731,996
2024-09-17 10:37:07.842,414.8145223203721,8
2024-09-17 10:37:07.872,414.82887206191896,105
2024-09-17 10:37:07.914,414.8582263416874,8
2024-09-17 10:37:07.965,414.8707355342048,95
2024-09-17 10:37:08.084,414.76961932997096,101
2024-09-17 10:37:08.084,414.7589535731064,104
2024-09-17 10:37:08.149,414.7849839736816,996
2024-09-17 10:37:08.190,414.7697385388453,10
2024-09-17 10:37:08.217,414.79503178619206,995
2024-09-17 10:37:08.331,414.7731349829033,96
2024-09-17 10:37:08.455,414.8053427971656,5
2024-09-17 10:37:08.471,414.7636564177532,1000
2024-09-17 10:37:08.473,414.7899744888528,96
2024-09-17 10:37:08.747,414.793662828496,998
2024-09-17 10:37:08.758,414.7679088749636,1005
2024-09-17 10:37:08.827,414.82285381232,1001
2024-09-17 10:37:08.965,414.77615879120697,11
2024-09-17 10:37:08.998,414.8148484528872,1002
2024-09-17 10:37:09.039,414.8511977129848,96
2024-09-17 10:37:09.045,414.8352199695892,998
2024-09-17 10:37:09.167,414.7816019144559,996
2024-09-17 10:37:09.179,414.8121213519928,105
2024-09-17 10:37:09.270,414.756663834783,99
2024-09-17 10:37:09.275,414.7957455633356,95
2024-09-17 10:37:09.277,414.793559520948,996
2024-09-17 10:37:09.280,414.802051547581,15
2024-09-17 10:37:09.374,414.7687542984775,996
2024-09-17 10:37:09.424,414.7875886533581,105
2024-09-17 10:37:09.427,414.7829080950284,998
2024-09-17 10:37:09.463,414.7952801574776,99
2024-09-17 10:37:09.513,414.8243639687226,103
2024-09-17 10:37:09.521,414.77361621513467,102
2024-09-17 10:37:09.541,414.77528112599407,1002
2024-09-17 10:37:09.587,414.76898886944775,1002
2024-09-17 10:37:09.632,414.7721201093324,998
2024-09-17 10:37:09.686,414.7814067711046,96
2024-09-17 10:37:09.721,414.7814832000966,8
2024-09-17 10:37:09.729,414.8489145741707,1003
2024-09-17 10:37:09.741,414.8333571302492,1004
2024-09-17 10:37:09.761,414.8375777891702,15
2024-09-17 10:37:09.776,414.7771239213362,1000
2024-09-17 10:37:09.875,414.82378162458446,14
2024-09-17 10:37:09.951,414.76669809072456,102
2024-09-17 10:37:10.140,414.7802494780957,1001
2024-09-17 10:37:10.175,414.7747442490207,104
2024-09-17 10:37:10.205,414.7597194659508,6
2024-09-17 10:37:10.275,414.7686265300413,101
2024-09-17 10:37:10.280,414.781203065542,5
2024-09-17 10:37:10.291,414.76542893575527,95
2024-09-17 10:37:10.298,414.7638542429544,8
2024-09-17 10:37:10.326,414.7646285008974,103
2024-09-17 10:37:10.352,414.74868890186286,103
2024-09-17 10:37:10.371,414.76765417035176,1002
2024-09-17 10:37:10.396,414.7597541300428,102
2024-09-17 10:37:10.411,414.7766113266549,8
2024-09-17 10:37:10.425,414.75555309642624,98
2024-09-17 10:37:10.506,414.7649997457731,96
2024-09-17 10:37:10.578,414.7763824227772,14
2024-09-17 10:37:10.644,414.7626534499097,9
2024-09-17 10:37:10.651,414.76834581726416,103
2024-09-17 10:37:10.678,414.7605791027987,98
2024-09-17 10:37:10.773,414.7642996947675,97
2024-09-17 10:37:10.778,414.7707927819429,9
2024-09-17 10:37:10.935,-414.7719209346168,98
2024-09-17 10:37:10.945,414.7674419731473,1002
2024-09-17 10:37:10.958,414.7717950303733,1002
2024-09-17 10:37:11.001,414.74653549690186,999
2024-09-17 10:37:11.079,414.7720935256434,97
2024-09-17 10:37:11.284,414.75833196298856,1000
2024-09-17 10:37:11.386,,100
2024-09-17 10:37:11.481,414.76903507041663,96
2024-09-17 10:37:11.626,414.7625804939572,11
2024-09-17 10:37:11.629,414.766786422453,13
2024-09-17 10:37:11.868,414.7917301861831,103
2024-09-17 10:37:12.048,414.782723936164,101
2024-09-17 10:37:12.062,414.7632626683332,5
2024-09-17 10:37:12.154,414.7794827124967,1001
2024-09-17 10:37:12.220,414.7970446731528,13
2024-09-17 10:37:12.237,414.7801741050671,996
2024-09-17 10:37:12.251,414.8131646423572,95
2024-09-17 10:37:12.260,414.80109533424167,9
2024-09-17 10:37:12.267,414.7777671213607,14
2024-09-17 10:37:12.286,414.83001634404815,999
2024-09-17 10:37:12.288,414.7962829842304,1001
2024-09-17 10:37:12.337,414.8089946167668,1000
2024-09-17 10:37:12.380,414.7884783391424,999
2024-09-17 10:37:12.482,414.81865771327097,101
2024-09-17 10:37:12.504,414.8006386430707,7
2024-09-17 10:37:12.523,414.796625629944,9
2024-09-17 10:37:12.561,414.7777482901191,997
2024-09-17 10:37:12.631,414.8047376745938,102
2024-09-17 10:37:12.632,414.7630199890282,102
2024-09-17 10:37:12.692,414.7908826723082,996
2024-09-17 10:37:12.810,414.80633648404097,1001
2024-09-17 10:37:12.899,414.8068337370021,998
2024-09-17 10:37:12.904,414.7733299011879,96
2024-09-17 10:37:12.996,414.8103978373082,98
2024-09-17 10:37:13.010,414.7533317083079,997
2024-09-17 10:37:13.012,414.7135870772672,1002
2024-09-17 10:37:13.062,414.7109826599406,997
2024-09-17 10:37:13.078,414.7428613125096,1005
2024-09-17 10:37:13.090,414.67790288032216,96
2024-09-17 10:37:13.094,414.677297124056,8
2024-09-17 10:37:13.154,414.73430060357646,12
2024-09-17 10:37:13.157,414.7329507629341,10
2024-09-17 10:37:13.193,414.7146393892593,15
2024-09-17 10:37:13.201,414.7679599946411,10
2024-09-17 10:37:13.261,414.7401633620971,12
2024-09-17 10:37:13.285,414.71054330510856,995
2024-09-17 10:37:13.412,414.7049519764154,14
2024-09-17 10:37:13.432,414.7421320876156,100
2024-09-17 10:37:13.487,414.7316099296013,998
2024-09-17 10:37:13.543,414.7010887300619,95
2024-09-17 10:37:13.625,414.6796763546205,5
2024-09-17 10:37:13.632,414.7313362402824,996
2024-09-17 10:37:13.637,414.72822848206073,11
2024-09-17 10:37:13.644,414.7200125500851,1001
2024-09-17 10:37:13.664,414.708478895584,98
2024-09-17 10:37:13.692,414.7087387495167,14
2024-09-17 10:37:13.709,414.7359802287559,996
2024-09-17 10:37:13.749,414.7378081416012,998
2024-09-17 10:37:13.816,414.6851094652762,998
2024-09-17 10:37:13.893,414.7194663876342,95
2024-09-17 10:37:13.910,414.7090312133897,1005
2024-09-17 10:37:13.942,414.67713913920846,1002
2024-09-17 10:37:13.965,414.7032674575573,95
2024-09-17 10:37:13.981,414.6628372684938,95
2024-09-17 10:37:14.129,414.7730921463235,999
2024-09-17 10:37:14.184,414.7579621169404,104
2024-09-17 10:37:14.280,414.7721511173759,102
2024-09-17 10:37:14.303,414.736856019266,5
2024-09-17 10:37:14.356,414.741065146756,96
2024-09-17 10:37:14.442,414.7694827808855,6
2024-09-17 10:37:14.527,414.7498135549013,15
2024-09-17 10:37:14.603,414.75155602181496,14
2024-09-17 10:37:14.624,414.77439146803977,5
2024-09-17 10:37:14.643,414.7478647790531,1000
2024-09-17 10:37:14.680,414.7754263727031,999
2024-09-17 10:37:14.702,414.7360761108689,102
2024-09-17 10:37:14.775,414.7707482215953,999
2024-09-17 10:37:14.805,414.7518279710473,105
2024-09-17 10:37:14.805,414.7483830013442,99
2024-09-17 10:37:14.837,414.7404574025069,98
2024-09-17 10:37:14.882,414.7727478689716,6
2024-09-17 10:37:14.989,414.755667778405,11
2024-09-17 10:37:15.021,414.7237871987878,1001
2024-09-17 10:37:15.089,414.78536032502376,1004
2024-09-17 10:37:15.101,414.7552239923715,105
2024-09-17 10:37:15.130,414.7512478770331,98
2024-09-17 10:37:15.229,414.7326258857527,1000
2024-09-17 10:37:15.261,414.7627945446041,102
2024-09-17 10:37:15.360,414.756896541472,9
2024-09-17 10:37:15.526,414.75386042659255,10
2024-09-17 10:37:15.548,414.7756013504367,101
2024-09-17 10:37:15.595,414.7528447610733,10
2024-09-17 10:37:15.610,,998
2024-09-17 10:37:15.660,414.765943458448,14
2024-09-17 10:37:15.698,414.7684212731797,1001
2024-09-17 10:37:15.734,41.47679077746143,10
2024-09-17 10:37:15.736,414.7445264366338,997
2024-09-17 10:37:15.751,414.7877884143785,997
2024-09-17 10:37:15.789,414.73042059662055,98
2024-09-17 10:37:15.812,,15
2024-09-17 10:37:15.846,414.7497912009566,1003
2024-09-17 10:37:15.891,414.7595131420255,1004
2024-09-17 10:37:15.944,414.74942992113097,101
2024-09-17 10:37:15.956,414.7443762679948,997
2024-09-17 10:37:15.964,414.7770888887881,102
2024-09-17 10:37:16.026,414.7609873415618,105
2024-09-17 10:37:16.087,,995
2024-09-17 10:37:16.241,414.8304866434822,11
2024-09-17 10:37:16.283,414.8043980663992,7
2024-09-17 10:37:16.308,414.81197232716096,101
2024-09-17 10:37:16.340,414.8013313715728,997
2024-09-17 10:37:16.485,414.8044791059607,11
2024-09-17 10:37:16.488,414.7634136618466,14
2024-09-17 10:37:16.493,414.7680850611145,96
2024-09-17 10:37:16.516,414.8340093595048,7
2024-09-17 10:37:16.542,414.8134239967693,5
2024-09-17 10:37:16.544,414.77487090452223,998
2024-09-17 10:37:16.625,414.7963032269441,1000
2024-09-17 10:37:16.698,414.7969894714513,999
2024-09-17 10:37:16.785,414.8242245506445,99
2024-09-17 10:37:16.786,414.7725095144012,999
2024-09-17 10:37:16.831,414.7938323976616,5
2024-09-17 10:37:16.855,414.7619577004023,97
2024-09-17 10:37:17.086,414.83479474603615,7
2024-09-17 10:37:17.244,414.8164628682937,1001
2024-09-17 10:37:17.292,414.8418173089527,96
2024-09-17 10:37:17.375,414.8343098230295,1003
2024-09-17 10:37:17.434,414.8144257817801,997
2024-09-17 10:37:17.473,414.8080727577256,1005
2024-09-17 10:37:17.501,414.81928015105086,12
2024-09-17 10:37:17.507,414.8356910893991,98
2024-09-17 10:37:17.508,414.8305849797465,1001
2024-09-17 10:37:17.512,414.8472901179073,1000
2024-09-17 10:37:17.522,414.8374428608744,105
2024-09-17 10:37:17.594,414.82973569205205,11
2024-09-17 10:37:17.598,414.8530287551351,102
2024-09-17 10:37:17.670,414.8425116479265,12
2024-09-17 10:37:17.735,414.8377090617988,97
2024-09-17 10:37:17.761,414.8438436737899,101
2024-09-17 10:37:17.837,414.8171152835975,996
2024-09-17 10:37:17.838,414.8282856726575,999
2024-09-17 10:37:17.888,414.8415911445598,14
2024-09-17 10:37:17.889,414.8137719003362,1001
2024-09-17 10:37:17.946,414.8491278174086,13
2024-09-17 10:37:17.949,414.8097240941735,10
2024-09-17 10:37:17.978,414.8321502149104,997
2024-09-17 10:37:18.094,414.82188137961936,97
2024-09-17 10:37:18.096,414.88582361569576,1001
2024-09-17 10:37:18.159,414.8968365236757,97
2024-09-17 10:37:18.164,414.8280426133405,8
2024-09-17 10:37:18.184,414.80423272287686,1001
2024-09-17 10:37:18.254,414.8509409886182,105
2024-09-17 10:37:18.325,414.8315377981041,995
2024-09-17 10:37:18.331,414.821310464441,104
2024-09-17 10:37:18.383,414.8802213720472,1000
2024-09-17 10:37:18.385,414.82362913396383,1001
2024-09-17 10:37:18.391,414.8593875976386,101
2024-09-17 10:37:18.424,414.8344713870279,97
2024-09-17 10:37:18.427,414.8483285718279,1002
2024-09-17 10:37:18.517,414.855732049543,995
2024-09-17 10:37:18.530,414.8326557538082,98
2024-09-17 10:37:18.571,414.83736326892017,99
2024-09-17 10:37:18.577,414.8968132762208,97
2024-09-17 10:37:18.602,414.85148935279705,102
2024-09-17 10:37:18.611,414.8308655442792,7
2024-09-17 10:37:18.667,414.83992053579806,11
2024-09-17 10:37:18.671,414.8661764292887,997
2024-09-17 10:37:18.749,414.8277822308375,8
2024-09-17 10:37:18.766,414.8179839253072,1002
2024-09-17 10:37:18.863,414.8516238140669,1002
2024-09-17 10:37:18.910,414.87731065823726,15
2024-09-17 10:37:19.248,414.8567027620208,95
2024-09-17 10:37:19.267,414.8812707298962,999
2024-09-17 10:37:19.308,414.8560145669086,100
2024-09-17 10:37:19.391,414.8665931189066,1004
2024-09-17 10:37:19.446,414.8360098052535,1000
2024-09-17 10:37:19.710,414.8370404305554,1002
2024-09-17 10:37:19.770,414.8531291582945,8
2024-09-17 10:37:19.921,414.8307022107681,997
2024-09-17 10:37:20.002,414.8540356226262,8
2024-09-17 10:37:20.048,414.87664214567127,999
2024-09-17 10:37:20.125,414.84112027819054,9
2024-09-17 10:37:20.204,414.9040452303961,95
2024-09-17 10:37:20.315,414.8687260953773,98
2024-09-17 10:37:20.362,414.89626350982326,11
2024-09-17 10:37:20.386,414.8759312687325,11
2024-09-17 10:37:20.394,414.9212162285737,995
2024-09-17 10:37:20.438,414.8280236459628,1004
2024-09-17 10:37:20.451,414.85739498904974,1004
2024-09-17 10:37:20.511,414.8295308663028,104
2024-09-17 10:37:20.529,414.8686897496058,97
2024-09-17 10:37:20.558,414.85796485596217,12
2024-09-17 10:37:20.562,414.9000179297566,9
2024-09-17 10:37:20.572,414.8757344114837,1000
2024-09-17 10:37:20.587,414.8409920438303,104
2024-09-17 10:37:20.594,414.8957268213177,1005
2024-09-17 10:37:20.665,414.8284452642526,96
2024-09-17 10:37:20.728,414.8680349185227,95
2024-09-17 10:37:20.843,414.8733444507674,102
2024-09-17 10:37:20.853,414.92442122154654,1003
2024-09-17 10:37:20.921,414.8566794318007,5
2024-09-17 10:37:21.132,414.931781268205,7
2024-09-17 10:37:21.570,414.91337486192447,997
2024-09-17 10:37:21.716,414.9462573970546,8
2024-09-17 10:37:22.140,41.486967742388686,995
2024-09-17 10:37:22.171,414.8994752564629,1002
2024-09-17 10:37:22.400,414.8697554962559,1002
2024-09-17 10:37:22.434,414.8578929750597,103
2024-09-17 10:37:22.435,414.8612026817344,99
2024-09-17 10:37:22.476,414.84614066352674,100
2024-09-17 10:37:22.482,414.8332375697579,14
2024-09-17 10:37:22.795,414.8544783125149,100
2024-09-17 10:37:22.948,414.8462516493704,10
2024-09-17 10:37:23.005,414.88169520624535,1005
2024-09-17 10:37:23.014,414.8493480651829,1004
2024-09-17 10:37:23.156,414.8409430400462,101
2024-09-17 10:37:23.190,414.8674144819643,105
2024-09-17 10:37:23.232,414.8797313409312,14
2024-09-17 10:37:23.259,414.8701022420284,98
2024-09-17 10:37:23.260,414.8449266279208,101
2024-09-17 10:37:23.287,414.823560948837,13
2024-09-17 10:37:23.323,414.8456031034211,995
2024-09-17 10:37:23.366,414.8378796442225,97
2024-09-17 10:37:23.370,414.85897364959663,96
2024-09-17 10:37:23.406,414.8406318816429,104
2024-09-17 10:37:23.424,414.8543949192967,15
2024-09-17 10:37:23.506,414.8803333499406,104
2024-09-17 10:37:23.552,414.854170677369,101
2024-09-17 10:37:23.556,414.85881432114735,105
2024-09-17 10:37:23.565,414.8454840653822,104
2024-09-17 10:37:23.583,414.85046812722095,96
2024-09-17 10:37:23.599,414.8376351330217,104
2024-09-17 10:37:23.610,414.881788883779,105
2024-09-17 10:37:23.615,414.84110184596506,1002
2024-09-17 10:37:23.705,414.8607789010426,97
2024-09-17 10:37:23.714,414.8408543323004,105
2024-09-17 10:37:23.729,414.8553444847717,102
2024-09-17 10:37:23.752,414.8629631459015,6
2024-09-17 10:37:23.793,414.837877368422,101
2024-09-17 10:37:23.818,414.8505970997838,12
2024-09-17 10:37:23.826,414.8429604784817,13
2024-09-17 10:37:23.913,414.8581423586997,101
2024-09-17 10:37:23.954,414.8667823997105,7
2024-09-17 10:37:24.182,414.8557417243644,9
2024-09-17 10:37:24.295,414.8869132581768,7
2024-09-17 10:37:24.463,414.87069024778384,97
2024-09-17 10:37:24.490,414.84679546701017,9
2024-09-17 10:37:24.597,414.85901240180857,101
2024-09-17 10:37:24.682,414.8576125840837,1004
2024-09-17 10:37:24.932,414.8906174085788,98
2024-09-17 10:37:24.988,414.86963360842816,14
2024-09-17 10:37:25.006,414.905973620744,12
2024-09-17 10:37:25.018,414.89471275765766,104
2024-09-17 10:37:25.027,414.8877858202262,95
2024-09-17 10:37:25.097,414.89726466672073,15
2024-09-17 10:37:25.108,414.8791775743564,98
2024-09-17 10:37:25.140,414.9079604528909,11
2024-09-17 10:37:25.176,414.8683351790882,996
2024-09-17 10:37:25.243,414.8849050452384,1003
2024-09-17 10:37:25.292,414.8849619996953,15
2024-09-17 10:37:25.344,414.9021596987747,995
2024-09-17 10:37:25.385,414.9051134595015,1004
2024-09-17 10:37:25.445,414.8692459764814,97
2024-09-17 10:37:25.679,414.9123467292811,105
2024-09-17 10:37:25.702,414.9127209535732,7
2024-09-17 10:37:25.797,414.87489340803086,104
2024-09-17 10:37:25.835,414.8911292784076,7
2024-09-17 10:37:25.843,414.9062626293762,1001
2024-09-17 10:37:25.914,414.8826967347238,105
2024-09-17 10:37:26.082,414.85863586568416,99
2024-09-17 10:37:26.117,414.87508753216935,9
2024-09-17 10:37:26.157,414.84387139859376,102
2024-09-17 10:37:26.362,414.8595919514239,8
2024-09-17 10:37:26.374,414.7883101811201,5
2024-09-17 10:37:26.416,414.8260904689362,1003
2024-09-17 10:37:26.499,414.7977560979339,6
2024-09-17 10:37:26.519,414.7874623537255,96
2024-09-17 10:37:26.542,414.7857010999391,10
2024-09-17 10:37:26.637,414.78970318836986,99
2024-09-17 10:37:26.833,414.89957080174,97
2024-09-17 10:37:26.896,414.8113176690054,10
2024-09-17 10:37:26.897,414.7875549475914,999
2024-09-17 10:37:26.960,414.8268887552404,1000
2024-09-17 10:37:27.228,414.7836996901647,101
2024-09-17 10:37:27.273,414.8235076180216,1000
2024-09-17 10:37:27.293,414.79918255873247,11
2024-09-17 10:37:27.306,414.8250880731741,99
2024-09-17 10:37:27.382,414.84025322605817,95
2024-09-17 10:37:27.466,414.80268277960175,5
2024-09-17 10:37:27.585,41.48397250775516,100
2024-09-17 10:37:27.637,,100
2024-09-17 10:37:27.674,414.789183700534,10
2024-09-17 10:37:27.693,414.77724919563,995
2024-09-17 10:37:27.713,414.7863874191758,1004
2024-09-17 10:37:27.764,414.823315052454,999
2024-09-17 10:37:27.765,414.8115283944889,11
2024-09-17 10:37:27.772,414.7908787673935,1001
2024-09-17 10:37:27.836,414.80376549856624,1004
2024-09-17 10:37:27.880,414.79941753068056,101
2024-09-17 10:37:27.902,414.79099025287695,99
2024-09-17 10:37:27.911,414.819448615017,1001
2024-09-17 10:37:28.687,414.7885117793912,103
2024-09-17 10:37:29.084,414.8495004148016,104
2024-09-17 10:37:29.127,414.84623953266026,1005
2024-09-17 10:37:29.180,414.8138186441205,1000
2024-09-17 10:37:29.289,414.8246745730004,103
2024-09-17 10:37:29.311,414.80154150992513,99
2024-09-17 10:37:29.316,414.85700364752967,12
2024-09-17 10:37:29.547,414.8280506050702,1004
2024-09-17 10:37:29.596,414.8348640439388,1001
2024-09-17 10:37:29.927,414.7958928924376,97
2024-09-17 10:37:30.010,414.817403428877,100
2024-09-17 10:37:30.071,414.85292913009806,104
2024-09-17 10:37:30.078,414.9081451267895,995
2024-09-17 10:37:30.116,414.8925671003785,97
2024-09-17 10:37:30.118,414.8620723438448,14
2024-09-17 10:37:30.147,414.8293158907644,103
2024-09-17 10:37:30.161,414.8714668040799,102
2024-09-17 10:37:30.225,414.8980973761282,1002
2024-09-17 10:37:30.249,414.8703149361351,1005
2024-09-17 10:37:30.256,414.8920407318474,1002
2024-09-17 10:37:30.260,414.900134324598,1002
2024-09-17 10:37:30.325,414.8569344341917,12
2024-09-17 10:37:30.363,414.8682193842327,8
2024-09-17 10:37:30.378,414.8497797413531,98
2024-09-17 10:37:30.381,414.8412088656452,1005
2024-09-17 10:37:30.384,414.9012712344599,10
2024-09-17 10:37:30.385,414.90020851894616,998
2024-09-17 10:37:30.410,414.8942701288137,104
2024-09-17 10:37:30.466,414.8654999501775,7
2024-09-17 10:37:30.518,414.8834736875855,998
2024-09-17 10:37:30.552,414.8578416059924,9
2024-09-17 10:37:30.613,414.85294616009503,7
2024-09-17 10:37:30.626,414.8695311549779,5
2024-09-17 10:37:30.733,414.87892868700425,13
2024-09-17 10:37:30.779,414.84723660648297,9
2024-09-17 10:37:30.883,414.9004397657228,96
2024-09-17 10:37:30.908,414.8967738532476,99
2024-09-17 10:37:30.915,414.87559413709823,1005
2024-09-17 10:37:30.936,414.9008740882437,104
2024-09-17 10:37:31.071,414.806604764655,995
2024-09-17 10:37:31.147,414.8012113994593,11
2024-09-17 10:37:31.182,414.8674630536692,15
2024-09-17 10:37:31.192,414.8530846858045,1002
2024-09-17 10:37:31.334,414.7785022587012,103
2024-09-17 10:37:31.344,414.8053586741066,98
2024-09-17 10:37:31.419,414.7936961073564,9
2024-09-17 10:37:31.450,414.8050501121493,1003
2024-09-17 10:37:31.460,414.81291898607327,101
2024-09-17 10:37:31.535,414.7782625820157,9
2024-09-17 10:37:31.620,414.8046335076753,103
2024-09-17 10:37:31.660,414.83830053991926,1003
2024-09-17 10:37:31.665,414.8193647189884,10
2024-09-17 10:37:31.721,414.7800059786173,12
2024-09-17 10:37:31.769,414.80527354567,95
2024-09-17 10:37:31.793,414.8247936148725,13
2024-09-17 10:37:31.850,414.8186618603708,15
2024-09-17 10:37:31.975,414.87531484127805,7
2024-09-17 10:37:32.080,414.9126122221745,105
2024-09-17 10:37:32.187,414.8782938630704,102
2024-09-17 10:37:32.202,414.8986809249993,97
2024-09-17 10:37:32.210,414.8767181158956,1002
2024-09-17 10:37:32.233,414.8999561075261,95
2024-09-17 10:37:32.356,414.872307567894,8
2024-09-17 10:37:32.486,414.9250819426095,999
2024-09-17 10:37:32.564,414.8936060401383,101
2024-09-17 10:37:32.568,414.8954303308182,11
2024-09-17 10:37:32.721,414.882599341116,100
2024-09-17 10:37:32.729,414.9080414775112,999
2024-09-17 10:37:32.752,414.88136965966487,105
2024-09-17 10:37:32.761,414.87735697797046,104
2024-09-17 10:37:32.779,414.9027381053515,996
2024-09-17 10:37:32.885,414.8752405008049,1001
2024-09-17 10:37:32.970,414.8948386944006,996
2024-09-17 10:37:33.032,414.8951276881616,100
2024-09-17 10:37:33.034,414.924851653714,6
2024-09-17 10:37:33.058,414.9140338280499,997
2024-09-17 10:37:33.158,414.93911578555566,95
2024-09-17 10:37:33.187,414.9113198692544,14
2024-09-17 10:37:33.218,414.9316150336016,15
2024-09-17 10:37:33.258,414.91239797487975,6
2024-09-17 10:37:33.296,414.9359340083322,12
2024-09-17 10:37:33.309,414.90260515281153,96
2024-09-17 10:37:33.334,414.91068825971166,98
2024-09-17 10:37:33.339,414.9035753628157,101
2024-09-17 10:37:33.339,414.9009905858039,10
2024-09-17 10:37:33.409,414.91216357196384,1005
2024-09-17 10:37:33.443,414.92110500435,100
2024-09-17 10:37:33.485,414.91385931458206,998
2024-09-17 10:37:33.486,414.91057170472135,15
2024-09-17 10:37:33.571,414.9382661444849,96
2024-09-17 10:37:33.616,414.9422336469155,8
2024-09-17 10:37:33.691,414.92162510595546,999
2024-09-17 10:37:33.695,414.93370743862096,15
2024-09-17 10:37:33.802,414.8931724972387,96
2024-09-17 10:37:33.838,414.9246943199201,103
2024-09-17 10:37:33.856,414.9368342477111,1000
2024-09-17 10:37:33.878,414.9373751940237,102
2024-09-17 10:37:33.912,414.9519638499969,998
2024-09-17 10:37:33.928,414.9464219526273,14
2024-09-17 10:37:33.954,414.9322460929195,99
2024-09-17 10:37:33.980,414.9351831826536,8
2024-09-17 10:37:33.990,414.9129889889346,6
2024-09-17 10:37:33.993,414.919386452268,998
2024-09-17 10:37:34.045,414.7950673794578,97
2024-09-17 10:37:34.140,414.8943577913864,102
2024-09-17 10:37:34.260,414.788192905196,1000
2024-09-17 10:37:34.285,414.8687025211446,97
2024-09-17 10:37:34.296,414.810873387888,997
2024-09-17 10:37:34.324,414.9122298607528,1002
2024-09-17 10:37:34.389,414.8404994410892,6
2024-09-17 10:37:34.397,414.8655404827089,995
2024-09-17 10:37:34.418,414.85591935515134,14
2024-09-17 10:37:34.420,414.8374382575552,999
2024-09-17 10:37:34.501,414.8968647303236,5
2024-09-17 10:37:34.506,414.8439903843628,15
2024-09-17 10:37:34.529,414.8340272746146,99
2024-09-17 10:37:34.584,414.8223752496434,997
2024-09-17 10:37:34.751,414.9193293537136,97
2024-09-17 10:37:34.839,414.8382507160019,100
2024-09-17 10:37:34.884,414.856590836335,99
2024-09-17 10:37:34.884,414.9136800235797,5
2024-09-17 10:37:34.982,414.8893685417403,12
2024-09-17 10:37:35.004,414.8212060744424,6
2024-09-17 10:37:35.052,414.8134202435601,14
2024-09-17 10:37:35.059,414.83647748039857,103
2024-09-17 10:37:35.094,414.8107088119762,7
2024-09-17 10:37:35.156,414.80988776162513,11
2024-09-17 10:37:35.275,414.841499434761,5
2024-09-17 10:37:35.289,414.8206114787464,999
2024-09-17 10:37:35.346,414.8353645323328,9
2024-09-17 10:37:35.389,414.8032436338238,10
2024-09-17 10:37:35.539,414.79925521560415,998
2024-09-17 10:37:35.550,414.8436118471255,5
2024-09-17 10:37:35.561,414.8307264652789,9
2024-09-17 10:37:35.575,414.8047842014184,95
2024-09-17 10:37:35.616,414.80516627936265,14
2024-09-17 10:37:35.622,414.8386201347759,97
2024-09-17 10:37:35.689,414.7927903596328,101
2024-09-17 10:37:35.725,414.8473672653734,15
2024-09-17 10:37:35.748,414.84380609478126,998
2024-09-17 10:37:35.779,414.8399844826215,996
2024-09-17 10:37:35.822,414.8063365800903,13
2024-09-17 10:37:35.838,414.8133832573305,1001
2024-09-17 10:37:35.878,414.8043914332478,9
2024-09-17 10:37:35.911,414.8581277486381,12
2024-09-17 10:37:36.041,414.8764114495079,12
2024-09-17 10:37:36.042,414.8250451715567,1005
2024-09-17 10:37:36.187,414.8132274326586,1003
2024-09-17 10:37:36.227,414.8524361694472,9
2024-09-17 10:37:36.237,414.8152659400765,15
2024-09-17 10:37:36.289,414.8653239560973,1000
2024-09-17 10:37:36.382,414.826219572044,1001
2024-09-17 10:37:36.395,414.8784020963104,6
2024-09-17 10:37:36.459,414.8744236502256,101
2024-09-17 10:37:36.533,414.8446452914041,96
2024-09-17 10:37:36.586,414.85883915579126,5
2024-09-17 10:37:36.652,414.8252236649716,100
2024-09-17 10:37:36.758,414.8149709007735,1003
2024-09-17 10:37:36.829,414.8612343975542,13
2024-09-17 10:37:36.850,414.88381763333257,12
2024-09-17 10:37:36.889,414.8216599843656,1005
2024-09-17 10:37:36.932,414.8371230078136,15
2024-09-17 10:37:36.962,414.8527827345322,102
2024-09-17 10:37:36.975,414.87608284566784,102
2024-09-17 10:37:36.976,414.81831744139583,101
2024-09-17 10:37:37.434,414.8366384669725,105
2024-09-17 10:37:38.035,414.7632271398319,8
2024-09-17 10:37:38.083,414.7501884835897,104
2024-09-17 10:37:38.155,414.8306180165737,995
2024-09-17 10:37:38.218,414.7699054918066,105
2024-09-17 10:37:38.222,414.8108984823713,997
2024-09-17 10:37:38.249,414.7600505138953,11
2024-09-17 10:37:38.286,414.7265090312896,1001
2024-09-17 10:37:38.322,414.7789081534352,102
2024-09-17 10:37:38.324,414.7584396170717,1004
2024-09-17 10:37:38.351,414.7709895718271,1003
2024-09-17 10:37:38.515,414.790409599876,105
2024-09-17 10:37:38.541,414.7356139255923,7
2024-09-17 10:37:38.774,414.75363550326136,996
2024-09-17 10:37:38.793,414.7687940197196,10
2024-09-17 10:37:38.812,414.7317971427835,6
2024-09-17 10:37:38.826,414.7444540853743,96
2024-09-17 10:37:38.851,414.7807156384615,96
2024-09-17 10:37:38.956,414.7684944389083,95
2024-09-17 10:37:39.038,414.7744237030803,1004
2024-09-17 10:37:39.169,414.7307587926079,8
2024-09-17 10:37:39.286,414.7600293465192,98
2024-09-17 10:37:39.393,414.7710080218446,1004
2024-09-17 10:37:39.477,414.8372564872856,12
2024-09-17 10:37:39.537,414.8492361106413,14
2024-09-17 10:37:39.551,414.85401321186725,11
2024-09-17 10:37:39.611,414.7149367296415,1003
2024-09-17 10:37:39.617,414.75578728727487,101
2024-09-17 10:37:39.638,414.8260736590066,104
2024-09-17 10:37:39.668,414.7937677974083,99
2024-09-17 10:37:39.684,414.812347292308,100
2024-09-17 10:37:39.726,414.7413103928855,1005
2024-09-17 10:37:39.779,414.7409163044807,99
2024-09-17 10:37:39.952,414.8551634908428,1003
2024-09-17 10:37:39.969,414.7174030373283,104
2024-09-17 10:37:40.013,414.7853531809392,97
2024-09-17 10:37:40.024,414.79389074031326,10
2024-09-17 10:37:40.202,414.7765737843061,104
2024-09-17 10:37:40.219,414.82289215253394,6
2024-09-17 10:37:40.241,414.7977580327912,1004
2024-09-17 10:37:40.305,414.79432336385577,1005
2024-09-17 10:37:40.386,414.80709704526055,15
2024-09-17 10:37:40.396,414.8063268278908,997
2024-09-17 10:37:40.405,414.8050747861908,100
2024-09-17 10:37:40.564,414.784982305225,10
2024-09-17 10:37:40.675,414.82564668628686,105
2024-09-17 10:37:40.730,414.76759359176606,997
2024-09-17 10:37:40.743,414.7973809030832,6
2024-09-17 10:37:40.761,414.81670221275385,996
2024-09-17 10:37:40.766,414.79002453887057,101
2024-09-17 10:37:40.845,414.7948254491624,104
2024-09-17 10:37:40.989,414.7933373421667,10
2024-09-17 10:37:41.083,414.8551969310067,11
2024-09-17 10:37:41.092,414.848888337136,1005
2024-09-17 10:37:41.221,414.824486969252,12
2024-09-17 10:37:41.265,414.8615787714957,995
2024-09-17 10:37:41.414,414.8123480961577,12
2024-09-17 10:37:41.539,414.8474234794526,1005
2024-09-17 10:37:41.586,414.8244445403432,98
2024-09-17 10:37:41.673,414.8378532691426,8
2024-09-17 10:37:41.780,414.8423800172278,10
2024-09-17 10:37:41.785,414.8194668533711,103
2024-09-17 10:37:41.811,414.8444115602286,1000
2024-09-17 10:37:41.857,414.86196076587663,999
2024-09-17 10:37:41.863,414.82025458587816,8
2024-09-17 10:37:41.865,414.8157715098419,1002
2024-09-17 10:37:41.926,414.8571614666101,11
2024-09-17 10:37:41.997,414.8084988006068,97
2024-09-17 10:37:42.474,414.878563266023,8
2024-09-17 10:37:43.062,414.92669335940496,104
2024-09-17 10:37:43.076,414.8847595270592,95
2024-09-17 10:37:43.096,414.90069828075787,96
2024-09-17 10:37:43.138,414.8824589341544,996
2024-09-17 10:37:43.160,414.8917522604952,98
2024-09-17 10:37:43.206,414.90434129501375,13
2024-09-17 10:37:43.207,414.9011853780058,6
2024-09-17 10:37:43.277,414.8774970880527,1003
2024-09-17 10:37:43.381,414.91529668822494,103
2024-09-17 10:37:43.420,414.8854171179427,6
2024-09-17 10:37:43.463,414.8783867551445,999
2024-09-17 10:37:43.517,414.873375547569,96
2024-09-17 10:37:43.543,414.89980225389576,1002
2024-09-17 10:37:43.557,414.87902744834514,1003
2024-09-17 10:37:43.779,414.89636376583377,104
2024-09-17 10:37:43.953,414.8716980619661,997
2024-09-17 10:37:43.972,414.91038623401744,97
2024-09-17 10:37:43.995,414.8989111631632,6
2024-09-17 10:37:45.203,414.8866997387426,1001
2024-09-17 10:37:45.399,414.8789647432273,10
2024-09-17 10:37:45.425,414.90021731538656,96
2024-09-17 10:37:45.562,414.9154246650022,996
2024-09-17 10:37:45.570,414.892260760075,1001
2024-09-17 10:37:45.574,414.9013719451066,13
2024-09-17 10:37:45.609,414.910062843072,100
2024-09-17 10:37:45.745,414.910204367088,11
2024-09-17 10:37:45.750,414.9188173956512,99
2024-09-17 10:37:45.911,414.911775735704,998
2024-09-17 10:37:46.029,414.8476503759167,99
2024-09-17 10:37:46.071,414.84487213028495,103
2024-09-17 10:37:46.074,414.8552628637305,96
2024-09-17 10:37:46.127,414.8458613979755,14
2024-09-17 10:37:46.165,414.8468545377221,996
2024-09-17 10:37:46.204,414.8507472804797,998
2024-09-17 10:37:46.303,414.8423632696611,99
2024-09-17 10:37:46.402,414.8447745791982,999
2024-09-17 10:37:46.412,414.82846924332586,10
2024-09-17 10:37:46.464,414.8466708300349,15
2024-09-17 10:37:46.500,414.8523974204363,98
2024-09-17 10:37:46.548,414.8386395195234,1003
2024-09-17 10:37:46.551,414.84327535507504,997
2024-09-17 10:37:46.657,-414.84531074972887,12
2024-09-17 10:37:46.658,414.8382011918141,105
2024-09-17 10:37:46.677,414.8111242900396,95
2024-09-17 10:37:46.720,414.8542068085379,96
2024-09-17 10:37:46.726,414.8530936618511,7
2024-09-17 10:37:46.737,414.8566473047407,13
2024-09-17 10:37:46.813,414.85345333151423,97
2024-09-17 10:37:46.861,414.8410451895668,8
2024-09-17 10:37:46.917,414.8498756224225,997
2024-09-17 10:37:47.039,414.8552993386896,1004
2024-09-17 10:37:47.123,414.8563411763992,104
2024-09-17 10:37:47.184,414.861103357052,1003
2024-09-17 10:37:47.215,414.8682951219939,103
2024-09-17 10:37:47.283,414.8876480131712,11
2024-09-17 10:37:47.472,414.87095937650633,995
2024-09-17 10:37:47.499,414.8337113940864,995
2024-09-17 10:37:47.513,414.8511927148509,10
2024-09-17 10:37:47.684,414.8526203068523,10
2024-09-17 10:37:48.451,414.86972519618894,999
2024-09-17 10:37:48.752,414.86613126867127,101
2024-09-17 10:37:48.765,414.8588363052407,104
2024-09-17 10:37:48.912,414.8510801132834,103
2024-09-17 10:37:49.071,414.9269704948798,1002
2024-09-17 10:37:49.211,414.9466019832245,1005
2024-09-17 10:37:49.247,414.9355859963542,996
2024-09-17 10:37:49.355,414.9000665127296,1004
2024-09-17 10:37:49.411,414.92562461852015,15
2024-09-17 10:37:49.423,414.8909305988236,102
2024-09-17 10:37:49.499,414.9029837433616,1002
2024-09-17 10:37:49.512,414.89360437485846,101
2024-09-17 10:37:49.527,414.87377814342136,102
2024-09-17 10:37:49.554,414.8906082459307,996
2024-09-17 10:37:49.596,414.8926724885724,998
2024-09-17 10:37:49.700,414.9001513580868,1002
2024-09-17 10:37:49.731,414.8833158136216,101
2024-09-17 10:37:49.733,414.9332108616658,105
2024-09-17 10:37:49.753,414.925711497173,996
2024-09-17 10:37:50.045,414.9670237516679,11
2024-09-17 10:37:50.161,414.98290959812,96
2024-09-17 10:37:50.219,414.9621862039598,1005
2024-09-17 10:37:50.242,414.9832034205821,7
2024-09-17 10:37:50.242,415.00215151708784,99
2024-09-17 10:37:50.291,414.9541076778094,1004
2024-09-17 10:37:50.321,414.9650559175971,9
2024-09-17 10:37:50.330,414.9722428801203,13
2024-09-17 10:37:50.383,414.957235583773,9
2024-09-17 10:37:50.392,414.9718553950404,12
2024-09-17 10:37:50.436,414.9814633197171,7
2024-09-17 10:37:50.544,414.95636238635257,10
2024-09-17 10:37:50.626,414.9684837292979,11
2024-09-17 10:37:50.637,414.9368627577998,995
2024-09-17 10:37:50.676,414.9560627686346,15
2024-09-17 10:37:50.678,414.95608889777145,102
2024-09-17 10:37:50.801,414.9785524113849,10
2024-09-17 10:37:50.808,414.9918127857303,13
2024-09-17 10:37:50.841,414.9727256218688,100
2024-09-17 10:37:50.869,414.9613013235236,1004
2024-09-17 10:37:50.898,414.9400582601749,1005
2024-09-17 10:37:50.987,414.9731003469089,10
2024-09-17 10:37:51.285,414.9929365095525,995
2024-09-17 10:37:51.426,414.9702780112446,105
2024-09-17 10:37:51.583,414.9634415420021,105
2024-09-17 10:37:51.625,414.9876633387202,102
2024-09-17 10:37:52.048,414.9751113866659,96
2024-09-17 10:37:52.058,414.9883148988412,1004
2024-09-17 10:37:52.072,41.49289474599048,995
2024-09-17 10:37:52.097,414.9211866270621,7
2024-09-17 10:37:52.105,414.95862628387385,100
2024-09-17 10:37:52.180,414.95404968917785,101
2024-09-17 10:37:52.262,414.9341842811267,1005
2024-09-17 10:37:52.282,414.91473505755977,13
2024-09-17 10:37:52.376,414.9738566846029,14
2024-09-17 10:37:52.412,414.9822575194549,1001
2024-09-17 10:37:52.451,-414.9616080480255,101
2024-09-17 10:37:52.472,414.9515346894584,100
2024-09-17 10:37:52.515,414.948694471842,95
2024-09-17 10:37:52.531,414.9508566641968,10
2024-09-17 10:37:52.591,414.9831610476457,12
2024-09-17 10:37:52.593,414.963137478745,999
2024-09-17 10:37:52.641,414.9479437257268,102
2024-09-17 10:37:52.673,414.9561942669293,12
2024-09-17 10:37:52.830,414.9330519086944,1001
2024-09-17 10:37:52.848,414.94420778006,105
2024-09-17 10:37:52.849,414.960002219019,12
2024-09-17 10:37:52.854,414.9250465326432,100
2024-09-17 10:37:52.982,414.9772484883731,102
2024-09-17 10:37:53.007,414.88718357397056,97
2024-09-17 10:37:53.094,414.8950896347126,1005
2024-09-17 10:37:53.168,414.9111025067386,1005
2024-09-17 10:37:53.169,414.9217883526539,1005
2024-09-17 10:37:53.185,414.8847856152495,101
2024-09-17 10:37:53.218,414.8880597976699,13
2024-09-17 10:37:53.326,414.89422785869147,8
2024-09-17 10:37:53.334,414.95322581624526,1005
2024-09-17 10:37:53.376,414.9089654874298,995
2024-09-17 10:37:53.419,414.88986677914727,105
2024-09-17 10:37:53.441,414.9234155958901,1000
2024-09-17 10:37:53.493,414.9213697718977,1005
2024-09-17 10:37:53.528,414.9072744166088,1004
2024-09-17 10:37:53.546,414.92709811052976,9
2024-09-17 10:37:53.555,414.9262393292058,9
2024-09-17 10:37:53.579,414.891251639718,96
2024-09-17 10:37:53.658,414.915168088261,96
2024-09-17 10:37:53.676,414.9131155106015,104
2024-09-17 10:37:53.696,414.9258718695172,997
2024-09-17 10:37:53.856,414.9222760796553,1005
2024-09-17 10:37:53.858,414.9550243412066,102
2024-09-17 10:37:53.881,414.8769927477502,100
2024-09-17 10:37:54.123,414.9308550479017,8
2024-09-17 10:37:54.186,414.9400006547385,1005
2024-09-17 10:37:54.337,414.9459441750315,1000
2024-09-17 10:37:54.399,414.9173119918486,1005
2024-09-17 10:37:54.552,414.9392389775368,15
2024-09-17 10:37:54.579,414.8960039769074,9
2024-09-17 10:37:54.608,414.9236418490327,998
2024-09-17 10:37:54.747,414.9341933599675,103
2024-09-17 10:37:54.774,414.9123018164847,12
2024-09-17 10:37:54.927,414.93862132883424,1005
2024-09-17 10:37:54.985,414.8998954944458,1002
2024-09-17 10:37:55.456,414.92844093874345,995
2024-09-17 10:37:55.688,414.92971840931887,10
2024-09-17 10:37:55.821,414.9482465272077,102
2024-09-17 10:37:56.010,-415.00557111722736,6
2024-09-17 10:37:56.071,415.00824277925386,13
2024-09-17 10:37:56.080,415.011957531071,1005
2024-09-17 10:37:56.081,415.0403180933418,1001
2024-09-17 10:37:56.129,415.0295375248484,1000
2024-09-17 10:37:56.134,414.9987873003588,95
2024-09-17 10:37:56.135,415.0194689532157,996
2024-09-17 10:37:56.143,415.0144063004958,996
2024-09-17 10:37:56.181,414.9967411879071,15
2024-09-17 10:37:56.261,415.0100976992092,1002
2024-09-17 10:37:56.276,415.043269516616,100
2024-09-17 10:37:56.278,414.978701385864,104
2024-09-17 10:37:56.329,414.9922928839397,1000
2024-09-17 10:37:56.334,415.00335632939937,14
2024-09-17 10:37:56.340,415.0060870452517,96
2024-09-17 10:37:56.367,414.9973904459732,10
2024-09-17 10:37:56.439,415.0053812343028,101
2024-09-17 10:37:56.448,415.02233034621554,1000
2024-09-17 10:37:56.456,415.05002888989,998
2024-09-17 10:37:56.549,414.98509967274606,12
2024-09-17 10:37:56.561,415.0105172994026,99
2024-09-17 10:37:56.623,414.98713478452765,999
2024-09-17 10:37:56.682,415.0225330582173,997
2024-09-17 10:37:56.730,415.0308169145357,996
2024-09-17 10:37:56.775,415.0259764474939,1004
2024-09-17 10:37:56.823,414.9856740041768,96
2024-09-17 10:37:56.832,415.0172948923949,5
2024-09-17 10:37:56.835,414.9987569739718,997
2024-09-17 10:37:56.966,414.95465069483686,98
2024-09-17 10:37:56.976,415.03564115301134,5
2024-09-17 10:37:57.049,415.0383205523574,998
2024-09-17 10:37:57.223,414.99879069848174,102
2024-09-17 10:37:57.254,414.9992251379243,96
2024-09-17 10:37:57.302,415.0260631041114,10
2024-09-17 10:37:57.311,415.0442911326559,96
2024-09-17 10:37:57.311,415.01180553812384,1005
2024-09-17 10:37:57.352,414.9678482844925,15
2024-09-17 10:37:57.363,414.9786650796184,1005
2024-09-17 10:37:57.365,414.9945361053773,998
2024-09-17 10:37:57.407,414.9877133826871,102
2024-09-17 10:37:57.428,414.9991744626309,8
2024-09-17 10:37:57.453,415.0341152605531,101
2024-09-17 10:37:57.513,415.0048747041422,98
2024-09-17 10:37:57.523,415.01161570628216,11
2024-09-17 10:37:57.683,415.0205336036026,103
2024-09-17 10:37:57.725,415.02638002089947,1002
2024-09-17 10:37:57.846,415.002848089236,996
2024-09-17 10:37:57.901,415.041647164439,5
2024-09-17 10:37:57.917,414.99929247338304,10
2024-09-17 10:37:57.965,414.97593605581466,13
2024-09-17 10:37:57.977,415.02388244544,14
2024-09-17 10:37:57.996,415.06095161919495,1002
2024-09-17 10:37:58.036,414.9695245144433,10
2024-09-17 10:37:58.180,414.9692389121243,15
2024-09-17 10:37:58.356,415.0103055010706,995
2024-09-17 10:37:58.715,414.99847803000216,12
2024-09-17 10:37:58.992,414.99226241173113,997
2024-09-17 10:37:59.181,415.00656856104206,102
2024-09-17 10:37:59.206,414.9962887271147,15
2024-09-17 10:37:59.342,415.0050651550956,12
2024-09-17 10:37:59.443,415.0182129342778,101
2024-09-17 10:37:59.472,415.006227805549,998
2024-09-17 10:37:59.474,415.0126245638088,995
2024-09-17 10:37:59.493,415.0151440480437,102
2024-09-17 10:37:59.562,414.9935506353039,999
2024-09-17 10:37:59.607,415.0207506673265,96
2024-09-17 10:37:59.609,415.0192518932306,1002
2024-09-17 10:37:59.650,-415.0005943683768,11
2024-09-17 10:37:59.721,415.0037418507857,1000
2024-09-17 10:37:59.742,415.01895418996,99
2024-09-17 10:37:59.754,414.9990461771979,7
2024-09-17 10:37:59.804,415.0141262957538,99
2024-09-17 10:37:59.816,415.01665631572894,99
2024-09-17 10:37:59.891,414.97807483775495,1003
2024-09-17 10:37:59.960,415.0222754355979,1005
