Timestamp,Price,Size
2024-09-20 15:38:00.296,429.3636428798628,14
2024-09-20 15:38:00.449,429.4117230262,97
2024-09-20 15:38:00.523,429.3610326977311,9
2024-09-20 15:38:00.701,429.3815748055278,95
2024-09-20 15:38:00.935,429.39574503110623,6
2024-09-20 15:38:01.019,429.4091294663805,10
2024-09-20 15:38:01.027,429.3864659892278,6
2024-09-20 15:38:01.067,429.4591229101092,6
2024-09-20 15:38:01.079,429.4123628429633,998
2024-09-20 15:38:01.143,429.37941697270736,997
2024-09-20 15:38:01.159,429.4039376087367,100
2024-09-20 15:38:01.207,429.4139856068316,104
2024-09-20 15:38:01.293,429.3888061947549,996
2024-09-20 15:38:01.296,429.3653549571158,996
2024-09-20 15:38:01.308,429.4121042466948,95
2024-09-20 15:38:01.361,429.3900311456448,101
2024-09-20 15:38:01.379,429.47428884718926,9
2024-09-20 15:38:01.423,429.3767036980615,11
2024-09-20 15:38:01.428,429.3918976891976,10
2024-09-20 15:38:01.431,429.40059479996967,102
2024-09-20 15:38:01.464,429.39234515383447,95
2024-09-20 15:38:01.484,429.3881047488947,5
2024-09-20 15:38:01.502,429.4346861934206,104
2024-09-20 15:38:01.592,429.4380464438048,1003
2024-09-20 15:38:01.605,429.4168959091827,98
2024-09-20 15:38:01.665,429.4408912443302,98
2024-09-20 15:38:01.744,429.4064414698532,1002
2024-09-20 15:38:01.746,429.3913469656208,1005
2024-09-20 15:38:01.751,429.4382301647563,997
2024-09-20 15:38:01.828,429.4014709020008,101
2024-09-20 15:38:01.906,429.4100653992348,998
2024-09-20 15:38:01.912,429.40187422634426,1000
2024-09-20 15:38:01.986,429.4023509207991,1002
2024-09-20 15:38:02.040,429.46738187452354,1002
2024-09-20 15:38:02.041,429.4390522572056,6
2024-09-20 15:38:02.054,429.48239664566256,996
2024-09-20 15:38:02.393,429.42572745322127,101
2024-09-20 15:38:02.443,429.4524244736494,102
2024-09-20 15:38:02.515,429.460898000453,100
2024-09-20 15:38:02.568,429.4429579270622,1004
2024-09-20 15:38:02.660,429.47510777731577,101
2024-09-20 15:38:02.844,429.4840448746869,1001
2024-09-20 15:38:03.108,429.345336616604,996
2024-09-20 15:38:03.221,429.4262376958594,6
2024-09-20 15:38:03.256,429.4220440392776,99
2024-09-20 15:38:03.267,429.3130011645818,997
2024-09-20 15:38:03.283,429.3175741599439,8
2024-09-20 15:38:03.354,422.23758181377895,12
2024-09-20 15:38:03.409,42.93699195658963,103
2024-09-20 15:38:03.429,429.3723754492465,103
2024-09-20 15:38:03.460,429.43025453227256,1001
2024-09-20 15:38:03.527,429.34911552060487,105
2024-09-20 15:38:03.656,429.388439318171,103
2024-09-20 15:38:03.695,429.3026850862867,998
2024-09-20 15:38:03.708,429.3746533052756,97
2024-09-20 15:38:03.715,429.4079066767305,995
2024-09-20 15:38:03.716,429.35341101678,10
2024-09-20 15:38:03.761,429.3322698421048,6
2024-09-20 15:38:03.812,429.4151663835602,1001
2024-09-20 15:38:03.825,429.39251235080553,1002
2024-09-20 15:38:04.400,429.3229517056921,95
2024-09-20 15:38:04.915,429.3083094773978,1004
2024-09-20 15:38:05.068,429.3494288917546,5
2024-09-20 15:38:05.105,429.3537221557795,11
2024-09-20 15:38:05.139,429.3496457342047,999
2024-09-20 15:38:05.141,429.3349082725518,1003
2024-09-20 15:38:05.170,429.344037232715,12
2024-09-20 15:38:05.210,429.3614528986281,14
2024-09-20 15:38:05.255,-429.3820839416448,11
2024-09-20 15:38:05.437,429.3807030135444,1002
2024-09-20 15:38:05.441,429.3615329089297,1002
2024-09-20 15:38:05.448,429.3751254850888,998
2024-09-20 15:38:05.462,429.3802409281156,101
2024-09-20 15:38:05.488,429.3338741359141,1001
2024-09-20 15:38:05.530,429.3304934102256,1002
2024-09-20 15:38:05.564,429.3742540648209,103
2024-09-20 15:38:05.577,429.3964658135173,98
2024-09-20 15:38:05.592,42.93916117758447,99
2024-09-20 15:38:05.620,429.3876151628247,1001
2024-09-20 15:38:05.624,429.3612335127603,15
2024-09-20 15:38:05.628,429.370549512713,99
2024-09-20 15:38:05.676,429.34944854200927,8
2024-09-20 15:38:05.760,429.3971831256775,103
2024-09-20 15:38:05.927,429.3681643824947,1001
2024-09-20 15:38:06.027,429.2004132353613,1003
2024-09-20 15:38:06.038,429.2319184932821,102
2024-09-20 15:38:06.133,429.23317517105465,10
2024-09-20 15:38:06.134,429.2804763678943,104
2024-09-20 15:38:06.202,429.3113315386592,996
2024-09-20 15:38:06.217,429.2558054401188,9
2024-09-20 15:38:06.254,429.2445265732781,97
2024-09-20 15:38:06.334,429.23831022236254,104
2024-09-20 15:38:06.382,429.22150310741097,95
2024-09-20 15:38:06.395,429.230205896693,999
2024-09-20 15:38:06.413,429.2808438727359,10
2024-09-20 15:38:06.413,429.22472973805895,100
2024-09-20 15:38:06.456,429.2445064276327,102
2024-09-20 15:38:06.472,429.3344967370006,12
2024-09-20 15:38:06.525,429.29201367693497,11
2024-09-20 15:38:06.534,429.2228400501443,1004
2024-09-20 15:38:06.579,429.2897718763955,99
2024-09-20 15:38:06.635,429.215378197511,12
2024-09-20 15:38:06.658,429.2440217636411,103
2024-09-20 15:38:06.692,429.3126391253204,998
2024-09-20 15:38:06.749,-429.3574500908161,6
2024-09-20 15:38:06.767,429.221280827097,99
2024-09-20 15:38:06.774,429.3347635542371,95
2024-09-20 15:38:06.828,429.23105195103255,1000
2024-09-20 15:38:06.834,429.2349883030501,10
2024-09-20 15:38:06.866,429.3492060762199,103
2024-09-20 15:38:06.866,429.2210611009216,95
2024-09-20 15:38:06.922,429.24445320964514,1002
2024-09-20 15:38:06.944,429.26527670819394,10
2024-09-20 15:38:07.058,429.2338733160957,995
2024-09-20 15:38:07.059,429.2331898731095,1004
2024-09-20 15:38:07.172,429.2099835784377,9
2024-09-20 15:38:07.218,429.1917710624599,15
2024-09-20 15:38:07.436,429.2053755137289,15
2024-09-20 15:38:07.445,,995
2024-09-20 15:38:07.446,429.2058891910072,100
2024-09-20 15:38:07.450,429.2281006179982,1004
2024-09-20 15:38:07.501,429.1959074375189,1003
2024-09-20 15:38:07.522,429.2483620220506,8
2024-09-20 15:38:07.557,429.2523351105389,9
2024-09-20 15:38:07.605,429.24538804284646,98
2024-09-20 15:38:07.667,429.2133132231813,105
2024-09-20 15:38:07.677,429.21285403074967,995
2024-09-20 15:38:07.776,429.21239996233726,99
2024-09-20 15:38:07.790,429.2141017937081,997
2024-09-20 15:38:07.831,429.20896383104775,99
2024-09-20 15:38:07.857,429.2256754261816,96
2024-09-20 15:38:07.974,429.24263790957326,9
2024-09-20 15:38:08.285,429.2004910562232,1003
2024-09-20 15:38:08.330,429.1860335728191,104
2024-09-20 15:38:08.464,429.182762730002,5
2024-09-20 15:38:08.502,429.189173201032,1000
2024-09-20 15:38:08.817,429.1797498597476,997
2024-09-20 15:38:09.033,429.1980627450712,103
2024-09-20 15:38:09.256,429.2021042405351,104
2024-09-20 15:38:09.287,429.18925451641326,101
2024-09-20 15:38:09.305,429.1996610011238,999
2024-09-20 15:38:09.408,429.1718271144477,10
2024-09-20 15:38:09.410,429.19670254866975,96
2024-09-20 15:38:09.421,429.194568418987,1003
2024-09-20 15:38:09.439,429.2048241424112,96
2024-09-20 15:38:09.458,429.1741354928384,11
2024-09-20 15:38:09.621,429.1886474864886,996
2024-09-20 15:38:09.626,429.20507641932505,95
2024-09-20 15:38:09.654,429.15501222401184,1005
2024-09-20 15:38:09.702,429.202423605949,9
2024-09-20 15:38:09.715,429.2153526214611,1005
2024-09-20 15:38:09.719,429.1964192747126,1002
2024-09-20 15:38:09.777,429.19811281224776,102
2024-09-20 15:38:09.790,429.196030209636,11
2024-09-20 15:38:09.800,429.1928412482413,9
2024-09-20 15:38:09.804,429.1711390556257,995
2024-09-20 15:38:09.812,429.1781790678552,8
2024-09-20 15:38:09.874,429.202189106702,96
2024-09-20 15:38:09.913,429.1925220228837,1002
2024-09-20 15:38:09.921,429.1900539685125,1004
2024-09-20 15:38:09.922,429.1970628769563,103
2024-09-20 15:38:09.924,429.1900652685458,10
2024-09-20 15:38:09.959,429.2040043622506,1000
2024-09-20 15:38:09.959,429.1727977221719,5
2024-09-20 15:38:09.979,429.17849396462776,11
2024-09-20 15:38:10.019,429.225661742912,5
2024-09-20 15:38:10.136,429.1780009374576,14
2024-09-20 15:38:10.147,429.1992323507933,1000
2024-09-20 15:38:10.317,429.2284412155994,15
2024-09-20 15:38:10.386,429.2148198321104,8
2024-09-20 15:38:10.399,429.2083142031876,998
2024-09-20 15:38:10.522,429.1988690024732,7
2024-09-20 15:38:10.549,429.204722242406,7
2024-09-20 15:38:10.559,429.2180447448983,8
2024-09-20 15:38:10.574,429.23130111137954,998
2024-09-20 15:38:10.908,429.2070552029981,15
2024-09-20 15:38:11.008,429.2085941437604,997
2024-09-20 15:38:11.027,429.2046738456868,100
2024-09-20 15:38:11.064,429.2232328747376,1002
2024-09-20 15:38:11.086,429.2158878946729,1001
2024-09-20 15:38:11.137,429.2025763393021,5
2024-09-20 15:38:11.147,,7
2024-09-20 15:38:11.165,429.2193515965073,96
2024-09-20 15:38:11.182,429.2344854985931,10
2024-09-20 15:38:11.204,429.2054576429456,1001
2024-09-20 15:38:11.255,429.17531714949735,995
2024-09-20 15:38:11.275,429.2249163422515,99
2024-09-20 15:38:11.294,429.22948161777873,1003
2024-09-20 15:38:11.312,429.18204272706384,5
2024-09-20 15:38:11.353,429.201952550719,6
2024-09-20 15:38:11.429,429.2089495233944,999
2024-09-20 15:38:11.436,429.193142681396,99
2024-09-20 15:38:11.460,429.22327740531335,101
2024-09-20 15:38:11.491,429.2107898004382,104
2024-09-20 15:38:11.549,429.1854057176764,14
2024-09-20 15:38:11.669,429.1732762022757,96
2024-09-20 15:38:11.704,429.1955326756004,6
2024-09-20 15:38:11.728,-429.2258458955391,995
2024-09-20 15:38:11.742,429.1694981450156,104
2024-09-20 15:38:11.775,429.2124752643516,9
2024-09-20 15:38:11.888,429.1963107289926,1004
2024-09-20 15:38:11.927,429.2184823396401,8
2024-09-20 15:38:11.955,422.44660535470257,995
2024-09-20 15:38:11.956,429.2144894930986,1001
2024-09-20 15:38:12.045,429.2200757744413,6
2024-09-20 15:38:12.079,429.2154254434801,98
2024-09-20 15:38:12.845,429.2223892464373,1003
2024-09-20 15:38:12.859,429.198024851234,102
2024-09-20 15:38:13.019,422.51040346714615,9
2024-09-20 15:38:13.083,429.24104086313474,12
2024-09-20 15:38:13.099,429.2589842947648,103
2024-09-20 15:38:13.142,429.2410034830164,97
2024-09-20 15:38:13.307,429.26074442061366,95
2024-09-20 15:38:13.348,429.2621155782772,102
2024-09-20 15:38:13.428,429.2661770443655,998
2024-09-20 15:38:13.438,429.2532812089575,100
2024-09-20 15:38:13.463,429.2662865299843,97
2024-09-20 15:38:13.502,429.2497741285722,1002
2024-09-20 15:38:13.549,429.2521567613366,97
2024-09-20 15:38:13.692,429.2790022342908,997
2024-09-20 15:38:13.696,429.2718093585843,5
2024-09-20 15:38:13.761,429.25559907309287,96
2024-09-20 15:38:13.899,429.2864669205777,11
2024-09-20 15:38:13.904,429.2549369978592,13
2024-09-20 15:38:13.928,429.2505171519359,996
2024-09-20 15:38:14.056,429.2695966619586,999
2024-09-20 15:38:14.065,429.3012326538071,103
2024-09-20 15:38:14.165,429.2821040822466,996
2024-09-20 15:38:14.190,429.2839213022822,101
2024-09-20 15:38:14.216,429.2780107844621,997
2024-09-20 15:38:14.308,429.2901481940161,995
2024-09-20 15:38:14.405,429.2905402339517,1005
2024-09-20 15:38:14.471,429.2939986851106,13
2024-09-20 15:38:14.476,429.2755468823338,15
2024-09-20 15:38:14.486,429.2834594515643,96
2024-09-20 15:38:14.515,429.2876151239664,99
2024-09-20 15:38:14.551,429.28001600787593,1000
2024-09-20 15:38:14.564,429.3074039989671,999
2024-09-20 15:38:14.687,429.27852592639226,5
2024-09-20 15:38:14.694,429.2583523633529,996
2024-09-20 15:38:14.694,429.2752040861863,102
2024-09-20 15:38:14.722,429.276730580651,11
2024-09-20 15:38:14.745,429.2850008755444,1004
2024-09-20 15:38:14.777,429.27569245479447,95
2024-09-20 15:38:14.804,429.2544999253096,100
2024-09-20 15:38:14.854,429.26615593701473,95
2024-09-20 15:38:14.925,429.2702199701004,11
2024-09-20 15:38:14.945,429.2852551072357,98
2024-09-20 15:38:14.977,429.2969654537656,6
2024-09-20 15:38:14.995,429.2680616693849,6
2024-09-20 15:38:15.019,429.29899963016027,5
2024-09-20 15:38:15.062,429.30440661565086,1005
2024-09-20 15:38:15.172,429.3022370726994,1004
2024-09-20 15:38:15.190,429.2979441953444,1000
2024-09-20 15:38:15.299,429.27498887644543,97
2024-09-20 15:38:15.354,429.3084730092127,10
2024-09-20 15:38:15.583,429.2985757061981,10
2024-09-20 15:38:15.588,429.29885986988495,13
2024-09-20 15:38:15.642,429.3272751091957,102
2024-09-20 15:38:15.749,429.29241708420096,97
2024-09-20 15:38:15.835,429.3206806196311,998
2024-09-20 15:38:15.836,429.29866005811374,1003
2024-09-20 15:38:15.870,429.3087272067018,995
2024-09-20 15:38:15.885,429.2969486741896,13
2024-09-20 15:38:15.894,429.2983131373139,13
2024-09-20 15:38:15.923,42.92972670543641,12
2024-09-20 15:38:15.926,429.305974445635,1003
2024-09-20 15:38:15.932,429.3046225044544,104
2024-09-20 15:38:16.023,429.26901881056864,998
2024-09-20 15:38:16.146,429.2809539768498,98
2024-09-20 15:38:16.232,429.3019285356529,5
2024-09-20 15:38:16.271,429.277706806446,1003
2024-09-20 15:38:16.303,429.2749767646118,9
2024-09-20 15:38:16.324,429.2982521535644,99
2024-09-20 15:38:16.347,429.2900615442221,1003
2024-09-20 15:38:16.447,429.3230862306537,101
2024-09-20 15:38:16.527,429.3162453848016,1001
2024-09-20 15:38:16.563,-429.2821854731171,103
2024-09-20 15:38:16.615,429.3024911946086,1004
2024-09-20 15:38:16.726,429.2618376310331,96
2024-09-20 15:38:16.733,429.3054411058585,1002
2024-09-20 15:38:16.741,429.34533358463256,1003
2024-09-20 15:38:16.801,429.3087280540928,13
2024-09-20 15:38:16.805,429.3212117581907,7
2024-09-20 15:38:16.814,429.31555891838326,7
2024-09-20 15:38:16.850,429.3384102893284,96
2024-09-20 15:38:16.851,429.3037052719983,97
2024-09-20 15:38:16.864,429.3319929760371,99
2024-09-20 15:38:16.872,429.33659627004016,9
2024-09-20 15:38:16.958,429.2761587641981,102
2024-09-20 15:38:16.991,429.33815465593045,5
2024-09-20 15:38:17.114,429.343282940091,8
2024-09-20 15:38:17.155,429.3455768070244,1002
2024-09-20 15:38:17.199,429.34669084036216,15
2024-09-20 15:38:18.051,429.3518672377744,996
2024-09-20 15:38:18.195,429.3391375512696,11
2024-09-20 15:38:18.338,429.35566713208704,6
2024-09-20 15:38:18.362,429.3486587340366,995
2024-09-20 15:38:18.409,429.35079413009606,998
2024-09-20 15:38:18.487,429.3942513017791,102
2024-09-20 15:38:18.588,429.4076313610277,104
2024-09-20 15:38:18.700,429.4150153750593,995
2024-09-20 15:38:18.736,429.3901609051783,997
2024-09-20 15:38:18.805,429.34474442689947,1003
2024-09-20 15:38:18.827,429.3370700279784,12
2024-09-20 15:38:19.164,429.4107149159527,103
2024-09-20 15:38:19.165,429.423983044369,1000
2024-09-20 15:38:19.187,429.4022799522754,103
2024-09-20 15:38:19.298,429.40862813425935,14
2024-09-20 15:38:19.350,429.3971092755199,10
2024-09-20 15:38:19.411,429.389073210701,100
2024-09-20 15:38:19.457,429.4078904745441,7
2024-09-20 15:38:19.463,429.40072375764856,995
2024-09-20 15:38:19.585,429.41341834432194,103
2024-09-20 15:38:19.592,429.3784573673543,98
2024-09-20 15:38:19.619,429.39473637894326,100
2024-09-20 15:38:19.624,429.40077969891706,1001
2024-09-20 15:38:19.635,429.4146652771158,999
2024-09-20 15:38:19.644,429.4177855361581,15
2024-09-20 15:38:19.755,429.4180436062354,9
2024-09-20 15:38:19.770,429.3866780366132,99
2024-09-20 15:38:19.826,429.4211701184104,998
2024-09-20 15:38:19.923,429.375736333118,97
2024-09-20 15:38:19.990,429.3967366450236,96
2024-09-20 15:38:19.997,429.37926018608687,101
2024-09-20 15:38:20.000,429.357772903762,101
2024-09-20 15:38:20.134,429.2966410777536,1003
2024-09-20 15:38:20.138,429.32088524631627,996
2024-09-20 15:38:20.197,429.26499951474096,998
2024-09-20 15:38:20.197,429.2996281218413,14
2024-09-20 15:38:20.205,429.317256691059,1003
2024-09-20 15:38:20.419,429.3129237919953,105
2024-09-20 15:38:20.481,429.32068806553866,101
2024-09-20 15:38:20.485,422.5794102257177,8
2024-09-20 15:38:20.493,429.3547896980849,10
2024-09-20 15:38:20.533,42.93321881575436,10
2024-09-20 15:38:20.709,429.3501758969077,11
2024-09-20 15:38:20.712,429.2708194273184,1000
2024-09-20 15:38:20.777,429.26956937628967,102
2024-09-20 15:38:20.843,429.3242057013278,12
2024-09-20 15:38:21.685,429.2494431498498,1000
2024-09-20 15:38:22.046,429.2934748371616,10
2024-09-20 15:38:22.104,422.56240524078737,14
2024-09-20 15:38:22.129,429.3116379230818,96
2024-09-20 15:38:22.131,429.394397153842,5
2024-09-20 15:38:22.229,429.3711624998306,15
2024-09-20 15:38:22.232,429.38950631251504,997
2024-09-20 15:38:22.252,429.3694955901444,1001
2024-09-20 15:38:22.266,429.3178641876744,12
2024-09-20 15:38:22.375,429.3566745147581,105
2024-09-20 15:38:22.381,429.3800475542323,9
2024-09-20 15:38:22.393,429.3602095637292,999
2024-09-20 15:38:22.426,429.40570883819527,98
2024-09-20 15:38:22.430,429.3680445086254,998
2024-09-20 15:38:22.446,422.5667860273885,9
2024-09-20 15:38:22.461,429.38236265211225,1002
2024-09-20 15:38:22.484,429.2608603528588,8
2024-09-20 15:38:22.492,429.2721272303924,95
2024-09-20 15:38:22.524,42.94061067757346,8
2024-09-20 15:38:22.548,429.3785161144588,8
2024-09-20 15:38:22.577,429.3174775337498,1004
2024-09-20 15:38:22.614,429.277925811445,7
2024-09-20 15:38:22.638,429.361002366876,96
2024-09-20 15:38:22.652,429.3394574517412,101
2024-09-20 15:38:22.757,429.3104154874589,998
2024-09-20 15:38:22.797,429.4038611263773,97
2024-09-20 15:38:22.809,429.3533946647614,10
2024-09-20 15:38:22.960,429.313664046063,997
2024-09-20 15:38:23.142,429.3707055074816,1004
2024-09-20 15:38:23.158,429.3617748209337,8
2024-09-20 15:38:23.310,429.33239787891824,14
2024-09-20 15:38:23.326,429.3720278862433,12
2024-09-20 15:38:23.418,429.3808015039234,5
2024-09-20 15:38:23.516,429.32271169699953,102
2024-09-20 15:38:23.530,429.3259781968049,7
2024-09-20 15:38:23.556,429.3601847461337,6
2024-09-20 15:38:23.600,429.37913518163066,996
2024-09-20 15:38:23.733,429.3734691127376,9
2024-09-20 15:38:23.748,42.93847829365139,15
2024-09-20 15:38:23.775,429.3607206130106,105
2024-09-20 15:38:23.921,429.3659652447016,15
2024-09-20 15:38:23.934,429.3838898214445,99
2024-09-20 15:38:24.018,429.27567157149736,995
2024-09-20 15:38:24.023,429.2674427348935,101
2024-09-20 15:38:24.412,429.2659068104588,7
2024-09-20 15:38:24.615,429.2731595520282,1004
2024-09-20 15:38:24.722,429.2582963209585,101
2024-09-20 15:38:24.744,422.4259429830372,98
2024-09-20 15:38:24.778,429.2868200695664,105
2024-09-20 15:38:24.932,429.2533371372824,100
2024-09-20 15:38:24.938,429.2674101818239,98
2024-09-20 15:38:24.962,429.2636026481509,14
2024-09-20 15:38:25.012,429.2339679511299,1001
2024-09-20 15:38:25.043,429.23973786887086,6
2024-09-20 15:38:25.064,429.24471756497366,995
2024-09-20 15:38:25.100,429.2371437623046,6
2024-09-20 15:38:25.148,429.2560068815815,1000
2024-09-20 15:38:25.164,429.2718334076222,1002
2024-09-20 15:38:25.188,429.2807846140161,102
2024-09-20 15:38:25.210,429.2477895989098,6
2024-09-20 15:38:25.234,429.3005788882281,97
2024-09-20 15:38:25.450,429.2838010168062,96
2024-09-20 15:38:25.597,429.2746782630194,7
2024-09-20 15:38:25.613,429.2668448521026,8
2024-09-20 15:38:25.614,429.27483349083786,104
2024-09-20 15:38:25.624,429.2734621904236,997
2024-09-20 15:38:25.699,429.263338376006,12
2024-09-20 15:38:25.744,429.26153497801545,11
2024-09-20 15:38:25.790,429.26593347104085,13
2024-09-20 15:38:25.807,429.3037657191799,1005
2024-09-20 15:38:25.837,,14
2024-09-20 15:38:25.839,429.2249857876464,103
2024-09-20 15:38:25.940,429.24166519584816,1005
2024-09-20 15:38:25.958,429.2461599327996,1002
2024-09-20 15:38:25.977,42.92600093843762,998
2024-09-20 15:38:27.081,429.2739044600791,101
2024-09-20 15:38:27.093,429.2157058868745,96
2024-09-20 15:38:27.105,422.2692420036338,996
2024-09-20 15:38:27.178,429.2597769683088,1003
2024-09-20 15:38:27.297,429.273857330524,999
2024-09-20 15:38:27.299,429.2214169094234,7
2024-09-20 15:38:27.335,429.2313613005452,101
2024-09-20 15:38:27.776,429.2193003302952,105
2024-09-20 15:38:27.784,429.2345614379141,12
2024-09-20 15:38:27.842,429.2358562557061,105
2024-09-20 15:38:27.853,429.2952634596164,13
2024-09-20 15:38:27.919,,1004
2024-09-20 15:38:27.998,429.2351634490715,9
2024-09-20 15:38:28.008,429.2219979194289,101
2024-09-20 15:38:28.026,429.2836667968956,1005
2024-09-20 15:38:28.058,429.2237683733512,102
2024-09-20 15:38:28.074,42.92545261671032,104
2024-09-20 15:38:28.083,429.20633646170666,14
2024-09-20 15:38:28.093,429.1861721171837,1001
2024-09-20 15:38:28.180,429.2663122425465,15
2024-09-20 15:38:28.208,429.2948966280501,1001
2024-09-20 15:38:28.214,429.2965388517161,104
2024-09-20 15:38:28.269,429.2740052752205,996
2024-09-20 15:38:28.271,429.29004142824783,1000
2024-09-20 15:38:28.374,429.20901958173465,1004
2024-09-20 15:38:28.434,429.2779118233036,103
2024-09-20 15:38:28.458,429.20699268909686,999
2024-09-20 15:38:28.477,429.2595390265055,8
2024-09-20 15:38:28.552,429.2745351277071,11
2024-09-20 15:38:28.568,429.2216245582754,995
2024-09-20 15:38:28.623,429.2562855788856,1005
2024-09-20 15:38:28.683,429.2132187868955,104
2024-09-20 15:38:28.692,-429.2626276629974,103
2024-09-20 15:38:28.712,429.26545788267697,100
2024-09-20 15:38:28.714,429.2384913730753,9
2024-09-20 15:38:28.804,429.2344336758021,996
2024-09-20 15:38:28.865,429.2199842598624,1000
2024-09-20 15:38:28.894,429.21085945760194,997
2024-09-20 15:38:28.930,429.26781139429744,996
2024-09-20 15:38:29.588,429.2086368051191,100
2024-09-20 15:38:29.698,429.222315861162,14
2024-09-20 15:38:29.805,429.20935160435806,7
2024-09-20 15:38:30.169,429.1879085368326,104
2024-09-20 15:38:30.292,429.1902609638256,102
2024-09-20 15:38:30.395,429.22631319002966,998
2024-09-20 15:38:30.615,429.20130870813057,104
2024-09-20 15:38:30.929,429.2060072707058,5
2024-09-20 15:38:31.002,429.17951768311735,96
2024-09-20 15:38:31.119,429.19148116234254,14
2024-09-20 15:38:31.461,429.17009074757993,8
2024-09-20 15:38:31.697,429.1814175140468,998
2024-09-20 15:38:31.736,429.1925371775136,101
2024-09-20 15:38:31.919,429.17926544774417,12
2024-09-20 15:38:31.980,429.1676371466748,9
2024-09-20 15:38:32.005,429.15247508579614,8
2024-09-20 15:38:32.019,429.1543012735414,103
2024-09-20 15:38:32.054,429.1541907043896,9
2024-09-20 15:38:32.146,429.16119790328713,1004
2024-09-20 15:38:32.186,429.16950924818735,1001
2024-09-20 15:38:32.251,429.1518466750049,97
2024-09-20 15:38:32.256,429.1546226096427,5
2024-09-20 15:38:32.279,429.1679515520021,1000
2024-09-20 15:38:32.328,429.1399963702017,1004
2024-09-20 15:38:32.351,429.1626888436854,997
2024-09-20 15:38:32.400,429.1617282784833,1000
2024-09-20 15:38:32.438,429.1523287116056,996
2024-09-20 15:38:32.513,429.1493055632938,15
2024-09-20 15:38:32.573,429.16817763166296,8
2024-09-20 15:38:32.593,429.1374302180945,101
2024-09-20 15:38:32.631,429.153141244868,1004
2024-09-20 15:38:32.633,429.1624328291551,12
2024-09-20 15:38:32.864,429.1468774620869,102
2024-09-20 15:38:32.899,429.1385973315315,10
2024-09-20 15:38:33.635,429.1646809425436,104
2024-09-20 15:38:34.049,429.15712552589446,98
2024-09-20 15:38:34.084,429.1567254771291,8
2024-09-20 15:38:34.430,429.1451293743797,1004
2024-09-20 15:38:35.038,429.1791367713807,97
2024-09-20 15:38:35.066,429.1682234314511,5
2024-09-20 15:38:35.195,429.18366195091386,14
2024-09-20 15:38:35.204,429.23084821136285,999
2024-09-20 15:38:35.215,429.2297804920086,104
2024-09-20 15:38:35.328,429.20317550721774,12
2024-09-20 15:38:35.376,429.23429657602094,100
2024-09-20 15:38:35.387,429.2332922488531,996
2024-09-20 15:38:35.417,429.2419332824312,1001
2024-09-20 15:38:35.518,429.2377715572071,105
2024-09-20 15:38:35.544,429.218247203371,15
2024-09-20 15:38:35.700,429.1684281340761,99
2024-09-20 15:38:35.721,429.24907054132416,101
2024-09-20 15:38:35.892,429.25662648040617,997
2024-09-20 15:38:35.927,429.1754660456082,100
2024-09-20 15:38:35.940,429.2352586384552,102
2024-09-20 15:38:36.001,429.2297863080617,999
2024-09-20 15:38:36.042,429.23082627804735,99
2024-09-20 15:38:36.079,429.2976855783359,97
2024-09-20 15:38:36.153,429.29852336401154,101
2024-09-20 15:38:36.158,429.3031524969486,97
2024-09-20 15:38:36.246,429.26045601115976,5
2024-09-20 15:38:36.281,429.24010309276633,11
2024-09-20 15:38:36.287,429.2875205824565,14
2024-09-20 15:38:36.417,429.2773993680276,995
2024-09-20 15:38:36.444,429.279619850075,6
2024-09-20 15:38:36.448,429.2948824254751,98
2024-09-20 15:38:36.494,429.2740480426722,1000
2024-09-20 15:38:36.642,429.2517191638616,15
2024-09-20 15:38:36.735,429.2995040173117,104
2024-09-20 15:38:36.755,429.2864506036117,997
2024-09-20 15:38:36.761,429.29587107287233,997
2024-09-20 15:38:36.781,429.2823891540384,999
2024-09-20 15:38:36.791,429.27361251028793,96
2024-09-20 15:38:36.832,429.2649387744015,103
2024-09-20 15:38:36.875,429.2377545433097,105
2024-09-20 15:38:36.876,429.2832855838869,998
2024-09-20 15:38:36.954,429.3114611809534,997
2024-09-20 15:38:36.993,429.2568367521225,9
2024-09-20 15:38:37.042,429.2997794419388,96
2024-09-20 15:38:37.237,429.29355547794745,999
2024-09-20 15:38:37.552,429.2909299105637,101
2024-09-20 15:38:37.565,429.2830858925549,100
2024-09-20 15:38:37.671,429.2736558479557,5
2024-09-20 15:38:37.748,429.3037360279133,1002
2024-09-20 15:38:37.792,429.3015437245416,1000
2024-09-20 15:38:37.946,42.92678771728456,998
2024-09-20 15:38:38.024,429.3240029397462,101
2024-09-20 15:38:38.123,429.2927172071888,15
2024-09-20 15:38:38.238,429.2950947230043,101
2024-09-20 15:38:38.385,429.3104975095178,997
2024-09-20 15:38:38.482,429.2960995376885,12
2024-09-20 15:38:38.543,429.29443727782507,13
2024-09-20 15:38:38.688,429.2661085911861,1003
2024-09-20 15:38:38.689,429.2735972258176,1004
2024-09-20 15:38:38.775,429.2688384837938,98
2024-09-20 15:38:38.794,429.27300472646886,8
2024-09-20 15:38:38.815,429.277201878638,996
2024-09-20 15:38:38.851,429.3273634230844,999
2024-09-20 15:38:38.876,42.92739201722486,1002
2024-09-20 15:38:38.886,429.2754383612695,97
2024-09-20 15:38:38.897,429.2603470145424,1000
2024-09-20 15:38:38.909,429.2868258718208,100
2024-09-20 15:38:38.995,429.2653047172752,8
2024-09-20 15:38:38.999,429.2557166780072,995
2024-09-20 15:38:39.043,429.2926968765576,997
2024-09-20 15:38:39.054,429.3651558138953,9
2024-09-20 15:38:39.128,429.29481253099215,9
2024-09-20 15:38:39.133,429.3745922994827,100
2024-09-20 15:38:39.197,429.2991849583853,1004
2024-09-20 15:38:39.207,429.3615340692616,100
2024-09-20 15:38:39.220,429.3421863788666,97
2024-09-20 15:38:39.271,429.3613312457565,99
2024-09-20 15:38:39.280,429.28436610251634,10
2024-09-20 15:38:39.297,429.3278856785446,6
2024-09-20 15:38:39.304,429.3415857965117,104
2024-09-20 15:38:39.329,429.37363242477056,97
2024-09-20 15:38:39.381,429.3740728017881,1005
2024-09-20 15:38:39.405,429.2911819565188,996
2024-09-20 15:38:39.419,429.3164095078973,1004
2024-09-20 15:38:39.533,429.2959806078439,1004
2024-09-20 15:38:39.641,429.3086514000545,999
2024-09-20 15:38:39.674,429.3673106429805,998
2024-09-20 15:38:39.727,429.3536045963046,10
2024-09-20 15:38:39.739,429.3675353211332,15
2024-09-20 15:38:39.756,429.2794747405705,997
2024-09-20 15:38:39.770,429.3084576548205,9
2024-09-20 15:38:39.824,429.3512623403601,11
2024-09-20 15:38:39.833,429.3529560645666,1000
2024-09-20 15:38:39.848,429.298001248588,6
2024-09-20 15:38:39.929,429.3473221327164,7
2024-09-20 15:38:39.935,429.3047327804774,15
2024-09-20 15:38:39.945,429.3341963511536,6
2024-09-20 15:38:39.977,429.3031515488038,12
2024-09-20 15:38:40.010,429.36102840099545,95
2024-09-20 15:38:40.091,429.365364707742,96
2024-09-20 15:38:40.464,429.38023326266335,1005
2024-09-20 15:38:40.639,429.3706225879094,10
2024-09-20 15:38:40.640,429.384995250903,14
2024-09-20 15:38:40.834,429.3852213122239,995
2024-09-20 15:38:40.978,429.373808011653,10
2024-09-20 15:38:41.117,429.3429479221792,996
2024-09-20 15:38:41.220,429.3248844592387,98
2024-09-20 15:38:41.332,429.3600484361959,997
2024-09-20 15:38:41.363,429.347164787205,102
2024-09-20 15:38:41.397,429.3352002234312,7
2024-09-20 15:38:41.512,429.33764331821305,102
2024-09-20 15:38:41.791,42.93507682700374,1001
2024-09-20 15:38:41.973,429.34077818137655,101
2024-09-20 15:38:42.014,429.3069127364248,1001
2024-09-20 15:38:42.042,,8
2024-09-20 15:38:42.059,429.3268486461958,102
2024-09-20 15:38:42.062,429.3080728079383,997
2024-09-20 15:38:42.079,429.2432897295687,995
2024-09-20 15:38:42.121,429.23839515149416,995
2024-09-20 15:38:42.136,429.23401089406497,999
2024-09-20 15:38:42.183,-429.3311363368466,1002
2024-09-20 15:38:42.198,429.2314278891315,104
2024-09-20 15:38:42.212,429.2400085981287,1003
2024-09-20 15:38:42.224,429.3307773724065,95
2024-09-20 15:38:42.230,429.233183742746,12
2024-09-20 15:38:42.255,429.246042069816,1002
2024-09-20 15:38:42.435,429.24096258085547,996
2024-09-20 15:38:42.574,429.25121164027615,104
2024-09-20 15:38:42.581,429.28564180882086,101
2024-09-20 15:38:42.611,429.2306922978491,1003
2024-09-20 15:38:42.659,429.2532114913177,95
2024-09-20 15:38:42.684,429.3190258356576,15
2024-09-20 15:38:42.692,429.2507521926334,101
2024-09-20 15:38:42.694,429.2358193956874,95
2024-09-20 15:38:42.697,429.26144996024095,6
2024-09-20 15:38:42.732,429.28527829688886,1004
2024-09-20 15:38:42.825,429.2390743263057,95
2024-09-20 15:38:42.839,429.3160769666151,8
2024-09-20 15:38:42.865,429.2333293558249,1002
2024-09-20 15:38:42.878,429.2307750214133,15
2024-09-20 15:38:43.024,429.2120129715192,998
2024-09-20 15:38:43.040,429.2149611899768,11
2024-09-20 15:38:43.069,429.1602271720691,1004
2024-09-20 15:38:43.165,429.21827604118295,1001
2024-09-20 15:38:43.190,429.23507947271344,5
2024-09-20 15:38:43.539,429.2139808356801,998
2024-09-20 15:38:43.661,429.1471590214399,1001
2024-09-20 15:38:43.690,429.2018142086448,996
2024-09-20 15:38:43.752,429.2026460634826,997
2024-09-20 15:38:43.838,429.2114243785129,96
2024-09-20 15:38:43.924,429.1718391078135,101
2024-09-20 15:38:43.939,429.2188931470766,98
2024-09-20 15:38:44.234,429.1838644705769,996
2024-09-20 15:38:44.382,429.18714568965567,7
2024-09-20 15:38:44.418,429.15352455662185,999
2024-09-20 15:38:44.428,429.165174438849,5
2024-09-20 15:38:44.450,429.1701281990909,1000
2024-09-20 15:38:44.628,429.1745747195346,998
2024-09-20 15:38:44.800,429.169493403757,1002
2024-09-20 15:38:45.166,429.20026722308927,13
2024-09-20 15:38:45.169,429.1657701172261,998
2024-09-20 15:38:45.184,429.1911046866641,97
2024-09-20 15:38:45.226,,7
2024-09-20 15:38:45.274,429.1914140407957,98
2024-09-20 15:38:45.364,429.1813006206233,7
2024-09-20 15:38:45.385,429.1775313514988,11
2024-09-20 15:38:45.393,429.1828620143256,11
2024-09-20 15:38:45.616,429.1747186019251,11
2024-09-20 15:38:45.719,429.1637527345889,6
2024-09-20 15:38:45.818,429.17831905758254,1003
2024-09-20 15:38:45.899,42.91729623019379,99
2024-09-20 15:38:45.935,429.1783926000729,1000
2024-09-20 15:38:46.034,429.1547208495991,11
2024-09-20 15:38:46.070,429.181098057908,105
2024-09-20 15:38:46.077,429.16297707462456,7
2024-09-20 15:38:46.121,429.1665688253463,9
2024-09-20 15:38:46.138,429.2095631953033,12
2024-09-20 15:38:46.164,429.14140614451264,98
2024-09-20 15:38:46.230,429.2051439821162,996
2024-09-20 15:38:46.399,429.1826524319896,995
2024-09-20 15:38:46.405,429.1400801161889,97
2024-09-20 15:38:46.423,429.1548383648955,13
2024-09-20 15:38:46.574,429.2104630091957,999
2024-09-20 15:38:46.616,429.1810069607041,12
2024-09-20 15:38:46.690,429.1505616706629,15
2024-09-20 15:38:46.703,429.1509611988774,102
2024-09-20 15:38:46.830,429.19566248032805,996
2024-09-20 15:38:46.895,429.146362665168,5
2024-09-20 15:38:46.918,429.16319386861926,1003
2024-09-20 15:38:47.082,429.1985935638467,104
2024-09-20 15:38:47.144,429.1419920831313,995
2024-09-20 15:38:47.266,429.1846694927053,998
2024-09-20 15:38:47.272,429.1983122339511,1001
2024-09-20 15:38:47.424,429.1752371313338,102
2024-09-20 15:38:47.536,429.1950694897383,11
2024-09-20 15:38:47.566,429.154969136687,7
2024-09-20 15:38:47.679,429.1494647088242,995
2024-09-20 15:38:47.723,429.1970068295043,1003
2024-09-20 15:38:47.750,429.136948650219,15
2024-09-20 15:38:47.795,429.1541284376743,95
2024-09-20 15:38:47.874,429.1500698870317,9
2024-09-20 15:38:47.895,429.1564216879682,14
2024-09-20 15:38:47.962,429.19654886139216,9
2024-09-20 15:38:47.966,429.1967390996904,7
2024-09-20 15:38:47.982,429.1939033461156,5
2024-09-20 15:38:48.045,429.1484531188126,105
2024-09-20 15:38:48.068,429.1532462411659,12
2024-09-20 15:38:48.084,429.1871165298511,15
2024-09-20 15:38:48.091,429.1977853440878,12
2024-09-20 15:38:48.173,429.1904377973968,997
2024-09-20 15:38:48.296,429.1662522873072,996
2024-09-20 15:38:48.334,429.1915477073515,1004
2024-09-20 15:38:48.601,429.16433129342727,103
2024-09-20 15:38:48.859,429.1341709567478,13
2024-09-20 15:38:49.037,429.1741012643448,98
2024-09-20 15:38:49.057,429.2173684265586,1002
2024-09-20 15:38:49.085,429.201180071162,5
2024-09-20 15:38:49.091,429.2092365710216,11
2024-09-20 15:38:49.120,429.21933530439406,998
2024-09-20 15:38:49.146,429.18077259809405,1005
2024-09-20 15:38:49.165,429.1981438032501,105
2024-09-20 15:38:49.194,429.21934112025446,10
2024-09-20 15:38:49.200,429.187750716106,1001
2024-09-20 15:38:49.200,429.1772822630225,95
2024-09-20 15:38:49.257,429.15790502960016,10
2024-09-20 15:38:49.338,429.22662898900506,1004
2024-09-20 15:38:49.400,429.206703766256,10
2024-09-20 15:38:49.402,429.1806415218722,1002
2024-09-20 15:38:49.430,429.1847624720643,105
2024-09-20 15:38:49.448,429.16206095515344,11
2024-09-20 15:38:49.451,429.21265033203065,97
2024-09-20 15:38:49.474,429.1801338723111,105
2024-09-20 15:38:49.494,429.2083218846699,98
2024-09-20 15:38:49.497,429.1837462233283,10
2024-09-20 15:38:49.599,429.19483610158073,997
2024-09-20 15:38:49.642,429.192847045783,15
2024-09-20 15:38:49.660,429.1920162874072,99
2024-09-20 15:38:49.737,429.20963086034806,1003
2024-09-20 15:38:49.756,429.2026498436165,1004
2024-09-20 15:38:49.776,429.1579995433738,999
2024-09-20 15:38:49.923,429.19883190126615,1002
2024-09-20 15:38:49.959,429.16734960764137,1000
2024-09-20 15:38:50.022,,6
2024-09-20 15:38:50.045,429.1631529493031,1002
2024-09-20 15:38:50.191,429.1885311737857,11
2024-09-20 15:38:50.217,429.1558940842192,1004
2024-09-20 15:38:50.263,429.1518969919325,11
2024-09-20 15:38:50.283,,995
2024-09-20 15:38:50.300,429.1673423994063,8
2024-09-20 15:38:50.354,429.1937185974278,1004
2024-09-20 15:38:50.407,429.2018575903189,8
2024-09-20 15:38:50.426,429.1772072598248,101
2024-09-20 15:38:50.482,429.2016883586507,96
2024-09-20 15:38:50.518,429.1823735121631,13
2024-09-20 15:38:50.807,42.91603970563167,9
2024-09-20 15:38:50.928,429.1409635771301,99
2024-09-20 15:38:50.940,429.1351763730831,1003
2024-09-20 15:38:50.965,429.17739904224817,1002
2024-09-20 15:38:50.989,429.170366911493,1001
2024-09-20 15:38:50.994,429.1693661305577,100
2024-09-20 15:38:50.999,429.1798254295412,100
2024-09-20 15:38:52.076,429.202282094328,9
2024-09-20 15:38:52.242,429.1965795419612,1000
2024-09-20 15:38:52.286,429.1867568580898,997
2024-09-20 15:38:52.300,429.17341959357606,1004
2024-09-20 15:38:52.357,,14
2024-09-20 15:38:52.497,429.1824998786501,10
2024-09-20 15:38:52.529,429.1830195958344,97
2024-09-20 15:38:52.573,429.1719909974454,996
2024-09-20 15:38:52.748,429.1739419954116,13
2024-09-20 15:38:52.758,429.1808807514872,996
2024-09-20 15:38:52.892,429.182178861597,9
2024-09-20 15:38:53.400,429.164558966334,102
2024-09-20 15:38:53.421,429.17006942530406,98
2024-09-20 15:38:54.026,429.0732576292749,14
2024-09-20 15:38:54.076,429.13353576369775,97
2024-09-20 15:38:54.248,429.0952495410452,1001
2024-09-20 15:38:54.301,429.1058010911688,10
2024-09-20 15:38:54.334,429.1564944697808,98
2024-09-20 15:38:54.420,429.0900438272252,7
2024-09-20 15:38:54.439,429.0777276540061,995
2024-09-20 15:38:54.538,429.0900915689798,8
2024-09-20 15:38:54.551,429.0710955307768,97
2024-09-20 15:38:54.559,429.1132045336405,99
2024-09-20 15:38:54.590,429.1053164937146,1005
2024-09-20 15:38:54.661,429.1000841428812,103
2024-09-20 15:38:54.741,429.11984317768,105
2024-09-20 15:38:54.747,429.09628835405954,105
2024-09-20 15:38:54.772,429.1238851394072,10
2024-09-20 15:38:54.788,429.1313093270328,96
2024-09-20 15:38:54.910,429.0982723381262,95
2024-09-20 15:38:54.917,429.11217698284753,1002
2024-09-20 15:38:54.964,429.1005138017023,1000
2024-09-20 15:38:55.013,429.1637079745683,98
2024-09-20 15:38:55.130,429.1843145665799,98
2024-09-20 15:38:55.160,429.12419287763606,998
2024-09-20 15:38:55.274,429.1825746553949,99
2024-09-20 15:38:55.279,429.1227747032675,6
2024-09-20 15:38:55.333,429.15722213394,6
2024-09-20 15:38:55.580,429.1792365746919,13
2024-09-20 15:38:55.620,429.1271862812207,995
2024-09-20 15:38:55.636,429.16896976051993,15
2024-09-20 15:38:55.843,429.1682660957917,996
2024-09-20 15:38:55.856,429.1791078792142,99
2024-09-20 15:38:56.003,429.2053450671127,13
2024-09-20 15:38:56.095,429.2236978348237,13
2024-09-20 15:38:56.136,429.1708449097615,1002
2024-09-20 15:38:56.144,429.2124092687091,1003
2024-09-20 15:38:56.159,429.20690253714633,11
2024-09-20 15:38:56.160,429.1594583533569,995
2024-09-20 15:38:56.193,429.20428908045,8
2024-09-20 15:38:56.283,429.1465755339081,7
2024-09-20 15:38:56.367,42.916310150952825,14
2024-09-20 15:38:56.402,429.2342774085925,1001
2024-09-20 15:38:56.493,429.1779005929112,9
2024-09-20 15:38:56.700,429.2035810164023,102
2024-09-20 15:38:56.776,429.223851623296,999
2024-09-20 15:38:56.810,429.21365057267934,104
2024-09-20 15:38:56.904,429.2335173895066,998
2024-09-20 15:38:56.923,429.1871715008543,13
2024-09-20 15:38:56.991,429.2266801470004,10
2024-09-20 15:38:57.117,429.1998148762656,13
2024-09-20 15:38:57.179,429.1916538222529,1005
2024-09-20 15:38:57.248,429.20959929034575,104
2024-09-20 15:38:57.513,429.1951365392617,1005
2024-09-20 15:38:57.587,429.2076486649507,7
2024-09-20 15:38:57.587,429.2086157059598,999
2024-09-20 15:38:57.755,429.2003760642726,996
2024-09-20 15:38:57.795,429.196257575223,104
2024-09-20 15:38:57.839,429.18774730051655,998
2024-09-20 15:38:57.843,429.1955519103032,98
2024-09-20 15:38:57.974,429.2055596240535,102
2024-09-20 15:38:58.238,429.1527131918935,1002
2024-09-20 15:38:58.240,429.18466721741487,14
2024-09-20 15:38:58.589,429.1690189222355,10
2024-09-20 15:38:58.666,429.1455422896232,98
2024-09-20 15:38:58.783,422.2341115460197,999
2024-09-20 15:38:58.872,429.161415973409,995
2024-09-20 15:38:58.910,429.1605855197545,1003
2024-09-20 15:38:59.017,429.1203014437902,105
2024-09-20 15:38:59.111,429.1620475910432,996
2024-09-20 15:38:59.190,429.1391674529296,1000
2024-09-20 15:38:59.291,429.17289844269,8
2024-09-20 15:38:59.299,429.1557998294909,100
2024-09-20 15:38:59.308,429.1265812196887,13
2024-09-20 15:38:59.368,429.160015512408,995
2024-09-20 15:38:59.393,429.1767228016076,996
2024-09-20 15:38:59.416,429.18120664246266,98
2024-09-20 15:38:59.421,429.14423211638297,105
2024-09-20 15:38:59.513,429.1876260760432,7
2024-09-20 15:38:59.534,429.1690993105212,8
2024-09-20 15:38:59.539,429.1793025853228,999
2024-09-20 15:38:59.589,429.12553923682543,5
2024-09-20 15:38:59.613,429.1487287341311,97
2024-09-20 15:38:59.637,429.1557367817341,1005
2024-09-20 15:38:59.710,429.14557406540814,100
2024-09-20 15:38:59.825,429.1805640121967,100
2024-09-20 15:38:59.834,429.1806708267322,1002
2024-09-20 15:38:59.843,429.1477452233497,1005
2024-09-20 15:38:59.856,429.1569094621791,11
2024-09-20 15:38:59.861,-429.1790470390685,11
2024-09-20 15:38:59.866,429.1346145131306,102
2024-09-20 15:38:59.869,429.1723549831626,13
2024-09-20 15:38:59.883,429.1375270045542,96
2024-09-20 15:38:59.886,429.14020080325776,95
2024-09-20 15:38:59.915,429.1222765737251,8
2024-09-20 15:38:59.967,429.1721335610888,7
