Timestamp,Price,Size
2024-09-16 10:57:00.035,417.1259720243607,998
2024-09-16 10:57:00.166,417.1928576293748,998
2024-09-16 10:57:00.167,417.1711361396308,1000
2024-09-16 10:57:00.247,417.1330583343648,6
2024-09-16 10:57:00.273,417.19423762284674,97
2024-09-16 10:57:00.296,417.138020598879,96
2024-09-16 10:57:00.365,417.1855884366199,13
2024-09-16 10:57:00.375,417.1085191012099,9
2024-09-16 10:57:00.448,417.1478081182777,7
2024-09-16 10:57:00.506,417.13570347928135,999
2024-09-16 10:57:00.579,417.1708627247321,7
2024-09-16 10:57:00.599,417.1415519908649,7
2024-09-16 10:57:00.686,417.1411079395581,11
2024-09-16 10:57:00.723,417.16933036936166,13
2024-09-16 10:57:00.727,417.1750108483735,103
2024-09-16 10:57:00.749,417.1189609058231,7
2024-09-16 10:57:00.763,417.1756566836905,5
2024-09-16 10:57:00.774,417.17756147224566,98
2024-09-16 10:57:00.790,417.1219072141936,99
2024-09-16 10:57:00.823,417.13640516485793,995
2024-09-16 10:57:00.841,417.19490107052434,9
2024-09-16 10:57:00.844,417.1976377798842,1005
2024-09-16 10:57:00.853,417.12552758600737,10
2024-09-16 10:57:00.938,417.2070667811796,100
2024-09-16 10:57:00.966,417.197236048704,97
2024-09-16 10:57:01.025,417.21685788431233,6
2024-09-16 10:57:01.068,417.2229109203404,995
2024-09-16 10:57:01.179,417.1830526876795,105
2024-09-16 10:57:01.252,417.1883092356102,997
2024-09-16 10:57:01.266,417.21832078842334,996
2024-09-16 10:57:01.315,417.228345456322,13
2024-09-16 10:57:01.359,417.182317460035,998
2024-09-16 10:57:01.427,417.2046570392199,104
2024-09-16 10:57:01.507,417.2006676503503,103
2024-09-16 10:57:01.512,417.21793893989127,104
2024-09-16 10:57:01.525,417.2305125837,102
2024-09-16 10:57:01.536,417.1890416398461,105
2024-09-16 10:57:01.595,417.2171566822513,12
2024-09-16 10:57:01.603,417.23190225565406,6
2024-09-16 10:57:01.624,417.20029479115465,14
2024-09-16 10:57:01.638,417.21857358819057,1000
2024-09-16 10:57:01.640,417.2123476206336,995
2024-09-16 10:57:01.678,417.1907027939837,100
2024-09-16 10:57:01.704,417.1864174921798,1005
2024-09-16 10:57:01.748,417.2040338059974,14
2024-09-16 10:57:01.812,417.22935073042913,101
2024-09-16 10:57:01.850,417.20682218393694,998
2024-09-16 10:57:01.852,417.2215299660261,10
2024-09-16 10:57:01.861,417.2067647225891,103
2024-09-16 10:57:01.871,417.2233323391374,98
2024-09-16 10:57:01.923,417.20940739881365,1002
2024-09-16 10:57:01.988,,9
2024-09-16 10:57:02.049,417.1972774653704,9
2024-09-16 10:57:02.098,417.1935183338945,1001
2024-09-16 10:57:02.116,417.1949852549055,1000
2024-09-16 10:57:02.183,417.18370492423264,7
2024-09-16 10:57:02.259,417.1548615963357,1000
2024-09-16 10:57:02.339,417.1313019894976,100
2024-09-16 10:57:02.339,417.1956797302225,1003
2024-09-16 10:57:02.349,417.15670265594304,103
2024-09-16 10:57:02.371,417.16600456706857,7
2024-09-16 10:57:02.397,417.1879146988091,1003
2024-09-16 10:57:02.577,417.1664579362893,10
2024-09-16 10:57:02.600,417.20026237731184,995
2024-09-16 10:57:02.625,417.1688241302845,999
2024-09-16 10:57:02.649,417.16749698554815,10
2024-09-16 10:57:02.738,417.1601704919034,97
2024-09-16 10:57:02.753,417.1761260644096,105
2024-09-16 10:57:02.791,417.1910091647704,14
2024-09-16 10:57:02.837,417.1907436573227,14
2024-09-16 10:57:02.898,417.17117222885366,105
2024-09-16 10:57:02.913,417.1557674346643,1000
2024-09-16 10:57:02.955,417.1694453320195,98
2024-09-16 10:57:02.985,417.186409937877,8
2024-09-16 10:57:02.993,417.1447870908109,11
2024-09-16 10:57:02.996,417.1586681346621,6
2024-09-16 10:57:03.033,417.1564829823176,995
2024-09-16 10:57:03.039,417.15557312765503,6
2024-09-16 10:57:03.231,417.1463676661102,1003
2024-09-16 10:57:03.654,417.1517076742009,98
2024-09-16 10:57:03.836,417.15662256457824,999
2024-09-16 10:57:05.067,417.18837557226806,5
2024-09-16 10:57:05.115,417.17119035417386,11
2024-09-16 10:57:05.115,417.1640687008236,995
2024-09-16 10:57:05.122,417.1601279770703,995
2024-09-16 10:57:05.165,417.1618936220773,5
2024-09-16 10:57:05.212,417.1653557497417,105
2024-09-16 10:57:05.286,417.18701598834974,96
2024-09-16 10:57:05.319,417.15481098666993,95
2024-09-16 10:57:05.379,417.1813692312715,15
2024-09-16 10:57:05.402,417.1616067625947,1002
2024-09-16 10:57:05.437,417.1859279487896,1003
2024-09-16 10:57:05.473,417.1657599256267,105
2024-09-16 10:57:05.532,417.1842597546405,1003
2024-09-16 10:57:05.593,417.18587349821615,999
2024-09-16 10:57:05.618,417.1863125084545,1004
2024-09-16 10:57:05.657,417.14949650300775,10
2024-09-16 10:57:05.713,417.1620013529479,105
2024-09-16 10:57:05.888,417.1646546703812,97
2024-09-16 10:57:05.903,417.1724174862963,999
2024-09-16 10:57:06.044,417.1469882286369,998
2024-09-16 10:57:06.078,417.1656415719772,1001
2024-09-16 10:57:06.163,417.2128942663353,101
2024-09-16 10:57:06.176,417.1438827829196,1004
2024-09-16 10:57:06.192,417.19113563024,9
2024-09-16 10:57:06.225,417.2081265198313,998
2024-09-16 10:57:06.269,417.1423398875029,103
2024-09-16 10:57:06.299,417.1865910245274,9
2024-09-16 10:57:06.359,417.1433682446751,100
2024-09-16 10:57:06.368,417.14050987597057,1001
2024-09-16 10:57:06.378,417.1507103454099,1003
2024-09-16 10:57:06.449,417.1245317973186,5
2024-09-16 10:57:06.499,417.22483388680337,98
2024-09-16 10:57:06.585,417.22514056600113,97
2024-09-16 10:57:06.638,417.1861145443907,1001
2024-09-16 10:57:06.678,417.22279699988576,96
2024-09-16 10:57:06.684,417.17777347486754,104
2024-09-16 10:57:06.703,417.1587755987069,1005
2024-09-16 10:57:06.716,417.1188544240865,1001
2024-09-16 10:57:06.825,417.1506285397928,1002
2024-09-16 10:57:06.905,417.13120423827087,14
2024-09-16 10:57:06.962,417.17700450001496,995
2024-09-16 10:57:07.122,417.1873050025141,1000
2024-09-16 10:57:07.204,417.2057877192179,1005
2024-09-16 10:57:07.254,417.2320362647336,95
2024-09-16 10:57:07.286,417.2217629146217,12
2024-09-16 10:57:07.292,417.24121563318346,13
2024-09-16 10:57:07.294,417.1916232071542,6
2024-09-16 10:57:07.379,417.2253941983051,104
2024-09-16 10:57:07.495,417.22382504933177,1000
2024-09-16 10:57:07.536,417.2074633187789,998
2024-09-16 10:57:07.568,417.22330811572857,1000
2024-09-16 10:57:07.585,417.1836562642582,7
2024-09-16 10:57:07.647,417.21080848571097,6
2024-09-16 10:57:07.651,417.2011192724482,10
2024-09-16 10:57:07.657,417.2139969073559,1002
2024-09-16 10:57:07.660,417.2073110143476,104
2024-09-16 10:57:07.775,417.2206003429809,999
2024-09-16 10:57:07.784,417.2059913049648,97
2024-09-16 10:57:07.787,417.21992918416953,103
2024-09-16 10:57:07.809,417.2182491642465,101
2024-09-16 10:57:07.821,417.18873019408096,97
2024-09-16 10:57:07.863,417.2246283427588,95
2024-09-16 10:57:07.865,-417.2288645300124,1002
2024-09-16 10:57:07.868,417.214461709894,103
2024-09-16 10:57:07.877,417.2325504243007,9
2024-09-16 10:57:07.895,417.1859284497253,10
2024-09-16 10:57:08.060,417.2183713510427,97
2024-09-16 10:57:08.128,417.2130359215341,7
2024-09-16 10:57:08.187,417.2080146336333,15
2024-09-16 10:57:08.223,417.23109662061165,1001
2024-09-16 10:57:08.223,417.2235336322386,5
2024-09-16 10:57:08.270,417.2305338415654,12
2024-09-16 10:57:08.271,417.20400494372734,101
2024-09-16 10:57:08.326,417.2021356058098,1001
2024-09-16 10:57:08.344,417.227536437894,996
2024-09-16 10:57:08.410,417.1991122127675,1005
2024-09-16 10:57:08.424,417.2314401400832,12
2024-09-16 10:57:08.439,417.2470089454685,15
2024-09-16 10:57:08.529,417.2278229018885,105
2024-09-16 10:57:08.960,417.2370335879491,11
2024-09-16 10:57:08.978,417.2145782013534,13
2024-09-16 10:57:09.056,417.2542576684436,8
2024-09-16 10:57:09.089,417.2662165354735,1005
2024-09-16 10:57:09.286,417.27693335973686,95
2024-09-16 10:57:09.393,417.227627607492,1002
2024-09-16 10:57:09.486,417.2902318484421,15
2024-09-16 10:57:09.489,417.2250736311148,105
2024-09-16 10:57:09.599,417.2819961337203,1004
2024-09-16 10:57:09.614,417.2404960187039,100
2024-09-16 10:57:09.628,417.26253468976654,995
2024-09-16 10:57:09.636,417.2767520543358,6
2024-09-16 10:57:09.640,417.26839781810446,7
2024-09-16 10:57:09.800,417.28226816107184,101
2024-09-16 10:57:09.878,417.24086276853495,104
2024-09-16 10:57:09.916,417.26295273800594,105
2024-09-16 10:57:10.138,417.2300508971113,12
2024-09-16 10:57:10.258,417.2264984989093,1004
2024-09-16 10:57:10.330,417.2162741215014,11
2024-09-16 10:57:10.354,417.20845484902753,1000
2024-09-16 10:57:10.412,417.2216869293044,99
2024-09-16 10:57:10.439,417.22069141193833,96
2024-09-16 10:57:10.557,417.2467591027548,1002
2024-09-16 10:57:10.612,417.2608389324115,996
2024-09-16 10:57:10.637,417.2297863719091,997
2024-09-16 10:57:10.637,,96
2024-09-16 10:57:10.658,417.2583128302056,5
2024-09-16 10:57:10.765,41.72507663133432,7
2024-09-16 10:57:10.863,417.1979098391687,995
2024-09-16 10:57:10.913,417.2538042113979,14
2024-09-16 10:57:10.982,417.2767199328797,998
2024-09-16 10:57:10.992,417.2483250183767,999
2024-09-16 10:57:11.146,417.2306073899417,102
2024-09-16 10:57:11.300,417.2332196920667,95
2024-09-16 10:57:11.323,417.2123461984039,1003
2024-09-16 10:57:11.466,417.25700607180113,104
2024-09-16 10:57:11.674,417.2300782266626,1005
2024-09-16 10:57:11.866,,97
2024-09-16 10:57:11.906,417.2479719605233,997
2024-09-16 10:57:12.000,417.2845058969519,6
2024-09-16 10:57:12.019,417.3151395110476,997
2024-09-16 10:57:12.083,417.276802811502,96
2024-09-16 10:57:12.109,417.2712840498437,13
2024-09-16 10:57:12.176,417.3178078960016,102
2024-09-16 10:57:12.202,417.262353870452,999
2024-09-16 10:57:12.229,417.31110937907846,1003
2024-09-16 10:57:12.244,417.29855316879366,5
2024-09-16 10:57:12.252,417.3042454376126,1005
2024-09-16 10:57:12.326,417.2772234974303,96
2024-09-16 10:57:12.537,417.2621718735885,1000
2024-09-16 10:57:12.558,417.3662496994857,98
2024-09-16 10:57:12.644,417.3007102873992,1002
2024-09-16 10:57:12.654,417.33255685726135,6
2024-09-16 10:57:12.655,417.2789943555414,12
2024-09-16 10:57:12.663,417.2886570507257,12
2024-09-16 10:57:12.664,417.2744608774875,96
2024-09-16 10:57:12.691,417.2600989284072,1000
2024-09-16 10:57:12.728,417.35089720947497,98
2024-09-16 10:57:12.754,417.2732871584283,103
2024-09-16 10:57:12.817,417.2719342676586,1002
2024-09-16 10:57:12.841,417.2652703458967,1002
2024-09-16 10:57:12.858,417.3079926704511,996
2024-09-16 10:57:12.885,417.2715515042425,101
2024-09-16 10:57:12.925,417.2860896979651,15
2024-09-16 10:57:12.980,417.2745594539168,1004
2024-09-16 10:57:12.999,417.2971013259444,11
2024-09-16 10:57:13.054,417.3950291534749,15
2024-09-16 10:57:13.165,417.37596156468766,5
2024-09-16 10:57:13.194,417.4459551305857,105
2024-09-16 10:57:13.230,417.4502418473696,6
2024-09-16 10:57:13.325,417.4444506404147,15
2024-09-16 10:57:13.326,417.3886218481811,8
2024-09-16 10:57:13.376,417.47562549739433,14
2024-09-16 10:57:13.387,417.4054783793478,13
2024-09-16 10:57:13.413,417.4125487457667,101
2024-09-16 10:57:13.439,417.4417691773672,10
2024-09-16 10:57:13.480,417.3958608708671,13
2024-09-16 10:57:13.524,417.4123550209735,12
2024-09-16 10:57:13.559,417.4295671370775,15
2024-09-16 10:57:13.614,417.4537037724384,995
2024-09-16 10:57:13.724,417.45097982837416,1002
2024-09-16 10:57:13.778,417.4695683039188,9
2024-09-16 10:57:13.812,417.4493792285551,97
2024-09-16 10:57:13.880,417.40475212123306,8
2024-09-16 10:57:13.883,417.3960391124117,102
2024-09-16 10:57:13.898,417.4725015386221,998
2024-09-16 10:57:13.906,417.3874534863705,1002
2024-09-16 10:57:13.911,417.4617577795062,997
2024-09-16 10:57:13.940,417.41599731006426,1004
2024-09-16 10:57:13.943,417.4073035404274,1004
2024-09-16 10:57:13.994,417.430528991868,96
2024-09-16 10:57:14.289,417.44682615009134,8
2024-09-16 10:57:14.352,417.4633078825438,15
2024-09-16 10:57:14.393,417.4747170682207,1004
2024-09-16 10:57:14.455,417.44596047468207,97
2024-09-16 10:57:14.601,417.4477991498738,1001
2024-09-16 10:57:14.621,417.47976349107904,95
2024-09-16 10:57:14.632,417.4596927779612,100
2024-09-16 10:57:14.691,417.4679024378772,15
2024-09-16 10:57:14.732,417.4525775849732,997
2024-09-16 10:57:14.850,417.45642869489234,105
2024-09-16 10:57:14.946,417.45911087787744,13
2024-09-16 10:57:15.000,417.5098593067561,999
2024-09-16 10:57:15.021,417.45927720571865,11
2024-09-16 10:57:15.038,,997
2024-09-16 10:57:15.040,417.5259414353173,8
2024-09-16 10:57:15.082,417.51023253993486,1001
2024-09-16 10:57:15.101,417.4587600738268,96
2024-09-16 10:57:15.142,417.4739524436648,999
2024-09-16 10:57:15.216,417.5799162538226,7
2024-09-16 10:57:15.237,417.5344908788418,1003
2024-09-16 10:57:15.280,417.5977043907552,95
2024-09-16 10:57:15.358,417.4704074620742,999
2024-09-16 10:57:15.361,417.4533900351004,7
2024-09-16 10:57:15.390,417.5239812826874,102
2024-09-16 10:57:15.436,417.4562686204764,9
2024-09-16 10:57:15.464,,97
2024-09-16 10:57:15.536,417.4617276899374,11
2024-09-16 10:57:15.564,417.5266522048408,15
2024-09-16 10:57:15.671,417.5623324874195,101
2024-09-16 10:57:15.700,417.5260422275648,99
2024-09-16 10:57:15.730,417.4874719401441,98
2024-09-16 10:57:15.766,417.5319883939821,998
2024-09-16 10:57:15.858,417.47854608580377,999
2024-09-16 10:57:15.872,417.52715765875945,997
2024-09-16 10:57:15.889,417.4630274992151,10
2024-09-16 10:57:15.902,417.5271657634976,100
2024-09-16 10:57:15.912,417.4983883122416,98
2024-09-16 10:57:16.066,417.533788201486,7
2024-09-16 10:57:16.107,417.5645184464376,95
2024-09-16 10:57:16.293,417.5612247637104,100
2024-09-16 10:57:16.377,417.5743609525988,97
2024-09-16 10:57:16.380,417.5721386095447,102
2024-09-16 10:57:16.403,417.5822231138861,95
2024-09-16 10:57:16.428,417.5764850794629,1002
2024-09-16 10:57:16.450,417.5593230915639,998
2024-09-16 10:57:16.488,417.5612028684986,6
2024-09-16 10:57:16.538,417.5359975122049,100
2024-09-16 10:57:16.633,417.5340769966577,101
2024-09-16 10:57:16.645,417.5593272011405,105
2024-09-16 10:57:16.649,417.5342011330517,7
2024-09-16 10:57:16.650,417.621649599295,995
2024-09-16 10:57:16.675,417.5619387304025,13
2024-09-16 10:57:16.720,417.61655461630863,1001
2024-09-16 10:57:16.744,417.5657308669908,15
2024-09-16 10:57:16.777,417.5378137508943,1003
2024-09-16 10:57:16.828,417.54716574620943,98
2024-09-16 10:57:16.885,417.53951531370495,102
2024-09-16 10:57:17.002,417.5902339340188,99
2024-09-16 10:57:17.033,417.5819678570159,7
2024-09-16 10:57:17.046,417.59043702511815,15
2024-09-16 10:57:17.054,417.55970725916194,105
2024-09-16 10:57:17.096,417.622375310686,13
2024-09-16 10:57:17.133,417.5809587195685,13
2024-09-16 10:57:17.161,417.5964066501134,1005
2024-09-16 10:57:17.229,417.56105466069226,999
2024-09-16 10:57:17.285,417.5838218712244,6
2024-09-16 10:57:17.322,417.6065661177464,997
2024-09-16 10:57:17.407,417.5690860608169,1003
2024-09-16 10:57:17.435,417.5974691334039,98
2024-09-16 10:57:17.530,417.5703913214488,100
2024-09-16 10:57:17.542,417.5728474069462,97
2024-09-16 10:57:17.590,417.564780220057,996
2024-09-16 10:57:17.592,417.6013782256141,13
2024-09-16 10:57:17.596,417.611100652818,99
2024-09-16 10:57:17.893,417.56019070080345,997
2024-09-16 10:57:17.957,417.6027104499424,996
2024-09-16 10:57:18.097,417.5941569616238,98
2024-09-16 10:57:18.123,417.6222621461962,105
2024-09-16 10:57:18.128,-417.61974941947847,999
2024-09-16 10:57:18.161,417.5768981483543,102
2024-09-16 10:57:18.210,417.6011902168187,1002
2024-09-16 10:57:18.231,417.58390157608784,995
2024-09-16 10:57:18.822,417.5928993160052,1003
2024-09-16 10:57:18.879,417.5844758600204,1002
2024-09-16 10:57:18.886,417.5821345500912,9
2024-09-16 10:57:19.002,417.5544470002976,104
2024-09-16 10:57:19.017,417.6377558305648,13
2024-09-16 10:57:19.049,417.6438560108096,1005
2024-09-16 10:57:19.132,417.5620328032516,101
2024-09-16 10:57:19.143,417.5562016671319,101
2024-09-16 10:57:19.162,417.5661712470465,1004
2024-09-16 10:57:19.173,417.5341133227471,5
2024-09-16 10:57:19.187,417.59533214439074,100
2024-09-16 10:57:19.217,417.55832456561177,100
2024-09-16 10:57:19.296,417.5617513880824,13
2024-09-16 10:57:19.302,417.5707399270776,105
2024-09-16 10:57:19.325,417.5711154849512,99
2024-09-16 10:57:19.326,417.6161487914971,13
2024-09-16 10:57:19.362,417.5484415688041,99
2024-09-16 10:57:19.437,417.6292538608456,101
2024-09-16 10:57:19.469,417.6462290283042,105
2024-09-16 10:57:19.497,417.5457336484613,1000
2024-09-16 10:57:19.546,417.54837309713423,6
2024-09-16 10:57:19.548,417.6245491392455,8
2024-09-16 10:57:19.561,417.5985871799893,1004
2024-09-16 10:57:19.615,417.5646528766663,96
2024-09-16 10:57:19.672,417.62732237232376,13
2024-09-16 10:57:19.740,417.56409876883606,5
2024-09-16 10:57:19.929,417.547479575676,103
2024-09-16 10:57:19.954,417.6334194206137,100
2024-09-16 10:57:19.959,417.5483466666965,14
2024-09-16 10:57:20.000,417.55267999972943,99
2024-09-16 10:57:20.014,417.6076082468148,1001
2024-09-16 10:57:20.176,417.6277493493664,995
2024-09-16 10:57:20.218,417.5639076339136,100
2024-09-16 10:57:20.250,417.5439340370363,98
2024-09-16 10:57:20.394,417.54208559302566,995
2024-09-16 10:57:20.457,417.5520041901413,1005
2024-09-16 10:57:20.655,417.5758866007496,8
2024-09-16 10:57:20.657,417.567040577346,995
2024-09-16 10:57:20.669,417.6264719781432,12
2024-09-16 10:57:20.678,417.54472050504666,12
2024-09-16 10:57:20.721,417.60472283282536,101
2024-09-16 10:57:20.791,417.62515996185147,14
2024-09-16 10:57:20.936,417.6406813635341,1004
2024-09-16 10:57:21.078,417.5487102505804,8
2024-09-16 10:57:21.080,417.4991917575053,8
2024-09-16 10:57:21.136,417.56568242069466,999
2024-09-16 10:57:21.160,417.5468837711169,103
2024-09-16 10:57:21.162,417.5609856338051,1003
2024-09-16 10:57:21.199,417.4803775760167,9
2024-09-16 10:57:21.226,417.5468708030904,98
2024-09-16 10:57:21.236,417.5437839198446,6
2024-09-16 10:57:21.282,417.5719406131909,95
2024-09-16 10:57:21.308,417.540729539392,997
2024-09-16 10:57:21.400,417.5478051903563,101
2024-09-16 10:57:21.436,417.52613787192297,102
2024-09-16 10:57:21.456,417.5339295314394,995
2024-09-16 10:57:21.607,417.516273766043,11
2024-09-16 10:57:21.614,417.5653196742638,98
2024-09-16 10:57:21.615,417.5101615425966,9
2024-09-16 10:57:21.628,417.5654577454679,95
2024-09-16 10:57:21.661,417.5615795437116,98
2024-09-16 10:57:21.678,417.5639967312817,98
2024-09-16 10:57:21.681,417.5517738210816,15
2024-09-16 10:57:21.703,41.75431285793215,104
2024-09-16 10:57:21.712,417.5342586597308,1005
2024-09-16 10:57:21.750,417.4930789136732,97
2024-09-16 10:57:21.798,417.4941732877867,6
2024-09-16 10:57:21.832,417.4798409946469,6
2024-09-16 10:57:21.895,417.535500995368,15
2024-09-16 10:57:21.909,417.5021041708745,6
2024-09-16 10:57:21.969,417.5404255745776,104
2024-09-16 10:57:22.105,417.4813784826666,10
2024-09-16 10:57:22.131,417.4792290523731,96
2024-09-16 10:57:22.132,417.4744756350625,995
2024-09-16 10:57:22.363,417.4736145252389,8
2024-09-16 10:57:22.396,417.48571400397,1003
2024-09-16 10:57:22.623,417.4908652045439,96
2024-09-16 10:57:22.795,417.4726668358925,103
2024-09-16 10:57:22.796,417.4799171978992,996
2024-09-16 10:57:23.330,417.4723984024381,9
2024-09-16 10:57:24.042,417.46228492865896,7
2024-09-16 10:57:24.758,417.458479115546,995
2024-09-16 10:57:24.909,417.4600483361119,99
2024-09-16 10:57:24.927,417.4666760921146,98
2024-09-16 10:57:25.062,417.4716168140457,15
2024-09-16 10:57:25.248,417.4627860688674,14
2024-09-16 10:57:25.731,417.4907955568394,96
2024-09-16 10:57:25.770,417.4566748074649,14
2024-09-16 10:57:25.966,417.49315817310446,1003
2024-09-16 10:57:26.429,417.4902196864155,998
2024-09-16 10:57:26.493,417.5001350619797,99
2024-09-16 10:57:26.596,417.46523982165,13
2024-09-16 10:57:26.721,417.46898237170615,8
2024-09-16 10:57:26.988,417.4638441253104,96
2024-09-16 10:57:26.992,417.48908797059335,105
2024-09-16 10:57:27.032,417.471907691068,7
2024-09-16 10:57:27.127,417.5383737085108,1001
2024-09-16 10:57:27.152,417.45629394410895,996
2024-09-16 10:57:27.428,417.4148629156426,15
2024-09-16 10:57:27.442,417.5496097229769,8
2024-09-16 10:57:27.473,417.4398978401333,1001
2024-09-16 10:57:27.478,417.47290371399737,96
2024-09-16 10:57:27.525,417.45237894722175,996
2024-09-16 10:57:27.529,417.4356232317559,101
2024-09-16 10:57:27.565,417.4660528142304,96
2024-09-16 10:57:27.641,417.4650101686598,998
2024-09-16 10:57:27.683,417.4564126230519,996
2024-09-16 10:57:27.684,417.4083453048174,11
2024-09-16 10:57:27.740,417.4897130108896,100
2024-09-16 10:57:27.810,417.5203160493958,6
2024-09-16 10:57:27.811,417.49171779838406,101
2024-09-16 10:57:27.869,417.4309668741127,996
2024-09-16 10:57:27.929,417.4661608808583,96
2024-09-16 10:57:27.935,417.5613408688976,7
2024-09-16 10:57:27.981,417.47989856098593,100
2024-09-16 10:57:28.057,417.5219754803765,8
2024-09-16 10:57:28.110,417.53146559754896,7
2024-09-16 10:57:28.174,417.5059279647349,1002
2024-09-16 10:57:28.220,417.5357767240967,999
2024-09-16 10:57:28.245,417.5021509970748,15
2024-09-16 10:57:28.249,417.5062389060951,1002
2024-09-16 10:57:28.260,417.5004832650599,996
2024-09-16 10:57:28.261,417.54322349172105,104
2024-09-16 10:57:28.334,417.5678777351778,10
2024-09-16 10:57:28.340,417.568683360564,105
2024-09-16 10:57:28.353,417.5057906063343,15
2024-09-16 10:57:28.385,417.5463242475501,7
2024-09-16 10:57:28.406,417.534452361788,995
2024-09-16 10:57:28.453,417.5342793534438,995
2024-09-16 10:57:28.559,417.5396845740316,98
2024-09-16 10:57:28.565,417.5436094346509,6
2024-09-16 10:57:28.626,417.5116462145727,995
2024-09-16 10:57:28.734,417.5580996068744,996
2024-09-16 10:57:28.740,417.4998084772868,9
2024-09-16 10:57:28.891,417.53491099381455,1002
2024-09-16 10:57:28.898,417.5700839754752,7
2024-09-16 10:57:28.902,417.51549219002567,95
2024-09-16 10:57:28.951,417.5633769636557,997
2024-09-16 10:57:28.989,41.75645498291863,1002
2024-09-16 10:57:30.052,417.686095921846,14
2024-09-16 10:57:30.072,417.57532661355214,97
2024-09-16 10:57:30.095,417.6705194917124,105
2024-09-16 10:57:30.161,417.6631669518909,996
2024-09-16 10:57:30.176,417.5900723427882,5
2024-09-16 10:57:30.206,417.52156668757584,15
2024-09-16 10:57:30.207,417.5241893957245,1000
2024-09-16 10:57:30.315,417.6476713380817,105
2024-09-16 10:57:30.348,417.5863131274208,998
2024-09-16 10:57:30.367,417.575133855339,6
2024-09-16 10:57:30.445,417.6074389691764,9
2024-09-16 10:57:30.455,417.5476897578917,6
2024-09-16 10:57:30.473,417.5396153945517,13
2024-09-16 10:57:30.490,417.57909299190686,999
2024-09-16 10:57:30.530,417.5810002272091,1004
2024-09-16 10:57:30.543,417.59990360082713,101
2024-09-16 10:57:30.650,417.6412981868758,12
2024-09-16 10:57:30.747,417.6451548485668,102
2024-09-16 10:57:30.787,417.63101629673525,13
2024-09-16 10:57:30.798,417.5432356537352,8
2024-09-16 10:57:30.918,417.5268553906329,104
2024-09-16 10:57:31.051,417.58368124363886,997
2024-09-16 10:57:31.067,417.633567362942,11
2024-09-16 10:57:31.095,417.6515614998271,98
2024-09-16 10:57:31.098,417.59871152027216,105
2024-09-16 10:57:31.123,417.5903403714776,98
2024-09-16 10:57:31.159,417.580724962275,104
2024-09-16 10:57:31.163,417.5775590817671,1003
2024-09-16 10:57:31.176,417.6718972602952,13
2024-09-16 10:57:31.181,417.64083874912126,996
2024-09-16 10:57:31.252,417.601653267572,8
2024-09-16 10:57:31.422,417.6419649593213,14
2024-09-16 10:57:31.427,417.5818657367143,1000
2024-09-16 10:57:31.462,417.5778136678149,95
2024-09-16 10:57:31.532,417.5870372287913,15
2024-09-16 10:57:31.595,417.56827383901816,99
2024-09-16 10:57:31.672,417.5981485780002,96
2024-09-16 10:57:31.765,41.76274919011703,11
2024-09-16 10:57:31.832,417.6621312944021,12
2024-09-16 10:57:31.878,417.6234072723635,998
2024-09-16 10:57:31.914,417.5808048771005,998
2024-09-16 10:57:31.918,417.6320523980512,996
2024-09-16 10:57:31.952,417.6136278513286,995
2024-09-16 10:57:31.958,417.6329715311076,99
2024-09-16 10:57:31.963,417.6370408792841,14
2024-09-16 10:57:31.984,417.5847899007626,7
2024-09-16 10:57:32.389,417.5735959525328,1004
2024-09-16 10:57:32.452,417.6010152224932,14
2024-09-16 10:57:32.640,417.588799417636,10
2024-09-16 10:57:32.750,,103
2024-09-16 10:57:32.827,417.6016461846389,102
2024-09-16 10:57:32.993,417.5981024761178,8
2024-09-16 10:57:33.000,417.6630615093398,999
2024-09-16 10:57:33.045,417.6503748442324,996
2024-09-16 10:57:33.149,417.69083712904,103
2024-09-16 10:57:33.174,417.657486200303,96
2024-09-16 10:57:33.244,417.60052157110255,101
2024-09-16 10:57:33.252,417.6812430555863,998
2024-09-16 10:57:33.270,417.59684097170816,10
2024-09-16 10:57:33.274,-417.6889737171964,996
2024-09-16 10:57:33.362,417.6021018193453,1000
2024-09-16 10:57:33.438,417.6808278480767,1001
2024-09-16 10:57:33.443,417.68813507466734,6
2024-09-16 10:57:33.537,417.6677704446858,12
2024-09-16 10:57:33.705,417.662829089979,1000
2024-09-16 10:57:33.773,417.67068210047,15
2024-09-16 10:57:33.824,417.64025290899633,1003
2024-09-16 10:57:33.870,417.6436884914541,103
2024-09-16 10:57:33.871,417.65456002547785,12
2024-09-16 10:57:33.875,417.6547554260915,103
2024-09-16 10:57:33.994,417.6489812393901,15
2024-09-16 10:57:34.009,417.64172120606975,15
2024-09-16 10:57:34.028,417.6726028886189,9
2024-09-16 10:57:34.065,417.6550030258794,1003
2024-09-16 10:57:34.102,417.64749609217074,104
2024-09-16 10:57:34.180,417.69013755148137,14
2024-09-16 10:57:34.183,417.6269494339395,98
2024-09-16 10:57:34.195,417.7066238782928,104
2024-09-16 10:57:34.279,417.6603186573705,1001
2024-09-16 10:57:34.354,417.69509019707095,96
2024-09-16 10:57:34.364,417.69830663565824,98
2024-09-16 10:57:34.433,417.6444456158702,96
2024-09-16 10:57:34.531,417.6169447871197,100
2024-09-16 10:57:34.537,417.6716048067838,97
2024-09-16 10:57:34.700,417.6537424148791,996
2024-09-16 10:57:34.708,417.6394737057109,96
2024-09-16 10:57:34.744,417.6785879595168,99
2024-09-16 10:57:34.760,417.6639824249904,1002
2024-09-16 10:57:34.771,417.6768550695489,102
2024-09-16 10:57:34.788,417.6726287343882,8
2024-09-16 10:57:34.886,417.6700186512055,105
2024-09-16 10:57:34.949,417.62610400660776,7
2024-09-16 10:57:34.962,417.6351361072666,12
2024-09-16 10:57:34.972,417.6578494288721,105
2024-09-16 10:57:34.982,417.6585757155472,1000
2024-09-16 10:57:35.040,417.65043866139024,998
2024-09-16 10:57:35.057,417.72361659693087,6
2024-09-16 10:57:35.063,417.7035582119576,996
2024-09-16 10:57:35.074,417.65269525423633,99
2024-09-16 10:57:35.079,,1003
2024-09-16 10:57:35.092,417.7196524959529,999
2024-09-16 10:57:35.099,417.6634397848196,997
2024-09-16 10:57:35.181,417.6924353396312,6
2024-09-16 10:57:35.199,417.65666816885977,102
2024-09-16 10:57:35.218,417.6333771109673,101
2024-09-16 10:57:35.235,417.6918130046794,101
2024-09-16 10:57:35.355,417.67694806759977,1003
2024-09-16 10:57:35.378,417.7094631161828,100
2024-09-16 10:57:35.386,417.7049369826042,995
2024-09-16 10:57:35.421,417.6373474832959,1003
2024-09-16 10:57:35.448,417.6693207015115,102
2024-09-16 10:57:35.475,417.6306040490796,8
2024-09-16 10:57:35.480,417.6482428622834,97
2024-09-16 10:57:35.510,417.6708990486175,102
2024-09-16 10:57:35.539,417.713535900077,9
2024-09-16 10:57:35.553,417.678983030958,1004
2024-09-16 10:57:35.655,417.6881034273898,1005
2024-09-16 10:57:35.665,417.6624706673924,101
2024-09-16 10:57:35.694,41.76589131970254,998
2024-09-16 10:57:35.763,417.6387107586203,8
2024-09-16 10:57:35.824,417.6483593145639,98
2024-09-16 10:57:35.892,417.7357261945861,10
2024-09-16 10:57:35.925,417.710977298308,97
2024-09-16 10:57:36.080,417.6531091097784,97
2024-09-16 10:57:36.111,417.6569191423328,102
2024-09-16 10:57:36.212,41.7635767107866,102
2024-09-16 10:57:36.262,417.6194083802737,98
2024-09-16 10:57:36.300,417.6479803880576,1000
2024-09-16 10:57:36.373,417.6354658248811,103
2024-09-16 10:57:36.499,417.6354156587631,99
2024-09-16 10:57:36.591,417.6531649794877,999
2024-09-16 10:57:36.687,417.65061714443846,96
2024-09-16 10:57:36.798,417.6392092999645,1005
2024-09-16 10:57:36.864,417.6567661494685,10
2024-09-16 10:57:37.085,417.65579430705503,1001
2024-09-16 10:57:37.100,417.629694161654,1000
2024-09-16 10:57:37.136,417.6110743174724,12
2024-09-16 10:57:37.207,417.63857644966095,998
2024-09-16 10:57:37.343,417.6257208170312,8
2024-09-16 10:57:37.345,417.63672933492967,104
2024-09-16 10:57:37.408,417.6275776706104,9
2024-09-16 10:57:37.543,417.6318371856159,11
2024-09-16 10:57:37.616,417.6464253798649,1002
2024-09-16 10:57:37.619,417.6388095909397,105
2024-09-16 10:57:37.677,417.62071505118206,995
2024-09-16 10:57:37.696,417.60732177887263,1001
2024-09-16 10:57:37.784,417.6357929232229,99
2024-09-16 10:57:37.942,417.6391095491189,5
2024-09-16 10:57:37.975,417.6220225807516,105
2024-09-16 10:57:38.008,417.6174237777199,96
2024-09-16 10:57:38.106,417.6008276864918,997
2024-09-16 10:57:38.220,417.6015124950729,100
2024-09-16 10:57:38.368,417.6485359194429,96
2024-09-16 10:57:38.428,417.5961334364798,98
2024-09-16 10:57:38.448,417.622050408451,100
2024-09-16 10:57:38.704,417.63068246399735,7
2024-09-16 10:57:38.707,417.6270956587144,1002
2024-09-16 10:57:38.708,417.649298638268,95
2024-09-16 10:57:38.750,417.628583367281,96
2024-09-16 10:57:38.797,417.6416676209212,15
2024-09-16 10:57:38.833,417.6538234661312,1005
2024-09-16 10:57:38.862,417.63967840537794,104
2024-09-16 10:57:38.895,417.6358425709583,1000
2024-09-16 10:57:38.965,417.6339129437691,13
2024-09-16 10:57:39.024,41.76456046269668,5
2024-09-16 10:57:39.033,417.6285549106804,1001
2024-09-16 10:57:39.122,,97
2024-09-16 10:57:39.145,417.6153170981395,104
2024-09-16 10:57:39.243,417.63005217616535,96
2024-09-16 10:57:39.261,417.6385508048133,995
2024-09-16 10:57:39.266,417.62952430254376,1002
2024-09-16 10:57:39.355,417.6466026489393,100
2024-09-16 10:57:39.367,417.6411418042751,13
2024-09-16 10:57:39.687,417.6425043186081,101
2024-09-16 10:57:40.243,417.6204969277747,100
2024-09-16 10:57:40.252,417.592716005731,105
2024-09-16 10:57:40.309,417.61367339871737,99
2024-09-16 10:57:40.350,417.6037482806729,8
2024-09-16 10:57:40.365,417.586331280532,95
2024-09-16 10:57:40.369,417.6216884229327,98
2024-09-16 10:57:40.402,417.5961059511227,1004
2024-09-16 10:57:40.455,417.6187903814662,11
2024-09-16 10:57:40.477,417.61309638226487,995
2024-09-16 10:57:40.561,417.5995111474173,104
2024-09-16 10:57:40.573,417.6134336096016,1002
2024-09-16 10:57:40.601,417.59432795763945,995
2024-09-16 10:57:40.622,41.760484064635726,99
2024-09-16 10:57:40.672,417.6115429900573,99
2024-09-16 10:57:40.761,417.6246401739671,1004
2024-09-16 10:57:40.792,417.6400219127245,100
2024-09-16 10:57:40.800,417.6118034602709,9
2024-09-16 10:57:40.922,417.6281915443501,102
2024-09-16 10:57:40.933,417.6321859760696,97
2024-09-16 10:57:40.984,417.59992825015024,104
2024-09-16 10:57:41.050,-417.59109451941725,101
2024-09-16 10:57:41.143,417.5840038336781,1002
2024-09-16 10:57:41.153,417.5958453207117,97
2024-09-16 10:57:42.030,417.58956914434265,12
2024-09-16 10:57:42.048,417.6289395082738,105
2024-09-16 10:57:42.079,417.6079307086305,102
2024-09-16 10:57:42.263,417.6105303174104,5
2024-09-16 10:57:42.323,417.610100054222,6
2024-09-16 10:57:42.444,417.5997635637378,104
2024-09-16 10:57:42.561,417.6147129377287,105
2024-09-16 10:57:42.606,417.60379430512864,99
2024-09-16 10:57:42.674,417.6270034089063,1002
2024-09-16 10:57:42.740,417.6019784032087,105
2024-09-16 10:57:42.837,417.61237238850936,10
2024-09-16 10:57:42.911,417.6154151084958,9
2024-09-16 10:57:43.316,417.67168617940337,1003
2024-09-16 10:57:43.589,417.65249820086376,1003
2024-09-16 10:57:43.693,417.6311752805734,995
2024-09-16 10:57:43.849,417.6752417062904,96
2024-09-16 10:57:43.901,417.6598962552809,103
2024-09-16 10:57:44.479,417.66076515662985,12
2024-09-16 10:57:44.555,417.6543804514945,1001
2024-09-16 10:57:44.949,417.6471709187172,100
2024-09-16 10:57:45.034,417.6667820000592,101
2024-09-16 10:57:45.093,417.6810658017128,1002
2024-09-16 10:57:45.160,417.6459291303205,8
2024-09-16 10:57:45.227,417.63977682951,1004
2024-09-16 10:57:45.231,417.6387865654707,103
2024-09-16 10:57:45.415,417.6361931070624,1000
2024-09-16 10:57:45.514,417.6393352070901,998
2024-09-16 10:57:45.611,417.6627100773156,1005
2024-09-16 10:57:45.633,417.67568390451993,6
2024-09-16 10:57:45.718,417.65309151345167,97
2024-09-16 10:57:45.742,417.66177235383947,7
2024-09-16 10:57:45.793,417.6457136359492,103
2024-09-16 10:57:45.862,417.6435972996406,98
2024-09-16 10:57:45.987,417.6688976547676,8
2024-09-16 10:57:46.025,417.6691882436746,105
2024-09-16 10:57:46.116,417.6773274322211,100
2024-09-16 10:57:46.197,417.6685124058909,102
2024-09-16 10:57:46.198,417.6645135819765,999
2024-09-16 10:57:46.238,-417.6501162746663,12
2024-09-16 10:57:46.393,417.6759084507865,7
2024-09-16 10:57:46.397,417.6747892305212,997
2024-09-16 10:57:46.449,417.6634543564062,1005
2024-09-16 10:57:46.646,-417.6825890610805,1003
2024-09-16 10:57:46.660,417.66538051333833,1000
2024-09-16 10:57:46.700,417.67912095257736,1000
2024-09-16 10:57:46.753,417.6758358067844,1004
2024-09-16 10:57:46.796,417.67410475041817,13
2024-09-16 10:57:46.829,417.6721492338816,995
2024-09-16 10:57:46.850,417.6825253912123,101
2024-09-16 10:57:46.867,417.6667726485304,14
2024-09-16 10:57:46.940,417.6525244504251,9
2024-09-16 10:57:46.963,417.66942954359047,995
2024-09-16 10:57:47.179,417.6754181614833,996
2024-09-16 10:57:47.244,417.66991528980543,95
2024-09-16 10:57:47.415,417.686187441623,15
2024-09-16 10:57:47.473,417.6713348859948,1000
2024-09-16 10:57:47.591,417.6834657912407,997
2024-09-16 10:57:47.762,417.69225817309535,105
2024-09-16 10:57:47.812,417.6807347551925,96
2024-09-16 10:57:47.920,417.6842473841255,105
2024-09-16 10:57:48.003,417.715605686058,97
2024-09-16 10:57:48.265,417.6866084343721,1001
2024-09-16 10:57:48.300,417.69011365202016,996
2024-09-16 10:57:48.471,417.6752188821234,1004
2024-09-16 10:57:48.473,417.6894984110015,13
2024-09-16 10:57:48.480,417.6860153342548,95
2024-09-16 10:57:48.626,417.6950591268362,999
2024-09-16 10:57:48.641,417.7087513994359,101
2024-09-16 10:57:48.936,417.6625026069991,995
2024-09-16 10:57:48.983,417.6672253516202,7
2024-09-16 10:57:49.148,417.7159757555565,12
2024-09-16 10:57:49.175,417.6970933015826,998
2024-09-16 10:57:49.207,417.6887926578012,10
2024-09-16 10:57:49.388,417.6980398247994,101
2024-09-16 10:57:49.483,417.6715734864186,995
2024-09-16 10:57:49.614,417.70314099253847,996
2024-09-16 10:57:49.812,417.7014084102744,1002
2024-09-16 10:57:51.013,417.6650988824677,100
2024-09-16 10:57:51.080,417.6380084946826,97
2024-09-16 10:57:51.146,417.68364204522015,13
2024-09-16 10:57:51.177,417.66569806721367,13
2024-09-16 10:57:51.254,417.61190877321,15
2024-09-16 10:57:51.270,417.6347757589087,100
2024-09-16 10:57:51.273,417.5794918514979,15
2024-09-16 10:57:51.281,417.6859937940163,101
2024-09-16 10:57:51.296,417.6159234732328,5
2024-09-16 10:57:51.344,417.5998846262979,98
2024-09-16 10:57:51.368,417.58246583461886,14
2024-09-16 10:57:51.376,417.6337911774583,1002
2024-09-16 10:57:51.404,417.5951709710888,102
2024-09-16 10:57:51.426,417.66629182182055,99
2024-09-16 10:57:51.466,417.6035420526249,96
2024-09-16 10:57:51.517,417.6929627453006,11
2024-09-16 10:57:51.578,417.6139830966176,7
2024-09-16 10:57:51.590,417.6540629063595,98
2024-09-16 10:57:51.738,417.67551587234,1003
2024-09-16 10:57:51.747,417.5968941773205,103
2024-09-16 10:57:51.790,417.64165527607713,997
2024-09-16 10:57:51.909,417.59169900668496,995
2024-09-16 10:57:52.015,417.63976327666535,996
2024-09-16 10:57:52.037,417.6081384994535,995
2024-09-16 10:57:52.163,417.6684459420949,101
2024-09-16 10:57:52.215,417.63169752398267,1002
2024-09-16 10:57:52.215,417.6129875792025,97
2024-09-16 10:57:52.383,417.6484644403031,5
2024-09-16 10:57:52.400,417.6436696095583,1003
2024-09-16 10:57:52.451,417.5895237297944,7
2024-09-16 10:57:52.455,417.6054800050232,1004
2024-09-16 10:57:52.506,417.64515484487976,12
2024-09-16 10:57:52.511,417.602236685614,100
2024-09-16 10:57:52.548,417.64009084209954,14
2024-09-16 10:57:52.597,417.66288616049417,999
2024-09-16 10:57:52.627,417.61539537506815,13
2024-09-16 10:57:52.663,417.6036718864542,10
2024-09-16 10:57:52.825,417.6151468811522,103
2024-09-16 10:57:52.844,417.65839019863074,101
2024-09-16 10:57:52.858,417.64121405176536,1000
2024-09-16 10:57:52.863,417.584732594427,5
2024-09-16 10:57:52.901,417.6561051409012,5
2024-09-16 10:57:52.910,417.6635254983056,1000
2024-09-16 10:57:52.923,417.6369760445319,997
2024-09-16 10:57:52.976,417.64341351423,10
2024-09-16 10:57:53.000,417.6144760344392,98
2024-09-16 10:57:53.002,417.6488464739396,98
2024-09-16 10:57:53.022,417.6329800857315,104
2024-09-16 10:57:53.043,417.6881471370641,998
2024-09-16 10:57:53.066,417.61633770400033,8
2024-09-16 10:57:53.125,417.6107159148717,1001
2024-09-16 10:57:53.139,417.661258969881,11
2024-09-16 10:57:53.211,417.68317953289295,5
2024-09-16 10:57:53.235,417.66336787230114,1000
2024-09-16 10:57:53.284,417.64132798898646,997
2024-09-16 10:57:53.285,417.6117699035038,8
2024-09-16 10:57:53.295,417.61217476753086,5
2024-09-16 10:57:53.338,417.6145472418721,1001
2024-09-16 10:57:53.404,417.6031043779869,1005
2024-09-16 10:57:53.468,417.6369811590187,104
2024-09-16 10:57:53.514,417.6658034660626,999
2024-09-16 10:57:53.521,417.6133649999284,998
2024-09-16 10:57:53.561,417.612330710394,1002
2024-09-16 10:57:53.588,417.6827766385833,15
2024-09-16 10:57:53.604,417.6770411154348,99
2024-09-16 10:57:53.787,417.626634635379,105
2024-09-16 10:57:53.964,417.67432462850974,11
2024-09-16 10:57:53.995,417.6164040251933,5
2024-09-16 10:57:54.142,417.6399004589489,97
2024-09-16 10:57:54.401,41.76828686987664,1004
2024-09-16 10:57:54.568,417.6746502644551,98
2024-09-16 10:57:54.583,417.6860139389937,7
2024-09-16 10:57:54.764,417.6633442668669,102
2024-09-16 10:57:54.825,417.6991950690482,996
2024-09-16 10:57:54.934,417.6865904844912,12
2024-09-16 10:57:55.003,417.7076624854349,98
2024-09-16 10:57:55.041,417.6349188917972,104
2024-09-16 10:57:55.063,417.6594527234527,995
2024-09-16 10:57:55.096,417.6545423293861,1005
2024-09-16 10:57:55.119,417.671629863362,5
2024-09-16 10:57:55.243,417.6741000901477,97
2024-09-16 10:57:55.271,417.6589281188634,95
2024-09-16 10:57:55.377,417.6998520768166,998
2024-09-16 10:57:55.405,417.69282985464326,1001
2024-09-16 10:57:55.611,417.6643570223754,12
2024-09-16 10:57:55.628,417.69421563713314,1002
2024-09-16 10:57:55.784,417.6559323361881,98
2024-09-16 10:57:56.032,417.7566482339319,8
2024-09-16 10:57:56.098,417.74053929071073,95
2024-09-16 10:57:56.119,417.7386245451121,998
2024-09-16 10:57:56.211,417.7339825112053,1002
2024-09-16 10:57:56.255,417.7617357481896,13
2024-09-16 10:57:56.256,417.758810585961,1004
2024-09-16 10:57:56.284,417.74087081757966,998
2024-09-16 10:57:56.325,417.7105198504759,95
2024-09-16 10:57:56.338,417.7221055522126,7
2024-09-16 10:57:56.452,417.7313177831935,102
2024-09-16 10:57:56.462,417.7258843236272,10
2024-09-16 10:57:56.543,417.7456670151641,100
2024-09-16 10:57:56.576,417.7651292302127,96
2024-09-16 10:57:56.591,417.7586486354738,1005
2024-09-16 10:57:56.626,417.7494820431986,1004
2024-09-16 10:57:56.654,417.73218074646434,14
2024-09-16 10:57:56.699,417.73681799294224,1002
2024-09-16 10:57:56.733,417.7588069229638,8
2024-09-16 10:57:56.834,417.71833175990565,15
2024-09-16 10:57:56.850,417.7596232879871,12
2024-09-16 10:57:56.993,417.7298038229464,9
2024-09-16 10:57:57.018,417.77335535421736,96
2024-09-16 10:57:57.020,417.877318627834,104
2024-09-16 10:57:57.027,417.84347842785047,999
2024-09-16 10:57:57.045,417.7702450425677,95
2024-09-16 10:57:57.097,417.864052053296,1001
2024-09-16 10:57:57.138,417.8196517972768,99
2024-09-16 10:57:57.153,417.7723699781551,1004
2024-09-16 10:57:57.220,417.81305033578064,100
2024-09-16 10:57:57.238,417.7842421700415,999
2024-09-16 10:57:57.280,417.77727803131313,998
2024-09-16 10:57:57.418,417.8198591947453,7
2024-09-16 10:57:57.428,417.8012145059761,9
2024-09-16 10:57:57.484,417.824857644658,96
2024-09-16 10:57:57.538,417.7984845588147,102
2024-09-16 10:57:57.648,417.792580177328,996
2024-09-16 10:57:57.681,417.8634700993935,104
2024-09-16 10:57:57.694,417.8046570947242,99
2024-09-16 10:57:57.749,417.8697626542655,7
2024-09-16 10:57:57.821,417.7939958478533,1005
2024-09-16 10:57:57.825,417.84447121551335,15
2024-09-16 10:57:57.897,417.8682051489196,100
2024-09-16 10:57:57.912,417.8355000868112,97
2024-09-16 10:57:57.925,417.79936083457744,6
2024-09-16 10:57:57.938,417.7766570714117,96
2024-09-16 10:57:57.953,417.8036644005627,1000
2024-09-16 10:57:58.633,417.8883358299066,95
2024-09-16 10:57:58.854,417.8688372723968,9
2024-09-16 10:57:58.884,417.87055064946975,8
2024-09-16 10:57:59.274,417.8820755473138,102
2024-09-16 10:57:59.306,417.8886904038694,12
2024-09-16 10:57:59.322,417.8605860230807,95
2024-09-16 10:57:59.545,417.87922696198615,995
2024-09-16 10:57:59.772,417.8819903626247,7
2024-09-16 10:57:59.997,417.8798757423614,5
