Timestamp,Price,Size
2024-09-16 15:03:00.013,416.0811466296847,97
2024-09-16 15:03:00.032,416.09302524331855,105
2024-09-16 15:03:00.059,418.765707028292,11
2024-09-16 15:03:00.187,416.0730574766857,100
2024-09-16 15:03:00.628,416.0787249272556,95
2024-09-16 15:03:00.684,416.0989682041336,999
2024-09-16 15:03:00.733,416.08423925249326,15
2024-09-16 15:03:00.752,416.1057575572581,97
2024-09-16 15:03:00.952,416.1202007838616,1000
2024-09-16 15:03:01.011,416.1155376889655,1000
2024-09-16 15:03:01.063,416.09380128320674,996
2024-09-16 15:03:01.129,416.0871509844672,102
2024-09-16 15:03:01.339,416.0872251703112,9
2024-09-16 15:03:01.349,41.609312544779534,1000
2024-09-16 15:03:01.374,416.0981272396717,96
2024-09-16 15:03:01.429,416.13081469371537,998
2024-09-16 15:03:01.444,416.0961464977671,997
2024-09-16 15:03:01.619,416.0909705515671,1005
2024-09-16 15:03:01.621,418.7540986654102,12
2024-09-16 15:03:01.637,-416.0814275946775,1002
2024-09-16 15:03:01.691,416.128184122323,105
2024-09-16 15:03:01.726,416.0972558564818,104
2024-09-16 15:03:01.763,416.1141066774477,15
2024-09-16 15:03:01.889,416.0820844285321,1005
2024-09-16 15:03:01.929,416.1220017355748,98
2024-09-16 15:03:01.931,416.0821535587859,9
2024-09-16 15:03:01.987,416.1362005597832,1005
2024-09-16 15:03:02.193,418.7460999998947,10
2024-09-16 15:03:02.217,416.08891646903714,6
2024-09-16 15:03:02.329,416.1208762479086,1002
2024-09-16 15:03:02.400,416.154546060868,9
2024-09-16 15:03:02.450,-416.1329881936618,1000
2024-09-16 15:03:02.454,416.14743769068633,9
2024-09-16 15:03:02.484,416.0851135289072,1002
2024-09-16 15:03:02.531,416.12145163567385,15
2024-09-16 15:03:02.551,416.1105146713027,100
2024-09-16 15:03:02.553,416.15248961138434,105
2024-09-16 15:03:02.555,416.1277015510022,7
2024-09-16 15:03:02.642,416.0855708333473,100
2024-09-16 15:03:02.676,416.139055083176,15
2024-09-16 15:03:02.678,416.099791397679,97
2024-09-16 15:03:02.679,416.0863312965305,97
2024-09-16 15:03:02.698,416.1142405858827,13
2024-09-16 15:03:02.778,416.1053160776171,104
2024-09-16 15:03:02.812,41.6095891360843,97
2024-09-16 15:03:02.963,416.14209490489895,105
2024-09-16 15:03:03.081,416.1125545134695,12
2024-09-16 15:03:03.164,416.1257516893021,104
2024-09-16 15:03:03.275,416.1208537701568,1000
2024-09-16 15:03:03.385,416.1252634227637,996
2024-09-16 15:03:03.468,416.1128615831635,103
2024-09-16 15:03:03.479,416.1281797911166,103
2024-09-16 15:03:03.542,416.1331798378607,999
2024-09-16 15:03:03.564,416.1274342950487,11
2024-09-16 15:03:03.682,416.1373596874925,995
2024-09-16 15:03:03.699,416.1529971989255,12
2024-09-16 15:03:03.869,416.1141354402999,8
2024-09-16 15:03:04.045,416.112205689436,1004
2024-09-16 15:03:04.059,416.1684124519721,7
2024-09-16 15:03:04.065,41.61532579248708,15
2024-09-16 15:03:04.071,418.6233927672097,1004
2024-09-16 15:03:04.079,418.6302478607927,96
2024-09-16 15:03:04.102,416.1461985891149,11
2024-09-16 15:03:04.104,416.1188432464651,97
2024-09-16 15:03:04.128,416.1583031622229,103
2024-09-16 15:03:04.148,416.0922608274124,7
2024-09-16 15:03:04.226,416.171240085493,10
2024-09-16 15:03:04.231,416.1904863237832,996
2024-09-16 15:03:04.278,416.1478961738018,12
2024-09-16 15:03:04.291,-416.1839184619711,105
2024-09-16 15:03:04.315,416.1536696281478,1001
2024-09-16 15:03:04.317,416.17777257230347,7
2024-09-16 15:03:04.320,416.1214598892571,103
2024-09-16 15:03:04.367,416.10627868616206,1003
2024-09-16 15:03:04.372,416.1640212507557,99
2024-09-16 15:03:04.400,416.1580879514568,100
2024-09-16 15:03:04.421,416.1612097191939,999
2024-09-16 15:03:04.425,416.1650271947642,13
2024-09-16 15:03:04.467,416.164783372242,996
2024-09-16 15:03:04.484,416.1366868249737,103
2024-09-16 15:03:04.583,416.1570815365886,99
2024-09-16 15:03:04.637,416.1465201698327,1002
2024-09-16 15:03:04.656,416.1404800104084,98
2024-09-16 15:03:04.659,416.1708601728988,96
2024-09-16 15:03:04.664,416.1592608217655,98
2024-09-16 15:03:04.915,416.17367070076926,1003
2024-09-16 15:03:04.942,416.1809050537472,1004
2024-09-16 15:03:04.978,416.1130704407043,1003
2024-09-16 15:03:05.033,416.21070188732034,9
2024-09-16 15:03:05.043,416.1816921492284,1000
2024-09-16 15:03:05.048,416.18426178038135,15
2024-09-16 15:03:05.048,416.2114503645499,105
2024-09-16 15:03:05.107,416.2073905986503,97
2024-09-16 15:03:05.114,,102
2024-09-16 15:03:05.134,416.1785105247847,99
2024-09-16 15:03:05.161,416.2192787008136,100
2024-09-16 15:03:05.250,416.18802719336543,998
2024-09-16 15:03:05.314,416.1742485023093,101
2024-09-16 15:03:05.336,416.1877694338162,998
2024-09-16 15:03:05.357,416.19253046464326,102
2024-09-16 15:03:05.438,416.1739126520034,1004
2024-09-16 15:03:05.468,416.1753286685715,1001
2024-09-16 15:03:05.473,416.1634473053152,96
2024-09-16 15:03:05.512,416.1604784292271,1004
2024-09-16 15:03:05.565,416.1892635986789,97
2024-09-16 15:03:05.584,416.1819202974861,8
2024-09-16 15:03:05.603,416.1940192871903,101
2024-09-16 15:03:05.622,416.2140061364773,7
2024-09-16 15:03:05.633,416.22117483799553,15
2024-09-16 15:03:05.650,416.17382954565386,995
2024-09-16 15:03:05.681,416.22389920974337,997
2024-09-16 15:03:05.698,416.16645945350143,99
2024-09-16 15:03:05.753,416.2057458294559,1003
2024-09-16 15:03:05.763,416.2090578496669,5
2024-09-16 15:03:05.776,416.2196019238016,98
2024-09-16 15:03:05.778,416.2128336088506,11
2024-09-16 15:03:05.790,416.2079973628547,8
2024-09-16 15:03:05.942,416.2087392729728,95
2024-09-16 15:03:06.017,416.1266853186423,104
2024-09-16 15:03:06.021,416.1467080132739,103
2024-09-16 15:03:06.230,416.1813554355005,1002
2024-09-16 15:03:06.265,416.1388160338888,98
2024-09-16 15:03:06.392,416.116215013391,6
2024-09-16 15:03:06.549,416.1402728761191,99
2024-09-16 15:03:06.566,416.16401969306673,97
2024-09-16 15:03:06.593,416.1308137361031,1004
2024-09-16 15:03:06.599,416.1251380956515,95
2024-09-16 15:03:06.858,,11
2024-09-16 15:03:06.874,416.117741250864,1003
2024-09-16 15:03:06.941,416.11587958889686,14
2024-09-16 15:03:07.009,416.1967537634781,1001
2024-09-16 15:03:07.042,416.15011456378295,97
2024-09-16 15:03:07.069,416.1913501626764,97
2024-09-16 15:03:07.079,416.1314232912303,95
2024-09-16 15:03:07.090,416.1325523517361,13
2024-09-16 15:03:07.162,416.2047947082247,5
2024-09-16 15:03:07.218,416.1495343741194,105
2024-09-16 15:03:07.218,416.175337138654,105
2024-09-16 15:03:07.246,416.1743108364126,1005
2024-09-16 15:03:07.252,416.1394982927484,1002
2024-09-16 15:03:07.258,416.16042099472793,104
2024-09-16 15:03:07.353,416.1447329670247,95
2024-09-16 15:03:07.401,416.1757826216113,1004
2024-09-16 15:03:07.446,416.1751694518535,1004
2024-09-16 15:03:07.562,416.2015778714282,99
2024-09-16 15:03:07.682,416.1623868385621,11
2024-09-16 15:03:07.695,416.1906969926678,1002
2024-09-16 15:03:07.760,416.1868602209695,11
2024-09-16 15:03:07.764,416.1292974844029,5
2024-09-16 15:03:07.816,416.1926886170694,12
2024-09-16 15:03:07.862,416.1382900582199,12
2024-09-16 15:03:07.885,416.1592476370099,1004
2024-09-16 15:03:07.892,416.1586132553392,995
2024-09-16 15:03:07.901,416.1834123534232,101
2024-09-16 15:03:07.932,416.1452990841695,103
2024-09-16 15:03:08.149,416.1594914588334,1000
2024-09-16 15:03:08.191,416.1603383677115,999
2024-09-16 15:03:08.204,416.17514486117153,1002
2024-09-16 15:03:08.222,416.1476889380157,15
2024-09-16 15:03:08.223,416.1673329658264,99
2024-09-16 15:03:08.237,416.179962739256,97
2024-09-16 15:03:08.264,416.1611010367389,104
2024-09-16 15:03:08.381,416.14407092447686,8
2024-09-16 15:03:08.662,416.161355745433,95
2024-09-16 15:03:08.909,416.1513391971224,12
2024-09-16 15:03:08.974,416.1456918032855,998
2024-09-16 15:03:09.000,416.1228346319172,996
2024-09-16 15:03:09.010,416.1264257373388,104
2024-09-16 15:03:09.220,416.1265238523765,95
2024-09-16 15:03:09.327,416.1427502264812,1000
2024-09-16 15:03:09.566,416.12194374222855,102
2024-09-16 15:03:09.602,,14
2024-09-16 15:03:09.690,416.1696677878996,105
2024-09-16 15:03:09.786,416.1059918927607,9
2024-09-16 15:03:09.821,416.1811856603591,100
2024-09-16 15:03:09.855,416.1408131598847,1004
2024-09-16 15:03:09.860,416.1944511226132,997
2024-09-16 15:03:10.107,416.1216793906527,15
2024-09-16 15:03:10.175,416.1764944596712,1003
2024-09-16 15:03:10.182,416.1609778383428,100
2024-09-16 15:03:10.201,416.1658184381535,995
2024-09-16 15:03:10.229,416.1500386264755,15
2024-09-16 15:03:10.249,416.17096714852,9
2024-09-16 15:03:10.269,416.17050751535385,13
2024-09-16 15:03:10.275,416.1372938025037,1000
2024-09-16 15:03:10.332,416.14353614082006,13
2024-09-16 15:03:10.360,416.1242281334861,1001
2024-09-16 15:03:10.364,416.1364038675023,104
2024-09-16 15:03:10.369,416.1296906979729,997
2024-09-16 15:03:10.398,416.1221112689889,15
2024-09-16 15:03:10.462,416.16946872228647,95
2024-09-16 15:03:10.548,416.1378758926529,11
2024-09-16 15:03:10.628,416.16413518395177,99
2024-09-16 15:03:10.905,416.1184882052635,7
2024-09-16 15:03:11.221,416.1773943066217,104
2024-09-16 15:03:11.473,416.1773930407243,1003
2024-09-16 15:03:11.477,416.2028272020139,1001
2024-09-16 15:03:11.585,416.1687962559666,97
2024-09-16 15:03:11.700,416.1811352858792,105
2024-09-16 15:03:11.738,416.1905079811706,1002
2024-09-16 15:03:11.797,416.1928210292904,5
2024-09-16 15:03:11.916,416.2115293406421,1004
2024-09-16 15:03:12.053,416.1496242356272,99
2024-09-16 15:03:12.058,416.1006973340805,996
2024-09-16 15:03:12.255,416.1573871333215,999
2024-09-16 15:03:12.304,416.1210996480965,9
2024-09-16 15:03:12.376,416.1539302874498,13
2024-09-16 15:03:12.620,416.1307991587149,1001
2024-09-16 15:03:12.662,416.1563966697188,9
2024-09-16 15:03:12.740,416.1403368320039,1001
2024-09-16 15:03:12.782,416.1510550885872,1002
2024-09-16 15:03:12.791,416.1267701788327,6
2024-09-16 15:03:12.828,416.117933949204,1003
2024-09-16 15:03:12.871,416.0852914690706,995
2024-09-16 15:03:12.874,416.1728371847106,9
2024-09-16 15:03:12.877,416.1864423539623,96
2024-09-16 15:03:12.934,416.1872946350273,1005
2024-09-16 15:03:12.937,416.1279447460676,996
2024-09-16 15:03:13.021,416.0695864099737,998
2024-09-16 15:03:13.029,416.0991146166177,12
2024-09-16 15:03:13.075,416.1226835089168,5
2024-09-16 15:03:13.088,416.14043236581705,1002
2024-09-16 15:03:13.140,416.0853471758795,104
2024-09-16 15:03:13.215,416.1339359758285,103
2024-09-16 15:03:13.254,416.1361191364408,15
2024-09-16 15:03:13.307,416.1242645107892,5
2024-09-16 15:03:13.309,416.1314409644869,12
2024-09-16 15:03:13.553,416.1294483548317,97
2024-09-16 15:03:13.567,416.129019212052,99
2024-09-16 15:03:13.654,416.0698411884059,13
2024-09-16 15:03:13.725,416.0933183699146,9
2024-09-16 15:03:13.781,416.0902037848519,96
2024-09-16 15:03:13.809,416.1280067243672,102
2024-09-16 15:03:13.818,416.08692708871104,99
2024-09-16 15:03:13.829,416.0824400302074,1004
2024-09-16 15:03:13.866,416.09613565379175,95
2024-09-16 15:03:13.899,416.08590836926174,95
2024-09-16 15:03:13.955,416.1121557641155,998
2024-09-16 15:03:14.159,416.1200784138237,15
2024-09-16 15:03:14.258,416.1203563880741,997
2024-09-16 15:03:14.338,416.1468015938353,6
2024-09-16 15:03:14.366,416.12189600783967,14
2024-09-16 15:03:14.486,416.13223340986485,100
2024-09-16 15:03:14.527,416.113692480456,13
2024-09-16 15:03:14.584,416.1486290504045,100
2024-09-16 15:03:14.775,416.1212401011986,1003
2024-09-16 15:03:14.795,416.1063085494839,12
2024-09-16 15:03:14.840,416.1452833417211,8
2024-09-16 15:03:14.880,416.1094130587078,105
2024-09-16 15:03:14.946,416.1572496684437,101
2024-09-16 15:03:14.981,416.1538966347798,98
2024-09-16 15:03:14.994,416.15540861748383,105
2024-09-16 15:03:14.999,416.1331646534739,9
2024-09-16 15:03:15.051,416.16166680994655,96
2024-09-16 15:03:15.137,416.1448333113959,11
2024-09-16 15:03:15.148,,999
2024-09-16 15:03:15.217,416.1739560381984,7
2024-09-16 15:03:15.280,416.14696907291534,102
2024-09-16 15:03:15.365,416.1359733774744,6
2024-09-16 15:03:15.402,416.1772470731892,5
2024-09-16 15:03:15.426,416.1431697375726,104
2024-09-16 15:03:15.461,416.1377646290577,8
2024-09-16 15:03:15.577,416.1600534492508,11
2024-09-16 15:03:15.653,416.1439110283922,8
2024-09-16 15:03:15.660,416.1934600826549,105
2024-09-16 15:03:15.673,416.1460283453925,1000
2024-09-16 15:03:15.683,416.19624447448336,99
2024-09-16 15:03:15.707,416.1482160050927,998
2024-09-16 15:03:15.929,416.12832926969713,15
2024-09-16 15:03:16.009,416.2175409873809,1000
2024-09-16 15:03:16.076,416.2194030460824,995
2024-09-16 15:03:16.107,416.22378689987215,10
2024-09-16 15:03:16.130,416.21778482618953,1005
2024-09-16 15:03:16.243,416.2195684152735,1001
2024-09-16 15:03:16.250,416.2300720439872,995
2024-09-16 15:03:16.277,416.18956459545103,12
2024-09-16 15:03:16.285,416.22921720973295,105
2024-09-16 15:03:16.340,416.2390582742429,7
2024-09-16 15:03:16.365,416.2311922601646,98
2024-09-16 15:03:16.384,416.234939856425,997
2024-09-16 15:03:16.514,416.2453491840634,9
2024-09-16 15:03:16.585,416.222293427672,11
2024-09-16 15:03:16.627,416.2054205267989,996
2024-09-16 15:03:16.640,416.2179519588021,997
2024-09-16 15:03:16.644,416.2295986926541,1003
2024-09-16 15:03:16.732,416.2307216310943,6
2024-09-16 15:03:16.877,416.2273126309835,5
2024-09-16 15:03:16.974,416.2286735057351,101
2024-09-16 15:03:17.214,416.2788936610224,997
2024-09-16 15:03:17.228,416.220376161266,100
2024-09-16 15:03:17.280,416.2989528926175,101
2024-09-16 15:03:17.336,416.2453401209824,6
2024-09-16 15:03:17.377,416.2921235417192,102
2024-09-16 15:03:17.377,416.3096435034919,105
2024-09-16 15:03:17.482,416.3478732681925,100
2024-09-16 15:03:17.571,416.308990977197,13
2024-09-16 15:03:17.607,416.25785065545625,10
2024-09-16 15:03:17.640,416.318050027633,1004
2024-09-16 15:03:17.662,-416.3267546744905,105
2024-09-16 15:03:17.701,416.3686947906164,10
2024-09-16 15:03:17.804,416.318434989691,104
2024-09-16 15:03:17.843,416.3449963390973,9
2024-09-16 15:03:17.848,416.2918189635769,1001
2024-09-16 15:03:17.861,416.2396713390445,98
2024-09-16 15:03:17.867,416.32313739665767,1000
2024-09-16 15:03:17.872,416.3276053648948,13
2024-09-16 15:03:17.892,416.3450690323923,1003
2024-09-16 15:03:17.916,416.30747986483874,98
2024-09-16 15:03:17.981,416.2345501996802,999
2024-09-16 15:03:17.994,416.3358634068651,1002
2024-09-16 15:03:18.022,416.29632689528273,97
2024-09-16 15:03:18.096,416.24630149344654,1005
2024-09-16 15:03:18.548,41.62732369615744,1004
2024-09-16 15:03:18.763,416.2910959857581,997
2024-09-16 15:03:18.780,416.2735727780356,1003
2024-09-16 15:03:18.855,416.3059639179012,995
2024-09-16 15:03:18.943,416.28203279439794,7
2024-09-16 15:03:19.051,416.26343770126135,5
2024-09-16 15:03:19.149,416.2702343187928,103
2024-09-16 15:03:19.280,416.3350323378468,6
2024-09-16 15:03:19.316,416.3342670363708,11
2024-09-16 15:03:19.418,416.3371916798045,1000
2024-09-16 15:03:19.545,416.3039526858777,14
2024-09-16 15:03:19.803,416.3450385122164,1003
2024-09-16 15:03:19.865,416.2818646913693,996
2024-09-16 15:03:19.871,416.3198330749602,996
2024-09-16 15:03:19.971,416.381928800431,1002
2024-09-16 15:03:20.021,416.3581985846308,15
2024-09-16 15:03:20.149,416.37294542296087,1002
2024-09-16 15:03:20.184,-416.31455377879047,11
2024-09-16 15:03:20.211,416.3402748125144,14
2024-09-16 15:03:20.240,416.3491229604113,998
2024-09-16 15:03:20.259,416.3234518570817,999
2024-09-16 15:03:20.303,416.3236802120829,9
2024-09-16 15:03:20.361,416.3498156233972,97
2024-09-16 15:03:20.410,416.34585995161007,7
2024-09-16 15:03:20.450,416.351350406715,999
2024-09-16 15:03:20.471,416.3575633369862,97
2024-09-16 15:03:20.565,416.33980726588845,1001
2024-09-16 15:03:20.669,416.36355988587377,996
2024-09-16 15:03:20.672,416.34295211695166,12
2024-09-16 15:03:20.694,416.33955421675546,9
2024-09-16 15:03:20.698,416.3494881426162,1003
2024-09-16 15:03:20.744,416.3218634026833,5
2024-09-16 15:03:20.814,416.3822072794964,105
2024-09-16 15:03:20.857,416.3065131829139,15
2024-09-16 15:03:20.876,416.3393426589605,104
2024-09-16 15:03:20.964,416.3404890381901,1004
2024-09-16 15:03:20.972,416.34770665216513,7
2024-09-16 15:03:20.997,416.3712790283362,7
2024-09-16 15:03:21.784,416.3479896341185,101
2024-09-16 15:03:22.159,416.3243973979135,998
2024-09-16 15:03:22.342,416.320083865446,102
2024-09-16 15:03:22.414,416.2971536513289,98
2024-09-16 15:03:22.444,416.3047640395988,14
2024-09-16 15:03:22.490,416.3097176063771,999
2024-09-16 15:03:22.863,416.3151426641113,996
2024-09-16 15:03:22.987,416.3257251987076,1001
2024-09-16 15:03:23.106,416.3131505131499,6
2024-09-16 15:03:23.121,416.311822082663,5
2024-09-16 15:03:23.209,416.28451826167225,998
2024-09-16 15:03:23.210,416.3131188539493,998
2024-09-16 15:03:23.296,416.30936459356354,1004
2024-09-16 15:03:23.401,416.3175707002636,6
2024-09-16 15:03:23.456,416.2882897743484,13
2024-09-16 15:03:23.671,416.31754554368206,1000
2024-09-16 15:03:23.733,416.3139282493835,5
2024-09-16 15:03:23.753,416.2897058181056,997
2024-09-16 15:03:23.855,416.27590838335374,101
2024-09-16 15:03:24.038,416.3416125513608,13
2024-09-16 15:03:24.080,416.3676719843807,10
2024-09-16 15:03:24.087,416.3345160924061,105
2024-09-16 15:03:24.148,416.2945322248349,13
2024-09-16 15:03:24.166,416.3588130362132,997
2024-09-16 15:03:24.166,416.38003115308703,6
2024-09-16 15:03:24.302,416.37365985309566,104
2024-09-16 15:03:24.325,416.3435735358146,7
2024-09-16 15:03:24.343,416.2948455380299,1003
2024-09-16 15:03:24.353,416.3404477257652,12
2024-09-16 15:03:24.394,416.3585120585125,1001
2024-09-16 15:03:24.395,416.31160365363473,104
2024-09-16 15:03:24.574,416.3522401260665,95
2024-09-16 15:03:24.691,416.370531075944,1002
2024-09-16 15:03:24.701,416.3659506191599,102
2024-09-16 15:03:24.709,416.3623633378612,11
2024-09-16 15:03:24.745,416.3486627126911,99
2024-09-16 15:03:24.773,416.32502260786265,15
2024-09-16 15:03:24.842,416.347871264898,102
2024-09-16 15:03:24.994,416.3560838530984,999
2024-09-16 15:03:25.002,416.484238454246,6
2024-09-16 15:03:25.051,416.5230741361991,14
2024-09-16 15:03:25.124,416.4475664167945,1004
2024-09-16 15:03:25.167,416.43717780423583,98
2024-09-16 15:03:25.187,416.4679598034817,99
2024-09-16 15:03:25.226,418.7883508635688,996
2024-09-16 15:03:25.231,416.51834863802,12
2024-09-16 15:03:25.284,416.45025447131377,9
2024-09-16 15:03:25.291,416.520191450642,7
2024-09-16 15:03:25.344,416.4868158391599,10
2024-09-16 15:03:25.403,416.5082313082343,13
2024-09-16 15:03:25.431,416.5084497063144,9
2024-09-16 15:03:25.460,416.5115926912659,101
2024-09-16 15:03:25.463,416.4448225985477,103
2024-09-16 15:03:25.471,416.5144372348764,11
2024-09-16 15:03:25.488,416.4386674842677,11
2024-09-16 15:03:25.555,416.506393647423,14
2024-09-16 15:03:25.570,416.433901837331,10
2024-09-16 15:03:25.607,416.4561386670522,997
2024-09-16 15:03:25.608,416.4961260871944,100
2024-09-16 15:03:25.608,416.36429210759394,14
2024-09-16 15:03:25.628,416.4673303475194,100
2024-09-16 15:03:25.734,416.3748857638226,8
2024-09-16 15:03:25.736,416.51145005002616,1005
2024-09-16 15:03:25.745,416.4003245145477,6
2024-09-16 15:03:25.790,416.4758179767506,11
2024-09-16 15:03:25.812,416.402768286472,6
2024-09-16 15:03:25.848,416.4242643515095,8
2024-09-16 15:03:25.848,416.4250482729106,999
2024-09-16 15:03:25.856,416.3734183907981,104
2024-09-16 15:03:25.989,416.4261808704478,9
2024-09-16 15:03:27.068,416.4590821436386,97
2024-09-16 15:03:27.083,416.4960300528587,1001
2024-09-16 15:03:27.107,416.5316158284443,98
2024-09-16 15:03:27.110,416.4661250522215,997
2024-09-16 15:03:27.195,416.53571086917566,96
2024-09-16 15:03:27.238,416.53367997621774,10
2024-09-16 15:03:27.238,416.4738847721502,102
2024-09-16 15:03:27.273,416.4495524555418,1002
2024-09-16 15:03:27.283,416.534419694498,9
2024-09-16 15:03:27.301,418.9674089156127,1000
2024-09-16 15:03:27.316,416.4726369697231,1004
2024-09-16 15:03:27.374,416.4633513248828,1000
2024-09-16 15:03:27.374,416.5276605418939,14
2024-09-16 15:03:27.432,416.5193211532948,101
2024-09-16 15:03:27.468,416.5378865265016,96
2024-09-16 15:03:27.512,416.4550929269372,96
2024-09-16 15:03:27.590,416.5119058981693,1001
2024-09-16 15:03:27.614,416.5102200545952,95
2024-09-16 15:03:27.646,416.5048967865597,1004
2024-09-16 15:03:27.710,416.5518405618912,14
2024-09-16 15:03:27.791,416.4891324448933,15
2024-09-16 15:03:27.909,416.5141268547944,14
2024-09-16 15:03:27.959,416.4780345597476,98
2024-09-16 15:03:28.163,416.4943117216778,998
2024-09-16 15:03:28.188,416.4814917819375,105
2024-09-16 15:03:28.529,416.4657633086753,1005
2024-09-16 15:03:28.535,416.4840743836773,15
2024-09-16 15:03:28.633,416.4696145691401,103
2024-09-16 15:03:28.636,,1004
2024-09-16 15:03:28.687,416.49253179637753,102
2024-09-16 15:03:28.732,416.4653274673999,1002
2024-09-16 15:03:28.768,416.4672766848446,998
2024-09-16 15:03:28.857,416.4867774865216,1003
2024-09-16 15:03:28.878,416.4543664444245,997
2024-09-16 15:03:28.954,416.4759849686228,99
2024-09-16 15:03:29.006,416.4989466986417,104
2024-09-16 15:03:29.007,416.5095935933728,6
2024-09-16 15:03:29.029,416.5010718807261,15
2024-09-16 15:03:29.036,416.4849787634713,11
2024-09-16 15:03:29.051,416.5203607814475,1003
2024-09-16 15:03:29.154,416.5141423950223,97
2024-09-16 15:03:29.164,416.49986652339726,995
2024-09-16 15:03:29.206,416.5032572711907,105
2024-09-16 15:03:29.351,416.4952348128576,98
2024-09-16 15:03:29.413,416.5255972287973,13
2024-09-16 15:03:29.526,416.5099442115307,97
2024-09-16 15:03:29.545,416.508823563726,96
2024-09-16 15:03:29.586,416.5177704156262,8
2024-09-16 15:03:29.638,416.49839437272885,97
2024-09-16 15:03:29.678,416.48273374122897,7
2024-09-16 15:03:29.681,416.4980182819364,104
2024-09-16 15:03:29.700,416.5136795413187,9
2024-09-16 15:03:29.900,416.53401085601655,8
2024-09-16 15:03:29.925,416.5126640532086,105
2024-09-16 15:03:29.944,416.4986847178718,1001
2024-09-16 15:03:29.975,416.4961730615708,7
2024-09-16 15:03:30.016,416.5257245843081,997
2024-09-16 15:03:30.112,416.4796841871493,13
2024-09-16 15:03:30.333,416.4931228141302,14
2024-09-16 15:03:30.375,416.5436493399456,999
2024-09-16 15:03:30.426,416.4747113923241,100
2024-09-16 15:03:30.426,416.47322374241344,1001
2024-09-16 15:03:30.463,416.5099072649272,103
2024-09-16 15:03:30.508,416.5693216687868,998
2024-09-16 15:03:30.561,416.5361461678429,98
2024-09-16 15:03:30.577,416.49128675346645,1001
2024-09-16 15:03:30.594,-416.5847329401733,9
2024-09-16 15:03:30.602,416.5383389980061,100
2024-09-16 15:03:30.676,416.5110068527559,997
2024-09-16 15:03:30.724,416.5380815235881,1003
2024-09-16 15:03:30.769,416.5279913580272,11
2024-09-16 15:03:30.781,416.5047437472117,1001
2024-09-16 15:03:30.804,416.5247914266501,1000
2024-09-16 15:03:30.873,416.49076350112847,6
2024-09-16 15:03:30.996,416.5683921270255,95
2024-09-16 15:03:31.015,416.4885575792403,1000
2024-09-16 15:03:31.050,416.4559732545107,1005
2024-09-16 15:03:31.100,416.4831732882673,995
2024-09-16 15:03:31.173,416.4397820450189,13
2024-09-16 15:03:31.239,416.4734444561841,104
2024-09-16 15:03:31.478,416.4545733292716,13
2024-09-16 15:03:31.552,416.4828908197688,998
2024-09-16 15:03:31.607,418.87455781396784,97
2024-09-16 15:03:31.642,416.46477718876,103
2024-09-16 15:03:31.708,416.4681479650179,99
2024-09-16 15:03:31.716,416.4841247998161,15
2024-09-16 15:03:31.722,416.4339628808252,5
2024-09-16 15:03:31.753,416.49634983222,9
2024-09-16 15:03:31.768,416.453979239237,12
2024-09-16 15:03:31.774,416.438618802832,1002
2024-09-16 15:03:31.928,416.4565806145636,102
2024-09-16 15:03:31.983,416.5059862928776,6
2024-09-16 15:03:32.112,416.49814725839934,101
2024-09-16 15:03:32.221,416.5285541711572,105
2024-09-16 15:03:32.228,416.4782534366984,5
2024-09-16 15:03:32.263,416.5094410542774,6
2024-09-16 15:03:32.391,416.5249839863976,101
2024-09-16 15:03:32.401,416.4670593394272,15
2024-09-16 15:03:32.541,416.4757236008799,995
2024-09-16 15:03:32.592,416.4891530740386,9
2024-09-16 15:03:32.726,416.4685221742867,103
2024-09-16 15:03:32.819,416.4963365387051,1000
2024-09-16 15:03:32.858,416.5387319847313,11
2024-09-16 15:03:33.014,416.58586355377753,7
2024-09-16 15:03:33.047,416.6045878624779,12
2024-09-16 15:03:33.048,416.6308608227071,6
2024-09-16 15:03:33.227,416.5914492001925,10
2024-09-16 15:03:33.429,416.6173633655224,5
2024-09-16 15:03:33.437,416.6069369690118,1005
2024-09-16 15:03:33.575,416.5592171027264,103
2024-09-16 15:03:33.606,416.6130964922996,15
2024-09-16 15:03:33.767,416.5540849295687,6
2024-09-16 15:03:33.859,416.6038053776879,101
2024-09-16 15:03:33.997,416.5924421504437,997
2024-09-16 15:03:34.009,416.5878159917939,104
2024-09-16 15:03:34.060,,995
2024-09-16 15:03:34.111,416.6178109746492,103
2024-09-16 15:03:34.127,416.6281936419908,103
2024-09-16 15:03:34.168,416.6037611165855,1000
2024-09-16 15:03:34.277,416.60979576441935,999
2024-09-16 15:03:34.508,416.59901015677855,100
2024-09-16 15:03:34.582,416.6032340771892,95
2024-09-16 15:03:34.707,416.6082504627428,995
2024-09-16 15:03:34.787,416.6028608033501,10
2024-09-16 15:03:34.791,416.6148964760128,96
2024-09-16 15:03:34.811,416.6347431035584,102
2024-09-16 15:03:34.870,416.64395138461737,7
2024-09-16 15:03:34.966,416.62597880590994,996
2024-09-16 15:03:34.967,416.6067815767799,12
2024-09-16 15:03:35.088,416.59218566021633,1004
2024-09-16 15:03:35.165,416.6274821804357,100
2024-09-16 15:03:35.235,416.5677735268516,104
2024-09-16 15:03:35.357,416.5881709054924,103
2024-09-16 15:03:35.357,416.6010713507451,5
2024-09-16 15:03:35.470,416.5827244204768,6
2024-09-16 15:03:35.550,416.57189646330494,98
2024-09-16 15:03:35.560,416.6094738419136,997
2024-09-16 15:03:35.596,416.5949913428781,15
2024-09-16 15:03:35.650,416.5344709375986,15
2024-09-16 15:03:35.761,-416.5701492534811,12
2024-09-16 15:03:35.790,416.5926560523319,103
2024-09-16 15:03:35.811,416.6100292428256,10
2024-09-16 15:03:35.836,416.6102731005862,101
2024-09-16 15:03:35.870,416.6200608299725,1001
2024-09-16 15:03:35.989,416.5855405850584,101
2024-09-16 15:03:36.327,416.5330972543999,95
2024-09-16 15:03:36.403,416.5329089251729,15
2024-09-16 15:03:36.664,416.5306128431157,10
2024-09-16 15:03:36.770,416.5510234235534,95
2024-09-16 15:03:36.898,416.5361735088391,105
2024-09-16 15:03:37.070,416.5396425801291,999
2024-09-16 15:03:37.088,416.4715853010071,103
2024-09-16 15:03:37.124,416.4660367084118,14
2024-09-16 15:03:37.179,416.4849069705484,6
2024-09-16 15:03:37.196,416.47441431622354,12
2024-09-16 15:03:37.221,416.4602323311931,12
2024-09-16 15:03:37.386,416.4735618662982,9
2024-09-16 15:03:37.398,416.4685876796858,105
2024-09-16 15:03:37.442,416.47951062405554,8
2024-09-16 15:03:37.444,416.47246117824136,105
2024-09-16 15:03:37.484,416.4609464867048,95
2024-09-16 15:03:37.504,416.4726766769164,13
2024-09-16 15:03:37.512,416.4568747311598,95
2024-09-16 15:03:37.541,416.4511266080053,995
2024-09-16 15:03:37.566,416.5034661898397,995
2024-09-16 15:03:37.597,416.47544849394,998
2024-09-16 15:03:37.616,416.4640117903492,102
2024-09-16 15:03:37.644,416.4762911052519,999
2024-09-16 15:03:37.651,416.4921410960969,1004
2024-09-16 15:03:37.786,416.5146307460477,999
2024-09-16 15:03:37.852,416.4985496793609,995
2024-09-16 15:03:37.885,416.4484848232089,1001
2024-09-16 15:03:37.923,416.4514982962248,996
2024-09-16 15:03:37.962,416.5044575468657,100
2024-09-16 15:03:37.964,416.5421831099255,103
2024-09-16 15:03:38.028,416.5495488906931,995
2024-09-16 15:03:38.171,416.5291750987931,999
2024-09-16 15:03:38.187,416.523582577019,102
2024-09-16 15:03:38.280,416.5366218157311,1003
2024-09-16 15:03:38.307,416.53701821741953,98
2024-09-16 15:03:38.349,416.5108443634731,1002
2024-09-16 15:03:38.349,416.5051440334618,1000
2024-09-16 15:03:38.359,416.52481890345865,104
2024-09-16 15:03:38.360,416.5536783668242,95
2024-09-16 15:03:38.465,416.53535351468224,12
2024-09-16 15:03:38.482,416.5109879645352,6
2024-09-16 15:03:38.500,416.5008441653948,5
2024-09-16 15:03:38.531,416.52227405882337,12
2024-09-16 15:03:38.692,416.5233571178881,13
2024-09-16 15:03:38.708,416.53831917222766,8
2024-09-16 15:03:38.710,416.5435971537706,98
2024-09-16 15:03:38.732,416.5146940464607,100
2024-09-16 15:03:38.739,416.52028220066944,11
2024-09-16 15:03:38.745,416.5297190459304,999
2024-09-16 15:03:38.768,416.5322141982167,1000
2024-09-16 15:03:38.779,416.5120620992272,997
2024-09-16 15:03:38.784,416.5258747764666,96
2024-09-16 15:03:38.963,416.5211333837207,8
2024-09-16 15:03:38.992,416.526515754688,995
2024-09-16 15:03:38.999,416.5265100489543,96
2024-09-16 15:03:39.056,416.527304721547,97
2024-09-16 15:03:39.192,416.4964433421927,996
2024-09-16 15:03:39.505,416.5151261621242,104
2024-09-16 15:03:39.641,416.51783353895934,100
2024-09-16 15:03:39.735,416.54404571933645,103
2024-09-16 15:03:40.019,416.53446157639735,12
2024-09-16 15:03:40.047,416.5507510369102,103
2024-09-16 15:03:40.097,416.5455128412401,98
2024-09-16 15:03:40.111,416.5547359377676,1004
2024-09-16 15:03:40.155,416.5653269593252,1004
2024-09-16 15:03:40.156,416.5456706487647,12
2024-09-16 15:03:40.192,416.559512104476,102
2024-09-16 15:03:40.203,416.5644191181486,96
2024-09-16 15:03:40.211,416.5439285253537,1000
2024-09-16 15:03:40.249,416.5564677247812,10
2024-09-16 15:03:40.284,416.5321175526864,10
2024-09-16 15:03:40.311,416.5638053778689,12
2024-09-16 15:03:40.394,416.5592744260276,14
2024-09-16 15:03:40.521,416.5455523144064,95
2024-09-16 15:03:40.548,416.5582775710368,101
2024-09-16 15:03:40.574,416.5555412733796,998
2024-09-16 15:03:40.579,416.572546319129,1004
2024-09-16 15:03:40.624,416.5672025387404,98
2024-09-16 15:03:40.632,416.5722879550089,1001
2024-09-16 15:03:40.691,416.550092343737,5
2024-09-16 15:03:40.805,416.56478915103816,1003
2024-09-16 15:03:40.812,416.5712508062418,100
2024-09-16 15:03:40.873,416.5297062232769,101
2024-09-16 15:03:40.984,416.5571359568693,95
2024-09-16 15:03:40.990,416.5577344671327,7
2024-09-16 15:03:41.010,416.5335686503897,97
2024-09-16 15:03:41.081,416.559555157436,96
2024-09-16 15:03:41.186,416.5484463641274,1004
2024-09-16 15:03:41.192,416.5998374679389,999
2024-09-16 15:03:41.214,416.55865025694726,100
2024-09-16 15:03:41.270,416.5207186770492,95
2024-09-16 15:03:41.290,416.563532545882,96
2024-09-16 15:03:41.291,416.5549112677288,103
2024-09-16 15:03:41.337,416.5548898449245,103
2024-09-16 15:03:41.390,416.5523108835381,10
2024-09-16 15:03:41.485,416.5509136402773,13
2024-09-16 15:03:41.547,416.529872336609,102
2024-09-16 15:03:41.570,416.5507047327874,98
2024-09-16 15:03:41.668,416.5505015224799,95
2024-09-16 15:03:41.686,416.5823698864143,999
2024-09-16 15:03:41.711,416.5277439085966,6
2024-09-16 15:03:41.716,416.5965526356306,999
2024-09-16 15:03:41.763,416.5690240333966,103
2024-09-16 15:03:41.776,416.5538314144853,95
2024-09-16 15:03:41.836,416.54998610599887,996
2024-09-16 15:03:41.879,416.576209037687,10
2024-09-16 15:03:41.905,416.55091269497296,103
2024-09-16 15:03:41.920,416.5684720190488,998
2024-09-16 15:03:41.937,416.562224722182,1000
2024-09-16 15:03:41.987,416.53679581869375,8
2024-09-16 15:03:43.014,419.1338786046992,103
2024-09-16 15:03:43.025,416.5529887684556,996
2024-09-16 15:03:43.039,416.5265800452729,995
2024-09-16 15:03:43.080,-416.54659699344427,1000
2024-09-16 15:03:43.155,416.57334926581245,99
2024-09-16 15:03:43.317,416.5348942636589,105
2024-09-16 15:03:43.318,416.5008071864978,13
2024-09-16 15:03:43.330,416.554119207811,100
2024-09-16 15:03:43.333,416.576200513263,6
2024-09-16 15:03:43.343,416.5456163675844,98
2024-09-16 15:03:43.372,416.53247027847976,13
2024-09-16 15:03:43.390,416.5467923577655,5
2024-09-16 15:03:43.429,416.5096344426533,101
2024-09-16 15:03:43.458,416.52815081651954,9
2024-09-16 15:03:43.505,416.5308727774501,8
2024-09-16 15:03:43.535,416.49530013102833,102
2024-09-16 15:03:43.590,416.5339599276684,8
2024-09-16 15:03:43.591,416.5373514783536,97
2024-09-16 15:03:43.612,416.5454105776499,1000
2024-09-16 15:03:43.736,416.5503354353749,103
2024-09-16 15:03:43.801,416.573844829039,95
2024-09-16 15:03:43.806,416.4835137953243,95
2024-09-16 15:03:43.879,416.5190564422365,998
2024-09-16 15:03:43.982,416.4985061944044,998
2024-09-16 15:03:43.984,416.54891301237177,10
2024-09-16 15:03:44.096,416.4638702696358,104
2024-09-16 15:03:44.250,416.4692762017846,100
2024-09-16 15:03:44.416,416.46491488553113,15
2024-09-16 15:03:44.424,416.4649053649816,97
2024-09-16 15:03:44.526,416.46032659451646,13
2024-09-16 15:03:44.618,416.4767444983197,98
2024-09-16 15:03:44.619,416.4779569731653,99
2024-09-16 15:03:44.663,416.47501113847306,1001
2024-09-16 15:03:44.677,416.480809710476,105
2024-09-16 15:03:44.706,416.4855665245194,9
2024-09-16 15:03:44.837,416.49008829618094,95
2024-09-16 15:03:44.885,416.4730911764856,99
2024-09-16 15:03:44.964,416.4951093924783,997
2024-09-16 15:03:44.994,416.4645627376887,15
2024-09-16 15:03:45.062,416.4118425398533,10
2024-09-16 15:03:45.076,416.4353623461663,5
2024-09-16 15:03:45.078,416.4799222413543,95
2024-09-16 15:03:45.094,416.4511394694413,1002
2024-09-16 15:03:45.111,416.4001665920678,999
2024-09-16 15:03:45.113,416.41950593465054,104
2024-09-16 15:03:45.159,416.45175075809897,103
2024-09-16 15:03:45.162,416.4197723975445,999
2024-09-16 15:03:45.216,416.4553445240879,996
2024-09-16 15:03:45.306,416.41077874391726,997
2024-09-16 15:03:45.317,416.4040775411854,104
2024-09-16 15:03:45.530,416.4678818389736,8
2024-09-16 15:03:45.572,416.4168266847639,6
2024-09-16 15:03:45.626,416.4162711176406,7
2024-09-16 15:03:45.661,419.1349330935186,9
2024-09-16 15:03:45.704,416.41503987782914,102
2024-09-16 15:03:45.714,416.4009292205201,99
2024-09-16 15:03:45.727,416.4836632308657,6
2024-09-16 15:03:45.765,416.4315360772679,99
2024-09-16 15:03:45.876,416.40422363519207,100
2024-09-16 15:03:46.055,416.4781527143823,99
2024-09-16 15:03:46.073,416.453015302788,1002
2024-09-16 15:03:46.112,416.4661297661458,1005
2024-09-16 15:03:46.225,416.436690706052,8
2024-09-16 15:03:46.299,416.4293704405181,1003
2024-09-16 15:03:46.310,416.453463111683,100
2024-09-16 15:03:46.429,416.45608819870847,1005
2024-09-16 15:03:46.494,416.42920752551385,12
2024-09-16 15:03:46.512,416.457110296537,998
2024-09-16 15:03:46.552,416.4436758993508,101
2024-09-16 15:03:46.583,416.4485253007088,998
2024-09-16 15:03:46.626,416.45547770367006,11
2024-09-16 15:03:46.634,416.43921940515406,997
2024-09-16 15:03:46.679,416.4412404694775,99
2024-09-16 15:03:46.724,416.427195737855,995
2024-09-16 15:03:46.785,416.4603716931442,99
2024-09-16 15:03:46.867,416.4550206093661,105
2024-09-16 15:03:46.930,416.473616303242,103
2024-09-16 15:03:46.965,416.4275108566897,11
2024-09-16 15:03:47.012,416.4581975784277,8
2024-09-16 15:03:47.165,416.4650016701457,995
2024-09-16 15:03:47.209,416.4355569798651,97
2024-09-16 15:03:47.367,416.4633507556649,101
2024-09-16 15:03:47.374,416.45905298620943,5
2024-09-16 15:03:47.441,416.45618183071286,6
2024-09-16 15:03:47.443,416.4731623941107,95
2024-09-16 15:03:47.468,416.4596296622512,5
2024-09-16 15:03:47.533,416.42093982674777,12
2024-09-16 15:03:47.539,416.459158423817,100
2024-09-16 15:03:47.606,416.4667958573711,7
2024-09-16 15:03:47.660,416.4559367756348,7
2024-09-16 15:03:47.720,416.43738038927904,11
2024-09-16 15:03:47.763,416.4537055107794,105
2024-09-16 15:03:47.786,416.4234946059127,102
2024-09-16 15:03:47.883,416.4608044776637,8
2024-09-16 15:03:47.925,416.4548141027024,5
2024-09-16 15:03:48.001,416.4789753960337,101
2024-09-16 15:03:48.024,-416.4610951422511,104
2024-09-16 15:03:48.065,416.4692831379504,1003
2024-09-16 15:03:48.153,416.4606421486524,1005
2024-09-16 15:03:48.166,416.4397650868788,11
2024-09-16 15:03:48.191,416.4657021081498,11
2024-09-16 15:03:48.204,416.4794227055173,997
2024-09-16 15:03:48.223,416.44508896346673,101
2024-09-16 15:03:48.226,416.4499022521977,998
2024-09-16 15:03:48.285,416.4866926649726,14
2024-09-16 15:03:48.338,416.4700678274839,98
2024-09-16 15:03:48.401,416.4742956246508,5
2024-09-16 15:03:48.407,416.4523719340156,1001
2024-09-16 15:03:48.421,416.4778985469696,996
2024-09-16 15:03:48.444,416.4399665647022,15
2024-09-16 15:03:48.444,416.4508311022129,10
2024-09-16 15:03:48.454,416.4611150317471,15
2024-09-16 15:03:48.464,416.4803646100913,999
2024-09-16 15:03:48.465,416.4667433525645,10
2024-09-16 15:03:48.482,416.45440746794486,1002
2024-09-16 15:03:48.521,416.46010965729823,104
2024-09-16 15:03:48.625,416.4768985815394,1001
2024-09-16 15:03:48.676,416.5017794196381,95
2024-09-16 15:03:48.757,416.4457056090091,14
2024-09-16 15:03:48.768,416.44153111900937,96
2024-09-16 15:03:48.855,416.4722563868395,98
2024-09-16 15:03:48.963,416.4542934436521,96
2024-09-16 15:03:48.969,416.4344392775031,14
2024-09-16 15:03:48.986,416.4644721602569,1003
2024-09-16 15:03:49.063,416.4912385899889,105
2024-09-16 15:03:49.072,416.53549827697583,15
2024-09-16 15:03:49.090,416.4755033938979,1004
2024-09-16 15:03:49.103,416.4665303456383,1000
2024-09-16 15:03:49.141,416.5325722348375,8
2024-09-16 15:03:49.188,416.5264052579437,1002
2024-09-16 15:03:49.194,416.4857350170914,1003
2024-09-16 15:03:49.223,416.5216936736875,7
2024-09-16 15:03:49.249,416.489986975782,96
2024-09-16 15:03:49.302,416.4571278546812,100
2024-09-16 15:03:49.358,416.4919206874808,8
2024-09-16 15:03:49.449,416.45852213725954,9
2024-09-16 15:03:49.451,416.4951543195904,998
2024-09-16 15:03:49.495,416.46781782528114,996
2024-09-16 15:03:49.530,416.48793875440487,995
2024-09-16 15:03:49.559,416.4989899115728,7
2024-09-16 15:03:49.624,416.49332598377873,6
2024-09-16 15:03:49.661,416.4923431382695,13
2024-09-16 15:03:49.741,416.4951636504309,996
2024-09-16 15:03:49.750,416.538984262348,999
2024-09-16 15:03:49.754,416.4683502898965,997
2024-09-16 15:03:49.761,416.4587770413288,998
2024-09-16 15:03:49.857,416.5215305087752,1002
2024-09-16 15:03:49.891,416.5043643188141,5
2024-09-16 15:03:49.891,416.5106217910552,7
2024-09-16 15:03:49.918,416.472376138303,14
2024-09-16 15:03:50.058,416.4117795483372,1001
2024-09-16 15:03:50.064,416.4355537428139,95
2024-09-16 15:03:50.147,416.41450208158267,1004
2024-09-16 15:03:50.148,416.4329793198376,6
2024-09-16 15:03:50.222,416.4126935268857,999
2024-09-16 15:03:50.275,416.42662569908254,996
2024-09-16 15:03:50.326,416.4094579009658,99
2024-09-16 15:03:50.397,416.4946438494155,103
2024-09-16 15:03:50.407,416.443731467047,6
2024-09-16 15:03:50.475,416.3988030534719,102
2024-09-16 15:03:50.526,416.3960863059406,1005
2024-09-16 15:03:50.542,416.3913356806752,97
2024-09-16 15:03:50.619,416.4032390544978,5
2024-09-16 15:03:50.633,416.4080335733141,1002
2024-09-16 15:03:50.673,416.40593191217454,9
2024-09-16 15:03:50.735,416.4340479786688,996
2024-09-16 15:03:50.744,416.41961538606864,6
2024-09-16 15:03:50.746,416.4395510143466,1004
2024-09-16 15:03:50.754,416.3837342146254,99
2024-09-16 15:03:50.807,416.40754937563054,12
2024-09-16 15:03:50.873,416.4021835864551,95
2024-09-16 15:03:50.915,416.4040639004682,104
2024-09-16 15:03:50.938,416.3920534729372,15
2024-09-16 15:03:50.965,416.45969456430686,105
2024-09-16 15:03:50.991,416.4027412274188,997
2024-09-16 15:03:51.068,,996
2024-09-16 15:03:51.128,416.3959639174319,995
2024-09-16 15:03:51.147,416.39100686724527,14
2024-09-16 15:03:51.219,416.39263127503176,11
2024-09-16 15:03:51.299,416.3849299997645,102
2024-09-16 15:03:51.307,416.3817193359473,9
2024-09-16 15:03:51.455,416.4008053472748,7
2024-09-16 15:03:51.603,416.4104936765859,11
2024-09-16 15:03:51.701,416.4166327008206,996
2024-09-16 15:03:51.827,416.40653803003966,103
2024-09-16 15:03:51.867,416.3785293411087,9
2024-09-16 15:03:51.947,416.3797332496284,998
2024-09-16 15:03:52.028,416.4758257145921,102
2024-09-16 15:03:52.211,416.460372787698,9
2024-09-16 15:03:52.217,416.451308143103,102
2024-09-16 15:03:52.267,416.4417137141597,97
2024-09-16 15:03:52.281,416.4192612428148,1004
2024-09-16 15:03:52.338,416.412126826174,1003
2024-09-16 15:03:52.397,416.4542663005653,1000
2024-09-16 15:03:52.399,416.4267579738592,1000
2024-09-16 15:03:52.421,416.4285981561552,14
2024-09-16 15:03:52.424,416.4454040084289,1004
2024-09-16 15:03:52.436,416.4037108760433,995
2024-09-16 15:03:52.604,416.4105208480895,98
2024-09-16 15:03:52.624,-416.40387826462296,1002
2024-09-16 15:03:52.644,416.4213793736745,999
2024-09-16 15:03:52.670,416.4343301463472,5
2024-09-16 15:03:52.696,416.4353010646736,10
2024-09-16 15:03:52.731,416.43426371293896,1004
2024-09-16 15:03:52.848,416.4507540320624,7
2024-09-16 15:03:52.886,416.4266702309724,1001
2024-09-16 15:03:52.955,416.4089216888193,105
2024-09-16 15:03:52.983,-416.4550352985388,1005
2024-09-16 15:03:52.992,416.4344029516944,14
2024-09-16 15:03:53.005,416.5002472291827,6
2024-09-16 15:03:53.151,416.488683914211,1001
2024-09-16 15:03:53.183,416.50336166231295,97
2024-09-16 15:03:53.209,416.4970708523209,101
2024-09-16 15:03:53.234,416.4478516264257,9
2024-09-16 15:03:53.244,416.4784378143998,9
2024-09-16 15:03:53.266,416.49160079935393,101
2024-09-16 15:03:53.336,416.4922063058567,6
2024-09-16 15:03:53.341,416.4743858576397,999
2024-09-16 15:03:53.358,416.47496907988,102
2024-09-16 15:03:53.373,416.4967635380417,14
2024-09-16 15:03:53.388,416.4816656054141,998
2024-09-16 15:03:53.520,416.4915820339901,1004
2024-09-16 15:03:53.560,416.46489153175776,14
2024-09-16 15:03:53.588,416.4926123828795,103
2024-09-16 15:03:53.642,416.4954383987976,97
2024-09-16 15:03:53.675,416.48958764685057,997
2024-09-16 15:03:53.697,416.48232220397085,99
2024-09-16 15:03:53.706,416.4648011541866,7
2024-09-16 15:03:53.711,416.4931628147296,15
2024-09-16 15:03:53.753,416.50856724727066,1004
2024-09-16 15:03:53.773,416.4768975558583,1002
2024-09-16 15:03:53.799,416.49457479647344,1001
2024-09-16 15:03:53.847,416.4906319058285,11
2024-09-16 15:03:53.851,416.49196176404047,104
2024-09-16 15:03:53.903,416.48031837748033,101
2024-09-16 15:03:53.945,416.50766448455016,105
2024-09-16 15:03:53.964,416.4992584449796,1001
2024-09-16 15:03:54.293,416.4922321571141,995
2024-09-16 15:03:55.008,416.51775789303866,7
2024-09-16 15:03:55.070,416.5085035111247,998
2024-09-16 15:03:55.092,416.5065350464987,102
2024-09-16 15:03:55.207,416.50065780481145,995
2024-09-16 15:03:55.258,416.4969597282906,995
2024-09-16 15:03:55.309,416.4753799409961,7
2024-09-16 15:03:55.395,416.5107041140979,1000
2024-09-16 15:03:55.477,416.51246917286255,11
2024-09-16 15:03:55.515,416.5174211473637,1003
2024-09-16 15:03:55.534,416.4889436523769,995
2024-09-16 15:03:55.611,416.5105198891429,997
2024-09-16 15:03:55.671,416.49788360482927,12
2024-09-16 15:03:55.699,416.5161609501774,101
2024-09-16 15:03:55.701,416.5216479285626,15
2024-09-16 15:03:55.744,416.4903735417731,7
2024-09-16 15:03:55.774,416.50105786625335,997
2024-09-16 15:03:55.898,416.49822465106496,9
2024-09-16 15:03:55.979,416.5312014381175,1003
2024-09-16 15:03:56.044,416.4516172439105,99
2024-09-16 15:03:56.076,416.4470323361604,14
2024-09-16 15:03:56.097,416.4582289030711,6
2024-09-16 15:03:56.185,416.48008310489047,98
2024-09-16 15:03:56.230,416.4769959914785,1003
2024-09-16 15:03:56.259,416.4714073367188,8
2024-09-16 15:03:56.595,416.49258063846906,996
2024-09-16 15:03:56.640,416.4799509442649,95
2024-09-16 15:03:56.650,416.4391239970763,1003
2024-09-16 15:03:56.687,416.46087332415175,97
2024-09-16 15:03:56.705,416.4857575957264,6
2024-09-16 15:03:56.779,416.45422439893593,102
2024-09-16 15:03:56.797,416.4373358291503,98
2024-09-16 15:03:56.874,416.4187203353166,103
2024-09-16 15:03:57.074,416.4029514818227,10
2024-09-16 15:03:57.252,416.4109683259574,5
2024-09-16 15:03:57.450,416.4004446921989,103
2024-09-16 15:03:57.617,416.3997463810239,100
2024-09-16 15:03:57.674,416.3976012169177,1003
2024-09-16 15:03:57.830,416.4190873323281,996
2024-09-16 15:03:57.905,416.4115057370438,103
2024-09-16 15:03:57.931,416.39471910256526,97
2024-09-16 15:03:57.970,416.40550266000895,104
2024-09-16 15:03:57.977,416.4139953062325,996
2024-09-16 15:03:57.992,416.4110598358084,6
2024-09-16 15:03:58.067,416.353180178378,11
2024-09-16 15:03:58.137,416.3803604060532,996
2024-09-16 15:03:58.151,416.32944577005054,1002
2024-09-16 15:03:58.243,416.32864797904296,998
2024-09-16 15:03:58.311,416.33704887377417,997
2024-09-16 15:03:58.427,416.36577556101423,8
2024-09-16 15:03:58.441,416.3207604497212,5
2024-09-16 15:03:58.738,416.3730151916533,997
2024-09-16 15:03:58.750,416.3554193443623,14
2024-09-16 15:03:58.802,416.3610631301331,7
2024-09-16 15:03:58.805,416.3749896291277,12
2024-09-16 15:03:58.915,416.3895605796028,12
2024-09-16 15:03:58.917,416.3281926780395,13
2024-09-16 15:03:58.972,416.35637019447535,100
2024-09-16 15:03:59.076,416.3298495527426,103
2024-09-16 15:03:59.088,416.3315058140751,95
2024-09-16 15:03:59.241,416.3381841220093,9
2024-09-16 15:03:59.251,416.3211633657648,1004
2024-09-16 15:03:59.300,416.3554688272607,1002
2024-09-16 15:03:59.358,416.3146295819925,11
2024-09-16 15:03:59.363,416.3550961912104,102
2024-09-16 15:03:59.363,416.31861855403474,95
2024-09-16 15:03:59.391,416.32488198611776,105
2024-09-16 15:03:59.485,416.2975347101878,15
2024-09-16 15:03:59.621,416.3461467641979,997
2024-09-16 15:03:59.658,416.3299150371323,101
2024-09-16 15:03:59.688,416.3129940748941,100
2024-09-16 15:03:59.697,416.3648451573064,1004
2024-09-16 15:03:59.710,416.3270935623327,1000
2024-09-16 15:03:59.751,416.3373108393023,1005
2024-09-16 15:03:59.758,416.3227164955584,1001
2024-09-16 15:03:59.804,416.3429783120449,99
2024-09-16 15:03:59.804,416.3227041953386,7
2024-09-16 15:03:59.805,416.3072513439884,95
2024-09-16 15:03:59.834,416.3295133522309,101
2024-09-16 15:03:59.861,416.3500988478516,99
2024-09-16 15:03:59.885,416.348067181222,10
2024-09-16 15:03:59.998,416.3262160261724,105
