Timestamp,Price,Size
2024-09-17 09:39:00.024,416.65385261452985,7
2024-09-17 09:39:00.050,416.6565991466644,1005
2024-09-17 09:39:00.065,416.6474693296518,12
2024-09-17 09:39:00.091,416.6807616998559,995
2024-09-17 09:39:00.115,416.6383982088224,15
2024-09-17 09:39:00.131,416.65730535468487,9
2024-09-17 09:39:00.161,416.64659636033423,101
2024-09-17 09:39:00.195,416.63575279945337,1005
2024-09-17 09:39:00.222,416.5969053912961,98
2024-09-17 09:39:00.312,416.6759335816007,1003
2024-09-17 09:39:00.519,416.6041632594096,105
2024-09-17 09:39:00.548,416.6027234738796,1004
2024-09-17 09:39:00.567,416.652656543939,997
2024-09-17 09:39:00.736,416.65572747857794,102
2024-09-17 09:39:00.761,416.6842046981624,996
2024-09-17 09:39:00.850,416.6408888678089,104
2024-09-17 09:39:00.854,416.6641527613882,9
2024-09-17 09:39:00.879,416.6033830362609,104
2024-09-17 09:39:00.883,416.64114423283377,99
2024-09-17 09:39:00.938,416.6632033590967,12
2024-09-17 09:39:00.958,416.6048887177325,104
2024-09-17 09:39:01.048,416.5888809385905,8
2024-09-17 09:39:01.060,416.5981019664932,15
2024-09-17 09:39:01.081,416.62101971672587,14
2024-09-17 09:39:01.086,416.6041266384593,997
2024-09-17 09:39:01.200,416.6173896715785,96
2024-09-17 09:39:01.252,416.60063811267815,102
2024-09-17 09:39:01.264,416.5783318081891,13
2024-09-17 09:39:01.488,416.60876334193057,1002
2024-09-17 09:39:01.503,416.61316571329513,11
2024-09-17 09:39:01.529,416.6110621174264,1005
2024-09-17 09:39:01.532,416.60965274260514,95
2024-09-17 09:39:01.605,416.59407466531866,96
2024-09-17 09:39:01.651,416.6337599306559,101
2024-09-17 09:39:01.694,416.6575223607253,9
2024-09-17 09:39:01.695,416.6008690410722,1002
2024-09-17 09:39:01.792,416.5963551276013,9
2024-09-17 09:39:01.794,416.5805072379503,999
2024-09-17 09:39:01.852,416.5953277956486,12
2024-09-17 09:39:01.907,416.573143643638,997
2024-09-17 09:39:01.962,416.60370503956494,95
2024-09-17 09:39:01.989,416.5912929342553,9
2024-09-17 09:39:02.049,416.5868267083993,998
2024-09-17 09:39:02.135,416.5763138304082,104
2024-09-17 09:39:02.168,416.5742486543339,12
2024-09-17 09:39:02.211,416.5938673862796,7
2024-09-17 09:39:02.230,416.59504830783993,15
2024-09-17 09:39:02.262,416.5726421383167,8
2024-09-17 09:39:02.657,416.5885629239174,998
2024-09-17 09:39:02.685,416.57465723214136,995
2024-09-17 09:39:02.787,416.5608136266727,998
2024-09-17 09:39:03.792,416.6122515922596,5
2024-09-17 09:39:04.116,416.5923235936876,104
2024-09-17 09:39:04.185,416.6024643444997,997
2024-09-17 09:39:04.625,416.6024363585749,100
2024-09-17 09:39:04.848,416.612841022199,999
2024-09-17 09:39:04.970,416.6162157861296,102
2024-09-17 09:39:04.981,416.6016021196657,103
2024-09-17 09:39:05.050,416.6107334830846,98
2024-09-17 09:39:05.078,416.6126539991778,12
2024-09-17 09:39:05.090,416.54024764325504,15
2024-09-17 09:39:05.096,416.6088768347872,15
2024-09-17 09:39:05.121,416.5922352803502,998
2024-09-17 09:39:05.156,416.5373210971032,98
2024-09-17 09:39:05.179,416.5627760156314,997
2024-09-17 09:39:05.183,416.56830649702,15
2024-09-17 09:39:05.244,416.5788294933896,10
2024-09-17 09:39:05.258,416.5961255095989,99
2024-09-17 09:39:05.397,-416.5759554472281,95
2024-09-17 09:39:05.400,416.6044850848853,13
2024-09-17 09:39:05.415,416.5851344373434,11
2024-09-17 09:39:05.431,416.6251978714507,10
2024-09-17 09:39:05.465,416.5820387739794,100
2024-09-17 09:39:05.533,416.6225819847345,12
2024-09-17 09:39:05.637,416.5788837009919,8
2024-09-17 09:39:05.651,416.5697767671054,100
2024-09-17 09:39:05.659,416.6297828791127,105
2024-09-17 09:39:05.660,416.5944835248533,8
2024-09-17 09:39:05.692,416.6139588797315,6
2024-09-17 09:39:05.805,416.5748271268605,95
2024-09-17 09:39:05.844,416.58221842558567,999
2024-09-17 09:39:05.913,416.5750274862993,102
2024-09-17 09:39:05.918,41.65621824693503,99
2024-09-17 09:39:05.928,416.6039564132057,9
2024-09-17 09:39:05.942,416.5651439114415,1001
2024-09-17 09:39:05.945,416.5669134683329,6
2024-09-17 09:39:05.965,416.5787097575872,995
2024-09-17 09:39:05.978,416.5592834854295,999
2024-09-17 09:39:06.015,416.5353541539653,14
2024-09-17 09:39:06.061,416.49159016498464,1001
2024-09-17 09:39:06.196,416.4752697127564,99
2024-09-17 09:39:06.227,416.5262604209812,998
2024-09-17 09:39:06.247,416.48760605335184,14
2024-09-17 09:39:06.282,416.5102545456568,1003
2024-09-17 09:39:06.286,416.4828821375533,10
2024-09-17 09:39:06.293,416.49380027517856,1001
2024-09-17 09:39:06.347,-416.5341366278277,13
2024-09-17 09:39:06.399,416.487920449906,1001
2024-09-17 09:39:06.474,416.5151284938603,15
2024-09-17 09:39:06.480,416.512877857748,98
2024-09-17 09:39:06.499,416.4756558911898,9
2024-09-17 09:39:06.512,416.473965657144,5
2024-09-17 09:39:06.627,416.5028683478837,995
2024-09-17 09:39:06.736,416.5403094286359,15
2024-09-17 09:39:06.842,416.4845597666713,102
2024-09-17 09:39:06.878,416.4663205857439,15
2024-09-17 09:39:06.984,416.48069551301774,12
2024-09-17 09:39:08.059,416.5042500271846,10
2024-09-17 09:39:08.132,416.5216330336354,996
2024-09-17 09:39:08.175,416.5017173415729,98
2024-09-17 09:39:08.262,416.5227545869693,999
2024-09-17 09:39:08.282,416.4975035926105,98
2024-09-17 09:39:08.329,416.535806958954,997
2024-09-17 09:39:08.422,416.5003397119785,14
2024-09-17 09:39:08.444,416.5204249068999,998
2024-09-17 09:39:08.543,416.49035375785184,997
2024-09-17 09:39:08.548,416.5221036615338,13
2024-09-17 09:39:08.653,416.5061009914122,5
2024-09-17 09:39:08.709,416.4945232330659,1003
2024-09-17 09:39:08.713,416.4869184244312,105
2024-09-17 09:39:08.756,416.5049272540287,1005
2024-09-17 09:39:08.771,416.5094124538098,105
2024-09-17 09:39:08.850,416.51336161845785,15
2024-09-17 09:39:08.914,416.4980991345754,98
2024-09-17 09:39:08.969,416.4718795777333,1003
2024-09-17 09:39:09.024,416.4555754698397,98
2024-09-17 09:39:09.266,416.4534464876373,8
2024-09-17 09:39:09.281,416.4344636583018,14
2024-09-17 09:39:09.706,416.45343494072426,100
2024-09-17 09:39:09.864,416.4645288868381,12
2024-09-17 09:39:10.009,416.43126687777794,12
2024-09-17 09:39:10.180,416.4425801330568,100
2024-09-17 09:39:10.346,416.4267230163176,998
2024-09-17 09:39:10.416,416.41941011035215,1000
2024-09-17 09:39:10.428,416.4189191497894,5
2024-09-17 09:39:10.595,416.4084094072238,1005
2024-09-17 09:39:10.602,416.4201727821007,101
2024-09-17 09:39:10.643,416.4324498867911,999
2024-09-17 09:39:10.928,416.4212928233134,1002
2024-09-17 09:39:11.002,416.4435370684605,1001
2024-09-17 09:39:11.132,416.4210184096049,98
2024-09-17 09:39:11.293,416.44306910005366,10
2024-09-17 09:39:11.390,416.42474827593367,102
2024-09-17 09:39:11.419,,14
2024-09-17 09:39:11.593,416.4488597833585,10
2024-09-17 09:39:11.677,416.4048661256997,102
2024-09-17 09:39:11.778,416.4220471267328,99
2024-09-17 09:39:12.309,416.476041982638,1005
2024-09-17 09:39:12.479,416.4584856329067,8
2024-09-17 09:39:12.508,416.4527454915254,103
2024-09-17 09:39:12.548,416.49626342932913,998
2024-09-17 09:39:12.705,416.474875967039,104
2024-09-17 09:39:12.874,416.4713790180298,12
2024-09-17 09:39:12.888,416.4804802984544,6
2024-09-17 09:39:13.021,416.3486349049797,1001
2024-09-17 09:39:13.036,416.3251690202106,14
2024-09-17 09:39:13.053,416.3976734632804,97
2024-09-17 09:39:13.096,416.3165230956225,8
2024-09-17 09:39:13.126,416.3295419877173,100
2024-09-17 09:39:13.169,416.3899074213695,6
2024-09-17 09:39:13.188,416.43947622830126,9
2024-09-17 09:39:13.245,416.3227399233854,1003
2024-09-17 09:39:13.251,416.3317738740501,995
2024-09-17 09:39:13.264,416.4882689665978,105
2024-09-17 09:39:13.372,416.3776030601275,999
2024-09-17 09:39:13.393,416.4396759770705,6
2024-09-17 09:39:13.425,416.46499355466295,997
2024-09-17 09:39:13.460,416.3204645098056,999
2024-09-17 09:39:13.498,416.3834558489695,96
2024-09-17 09:39:13.503,416.401044925898,9
2024-09-17 09:39:13.514,416.4093316582976,5
2024-09-17 09:39:13.518,416.4111337857599,7
2024-09-17 09:39:13.600,416.3254552411716,98
2024-09-17 09:39:13.666,416.3373285370645,1004
2024-09-17 09:39:13.716,416.4165456819898,995
2024-09-17 09:39:13.740,416.3661286048338,105
2024-09-17 09:39:13.877,416.4399348508453,100
2024-09-17 09:39:13.880,416.3148433608953,1005
2024-09-17 09:39:13.971,416.3303933542844,95
2024-09-17 09:39:14.002,416.3726393292659,997
2024-09-17 09:39:14.011,416.4033538556756,15
2024-09-17 09:39:14.096,416.4110868743124,1004
2024-09-17 09:39:14.200,416.4356270492916,97
2024-09-17 09:39:14.215,416.41935375051,1004
2024-09-17 09:39:14.264,416.3620226953488,98
2024-09-17 09:39:14.287,416.4113979552173,995
2024-09-17 09:39:14.288,416.39407229606746,9
2024-09-17 09:39:14.404,416.3674240472699,1003
2024-09-17 09:39:14.404,416.39684850310977,105
2024-09-17 09:39:14.480,416.3946986695994,12
2024-09-17 09:39:14.513,416.40071848324266,10
2024-09-17 09:39:14.564,416.3890320775223,105
2024-09-17 09:39:14.579,416.39524154661007,101
2024-09-17 09:39:14.616,416.3688451072623,95
2024-09-17 09:39:14.650,416.3837309789084,1003
2024-09-17 09:39:14.669,416.3851534939773,101
2024-09-17 09:39:14.700,416.40532840847686,995
2024-09-17 09:39:14.702,416.360052110812,997
2024-09-17 09:39:14.741,416.3653006018626,997
2024-09-17 09:39:14.764,416.4161679471522,9
2024-09-17 09:39:14.843,416.3973470274844,1004
2024-09-17 09:39:14.846,416.4104631327642,1000
2024-09-17 09:39:14.852,416.4132886223418,995
2024-09-17 09:39:14.861,416.39073616213614,995
2024-09-17 09:39:14.877,416.3983456380926,6
2024-09-17 09:39:14.901,416.393948546614,5
2024-09-17 09:39:14.957,416.4297661527208,9
2024-09-17 09:39:14.972,416.4229520116356,1004
2024-09-17 09:39:15.138,416.42653957575504,97
2024-09-17 09:39:15.397,416.4328764026392,15
2024-09-17 09:39:15.478,416.4338097162093,995
2024-09-17 09:39:15.568,416.4149010157058,105
2024-09-17 09:39:15.625,416.4206481038291,102
2024-09-17 09:39:15.626,416.4378334492645,103
2024-09-17 09:39:15.757,416.41324635218143,11
2024-09-17 09:39:15.789,416.4175848067056,996
2024-09-17 09:39:15.824,416.43110131260426,13
2024-09-17 09:39:15.948,416.4019416056445,100
2024-09-17 09:39:16.387,416.4161692721453,11
2024-09-17 09:39:16.417,416.410348983375,99
2024-09-17 09:39:16.486,416.427433622446,96
2024-09-17 09:39:16.567,416.412669140713,99
2024-09-17 09:39:16.582,416.40459727066855,1005
2024-09-17 09:39:16.671,416.4060238188903,8
2024-09-17 09:39:16.904,416.407981428433,97
2024-09-17 09:39:16.933,416.4316629704002,98
2024-09-17 09:39:17.229,416.3401145730475,99
2024-09-17 09:39:17.239,416.34150896506463,100
2024-09-17 09:39:17.241,416.3418799944844,105
2024-09-17 09:39:17.267,416.3409857862336,999
2024-09-17 09:39:17.289,416.3359384302594,1004
2024-09-17 09:39:17.335,,996
2024-09-17 09:39:17.427,416.34009744970575,6
2024-09-17 09:39:17.430,416.40764416933536,5
2024-09-17 09:39:17.471,416.34086172006255,13
2024-09-17 09:39:17.495,416.3702202599583,105
2024-09-17 09:39:17.647,416.3663726701338,1000
2024-09-17 09:39:17.679,416.314152573217,10
2024-09-17 09:39:17.692,416.3312530536904,9
2024-09-17 09:39:17.790,416.4160713554877,1005
2024-09-17 09:39:17.836,416.3433507688316,96
2024-09-17 09:39:17.860,416.3388416330549,997
2024-09-17 09:39:17.882,416.38549557209546,10
2024-09-17 09:39:17.911,416.3541950413633,9
2024-09-17 09:39:17.969,416.4235849460952,9
2024-09-17 09:39:18.006,416.3229051428644,1000
2024-09-17 09:39:18.041,416.3885543789059,12
2024-09-17 09:39:18.056,416.4129816270356,9
2024-09-17 09:39:18.153,416.3293571497428,1004
2024-09-17 09:39:18.194,-416.3351540650921,104
2024-09-17 09:39:18.218,416.4120634542642,5
2024-09-17 09:39:18.223,416.3245002826832,103
2024-09-17 09:39:18.238,-416.349694139697,95
2024-09-17 09:39:18.291,416.3774816905503,11
2024-09-17 09:39:18.293,416.3093457111021,10
2024-09-17 09:39:18.310,416.38015532302194,102
2024-09-17 09:39:18.324,416.3041581952757,1004
2024-09-17 09:39:18.333,416.32027435484673,97
2024-09-17 09:39:18.482,416.3117101372719,999
2024-09-17 09:39:18.485,416.4071725866967,96
2024-09-17 09:39:18.552,416.315910276961,101
2024-09-17 09:39:18.557,416.3882167678126,995
2024-09-17 09:39:18.635,416.34196832885937,995
2024-09-17 09:39:18.722,416.3276870074216,10
2024-09-17 09:39:18.760,416.31048220017806,1003
2024-09-17 09:39:18.823,416.35615092355056,103
2024-09-17 09:39:18.872,416.3902302122452,1005
2024-09-17 09:39:18.881,416.3074466405285,95
2024-09-17 09:39:18.933,416.3430227058819,105
2024-09-17 09:39:18.963,416.3159112721581,1001
2024-09-17 09:39:18.966,416.3292002709462,995
2024-09-17 09:39:18.991,416.40946159172927,97
2024-09-17 09:39:19.090,416.413495991106,101
2024-09-17 09:39:19.098,416.3930449418812,105
2024-09-17 09:39:19.108,416.4245835678129,104
2024-09-17 09:39:19.108,416.4267542983209,95
2024-09-17 09:39:19.134,416.4027541855856,104
2024-09-17 09:39:19.139,416.4206738110098,15
2024-09-17 09:39:19.202,416.4202226528343,8
2024-09-17 09:39:19.233,416.4118343480762,102
2024-09-17 09:39:19.242,416.3924295073933,14
2024-09-17 09:39:19.289,416.4356598290759,11
2024-09-17 09:39:19.290,416.41396079559325,95
2024-09-17 09:39:19.420,416.4169630305745,103
2024-09-17 09:39:19.441,416.4196408637715,9
2024-09-17 09:39:19.526,416.41728742934265,996
2024-09-17 09:39:19.532,-416.40573359706127,103
2024-09-17 09:39:19.667,416.4020387471057,1001
2024-09-17 09:39:19.748,416.4428466145736,999
2024-09-17 09:39:19.838,416.4195939146343,95
2024-09-17 09:39:19.986,416.41894968240587,1003
2024-09-17 09:39:20.039,416.37794982503095,5
2024-09-17 09:39:20.040,416.410317078752,100
2024-09-17 09:39:20.090,416.3784611487701,102
2024-09-17 09:39:20.136,416.3934177192799,1001
2024-09-17 09:39:20.203,416.4084487943462,105
2024-09-17 09:39:20.230,416.3993773524651,14
2024-09-17 09:39:20.245,416.3962681661003,998
2024-09-17 09:39:20.254,416.3894422114177,997
2024-09-17 09:39:20.371,416.3873029311201,7
2024-09-17 09:39:20.377,416.39261873237854,995
2024-09-17 09:39:20.378,416.4114607337316,5
2024-09-17 09:39:20.458,416.4125534781164,103
2024-09-17 09:39:20.535,416.3782191045348,7
2024-09-17 09:39:20.540,416.4084883767951,15
2024-09-17 09:39:20.550,416.3716897491241,998
2024-09-17 09:39:20.561,416.389132475961,1003
2024-09-17 09:39:20.564,416.4060239307414,7
2024-09-17 09:39:20.584,416.4228146818969,7
2024-09-17 09:39:20.602,416.4105287420425,7
2024-09-17 09:39:20.625,416.3826788288101,101
2024-09-17 09:39:20.711,416.4163942159415,15
2024-09-17 09:39:20.725,416.4161216326266,98
2024-09-17 09:39:20.873,416.4006407544073,104
2024-09-17 09:39:20.880,416.42148479810106,97
2024-09-17 09:39:20.883,416.3851381297399,99
2024-09-17 09:39:20.895,416.3881987119622,1003
2024-09-17 09:39:20.900,416.4110393913206,6
2024-09-17 09:39:20.933,416.3740655117739,100
2024-09-17 09:39:20.943,416.39567754395466,996
2024-09-17 09:39:21.092,416.39301328648816,996
2024-09-17 09:39:21.131,416.38234074873634,14
2024-09-17 09:39:21.163,416.4235885957408,105
2024-09-17 09:39:21.342,416.3902753000055,13
2024-09-17 09:39:21.408,416.41297330963306,995
2024-09-17 09:39:21.419,416.408058824089,998
2024-09-17 09:39:21.424,416.3843680031762,7
2024-09-17 09:39:21.920,416.40442802855415,100
2024-09-17 09:39:22.013,416.38662584075,105
2024-09-17 09:39:22.018,416.37053725195415,10
2024-09-17 09:39:22.094,416.3656239123927,104
2024-09-17 09:39:22.230,416.3909120547104,1002
2024-09-17 09:39:22.276,416.3682814790954,15
2024-09-17 09:39:22.387,416.35918411335854,14
2024-09-17 09:39:22.637,416.3653387702022,14
2024-09-17 09:39:23.032,416.387601019286,12
2024-09-17 09:39:23.103,416.4011818749698,101
2024-09-17 09:39:23.113,416.4163975608308,101
2024-09-17 09:39:23.132,416.447650202137,997
2024-09-17 09:39:23.150,416.35785726841215,100
2024-09-17 09:39:23.159,416.4459325747198,15
2024-09-17 09:39:23.197,416.40359014175726,996
2024-09-17 09:39:23.309,416.3897111713346,101
2024-09-17 09:39:23.313,416.4637583498931,1002
2024-09-17 09:39:23.436,416.37286942052185,1001
2024-09-17 09:39:23.481,416.38927589738216,10
2024-09-17 09:39:23.518,,96
2024-09-17 09:39:23.556,416.44896786008167,98
2024-09-17 09:39:23.571,416.4014439508488,15
2024-09-17 09:39:23.573,416.4251819759425,999
2024-09-17 09:39:23.650,416.3915449384572,12
2024-09-17 09:39:23.678,416.4374547300968,1003
2024-09-17 09:39:23.688,416.4023972573966,1004
2024-09-17 09:39:23.695,416.3751470059139,9
2024-09-17 09:39:23.714,416.395367449764,98
2024-09-17 09:39:23.774,-416.3768177751597,100
2024-09-17 09:39:23.900,,5
2024-09-17 09:39:23.933,416.4323369136939,999
2024-09-17 09:39:23.943,416.41541831881847,13
2024-09-17 09:39:23.960,416.4091727019283,98
2024-09-17 09:39:23.968,416.4172449075701,997
2024-09-17 09:39:23.989,416.3709010026226,103
2024-09-17 09:39:24.037,416.3751188979032,8
2024-09-17 09:39:24.060,416.3702260945375,995
2024-09-17 09:39:24.097,416.3369172352069,96
2024-09-17 09:39:24.099,416.34362098542255,95
2024-09-17 09:39:24.200,416.3831315749387,97
2024-09-17 09:39:24.239,416.36321044000994,95
2024-09-17 09:39:24.271,416.3414892505089,999
2024-09-17 09:39:24.460,416.3620717831656,1001
2024-09-17 09:39:24.487,416.3916994695523,11
2024-09-17 09:39:24.568,416.3392661230242,104
2024-09-17 09:39:24.640,416.3655568344898,999
2024-09-17 09:39:24.764,416.3756300399055,998
2024-09-17 09:39:24.891,416.3859920098508,100
2024-09-17 09:39:24.892,416.3886262420297,105
2024-09-17 09:39:25.739,416.3670174136871,100
2024-09-17 09:39:26.053,416.4354145398893,995
2024-09-17 09:39:26.161,416.44993239600376,103
2024-09-17 09:39:26.186,416.3996616433554,104
2024-09-17 09:39:26.235,416.469795784327,103
2024-09-17 09:39:26.410,416.4558357059421,14
2024-09-17 09:39:26.450,416.4510336531349,14
2024-09-17 09:39:26.495,416.3812519195951,104
2024-09-17 09:39:26.517,416.471557175962,98
2024-09-17 09:39:26.521,416.4810617747995,95
2024-09-17 09:39:26.553,416.4165519406373,998
2024-09-17 09:39:26.590,416.4489021540705,10
2024-09-17 09:39:26.616,416.4323643098273,996
2024-09-17 09:39:26.624,416.4043109787908,96
2024-09-17 09:39:26.643,416.46778747126575,12
2024-09-17 09:39:26.655,416.3474475075017,996
2024-09-17 09:39:26.714,416.4725096049276,9
2024-09-17 09:39:26.732,416.473018954449,1004
2024-09-17 09:39:26.768,416.39995094001375,11
2024-09-17 09:39:26.798,416.4874945833489,10
2024-09-17 09:39:26.812,416.44807192327113,96
2024-09-17 09:39:26.865,416.460345743252,10
2024-09-17 09:39:26.981,416.3557953617994,103
2024-09-17 09:39:26.986,416.4641403401562,1004
2024-09-17 09:39:28.034,416.4954198315439,1002
2024-09-17 09:39:28.167,416.5032015948968,101
2024-09-17 09:39:28.169,416.485029453822,1004
2024-09-17 09:39:28.261,416.4793864642759,98
2024-09-17 09:39:28.924,416.4655583499649,7
2024-09-17 09:39:28.924,416.487838473783,997
2024-09-17 09:39:28.946,416.4898992388644,1002
2024-09-17 09:39:28.947,416.4858911671352,995
2024-09-17 09:39:29.069,416.4394458809346,995
2024-09-17 09:39:29.216,416.4947177821402,104
2024-09-17 09:39:29.438,416.4722768693048,101
2024-09-17 09:39:29.510,416.4626829108364,101
2024-09-17 09:39:29.519,416.44837103241616,15
2024-09-17 09:39:29.674,416.50244458196255,95
2024-09-17 09:39:29.737,416.46765610389497,996
2024-09-17 09:39:29.968,416.4653015895761,102
2024-09-17 09:39:30.014,416.4478195331456,12
2024-09-17 09:39:30.045,416.4390442312944,9
2024-09-17 09:39:30.119,416.4309978530112,11
2024-09-17 09:39:30.126,416.4505605347392,102
2024-09-17 09:39:30.468,416.46606825682267,1000
2024-09-17 09:39:30.535,416.4167900990738,11
2024-09-17 09:39:30.612,416.4540136277264,998
2024-09-17 09:39:30.702,416.47601179911857,99
2024-09-17 09:39:30.708,416.4163637592612,8
2024-09-17 09:39:30.757,416.4641267255507,99
2024-09-17 09:39:30.840,416.4137500740085,11
2024-09-17 09:39:30.928,416.4559061221628,98
2024-09-17 09:39:31.009,416.45585611647806,98
2024-09-17 09:39:31.015,416.4556138188854,997
2024-09-17 09:39:31.025,416.42933706363954,996
2024-09-17 09:39:31.070,416.46804990880906,101
2024-09-17 09:39:31.110,416.3804085007075,1004
2024-09-17 09:39:31.111,416.44967115549855,5
2024-09-17 09:39:31.111,416.4045332474067,6
2024-09-17 09:39:31.143,416.4193482450224,5
2024-09-17 09:39:31.148,416.46202433225454,1000
2024-09-17 09:39:31.186,416.4769551107386,13
2024-09-17 09:39:31.210,416.4090699981413,98
2024-09-17 09:39:31.225,416.371334493471,998
2024-09-17 09:39:31.281,416.4551131038917,1005
2024-09-17 09:39:31.308,416.4363038333651,997
2024-09-17 09:39:31.426,416.4568280215984,5
2024-09-17 09:39:31.434,416.4383116564177,96
2024-09-17 09:39:31.442,416.44580726095273,1005
2024-09-17 09:39:31.583,416.341762523125,1000
2024-09-17 09:39:31.617,416.4533652284139,95
2024-09-17 09:39:31.701,416.4652788194711,997
2024-09-17 09:39:31.750,416.4736025213443,1005
2024-09-17 09:39:31.812,416.444336713005,6
2024-09-17 09:39:31.838,416.4605138203975,998
2024-09-17 09:39:31.878,416.3684467050502,9
2024-09-17 09:39:31.889,416.464192496036,5
2024-09-17 09:39:31.896,,1005
2024-09-17 09:39:31.897,416.4548107769056,8
2024-09-17 09:39:31.954,416.4760907033964,10
2024-09-17 09:39:31.957,416.4510540246083,6
2024-09-17 09:39:31.959,416.3565564188991,96
2024-09-17 09:39:32.046,416.3362258535573,8
2024-09-17 09:39:32.055,416.3468792689008,997
2024-09-17 09:39:32.377,416.349998039578,997
2024-09-17 09:39:32.435,416.3231808736089,99
2024-09-17 09:39:32.740,416.326269053014,99
2024-09-17 09:39:32.791,416.3319459140611,102
2024-09-17 09:39:33.069,416.3399520721888,999
2024-09-17 09:39:33.070,416.3265787045796,14
2024-09-17 09:39:33.173,416.3164498872389,14
2024-09-17 09:39:33.230,416.305370707715,997
2024-09-17 09:39:33.265,416.3469603238122,1004
2024-09-17 09:39:33.266,416.3188431110215,9
2024-09-17 09:39:33.271,416.32970265509175,14
2024-09-17 09:39:33.290,416.33055811838784,999
2024-09-17 09:39:33.372,416.3187432137244,103
2024-09-17 09:39:33.425,416.3243180587904,996
2024-09-17 09:39:33.447,416.3189264572161,103
2024-09-17 09:39:33.492,416.3449428243048,96
2024-09-17 09:39:33.524,416.3316733833092,1004
2024-09-17 09:39:33.527,416.2873681388713,1005
2024-09-17 09:39:33.560,416.3173460808367,1002
2024-09-17 09:39:33.581,41.63404357028645,99
2024-09-17 09:39:33.649,,1001
2024-09-17 09:39:33.662,,98
2024-09-17 09:39:33.740,416.3037333552738,105
2024-09-17 09:39:33.775,416.2868614157577,100
2024-09-17 09:39:33.830,416.345187902763,14
2024-09-17 09:39:33.838,416.3495511441042,1005
2024-09-17 09:39:33.840,416.32497524526536,15
2024-09-17 09:39:33.851,416.33672986522856,105
2024-09-17 09:39:33.893,416.3276428094865,101
2024-09-17 09:39:33.922,,1005
2024-09-17 09:39:34.064,416.30523907537287,97
2024-09-17 09:39:34.185,416.29783966175165,7
2024-09-17 09:39:34.394,416.30321754002017,14
2024-09-17 09:39:34.433,416.3397245710382,997
2024-09-17 09:39:34.436,416.28160669785024,10
2024-09-17 09:39:34.456,416.29653643813305,7
2024-09-17 09:39:34.470,416.2808148007621,102
2024-09-17 09:39:34.566,416.2938584581344,5
2024-09-17 09:39:34.604,416.31522178549415,8
2024-09-17 09:39:34.650,416.27366472038455,103
2024-09-17 09:39:34.663,416.3044326028469,7
2024-09-17 09:39:34.667,416.2760129614726,1003
2024-09-17 09:39:34.673,416.3654334030781,6
2024-09-17 09:39:34.738,416.30850022098775,14
2024-09-17 09:39:34.861,416.31032961043246,999
2024-09-17 09:39:34.867,416.2935524811686,995
2024-09-17 09:39:34.869,416.2856447274983,1004
2024-09-17 09:39:34.869,416.3648291464135,996
2024-09-17 09:39:34.889,416.2958279466958,99
2024-09-17 09:39:34.989,416.2598479294636,997
2024-09-17 09:39:35.128,416.3592499796058,105
2024-09-17 09:39:35.157,416.3377686503616,97
2024-09-17 09:39:35.819,416.3406076843464,1004
2024-09-17 09:39:35.880,416.35575645735423,13
2024-09-17 09:39:36.003,416.34222590066,95
2024-09-17 09:39:36.026,,1003
2024-09-17 09:39:36.030,416.3460347288757,999
2024-09-17 09:39:36.077,416.244322220819,102
2024-09-17 09:39:36.105,416.339904557647,14
2024-09-17 09:39:36.122,416.3519243381575,1003
2024-09-17 09:39:36.136,416.3518221404893,995
2024-09-17 09:39:36.171,416.2540864189706,102
2024-09-17 09:39:36.191,416.2620693181112,98
2024-09-17 09:39:36.226,416.2591712053705,1004
2024-09-17 09:39:36.230,416.2887372918664,102
2024-09-17 09:39:36.306,416.25215568549066,105
2024-09-17 09:39:36.312,416.3366236755437,15
2024-09-17 09:39:36.360,416.35967074745326,6
2024-09-17 09:39:36.371,416.3690692687932,105
2024-09-17 09:39:36.418,416.3536817843416,96
2024-09-17 09:39:36.470,416.2499784246072,999
2024-09-17 09:39:36.491,416.3055311237963,13
2024-09-17 09:39:36.534,416.2536131287925,997
2024-09-17 09:39:36.571,416.2596100442031,10
2024-09-17 09:39:36.593,416.2751570305654,97
2024-09-17 09:39:36.647,416.34503443915673,102
2024-09-17 09:39:36.648,416.3095516024696,1003
2024-09-17 09:39:36.656,416.3061794371382,13
2024-09-17 09:39:36.910,416.25839137932167,99
2024-09-17 09:39:36.933,416.2427831260399,10
2024-09-17 09:39:36.938,416.32429211859886,1004
2024-09-17 09:39:36.970,416.3230320332757,95
2024-09-17 09:39:37.275,416.2505330895929,100
2024-09-17 09:39:37.305,416.2396063508968,98
2024-09-17 09:39:38.018,416.2182229816864,7
2024-09-17 09:39:38.019,416.23127559449193,104
2024-09-17 09:39:38.032,416.2107787977144,996
2024-09-17 09:39:38.061,416.236215588917,1000
2024-09-17 09:39:38.149,416.2872511558545,5
2024-09-17 09:39:38.209,416.234397746045,100
2024-09-17 09:39:38.244,416.2390666786392,7
2024-09-17 09:39:38.453,416.206213387409,14
2024-09-17 09:39:38.457,416.21087432139126,14
2024-09-17 09:39:38.467,416.2081096469973,15
2024-09-17 09:39:38.520,416.2402392304401,997
2024-09-17 09:39:38.542,416.2115493675101,8
2024-09-17 09:39:38.546,416.2895604638682,1003
2024-09-17 09:39:38.564,-416.2177048948908,15
2024-09-17 09:39:38.574,416.2243619071731,996
2024-09-17 09:39:38.599,416.26996111570537,5
2024-09-17 09:39:38.613,416.23119547123554,99
2024-09-17 09:39:38.645,416.2508723481205,997
2024-09-17 09:39:38.726,416.2675623338908,99
2024-09-17 09:39:38.799,416.19414953763993,13
2024-09-17 09:39:39.354,416.293503910294,1000
2024-09-17 09:39:39.772,416.2767357530006,95
2024-09-17 09:39:39.949,416.2758494313387,11
2024-09-17 09:39:40.218,416.290604664984,103
2024-09-17 09:39:40.250,416.2937481394333,998
2024-09-17 09:39:40.284,416.3001545693191,1004
2024-09-17 09:39:40.330,416.2904873971456,103
2024-09-17 09:39:40.375,416.290306796571,10
2024-09-17 09:39:40.444,416.2882962225961,996
2024-09-17 09:39:40.565,416.2935884455925,104
2024-09-17 09:39:40.637,416.2994072602938,103
2024-09-17 09:39:40.721,416.2802064391048,1004
2024-09-17 09:39:40.764,-416.2905955115794,105
2024-09-17 09:39:40.794,416.2953325788552,13
2024-09-17 09:39:40.809,416.280125068105,99
2024-09-17 09:39:40.864,416.2712879510975,998
2024-09-17 09:39:40.871,416.2753584295623,999
2024-09-17 09:39:40.894,416.3042456690744,5
2024-09-17 09:39:40.980,416.2912945855226,7
2024-09-17 09:39:41.024,416.2930926246969,1005
2024-09-17 09:39:41.062,416.3137828801415,7
2024-09-17 09:39:41.125,416.3531952892596,102
2024-09-17 09:39:41.189,416.2545332999711,104
2024-09-17 09:39:41.284,416.3309959916897,5
2024-09-17 09:39:41.353,416.2858383115868,11
2024-09-17 09:39:41.403,416.3195482276606,15
2024-09-17 09:39:41.436,416.3055386609484,1004
2024-09-17 09:39:41.528,416.2873968120677,1002
2024-09-17 09:39:41.582,416.2784777195968,95
2024-09-17 09:39:41.666,416.2515244974152,7
2024-09-17 09:39:41.841,416.2932276043246,96
2024-09-17 09:39:41.867,416.2808253554553,7
2024-09-17 09:39:41.891,416.2861745224706,103
2024-09-17 09:39:41.918,416.3276968007096,1003
2024-09-17 09:39:42.095,41.63551805494026,9
2024-09-17 09:39:42.174,416.2454136269712,96
2024-09-17 09:39:42.312,416.3668085738777,996
2024-09-17 09:39:42.345,416.3369730057972,8
2024-09-17 09:39:42.491,416.28978741131857,95
2024-09-17 09:39:42.542,416.3533747973474,102
2024-09-17 09:39:42.591,416.344314593744,12
2024-09-17 09:39:42.662,416.2457344418581,997
2024-09-17 09:39:42.677,416.2654346860384,1002
2024-09-17 09:39:42.710,416.32376675331176,6
2024-09-17 09:39:42.745,416.3674712057037,6
2024-09-17 09:39:42.789,416.3382726640845,999
2024-09-17 09:39:42.800,416.2801182254474,13
2024-09-17 09:39:42.840,416.347102682434,103
2024-09-17 09:39:42.853,416.35172292591847,6
2024-09-17 09:39:43.085,416.3515285044992,104
2024-09-17 09:39:43.125,416.29314566253714,96
2024-09-17 09:39:43.165,416.30073340761936,100
2024-09-17 09:39:43.241,416.3604927485496,14
2024-09-17 09:39:43.317,416.3070938256125,98
2024-09-17 09:39:43.361,416.316339783796,103
2024-09-17 09:39:43.410,416.33738923229,5
2024-09-17 09:39:43.413,416.36233024620935,997
2024-09-17 09:39:43.460,416.30241313213054,995
2024-09-17 09:39:43.468,416.303599483636,105
2024-09-17 09:39:43.568,416.3076837474266,1003
2024-09-17 09:39:43.638,416.3421397351458,96
2024-09-17 09:39:43.682,416.3072811609053,5
2024-09-17 09:39:43.693,416.3406060160103,9
2024-09-17 09:39:43.698,416.295091812939,104
2024-09-17 09:39:43.711,416.2849097160985,1002
2024-09-17 09:39:43.718,416.3702236198026,98
2024-09-17 09:39:43.744,416.2898526082724,15
2024-09-17 09:39:43.866,416.30547821617273,95
2024-09-17 09:39:43.885,416.3432493721761,6
2024-09-17 09:39:43.901,416.3047553002625,996
2024-09-17 09:39:43.961,416.2723847705373,7
2024-09-17 09:39:43.985,416.3188781302835,12
2024-09-17 09:39:44.004,416.2450287370784,995
2024-09-17 09:39:44.087,416.2598090326432,104
2024-09-17 09:39:44.162,416.1656192144266,5
2024-09-17 09:39:44.169,416.1856632379232,1004
2024-09-17 09:39:44.261,416.1322200513143,999
2024-09-17 09:39:44.274,416.1896280744895,95
2024-09-17 09:39:44.284,416.14192765921945,100
2024-09-17 09:39:44.290,416.20872632488937,1002
2024-09-17 09:39:44.291,416.13887427763854,99
2024-09-17 09:39:44.298,416.1498226532098,96
2024-09-17 09:39:44.300,416.1363049498225,1005
2024-09-17 09:39:44.420,416.2176107941349,1002
2024-09-17 09:39:44.431,416.13498141980017,97
2024-09-17 09:39:44.483,416.1441258498968,6
2024-09-17 09:39:44.506,416.1461389071578,1004
2024-09-17 09:39:44.529,416.2664480230224,9
2024-09-17 09:39:44.544,416.1909988779108,1000
2024-09-17 09:39:44.571,416.2648974452253,102
2024-09-17 09:39:44.659,416.21717060457,104
2024-09-17 09:39:44.767,416.1675917246643,100
2024-09-17 09:39:44.768,416.1802338283919,1000
2024-09-17 09:39:44.813,416.1810622078456,95
2024-09-17 09:39:44.827,416.182137236718,9
2024-09-17 09:39:44.876,416.257399382718,100
2024-09-17 09:39:44.893,416.1950493192173,8
2024-09-17 09:39:44.920,416.165435443308,996
2024-09-17 09:39:44.957,416.16394237114247,6
2024-09-17 09:39:44.994,416.1344598503335,101
2024-09-17 09:39:45.055,416.21795674589305,998
2024-09-17 09:39:45.058,416.2381882021525,11
2024-09-17 09:39:45.073,416.1606433797803,95
2024-09-17 09:39:45.097,416.1852067439206,8
2024-09-17 09:39:45.150,416.2160264297475,5
2024-09-17 09:39:45.167,416.2485834720455,11
2024-09-17 09:39:45.182,416.2580624478724,999
2024-09-17 09:39:45.189,416.21545022335886,104
2024-09-17 09:39:45.384,416.1907726947963,97
2024-09-17 09:39:45.442,416.15952489978696,97
2024-09-17 09:39:45.494,416.22885849473766,995
2024-09-17 09:39:45.531,416.2190672253146,999
2024-09-17 09:39:45.562,416.2394605334632,15
2024-09-17 09:39:45.602,416.1977694269326,10
2024-09-17 09:39:45.632,416.1802641181352,6
2024-09-17 09:39:45.637,416.1956597005319,1001
2024-09-17 09:39:45.654,416.2014887646092,13
2024-09-17 09:39:45.695,416.2328702449189,1000
2024-09-17 09:39:45.703,416.2067757415471,12
2024-09-17 09:39:45.776,416.21100681783486,104
2024-09-17 09:39:45.889,416.1737092693323,96
2024-09-17 09:39:45.893,416.22180566039214,101
2024-09-17 09:39:45.902,416.23810475029273,996
2024-09-17 09:39:45.924,416.2218684583236,7
2024-09-17 09:39:46.005,416.1957499588376,997
2024-09-17 09:39:46.110,416.1660190358376,998
2024-09-17 09:39:46.124,416.1202905708518,105
2024-09-17 09:39:46.149,416.1845334402085,996
2024-09-17 09:39:46.154,416.1853923887312,105
2024-09-17 09:39:46.160,-416.1076496667122,997
2024-09-17 09:39:46.192,416.13423540529567,5
2024-09-17 09:39:46.215,416.1396554168356,999
2024-09-17 09:39:46.329,416.1371073420842,998
2024-09-17 09:39:46.341,416.12193109424106,101
2024-09-17 09:39:46.364,416.1667778308657,997
2024-09-17 09:39:46.379,416.1242213282979,1005
2024-09-17 09:39:46.389,416.13979723327327,1005
2024-09-17 09:39:46.431,416.1278692329751,10
2024-09-17 09:39:46.491,416.2059057617039,998
2024-09-17 09:39:46.502,416.101902040922,997
2024-09-17 09:39:46.610,416.1220556030492,1005
2024-09-17 09:39:46.611,416.2306807391376,13
2024-09-17 09:39:46.638,416.13242975098416,15
2024-09-17 09:39:46.639,416.1931389561556,100
2024-09-17 09:39:46.651,416.11833412066767,7
2024-09-17 09:39:46.680,416.14362842512776,1001
2024-09-17 09:39:46.722,416.1797001757519,999
2024-09-17 09:39:46.726,416.1830015705394,8
2024-09-17 09:39:46.766,416.12177462100414,1000
2024-09-17 09:39:46.932,416.1785476367109,105
2024-09-17 09:39:46.951,416.14132252069726,998
2024-09-17 09:39:46.980,416.1384448017628,7
2024-09-17 09:39:47.071,416.1322328534309,13
2024-09-17 09:39:47.111,416.1243207844876,1000
2024-09-17 09:39:47.141,416.16276624913297,999
2024-09-17 09:39:47.162,416.1280685019135,13
2024-09-17 09:39:47.242,416.1325526612167,98
2024-09-17 09:39:47.315,416.0918226284321,95
2024-09-17 09:39:47.431,416.1427734993429,102
2024-09-17 09:39:47.485,416.14875018263353,1002
2024-09-17 09:39:47.485,416.1489349153245,100
2024-09-17 09:39:47.539,416.1523438683604,11
2024-09-17 09:39:47.616,416.13507174561727,97
2024-09-17 09:39:47.737,416.1618660526644,98
2024-09-17 09:39:47.749,416.1277446659647,1000
2024-09-17 09:39:47.766,416.13983795532033,9
2024-09-17 09:39:47.852,416.151335295156,103
2024-09-17 09:39:47.870,416.137946497544,12
2024-09-17 09:39:47.891,416.15146019357314,97
2024-09-17 09:39:47.909,416.1127130706389,102
2024-09-17 09:39:47.986,416.14226559161887,101
2024-09-17 09:39:48.567,416.10069454388406,7
2024-09-17 09:39:48.941,416.0912451579004,1003
2024-09-17 09:39:49.000,416.10740389527626,7
2024-09-17 09:39:49.319,416.1018007505833,98
2024-09-17 09:39:49.350,416.1208960588253,1004
2024-09-17 09:39:49.384,416.1220416187279,996
2024-09-17 09:39:49.616,416.098280711922,997
2024-09-17 09:39:51.007,416.11031553754094,105
2024-09-17 09:39:51.214,416.0972923643495,97
2024-09-17 09:39:51.233,416.0955659194101,999
2024-09-17 09:39:51.292,416.102236941656,5
2024-09-17 09:39:51.325,416.104691315676,11
2024-09-17 09:39:51.467,416.1012692959835,102
2024-09-17 09:39:51.530,416.0964151382144,999
2024-09-17 09:39:51.536,416.1126071391306,95
2024-09-17 09:39:51.563,416.1091203136917,998
2024-09-17 09:39:51.641,416.0986653185649,10
2024-09-17 09:39:51.682,416.1281007010413,1001
2024-09-17 09:39:51.716,416.09035965047207,10
2024-09-17 09:39:51.726,416.1357029557734,99
2024-09-17 09:39:51.728,416.122637194149,1000
2024-09-17 09:39:51.740,416.1049286755612,1003
2024-09-17 09:39:51.788,416.1065159018077,95
2024-09-17 09:39:51.801,416.106844954192,14
2024-09-17 09:39:51.822,416.11646957094,5
2024-09-17 09:39:51.948,416.1340403429326,6
2024-09-17 09:39:51.965,416.11440252517247,95
2024-09-17 09:39:52.017,416.0647188730338,103
2024-09-17 09:39:52.167,416.10431815202526,1001
2024-09-17 09:39:52.229,416.1163092572339,101
2024-09-17 09:39:52.236,-416.1271407310381,1005
2024-09-17 09:39:52.260,416.0749270322983,11
2024-09-17 09:39:52.344,416.1012243524673,99
2024-09-17 09:39:52.551,416.1262276525956,97
2024-09-17 09:39:52.601,416.1138749424016,105
2024-09-17 09:39:52.648,416.111223179469,997
2024-09-17 09:39:52.692,416.1126515721919,101
2024-09-17 09:39:52.935,416.1197196661705,1005
2024-09-17 09:39:52.947,416.0735333788804,105
2024-09-17 09:39:52.952,416.1243441545132,103
2024-09-17 09:39:52.965,416.11534248060906,101
2024-09-17 09:39:52.985,416.0963169268434,1002
2024-09-17 09:39:53.015,416.0746361691489,996
2024-09-17 09:39:53.174,416.0557533060809,1003
2024-09-17 09:39:53.264,416.0621614737087,101
2024-09-17 09:39:53.385,416.0696639254141,103
2024-09-17 09:39:53.418,416.06291765768674,102
2024-09-17 09:39:53.431,416.0816382663969,95
2024-09-17 09:39:53.487,416.04208638823167,1005
2024-09-17 09:39:53.590,416.08235915473546,1002
2024-09-17 09:39:53.612,416.07620705387535,96
2024-09-17 09:39:53.748,416.06090236037153,1005
2024-09-17 09:39:53.756,416.0517459855308,96
2024-09-17 09:39:53.856,416.061186880613,998
2024-09-17 09:39:53.899,416.0716567593199,1004
2024-09-17 09:39:53.953,416.0389874423309,997
2024-09-17 09:39:54.308,,9
2024-09-17 09:39:54.472,416.0859793748053,1001
2024-09-17 09:39:54.642,416.0766838857492,996
2024-09-17 09:39:54.695,416.0749453228585,104
2024-09-17 09:39:54.716,416.06809885617855,9
2024-09-17 09:39:54.916,416.06112855142,98
2024-09-17 09:39:55.276,416.0533564597034,12
2024-09-17 09:39:56.046,416.0807008190813,1002
2024-09-17 09:39:56.227,416.06053659976754,99
2024-09-17 09:39:56.315,416.0632714106893,105
2024-09-17 09:39:56.445,416.0831903206941,1004
2024-09-17 09:39:56.582,416.0855340418449,1000
2024-09-17 09:39:56.644,416.070901322669,102
2024-09-17 09:39:56.660,416.0730472798592,8
2024-09-17 09:39:56.872,416.0590793157184,10
2024-09-17 09:39:56.946,416.09521845991753,101
2024-09-17 09:39:57.075,416.0197969690178,8
2024-09-17 09:39:57.178,416.0080323542413,9
2024-09-17 09:39:57.183,416.0550760050327,12
2024-09-17 09:39:57.201,416.00683484298656,1002
2024-09-17 09:39:57.246,415.9947748324555,6
2024-09-17 09:39:57.247,416.0282874725817,9
2024-09-17 09:39:57.290,416.0644413816548,1000
2024-09-17 09:39:57.317,415.988136369912,12
2024-09-17 09:39:57.321,416.0199862065549,996
2024-09-17 09:39:57.322,416.0355506664416,1002
2024-09-17 09:39:57.405,416.0782874573224,1004
2024-09-17 09:39:57.411,416.0461291104677,14
2024-09-17 09:39:57.446,416.1086443003572,9
2024-09-17 09:39:57.491,416.07270096508734,15
2024-09-17 09:39:57.499,416.0353159701846,103
2024-09-17 09:39:57.506,416.0889556601738,995
2024-09-17 09:39:57.578,415.9918597506172,13
2024-09-17 09:39:57.581,416.0904213876029,1005
2024-09-17 09:39:57.735,416.0944531852037,1000
2024-09-17 09:39:57.795,416.0312271610098,96
2024-09-17 09:39:57.839,416.0844600327589,997
2024-09-17 09:39:57.922,416.0690939176393,1000
2024-09-17 09:39:57.960,416.0855007275452,103
2024-09-17 09:39:57.966,416.05381654459234,13
2024-09-17 09:39:58.045,-415.9510977394931,6
2024-09-17 09:39:58.062,415.9961877560456,95
2024-09-17 09:39:58.110,415.9640546822994,15
2024-09-17 09:39:58.135,415.9576874159821,11
2024-09-17 09:39:58.135,416.0301818093165,1002
2024-09-17 09:39:58.224,415.96365639963454,100
2024-09-17 09:39:58.225,415.9839029325036,97
2024-09-17 09:39:58.277,416.00879097269166,997
2024-09-17 09:39:58.280,415.985840625223,101
2024-09-17 09:39:58.313,416.0189266813975,95
2024-09-17 09:39:58.338,415.9910069379615,97
2024-09-17 09:39:58.372,,995
2024-09-17 09:39:58.383,415.99183405064935,104
2024-09-17 09:39:58.478,415.9627733455916,1000
2024-09-17 09:39:58.521,415.9442255459854,1003
2024-09-17 09:39:58.538,415.9626647620432,99
2024-09-17 09:39:58.556,415.9853219497968,1003
2024-09-17 09:39:58.581,415.9609972734721,12
2024-09-17 09:39:58.605,415.9940493876405,10
2024-09-17 09:39:58.687,416.0256570110796,105
2024-09-17 09:39:58.801,415.9728390685004,5
2024-09-17 09:39:58.807,415.961063463152,99
2024-09-17 09:39:58.886,415.9990995992344,997
2024-09-17 09:39:58.925,416.023428881656,13
2024-09-17 09:39:58.943,415.961325827957,1000
2024-09-17 09:39:59.074,416.0212079120674,5
2024-09-17 09:39:59.321,416.0218472556888,996
2024-09-17 09:39:59.407,416.0194882833804,997
2024-09-17 09:39:59.419,415.98917891482085,15
2024-09-17 09:39:59.436,415.9808076034657,8
2024-09-17 09:39:59.455,415.9818681622554,13
2024-09-17 09:39:59.525,415.99477752899537,1002
2024-09-17 09:39:59.623,415.97686443555216,12
2024-09-17 09:39:59.686,416.00278767994416,1005
2024-09-17 09:39:59.713,416.0062421871873,7
2024-09-17 09:39:59.821,415.9966801360183,998
2024-09-17 09:39:59.935,415.9962011660963,6
2024-09-17 09:39:59.979,415.9819904776199,95
2024-09-17 09:39:59.992,416.0112206580512,5
