Timestamp,Price,Size
2024-09-16 14:59:00.361,416.48256335854927,105
2024-09-16 14:59:00.361,416.48763203934914,12
2024-09-16 14:59:00.377,418.7449754572455,1001
2024-09-16 14:59:00.434,416.4761761494572,105
2024-09-16 14:59:00.458,416.5008050343242,1004
2024-09-16 14:59:00.476,416.4883203739412,7
2024-09-16 14:59:00.832,416.4669955603417,97
2024-09-16 14:59:00.979,416.4734227615919,95
2024-09-16 14:59:01.199,416.4731974284416,104
2024-09-16 14:59:01.423,416.47502400816126,10
2024-09-16 14:59:01.453,416.4558133203876,101
2024-09-16 14:59:01.475,416.4451843456144,12
2024-09-16 14:59:01.571,416.4572495755869,14
2024-09-16 14:59:01.886,416.4707964791922,1001
2024-09-16 14:59:02.031,416.4392024127307,105
2024-09-16 14:59:02.618,416.42760118012217,12
2024-09-16 14:59:02.704,416.4263938185061,95
2024-09-16 14:59:03.428,416.4119708870544,8
2024-09-16 14:59:03.553,-416.4243192741948,100
2024-09-16 14:59:04.046,416.5332304159439,95
2024-09-16 14:59:04.105,416.49902808780814,105
2024-09-16 14:59:04.112,416.5277856723527,96
2024-09-16 14:59:04.173,416.45839912878193,1001
2024-09-16 14:59:04.182,416.45637669668287,101
2024-09-16 14:59:04.186,416.4230313666724,10
2024-09-16 14:59:04.196,416.5158302077814,995
2024-09-16 14:59:04.259,416.44040220638095,11
2024-09-16 14:59:04.297,416.4630781591114,97
2024-09-16 14:59:04.536,416.532649743013,1000
2024-09-16 14:59:04.616,416.4713731151169,12
2024-09-16 14:59:04.707,416.5358980970013,105
2024-09-16 14:59:04.725,416.43240375109326,105
2024-09-16 14:59:04.792,416.4529801103427,95
2024-09-16 14:59:04.833,416.48050398065584,999
2024-09-16 14:59:04.851,416.4975758643737,999
2024-09-16 14:59:04.922,416.5332227785124,1002
2024-09-16 14:59:04.930,416.47472722282095,11
2024-09-16 14:59:05.043,416.4618085195873,995
2024-09-16 14:59:05.074,416.4411902474169,8
2024-09-16 14:59:05.082,416.4927058321711,1004
2024-09-16 14:59:05.148,416.4655450574334,14
2024-09-16 14:59:05.205,416.4593038044269,99
2024-09-16 14:59:05.245,416.4730491413939,97
2024-09-16 14:59:05.399,416.4842000186282,96
2024-09-16 14:59:05.454,416.4519521564117,104
2024-09-16 14:59:05.493,416.4784356617677,8
2024-09-16 14:59:05.501,416.4925666999882,8
2024-09-16 14:59:05.551,416.4383810030664,103
2024-09-16 14:59:05.706,416.4900559258352,13
2024-09-16 14:59:05.757,416.49950381498365,6
2024-09-16 14:59:05.934,416.49129777825726,13
2024-09-16 14:59:06.583,416.4610527674203,995
2024-09-16 14:59:06.846,416.4741078985441,96
2024-09-16 14:59:06.859,416.4530827817596,98
2024-09-16 14:59:07.030,416.46648067342073,99
2024-09-16 14:59:07.065,416.42689499666886,1000
2024-09-16 14:59:07.069,416.4830111760188,101
2024-09-16 14:59:07.099,416.4587145214954,97
2024-09-16 14:59:07.187,416.4555044001056,996
2024-09-16 14:59:07.241,416.4820981942397,11
2024-09-16 14:59:07.246,416.46796619796896,104
2024-09-16 14:59:07.250,416.4374269431066,1002
2024-09-16 14:59:07.291,416.46177470668,95
2024-09-16 14:59:07.305,416.4547014081671,1002
2024-09-16 14:59:07.324,41.64605664303516,10
2024-09-16 14:59:07.370,416.4564970149118,1004
2024-09-16 14:59:07.419,416.45814225731954,15
2024-09-16 14:59:07.430,416.4470446754853,103
2024-09-16 14:59:07.498,416.446683084644,1000
2024-09-16 14:59:07.502,416.4570397462223,103
2024-09-16 14:59:07.505,416.4478720225417,1001
2024-09-16 14:59:07.530,416.4663463074283,98
2024-09-16 14:59:07.540,416.4872129458309,102
2024-09-16 14:59:07.586,416.4505557004761,15
2024-09-16 14:59:07.624,416.44895318474914,10
2024-09-16 14:59:07.629,416.475558488854,100
2024-09-16 14:59:07.656,416.4659857808224,11
2024-09-16 14:59:07.665,416.4210342301777,5
2024-09-16 14:59:07.665,416.4938575985793,95
2024-09-16 14:59:07.711,416.4647455284433,7
2024-09-16 14:59:07.732,416.4335877609283,6
2024-09-16 14:59:07.822,416.45268593347606,13
2024-09-16 14:59:07.829,416.4581174807148,1005
2024-09-16 14:59:07.836,416.434386351093,96
2024-09-16 14:59:08.009,416.5020180291245,1001
2024-09-16 14:59:08.017,416.4871285446201,100
2024-09-16 14:59:08.068,416.4618610829359,998
2024-09-16 14:59:08.136,416.52545213164206,100
2024-09-16 14:59:08.174,416.4929418097232,103
2024-09-16 14:59:08.239,416.4504999208895,5
2024-09-16 14:59:08.250,416.4276316910077,100
2024-09-16 14:59:08.250,416.5024691199018,10
2024-09-16 14:59:08.315,416.4331209266902,99
2024-09-16 14:59:08.341,416.4637057507359,6
2024-09-16 14:59:08.373,416.4895158430174,13
2024-09-16 14:59:08.397,416.49065979566575,995
2024-09-16 14:59:08.504,416.4294577974591,1002
2024-09-16 14:59:08.597,416.5139379381478,103
2024-09-16 14:59:08.623,416.5091743801149,99
2024-09-16 14:59:08.643,416.4311649059914,15
2024-09-16 14:59:08.660,416.5065961151688,6
2024-09-16 14:59:08.757,416.4366906488243,11
2024-09-16 14:59:08.828,416.4662946434409,12
2024-09-16 14:59:08.831,416.4763672327605,5
2024-09-16 14:59:08.835,416.4531492175129,103
2024-09-16 14:59:08.863,416.4587813555913,100
2024-09-16 14:59:08.939,416.481749800945,100
2024-09-16 14:59:08.957,416.4841418860297,98
2024-09-16 14:59:09.050,416.3771745175053,101
2024-09-16 14:59:09.127,416.40634580554206,997
2024-09-16 14:59:09.242,416.3927411433565,11
2024-09-16 14:59:09.272,416.3889372464872,1001
2024-09-16 14:59:09.639,416.4103970413779,5
2024-09-16 14:59:09.858,416.3931309127362,1004
2024-09-16 14:59:09.903,416.417943532539,97
2024-09-16 14:59:09.960,416.4341397188425,11
2024-09-16 14:59:10.042,416.3683361260425,100
2024-09-16 14:59:10.310,416.35525519955553,996
2024-09-16 14:59:10.326,416.3592450458213,11
2024-09-16 14:59:10.525,416.3781009559702,100
2024-09-16 14:59:10.627,416.36574536374826,1001
2024-09-16 14:59:10.677,41.63693793752805,95
2024-09-16 14:59:10.694,416.35627759358783,1004
2024-09-16 14:59:10.730,416.3811681328143,12
2024-09-16 14:59:10.819,416.3836356256122,100
2024-09-16 14:59:10.822,416.3573178418203,96
2024-09-16 14:59:10.823,416.3774457399117,1004
2024-09-16 14:59:10.866,416.37837619679885,1002
2024-09-16 14:59:11.084,416.3595564291008,5
2024-09-16 14:59:11.220,416.41829183562334,97
2024-09-16 14:59:11.279,416.33958152780536,97
2024-09-16 14:59:11.370,416.4230151399093,12
2024-09-16 14:59:11.403,416.4041332362884,5
2024-09-16 14:59:11.437,416.3714901706982,1004
2024-09-16 14:59:11.457,416.4157023495008,7
2024-09-16 14:59:11.595,416.3742627777051,1004
2024-09-16 14:59:11.611,416.3788460028619,95
2024-09-16 14:59:11.681,416.3490422706449,6
2024-09-16 14:59:11.793,416.3597952892624,11
2024-09-16 14:59:11.794,416.3841046336485,1002
2024-09-16 14:59:11.813,416.3965227953634,9
2024-09-16 14:59:11.904,416.37919114049726,8
2024-09-16 14:59:11.939,416.4133259647416,12
2024-09-16 14:59:12.044,416.377081596649,997
2024-09-16 14:59:12.075,416.3881192557597,8
2024-09-16 14:59:12.106,416.3649448735227,99
2024-09-16 14:59:12.239,416.36339750312106,1004
2024-09-16 14:59:12.311,416.3916569511032,96
2024-09-16 14:59:12.380,,9
2024-09-16 14:59:12.428,416.35520669443525,1000
2024-09-16 14:59:12.460,416.3569106152893,996
2024-09-16 14:59:12.514,416.3663386803212,11
2024-09-16 14:59:12.516,416.3415372638189,13
2024-09-16 14:59:12.525,41.6334070936702,999
2024-09-16 14:59:12.531,416.3622120023039,97
2024-09-16 14:59:12.535,416.39127176917486,10
2024-09-16 14:59:12.598,416.4047367305024,1002
2024-09-16 14:59:12.628,416.3916064647191,96
2024-09-16 14:59:12.666,416.382468692342,96
2024-09-16 14:59:12.670,416.3719624627021,998
2024-09-16 14:59:12.679,416.3940948029835,96
2024-09-16 14:59:12.872,416.385133536308,99
2024-09-16 14:59:12.993,416.336497795496,97
2024-09-16 14:59:13.025,416.3391661497093,102
2024-09-16 14:59:13.078,416.36085922935865,7
2024-09-16 14:59:13.157,416.3648648314427,98
2024-09-16 14:59:13.191,416.3297089883909,9
2024-09-16 14:59:13.217,416.3739559347516,12
2024-09-16 14:59:13.312,416.3239028423527,103
2024-09-16 14:59:13.358,416.3530905673389,10
2024-09-16 14:59:13.559,416.3244752831568,97
2024-09-16 14:59:13.570,416.3362128330336,100
2024-09-16 14:59:13.583,416.3411901588317,995
2024-09-16 14:59:13.625,416.31078516942256,1003
2024-09-16 14:59:13.666,416.3212782449157,1000
2024-09-16 14:59:13.769,416.3712746609691,1005
2024-09-16 14:59:13.924,416.365509723694,103
2024-09-16 14:59:15.122,416.32791675334215,1004
2024-09-16 14:59:15.504,416.30952680596624,100
2024-09-16 14:59:15.523,416.29679487203794,11
2024-09-16 14:59:16.131,416.36179543616737,12
2024-09-16 14:59:16.212,416.3510587374817,101
2024-09-16 14:59:16.214,416.33200553714033,105
2024-09-16 14:59:16.229,416.3364735199793,996
2024-09-16 14:59:16.301,416.3403438059549,100
2024-09-16 14:59:16.345,416.3209563067551,101
2024-09-16 14:59:16.487,416.3444120296805,101
2024-09-16 14:59:16.499,416.3631373320738,95
2024-09-16 14:59:16.504,416.3691651886188,14
2024-09-16 14:59:16.529,416.3093243325577,13
2024-09-16 14:59:16.535,416.3403668075367,103
2024-09-16 14:59:16.663,416.3254967762542,8
2024-09-16 14:59:16.681,416.3391320729223,8
2024-09-16 14:59:16.694,416.35517805500297,1001
2024-09-16 14:59:16.755,416.3735010902023,10
2024-09-16 14:59:16.762,416.3315247140847,98
2024-09-16 14:59:16.833,416.3465911184509,999
2024-09-16 14:59:17.103,416.3934325253858,99
2024-09-16 14:59:17.309,416.4094196455324,10
2024-09-16 14:59:17.515,416.39502665152986,995
2024-09-16 14:59:17.703,416.3640520167376,5
2024-09-16 14:59:17.715,416.4037480573295,99
2024-09-16 14:59:17.884,416.4002599126176,101
2024-09-16 14:59:17.893,416.4008536176428,1002
2024-09-16 14:59:18.029,416.3848456721602,1002
2024-09-16 14:59:18.037,416.3992466723218,15
2024-09-16 14:59:18.087,416.4079294582985,1002
2024-09-16 14:59:18.265,416.3793439718389,995
2024-09-16 14:59:18.279,416.3664491950457,103
2024-09-16 14:59:18.283,416.3638165096313,5
2024-09-16 14:59:18.338,416.3766810706503,97
2024-09-16 14:59:18.436,416.4167857334696,103
2024-09-16 14:59:18.598,416.3568331741332,14
2024-09-16 14:59:18.609,41.64112617301845,996
2024-09-16 14:59:18.624,416.3878312977898,11
2024-09-16 14:59:18.647,416.3776958829423,11
2024-09-16 14:59:18.695,416.3788629287936,9
2024-09-16 14:59:18.736,416.3479773368725,100
2024-09-16 14:59:18.853,416.3905676134053,97
2024-09-16 14:59:18.870,416.3690255344382,98
2024-09-16 14:59:18.954,416.38639270892975,103
2024-09-16 14:59:18.963,416.4074972955784,1004
2024-09-16 14:59:18.980,416.3485502123387,1001
2024-09-16 14:59:19.012,416.5205216204281,99
2024-09-16 14:59:19.191,416.440843598186,105
2024-09-16 14:59:19.216,416.5520777640792,96
2024-09-16 14:59:19.220,416.5284915849489,1005
2024-09-16 14:59:19.232,416.5444020934292,103
2024-09-16 14:59:19.271,416.4624803284243,996
2024-09-16 14:59:19.328,416.5482976572927,9
2024-09-16 14:59:19.363,416.5267263392197,10
2024-09-16 14:59:19.418,416.5240133276845,7
2024-09-16 14:59:19.558,416.546289657025,995
2024-09-16 14:59:19.623,416.47100711598506,5
2024-09-16 14:59:19.760,416.4901635826438,7
2024-09-16 14:59:19.834,416.53874697747545,13
2024-09-16 14:59:19.873,416.4420316427123,11
2024-09-16 14:59:19.925,416.53307131541305,96
2024-09-16 14:59:20.006,416.4988696404891,98
2024-09-16 14:59:20.146,416.55563279547033,999
2024-09-16 14:59:20.185,-416.5057953851083,103
2024-09-16 14:59:20.302,416.5344727699448,14
2024-09-16 14:59:20.370,416.5123937685916,999
2024-09-16 14:59:20.396,416.53729219511,102
2024-09-16 14:59:20.425,416.51003061796223,7
2024-09-16 14:59:20.491,416.5139928831947,99
2024-09-16 14:59:20.519,416.5560713799291,7
2024-09-16 14:59:20.522,416.5276704827396,98
2024-09-16 14:59:20.524,416.4986005756818,102
2024-09-16 14:59:20.540,416.5160251353715,101
2024-09-16 14:59:20.573,416.5467768196084,999
2024-09-16 14:59:20.656,416.4879086902665,100
2024-09-16 14:59:20.788,416.52715890426646,97
2024-09-16 14:59:20.798,416.52541309869935,14
2024-09-16 14:59:20.804,416.5220365115782,99
2024-09-16 14:59:20.894,416.5279773853699,1005
2024-09-16 14:59:20.906,416.5271607777461,995
2024-09-16 14:59:20.950,416.5020761609798,105
2024-09-16 14:59:21.009,416.5388251958588,7
2024-09-16 14:59:21.069,416.5186133281551,998
2024-09-16 14:59:21.073,416.5338331707181,99
2024-09-16 14:59:21.254,416.5385132736631,100
2024-09-16 14:59:21.361,-416.5194453006944,99
2024-09-16 14:59:21.384,416.5141270389889,99
2024-09-16 14:59:21.777,416.5441497154152,101
2024-09-16 14:59:21.792,416.52640994714585,8
2024-09-16 14:59:21.820,416.5131055606117,6
2024-09-16 14:59:21.971,416.5268217370023,100
2024-09-16 14:59:22.010,416.5153994165203,95
2024-09-16 14:59:22.083,416.4978537496327,11
2024-09-16 14:59:22.086,416.5533553196297,7
2024-09-16 14:59:22.088,416.54789542872265,1004
2024-09-16 14:59:22.117,416.5424160569282,8
2024-09-16 14:59:22.131,416.5429508266276,1002
2024-09-16 14:59:22.138,416.5605040279163,1001
2024-09-16 14:59:22.161,416.5316382755087,99
2024-09-16 14:59:22.161,416.5320453011161,97
2024-09-16 14:59:22.183,416.4900673132912,101
2024-09-16 14:59:22.235,416.5530730202294,98
2024-09-16 14:59:22.312,416.5502263411028,1001
2024-09-16 14:59:22.527,416.5488370953239,1004
2024-09-16 14:59:22.552,416.48031456025217,996
2024-09-16 14:59:22.684,416.5024959303672,95
2024-09-16 14:59:22.740,416.5117919948732,1005
2024-09-16 14:59:22.851,416.5009880025413,102
2024-09-16 14:59:22.902,416.4756310683079,101
2024-09-16 14:59:22.963,416.5385561481586,9
2024-09-16 14:59:23.030,416.4819138296312,996
2024-09-16 14:59:23.046,416.4227233887581,13
2024-09-16 14:59:23.053,416.4107573502038,6
2024-09-16 14:59:23.083,416.4591175908042,11
2024-09-16 14:59:23.086,416.44071589773887,10
2024-09-16 14:59:23.106,416.4043871659081,5
2024-09-16 14:59:23.119,416.37232251047806,10
2024-09-16 14:59:23.131,416.3945435192024,10
2024-09-16 14:59:23.368,416.4660781275249,103
2024-09-16 14:59:23.384,416.4164975629535,95
2024-09-16 14:59:23.431,-416.4307987753414,1004
2024-09-16 14:59:23.464,416.4536526133139,995
2024-09-16 14:59:23.556,416.4237462812623,15
2024-09-16 14:59:23.605,416.39826102678654,999
2024-09-16 14:59:23.640,416.4015791824697,99
2024-09-16 14:59:23.682,416.45295601061935,99
2024-09-16 14:59:23.804,416.4581280087132,101
2024-09-16 14:59:23.877,416.4682556188847,100
2024-09-16 14:59:23.930,416.4093701616863,999
2024-09-16 14:59:23.931,416.4584778436073,15
2024-09-16 14:59:24.050,416.35702619393527,96
2024-09-16 14:59:24.089,416.36001579575833,7
2024-09-16 14:59:24.276,416.3517930121617,102
2024-09-16 14:59:24.280,416.4011296508621,97
2024-09-16 14:59:24.308,416.3866417185696,6
2024-09-16 14:59:24.346,416.3205332899698,7
2024-09-16 14:59:24.411,416.3913267445864,15
2024-09-16 14:59:24.520,416.3944406869883,103
2024-09-16 14:59:24.535,416.3491942755215,104
2024-09-16 14:59:24.627,416.37677220617405,95
2024-09-16 14:59:24.639,416.3883731228823,1003
2024-09-16 14:59:24.654,416.3320169692824,15
2024-09-16 14:59:24.710,416.4016375330475,998
2024-09-16 14:59:24.767,416.3336063002352,99
2024-09-16 14:59:24.790,416.3483848185393,999
2024-09-16 14:59:24.796,416.4098568453161,1002
2024-09-16 14:59:24.831,416.322689570682,9
2024-09-16 14:59:24.894,416.2952886298229,13
2024-09-16 14:59:24.899,416.3871648815429,99
2024-09-16 14:59:24.967,416.4025888928977,1003
2024-09-16 14:59:25.020,416.3417768518899,10
2024-09-16 14:59:25.027,,7
2024-09-16 14:59:25.066,416.3696153517182,1004
2024-09-16 14:59:25.087,416.3746142112,97
2024-09-16 14:59:25.104,416.3592746444292,13
2024-09-16 14:59:25.161,416.3500371848416,995
2024-09-16 14:59:25.235,416.35998023874015,7
2024-09-16 14:59:25.280,416.373232319265,104
2024-09-16 14:59:25.291,416.3708288458038,103
2024-09-16 14:59:25.320,416.38063195081605,996
2024-09-16 14:59:25.425,416.3591123796691,96
2024-09-16 14:59:25.452,416.3848121818983,1004
2024-09-16 14:59:25.511,41.6371952328901,104
2024-09-16 14:59:25.530,416.4011288682621,7
2024-09-16 14:59:25.588,416.3882498049391,101
2024-09-16 14:59:25.612,416.3616819602229,5
2024-09-16 14:59:25.624,416.3658449662108,96
2024-09-16 14:59:25.912,416.36693836590655,9
2024-09-16 14:59:25.993,416.3727303924008,6
2024-09-16 14:59:26.144,416.3493477370469,1000
2024-09-16 14:59:26.145,416.3864949401735,1003
2024-09-16 14:59:26.162,416.4011719488205,102
2024-09-16 14:59:26.179,416.42919034661617,13
2024-09-16 14:59:26.190,416.3928982056688,96
2024-09-16 14:59:26.195,416.3643777999207,105
2024-09-16 14:59:26.196,416.3698773389779,13
2024-09-16 14:59:26.223,416.3490328685379,1000
2024-09-16 14:59:26.240,416.3674909420674,11
2024-09-16 14:59:26.247,416.371014941952,1003
2024-09-16 14:59:26.339,416.37051307986303,100
2024-09-16 14:59:26.484,416.4073759185836,11
2024-09-16 14:59:26.494,416.339836011142,1000
2024-09-16 14:59:26.508,416.4317897052353,997
2024-09-16 14:59:26.572,416.4147676434641,995
2024-09-16 14:59:26.583,416.385088766451,103
2024-09-16 14:59:26.588,416.3321438490421,96
2024-09-16 14:59:26.597,416.3843608644254,97
2024-09-16 14:59:26.597,416.34457713228886,1000
2024-09-16 14:59:26.676,416.3552094368395,6
2024-09-16 14:59:26.707,416.3995928728701,1003
2024-09-16 14:59:26.794,416.33302782440376,9
2024-09-16 14:59:26.809,416.3691826268567,13
2024-09-16 14:59:26.893,416.3292820313213,102
2024-09-16 14:59:26.930,416.3787350104009,11
2024-09-16 14:59:26.985,416.426493957064,96
2024-09-16 14:59:27.015,416.4425477156129,12
2024-09-16 14:59:27.114,416.4278672322976,11
2024-09-16 14:59:27.141,416.45642048289005,105
2024-09-16 14:59:27.170,416.4060515404116,15
2024-09-16 14:59:27.232,416.4459212750648,999
2024-09-16 14:59:27.242,416.52212123014334,105
2024-09-16 14:59:27.268,416.4138591528035,998
2024-09-16 14:59:27.354,416.4277033075786,1005
2024-09-16 14:59:27.392,416.46034134046727,100
2024-09-16 14:59:27.592,416.4961983583341,105
2024-09-16 14:59:27.614,416.4548909791134,5
2024-09-16 14:59:27.617,416.5403985884125,95
2024-09-16 14:59:27.630,416.5318313891439,12
2024-09-16 14:59:27.724,416.43871034251913,102
2024-09-16 14:59:27.731,416.3882330062402,1001
2024-09-16 14:59:27.899,416.38197769587,996
2024-09-16 14:59:27.988,416.4624504333988,9
2024-09-16 14:59:27.999,416.4761440098521,96
2024-09-16 14:59:28.017,416.5620633059348,98
2024-09-16 14:59:28.027,416.5960556731457,5
2024-09-16 14:59:28.035,416.58224239482297,1002
2024-09-16 14:59:28.058,416.59420584283663,1001
2024-09-16 14:59:28.124,416.6056082190128,996
2024-09-16 14:59:28.164,416.590618638127,1001
2024-09-16 14:59:28.174,416.6167063787345,11
2024-09-16 14:59:28.289,416.6070436661507,95
2024-09-16 14:59:28.305,416.6054718977614,10
2024-09-16 14:59:28.313,416.6078833249353,10
2024-09-16 14:59:28.466,416.6052533688645,5
2024-09-16 14:59:28.478,416.5977138881034,11
2024-09-16 14:59:28.479,416.5946352100807,96
2024-09-16 14:59:28.501,416.585304914265,5
2024-09-16 14:59:28.561,416.584992000227,99
2024-09-16 14:59:28.588,416.6205762939349,98
2024-09-16 14:59:28.649,416.5566670484292,97
2024-09-16 14:59:28.776,-416.61446824375935,1000
2024-09-16 14:59:28.787,416.5834260467816,996
2024-09-16 14:59:28.793,416.5857221794572,995
2024-09-16 14:59:28.823,416.5770609830343,102
2024-09-16 14:59:28.984,416.6113335447495,11
2024-09-16 14:59:29.043,416.6323955042009,998
2024-09-16 14:59:29.071,416.6291914648812,99
2024-09-16 14:59:29.103,416.6163545844559,997
2024-09-16 14:59:29.247,416.6084759928072,5
2024-09-16 14:59:29.256,416.6305732586913,997
2024-09-16 14:59:29.492,416.6083790782177,96
2024-09-16 14:59:29.567,,5
2024-09-16 14:59:29.569,416.6342886248007,100
2024-09-16 14:59:29.608,416.6111699507807,99
2024-09-16 14:59:29.640,416.5980583135752,10
2024-09-16 14:59:29.683,416.6348210900677,13
2024-09-16 14:59:29.686,416.62651687425887,999
2024-09-16 14:59:29.737,416.64184485152816,103
2024-09-16 14:59:29.773,416.62277907627714,12
2024-09-16 14:59:29.864,416.6354366561831,98
2024-09-16 14:59:29.920,416.6134036146317,996
2024-09-16 14:59:29.966,416.600727758589,1002
2024-09-16 14:59:30.054,416.5785764857294,14
2024-09-16 14:59:30.066,416.5205870960795,105
2024-09-16 14:59:30.092,416.6230902482601,997
2024-09-16 14:59:30.161,416.5247759187096,1003
2024-09-16 14:59:30.169,416.5628244895357,105
2024-09-16 14:59:30.179,416.5853251360945,998
2024-09-16 14:59:30.189,416.5647252573324,1001
2024-09-16 14:59:30.195,416.5964742333188,996
2024-09-16 14:59:30.539,416.5502019791337,103
2024-09-16 14:59:30.573,416.5964322611612,6
2024-09-16 14:59:30.605,416.57785058148914,995
2024-09-16 14:59:30.610,416.5860777442627,15
2024-09-16 14:59:30.668,416.5695372534996,1004
2024-09-16 14:59:30.714,416.5380789981169,99
2024-09-16 14:59:30.723,416.60056817696426,14
2024-09-16 14:59:30.761,416.5215285274817,5
2024-09-16 14:59:30.957,416.6266027119669,1004
2024-09-16 14:59:31.030,416.6497394809767,1004
2024-09-16 14:59:31.044,416.6077388936722,999
2024-09-16 14:59:31.047,416.6507316567914,1005
2024-09-16 14:59:31.096,416.62638002181785,996
2024-09-16 14:59:31.125,416.6508827602936,1001
2024-09-16 14:59:31.185,416.63978709448577,6
2024-09-16 14:59:31.276,416.62781253995786,14
2024-09-16 14:59:31.305,416.6309155946371,11
2024-09-16 14:59:31.350,416.6734942228709,1002
2024-09-16 14:59:31.388,416.6192416404665,15
2024-09-16 14:59:31.399,416.6358468288539,5
2024-09-16 14:59:31.458,416.6215410514294,997
2024-09-16 14:59:31.484,416.677261548991,96
2024-09-16 14:59:31.497,416.6306852429512,96
2024-09-16 14:59:31.536,416.6445313597722,13
2024-09-16 14:59:31.552,416.6513225579823,102
2024-09-16 14:59:31.646,416.637007941689,1004
2024-09-16 14:59:31.945,416.670700287084,97
2024-09-16 14:59:32.095,416.6685077180911,1005
2024-09-16 14:59:32.134,416.6377123241056,7
2024-09-16 14:59:32.229,416.6330666943183,1004
2024-09-16 14:59:32.453,416.666285567233,12
2024-09-16 14:59:32.464,416.62977957377086,8
2024-09-16 14:59:32.738,416.6755757610748,13
2024-09-16 14:59:32.781,416.67275867553815,997
2024-09-16 14:59:32.803,416.67485023690193,996
2024-09-16 14:59:32.864,416.6162257642252,999
2024-09-16 14:59:32.939,416.68128615022346,105
2024-09-16 14:59:33.449,416.66782910211066,10
2024-09-16 14:59:33.613,416.6877057021144,1000
2024-09-16 14:59:34.238,416.6598010173824,99
2024-09-16 14:59:34.424,416.6779577841023,96
2024-09-16 14:59:34.618,416.67978682701096,11
2024-09-16 14:59:34.728,416.6764457528769,7
2024-09-16 14:59:34.763,416.67410262631,998
2024-09-16 14:59:34.846,416.6729626134468,12
2024-09-16 14:59:34.972,416.6856618408444,1003
2024-09-16 14:59:35.226,416.64958675001935,12
2024-09-16 14:59:35.399,416.6437890627363,6
2024-09-16 14:59:35.463,416.635746053402,100
2024-09-16 14:59:35.495,416.6452163400105,96
2024-09-16 14:59:35.508,416.6451342744106,6
2024-09-16 14:59:35.552,416.6609016817046,11
2024-09-16 14:59:35.554,416.6499937935797,97
2024-09-16 14:59:35.656,416.67686077926544,1003
2024-09-16 14:59:35.690,416.64630471859385,1001
2024-09-16 14:59:35.723,416.6522841303217,101
2024-09-16 14:59:35.842,416.670280471386,1004
2024-09-16 14:59:35.850,416.6380926885614,8
2024-09-16 14:59:35.854,416.6413031168653,1005
2024-09-16 14:59:35.878,416.667881390653,10
2024-09-16 14:59:35.913,416.6310367204021,9
2024-09-16 14:59:35.941,416.6423177804783,1002
2024-09-16 14:59:35.946,416.64142434172186,11
2024-09-16 14:59:35.976,416.6687083400786,14
2024-09-16 14:59:35.979,416.6462434146261,8
2024-09-16 14:59:36.014,416.65233410140274,98
2024-09-16 14:59:36.042,416.68681057893343,996
2024-09-16 14:59:36.215,416.689162218749,1005
2024-09-16 14:59:36.238,416.6803750395953,13
2024-09-16 14:59:36.243,416.6469189799301,104
2024-09-16 14:59:36.354,416.66702765728303,997
2024-09-16 14:59:36.398,416.6573785041015,99
2024-09-16 14:59:36.440,416.68211816294354,998
2024-09-16 14:59:36.494,416.6929705053967,998
2024-09-16 14:59:36.622,416.6888252300465,104
2024-09-16 14:59:36.627,416.684592811627,95
2024-09-16 14:59:36.693,416.68678445046174,11
2024-09-16 14:59:36.712,416.6841667400726,997
2024-09-16 14:59:36.739,416.6718326042548,13
2024-09-16 14:59:36.841,-416.6732698233451,13
2024-09-16 14:59:36.857,416.7468958886921,104
2024-09-16 14:59:36.858,416.6419032155394,11
2024-09-16 14:59:36.996,416.73767951968,104
2024-09-16 14:59:37.097,416.72593570333646,1005
2024-09-16 14:59:37.133,416.7273469568904,1005
2024-09-16 14:59:37.504,416.7053540603536,13
2024-09-16 14:59:37.579,416.697932807693,96
2024-09-16 14:59:37.649,416.7099339482536,995
2024-09-16 14:59:37.785,416.7095115543637,6
2024-09-16 14:59:37.827,416.714458118224,97
2024-09-16 14:59:37.865,416.74476008890906,13
2024-09-16 14:59:37.897,416.7165054116943,104
2024-09-16 14:59:38.045,416.7210717973745,103
2024-09-16 14:59:38.094,416.71675711479566,999
2024-09-16 14:59:38.155,416.7244725143752,1004
2024-09-16 14:59:38.212,416.7246277281912,98
2024-09-16 14:59:38.255,416.7147039151057,96
2024-09-16 14:59:38.262,416.6894052415398,11
2024-09-16 14:59:38.297,416.7147777255778,996
2024-09-16 14:59:38.409,416.7093044677828,101
2024-09-16 14:59:38.456,416.6930061741653,97
2024-09-16 14:59:38.556,416.7121986864476,1005
2024-09-16 14:59:38.586,416.7218001828901,12
2024-09-16 14:59:38.789,416.7014769250735,96
2024-09-16 14:59:38.870,41.67131481820732,9
2024-09-16 14:59:38.900,416.7165446530812,8
2024-09-16 14:59:38.906,416.7265913788647,1000
2024-09-16 14:59:39.001,416.6941039943418,95
2024-09-16 14:59:39.181,416.70075606868267,1001
2024-09-16 14:59:39.212,416.6906866387165,9
2024-09-16 14:59:39.309,-416.68640456598393,10
2024-09-16 14:59:40.098,416.7537006733772,11
2024-09-16 14:59:40.130,416.76833723901154,104
2024-09-16 14:59:40.157,416.7729564007334,5
2024-09-16 14:59:40.163,416.7101599089536,97
2024-09-16 14:59:40.246,416.75431103008026,105
2024-09-16 14:59:40.336,416.7716694695562,997
2024-09-16 14:59:40.380,416.77663169828327,102
2024-09-16 14:59:40.405,416.7500862250378,104
2024-09-16 14:59:40.421,416.7691978512715,97
2024-09-16 14:59:40.436,416.7146179866816,102
2024-09-16 14:59:40.444,416.7836597547684,101
2024-09-16 14:59:40.452,416.78908791985793,105
2024-09-16 14:59:40.495,418.4449661581676,105
2024-09-16 14:59:40.513,416.7727922752826,7
2024-09-16 14:59:40.552,416.7516530050178,997
2024-09-16 14:59:40.572,416.7841875879057,12
2024-09-16 14:59:40.579,416.7328091114867,105
2024-09-16 14:59:40.583,416.7170089061112,5
2024-09-16 14:59:40.739,416.7837154898794,13
2024-09-16 14:59:40.787,416.7867821908084,6
2024-09-16 14:59:41.275,416.7844859214601,1005
2024-09-16 14:59:41.458,416.8021079111202,100
2024-09-16 14:59:41.507,416.8175173959459,1000
2024-09-16 14:59:41.554,-416.810026297082,12
2024-09-16 14:59:41.559,416.81280834790834,100
2024-09-16 14:59:41.582,416.8058721229421,15
2024-09-16 14:59:41.706,416.8053869799247,998
2024-09-16 14:59:41.917,416.8049494473525,999
2024-09-16 14:59:42.208,416.82042713088623,9
2024-09-16 14:59:42.526,416.8034965885682,104
2024-09-16 14:59:42.549,416.81712224925326,104
2024-09-16 14:59:42.596,416.82260001210045,999
2024-09-16 14:59:42.670,416.814422422056,999
2024-09-16 14:59:42.925,416.8196206721911,1002
2024-09-16 14:59:42.927,416.8044171492402,8
2024-09-16 14:59:43.109,416.7764244578788,13
2024-09-16 14:59:43.111,416.769343866427,997
2024-09-16 14:59:43.123,416.7991407739037,1003
2024-09-16 14:59:43.538,416.75980253123566,10
2024-09-16 14:59:43.561,416.7872649833652,11
2024-09-16 14:59:43.597,416.774557656753,103
2024-09-16 14:59:43.702,416.7607858188146,98
2024-09-16 14:59:43.779,416.7536920028311,1000
2024-09-16 14:59:43.809,416.7591037760325,997
2024-09-16 14:59:43.996,416.7780482014343,1004
2024-09-16 14:59:44.021,416.757246386604,1005
2024-09-16 14:59:44.060,416.763100004656,1002
2024-09-16 14:59:44.078,416.7647591143936,99
2024-09-16 14:59:44.115,416.7752018537014,96
2024-09-16 14:59:44.229,416.7590555138,1005
2024-09-16 14:59:44.243,416.7600167223154,995
2024-09-16 14:59:44.286,416.7692831123668,6
2024-09-16 14:59:44.336,416.7556097854687,15
2024-09-16 14:59:44.349,416.770650239062,1002
2024-09-16 14:59:44.595,416.7607133771128,11
2024-09-16 14:59:44.728,416.7673665393904,13
2024-09-16 14:59:44.829,416.7537752301494,14
2024-09-16 14:59:44.834,416.777155885212,100
2024-09-16 14:59:44.867,416.7724799457585,102
2024-09-16 14:59:44.885,416.7458998853084,15
2024-09-16 14:59:45.306,416.7538272866889,99
2024-09-16 14:59:45.362,416.7532585472058,15
2024-09-16 14:59:45.430,416.75697312631695,8
2024-09-16 14:59:45.631,416.755449906227,998
2024-09-16 14:59:45.777,416.7263848337507,101
2024-09-16 14:59:45.999,416.748025255207,8
2024-09-16 14:59:46.160,416.74499190765823,99
2024-09-16 14:59:46.193,416.7415168204953,96
2024-09-16 14:59:46.296,416.7386262328886,96
2024-09-16 14:59:46.362,416.7266928444066,11
2024-09-16 14:59:46.397,416.7437813905884,995
2024-09-16 14:59:46.518,416.7238971859574,104
2024-09-16 14:59:46.727,416.73441429501975,1002
2024-09-16 14:59:46.802,416.7421395362522,104
2024-09-16 14:59:46.878,416.7630116100504,10
2024-09-16 14:59:46.909,416.752214554164,96
2024-09-16 14:59:46.916,416.7420484521075,9
2024-09-16 14:59:46.959,416.75457631093104,12
2024-09-16 14:59:46.973,416.7482279807924,100
2024-09-16 14:59:47.026,416.7310892662687,999
2024-09-16 14:59:47.070,416.7412622909232,8
2024-09-16 14:59:47.166,416.74214183862784,15
2024-09-16 14:59:47.168,416.775394623633,99
2024-09-16 14:59:47.187,416.7580433266376,1003
2024-09-16 14:59:47.192,416.7338733283821,95
2024-09-16 14:59:47.213,416.7429671624023,1002
2024-09-16 14:59:47.236,416.7545975485287,104
2024-09-16 14:59:47.281,416.7493053864444,96
2024-09-16 14:59:47.307,416.7442004976313,95
2024-09-16 14:59:47.356,416.7404172088441,996
2024-09-16 14:59:47.360,416.7493342215771,12
2024-09-16 14:59:47.405,416.7484482545239,7
2024-09-16 14:59:47.526,416.7634074026242,1003
2024-09-16 14:59:47.595,416.773265676876,100
2024-09-16 14:59:47.615,416.7205293608744,997
2024-09-16 14:59:47.621,416.7601356833504,100
2024-09-16 14:59:47.644,41.67506824229216,999
2024-09-16 14:59:47.674,416.73280585089066,104
2024-09-16 14:59:47.719,416.75077593005045,101
2024-09-16 14:59:47.830,416.7304444665172,11
2024-09-16 14:59:47.864,416.7270809236473,995
2024-09-16 14:59:47.963,416.7386789008121,1000
2024-09-16 14:59:48.045,416.6982318601884,96
2024-09-16 14:59:48.051,416.7443072108344,6
2024-09-16 14:59:48.128,416.6955672752718,103
2024-09-16 14:59:48.225,416.7264929117747,101
2024-09-16 14:59:48.250,416.72668666593125,1002
2024-09-16 14:59:48.264,416.6946475622861,11
2024-09-16 14:59:48.273,416.7276639106212,99
2024-09-16 14:59:48.297,416.68756088876927,12
2024-09-16 14:59:48.303,416.72964891147177,999
2024-09-16 14:59:48.337,416.7293364443045,96
2024-09-16 14:59:48.359,416.7431467356829,100
2024-09-16 14:59:48.373,416.7175002109405,998
2024-09-16 14:59:48.381,416.7062865720375,9
2024-09-16 14:59:48.391,416.7061752814691,999
2024-09-16 14:59:48.456,416.722630316409,102
2024-09-16 14:59:48.534,416.70311110422006,6
2024-09-16 14:59:48.557,416.7321559920837,1005
2024-09-16 14:59:48.600,416.7356497381371,11
2024-09-16 14:59:48.622,416.68072140386977,1001
2024-09-16 14:59:48.650,416.7403076409204,12
2024-09-16 14:59:48.669,416.6929474745696,1003
2024-09-16 14:59:48.748,416.7307185199858,101
2024-09-16 14:59:48.750,416.72949201141887,997
2024-09-16 14:59:48.783,416.7241557038587,95
2024-09-16 14:59:48.834,416.69925784650536,103
2024-09-16 14:59:48.901,416.72559868241166,9
2024-09-16 14:59:48.954,416.7293000204471,996
2024-09-16 14:59:49.025,416.6722255606418,7
2024-09-16 14:59:49.032,416.658949935218,996
2024-09-16 14:59:49.043,416.6639334093288,13
2024-09-16 14:59:49.086,416.6655600625131,102
2024-09-16 14:59:49.152,416.6556146153253,97
2024-09-16 14:59:49.163,416.6771984474468,1002
2024-09-16 14:59:49.260,416.67618737025873,105
2024-09-16 14:59:49.310,416.6725549465124,97
2024-09-16 14:59:49.352,416.64437146191455,104
2024-09-16 14:59:49.474,416.65775340034,8
2024-09-16 14:59:49.480,416.67557683858064,1000
2024-09-16 14:59:49.504,416.6934954226037,102
2024-09-16 14:59:49.561,416.6867512714003,1004
2024-09-16 14:59:49.642,416.6809915105784,998
2024-09-16 14:59:49.674,416.6759187809279,998
2024-09-16 14:59:49.678,416.67291738799815,1003
2024-09-16 14:59:49.682,416.6601667715631,1001
2024-09-16 14:59:49.803,416.6727951525132,100
2024-09-16 14:59:49.819,416.6716625730191,997
2024-09-16 14:59:49.821,416.6544729540979,1000
2024-09-16 14:59:50.044,416.605134080992,5
2024-09-16 14:59:50.220,416.5954490053837,103
2024-09-16 14:59:50.288,416.6244012196213,104
2024-09-16 14:59:50.407,416.5790696007263,101
2024-09-16 14:59:50.421,416.61755393926273,995
2024-09-16 14:59:50.426,416.6057273318116,99
2024-09-16 14:59:50.540,416.63291328225984,13
2024-09-16 14:59:50.612,416.5847774625979,1002
2024-09-16 14:59:50.639,416.5930084613931,998
2024-09-16 14:59:50.658,416.5990948466634,104
2024-09-16 14:59:50.666,416.64306985678223,14
2024-09-16 14:59:50.706,416.64292469041663,1002
2024-09-16 14:59:50.718,416.6418469530673,996
2024-09-16 14:59:50.730,416.6099999909334,1002
2024-09-16 14:59:50.834,41.65968712802344,6
2024-09-16 14:59:50.855,416.5833165105888,96
2024-09-16 14:59:50.891,416.584654049766,999
2024-09-16 14:59:50.923,416.6052427961072,998
2024-09-16 14:59:50.981,416.6271428789896,7
2024-09-16 14:59:51.022,416.6524090908717,12
2024-09-16 14:59:51.029,416.5942282148685,997
2024-09-16 14:59:51.175,416.6031342722832,13
2024-09-16 14:59:51.197,416.6367201703983,6
2024-09-16 14:59:51.251,416.651572539276,1004
2024-09-16 14:59:51.306,416.6407794835949,9
2024-09-16 14:59:51.307,416.6210259625099,1005
2024-09-16 14:59:51.455,416.6588261371932,101
2024-09-16 14:59:51.468,416.6420051683164,101
2024-09-16 14:59:51.480,416.60684837510416,999
2024-09-16 14:59:51.492,416.6542740371839,1000
2024-09-16 14:59:51.562,416.6283158288048,1005
2024-09-16 14:59:51.614,416.6400922109553,13
2024-09-16 14:59:51.644,416.6298706573645,8
2024-09-16 14:59:51.689,416.6218022094494,1001
2024-09-16 14:59:51.720,416.6260399980417,99
2024-09-16 14:59:51.781,416.65837828933695,998
2024-09-16 14:59:51.828,416.6248734760037,995
2024-09-16 14:59:51.833,416.6336325935179,995
2024-09-16 14:59:51.921,416.6330338773616,996
2024-09-16 14:59:51.922,416.606405715784,995
2024-09-16 14:59:51.935,416.6460975168971,96
2024-09-16 14:59:52.109,416.5120650280984,101
2024-09-16 14:59:52.160,416.5746360741486,1004
2024-09-16 14:59:52.290,416.54939581384696,996
2024-09-16 14:59:52.337,416.5071027970666,11
2024-09-16 14:59:52.396,416.5979704084099,13
2024-09-16 14:59:52.412,416.5803846216522,11
2024-09-16 14:59:52.485,416.5572235290084,995
2024-09-16 14:59:52.513,416.61018719665066,1000
2024-09-16 14:59:52.521,416.5596750836887,998
2024-09-16 14:59:52.521,416.504948898068,1003
2024-09-16 14:59:52.692,416.5450719964516,1003
2024-09-16 14:59:52.749,416.51594970034273,103
2024-09-16 14:59:52.864,416.609315714646,10
2024-09-16 14:59:52.900,416.5312160787436,104
2024-09-16 14:59:52.918,416.5829458155735,997
2024-09-16 14:59:52.993,416.61394471835536,98
2024-09-16 14:59:53.105,416.5614570208044,1004
2024-09-16 14:59:53.142,416.52884948834645,5
2024-09-16 14:59:53.600,416.5360405771996,996
2024-09-16 14:59:53.764,416.5416699767444,101
2024-09-16 14:59:53.827,416.5487868012037,98
2024-09-16 14:59:54.022,416.5744805986417,15
2024-09-16 14:59:54.117,416.549324785507,1004
2024-09-16 14:59:54.150,416.5749641029056,101
2024-09-16 14:59:54.460,416.5530782775997,95
2024-09-16 14:59:54.547,416.56802612970085,998
2024-09-16 14:59:54.670,416.5780278101794,7
2024-09-16 14:59:54.706,416.5983804401306,995
2024-09-16 14:59:54.769,416.5832615763925,1002
2024-09-16 14:59:54.786,416.5895635724062,9
2024-09-16 14:59:54.822,416.58152559064274,15
2024-09-16 14:59:54.873,416.5570365687114,12
2024-09-16 14:59:54.898,416.56811426173823,101
2024-09-16 14:59:54.936,416.58928783948033,103
2024-09-16 14:59:54.988,416.5777546658429,97
2024-09-16 14:59:55.301,416.54809622154426,96
2024-09-16 14:59:55.398,416.5654954111494,10
2024-09-16 14:59:55.600,416.53851141466345,1001
2024-09-16 14:59:55.656,416.5554469451864,998
2024-09-16 14:59:55.671,416.5704537048412,1005
2024-09-16 14:59:55.724,416.5320052360335,10
2024-09-16 14:59:55.843,416.54486955007934,9
2024-09-16 14:59:56.017,416.4769761541457,996
2024-09-16 14:59:56.110,416.4911696721578,8
2024-09-16 14:59:56.495,416.5570985313784,6
2024-09-16 14:59:56.537,416.5037042382479,97
2024-09-16 14:59:56.652,416.5251626885838,1002
2024-09-16 14:59:56.889,416.5071642349727,1004
2024-09-16 14:59:57.969,416.5157242254304,7
2024-09-16 14:59:58.026,416.4580523300675,13
2024-09-16 14:59:58.043,416.4959754678184,998
2024-09-16 14:59:58.051,416.4806975221273,1002
2024-09-16 14:59:58.083,416.4964158896764,12
2024-09-16 14:59:58.093,416.4762473183218,99
2024-09-16 14:59:58.112,416.50262586500463,6
2024-09-16 14:59:58.132,416.4770260375449,998
2024-09-16 14:59:58.159,416.4627075011942,105
2024-09-16 14:59:58.171,416.489876211498,104
2024-09-16 14:59:58.204,416.439964639718,101
2024-09-16 14:59:58.236,416.4807117506368,103
2024-09-16 14:59:58.393,416.50895966014406,998
2024-09-16 14:59:58.492,416.4934519229222,996
2024-09-16 14:59:58.549,416.5191028081789,13
2024-09-16 14:59:58.598,416.5207581556842,6
2024-09-16 14:59:58.627,416.4616962482154,1000
2024-09-16 14:59:58.627,416.4767081667913,1003
2024-09-16 14:59:58.649,416.478601550894,1004
2024-09-16 14:59:58.658,416.4822428502436,105
2024-09-16 14:59:58.658,416.46127345713376,95
2024-09-16 14:59:58.660,416.4941594490873,102
2024-09-16 14:59:58.669,-416.4903637262769,8
2024-09-16 14:59:58.684,416.449327817277,98
2024-09-16 14:59:58.717,416.4453701697093,6
2024-09-16 14:59:58.827,416.4886103232223,100
2024-09-16 14:59:58.828,416.5001164431233,1000
2024-09-16 14:59:58.904,416.5042187580865,1004
2024-09-16 14:59:58.972,416.5015784439147,6
2024-09-16 14:59:58.984,416.448246112421,100
2024-09-16 14:59:59.335,416.5054002246257,105
2024-09-16 14:59:59.416,416.49270069645627,999
2024-09-16 14:59:59.427,416.4824919795728,998
2024-09-16 14:59:59.439,416.477643859082,1000
2024-09-16 14:59:59.449,416.46822837288175,5
2024-09-16 14:59:59.459,416.48154617077137,1002
2024-09-16 14:59:59.483,416.497266471018,8
2024-09-16 14:59:59.520,416.4871057692585,95
2024-09-16 14:59:59.549,416.4589427077378,95
2024-09-16 14:59:59.653,416.4625801866548,8
2024-09-16 14:59:59.746,416.51238263035225,99
2024-09-16 14:59:59.949,416.4835061865294,1002
