Timestamp,Price,Size
2024-09-17 10:59:00.014,415.6302292221584,9
2024-09-17 10:59:00.026,415.6433796521153,1002
2024-09-17 10:59:00.045,415.57686939454913,13
2024-09-17 10:59:00.160,415.6394560059756,12
2024-09-17 10:59:00.167,415.5861108023716,1002
2024-09-17 10:59:00.179,415.61996092354985,999
2024-09-17 10:59:00.187,415.5944774512788,95
2024-09-17 10:59:00.294,415.6450491176119,5
2024-09-17 10:59:00.302,415.6065178015601,97
2024-09-17 10:59:00.321,415.61602190444216,104
2024-09-17 10:59:00.330,415.6030587310981,1002
2024-09-17 10:59:00.389,415.6322766020056,998
2024-09-17 10:59:00.406,415.5872080678959,10
2024-09-17 10:59:00.414,415.62369606889854,99
2024-09-17 10:59:00.439,415.6366060474023,1003
2024-09-17 10:59:00.456,415.5935980910129,98
2024-09-17 10:59:00.492,415.6009839937437,7
2024-09-17 10:59:00.522,415.6410760930645,101
2024-09-17 10:59:00.559,415.6266074657353,10
2024-09-17 10:59:00.562,415.6286069415252,996
2024-09-17 10:59:00.626,415.5964438862068,105
2024-09-17 10:59:00.711,415.60962460804274,5
2024-09-17 10:59:00.771,415.6378149361787,9
2024-09-17 10:59:00.800,415.6492246274205,14
2024-09-17 10:59:00.808,415.5924982611952,1004
2024-09-17 10:59:00.887,415.61643246898296,99
2024-09-17 10:59:00.928,,96
2024-09-17 10:59:00.931,415.5890588056103,997
2024-09-17 10:59:00.939,415.6214320489261,95
2024-09-17 10:59:01.127,415.5850669746991,999
2024-09-17 10:59:01.185,415.59374570810894,8
2024-09-17 10:59:01.187,415.5796308508013,995
2024-09-17 10:59:01.227,415.5527765825781,7
2024-09-17 10:59:01.277,415.57447550818506,1000
2024-09-17 10:59:01.309,415.5454244652189,5
2024-09-17 10:59:01.371,415.635049114631,103
2024-09-17 10:59:01.441,415.5763947865405,99
2024-09-17 10:59:01.509,415.5511634609833,1003
2024-09-17 10:59:01.516,415.5710557594096,5
2024-09-17 10:59:01.545,415.57075751666696,11
2024-09-17 10:59:01.589,415.5406065080931,15
2024-09-17 10:59:01.619,415.5905674288289,15
2024-09-17 10:59:01.640,415.6392609145759,6
2024-09-17 10:59:01.829,415.6241270453892,5
2024-09-17 10:59:01.845,415.5888198167875,998
2024-09-17 10:59:01.866,415.5816185156545,8
2024-09-17 10:59:01.919,415.5597167980952,95
2024-09-17 10:59:01.961,415.6090188120196,996
2024-09-17 10:59:02.018,415.54670339084646,10
2024-09-17 10:59:02.031,415.5564120548161,995
2024-09-17 10:59:02.057,415.5592397834756,1003
2024-09-17 10:59:02.072,415.5794220470786,96
2024-09-17 10:59:02.184,415.5705204156985,999
2024-09-17 10:59:02.273,415.5593915791524,1004
2024-09-17 10:59:02.315,415.55261593106593,12
2024-09-17 10:59:02.324,415.536477749373,1001
2024-09-17 10:59:02.414,415.5704092104056,99
2024-09-17 10:59:02.421,415.5611730861053,95
2024-09-17 10:59:02.426,415.5476859572522,12
2024-09-17 10:59:02.486,415.5688505060869,101
2024-09-17 10:59:02.509,415.5542445861698,100
2024-09-17 10:59:02.628,415.565061636916,11
2024-09-17 10:59:02.633,415.5509639231396,100
2024-09-17 10:59:02.659,415.5403314649645,12
2024-09-17 10:59:02.666,415.5645213923548,8
2024-09-17 10:59:02.794,415.55406322871073,105
2024-09-17 10:59:02.808,415.5559179479405,7
2024-09-17 10:59:02.823,41.55551200791202,102
2024-09-17 10:59:02.900,415.5567818999984,997
2024-09-17 10:59:02.928,41.55621769661541,10
2024-09-17 10:59:02.946,415.5645579397408,105
2024-09-17 10:59:02.977,415.5600924263996,8
2024-09-17 10:59:02.983,415.5547757293506,104
2024-09-17 10:59:03.017,415.5553625794028,1005
2024-09-17 10:59:03.026,415.547372958718,104
2024-09-17 10:59:03.052,415.5659730347268,98
2024-09-17 10:59:03.091,,101
2024-09-17 10:59:03.095,415.5879268673231,1005
2024-09-17 10:59:03.110,415.551862858184,99
2024-09-17 10:59:03.125,415.545762373329,101
2024-09-17 10:59:03.139,415.54920708857446,11
2024-09-17 10:59:03.262,415.54335762132047,11
2024-09-17 10:59:03.265,415.5492927054181,998
2024-09-17 10:59:03.287,415.5758925994202,9
2024-09-17 10:59:03.313,415.5474699905588,12
2024-09-17 10:59:03.327,415.5471625214318,8
2024-09-17 10:59:03.415,415.54503883495966,104
2024-09-17 10:59:03.440,415.5514961479024,999
2024-09-17 10:59:03.482,415.56798975363006,105
2024-09-17 10:59:03.766,415.5743875734246,1005
2024-09-17 10:59:03.782,415.5582959756337,12
2024-09-17 10:59:03.825,415.5613172794345,101
2024-09-17 10:59:03.835,415.5779393619307,102
2024-09-17 10:59:03.858,415.55273353174624,15
2024-09-17 10:59:03.935,415.560575795532,97
2024-09-17 10:59:03.970,415.53901578038585,10
2024-09-17 10:59:04.023,415.5629570543752,102
2024-09-17 10:59:04.033,415.53370995094855,7
2024-09-17 10:59:04.045,415.5634325248208,99
2024-09-17 10:59:04.056,415.5680643096924,104
2024-09-17 10:59:04.127,415.5587758615856,6
2024-09-17 10:59:04.155,415.5587647204447,1002
2024-09-17 10:59:04.209,415.5524222030079,104
2024-09-17 10:59:04.280,415.5670786419046,14
2024-09-17 10:59:04.344,415.5188076531747,101
2024-09-17 10:59:04.400,415.5088283365117,105
2024-09-17 10:59:04.575,415.5604418840195,996
2024-09-17 10:59:04.578,415.5489732247694,100
2024-09-17 10:59:04.616,415.5332060408843,98
2024-09-17 10:59:04.628,415.5923029416084,102
2024-09-17 10:59:04.628,415.5634212074666,999
2024-09-17 10:59:04.681,415.5638650162742,8
2024-09-17 10:59:04.716,415.55636598187306,14
2024-09-17 10:59:04.804,415.560199541617,15
2024-09-17 10:59:04.820,415.5297126008843,8
2024-09-17 10:59:04.904,415.5427573339505,100
2024-09-17 10:59:04.948,415.5708605362631,95
2024-09-17 10:59:04.951,-415.5857871887926,998
2024-09-17 10:59:04.955,415.5301496096632,996
2024-09-17 10:59:05.007,415.4847202361764,1001
2024-09-17 10:59:05.016,415.4784145792455,96
2024-09-17 10:59:05.038,415.4969186195248,999
2024-09-17 10:59:05.070,415.49187291530455,15
2024-09-17 10:59:05.103,415.4888252780895,1005
2024-09-17 10:59:05.165,-415.4967965583298,99
2024-09-17 10:59:05.186,415.50686491503546,104
2024-09-17 10:59:05.311,415.5154821325914,996
2024-09-17 10:59:05.321,415.4922170681816,105
2024-09-17 10:59:05.367,415.4623242360625,102
2024-09-17 10:59:05.378,415.4821221677797,9
2024-09-17 10:59:05.451,415.49023530561664,99
2024-09-17 10:59:05.474,415.48032895413786,1003
2024-09-17 10:59:05.513,415.4945410769237,6
2024-09-17 10:59:05.594,415.4749209441952,996
2024-09-17 10:59:05.601,415.50722306203454,15
2024-09-17 10:59:05.623,415.47723754249415,9
2024-09-17 10:59:05.641,415.5067842697105,13
2024-09-17 10:59:05.646,415.52317665779645,101
2024-09-17 10:59:05.677,415.4864280646727,104
2024-09-17 10:59:05.740,415.46737537106463,14
2024-09-17 10:59:05.859,415.5080398188141,95
2024-09-17 10:59:05.863,415.472374523784,102
2024-09-17 10:59:05.917,415.5216936227463,5
2024-09-17 10:59:05.978,415.52170139452375,997
2024-09-17 10:59:06.139,-415.47098123952736,5
2024-09-17 10:59:06.202,415.4701618518483,1001
2024-09-17 10:59:06.286,415.41849547707847,9
2024-09-17 10:59:06.286,415.40541994838577,103
2024-09-17 10:59:06.360,415.4148906374123,8
2024-09-17 10:59:06.372,415.4827349358189,996
2024-09-17 10:59:06.404,415.5028401884937,1005
2024-09-17 10:59:06.404,415.4634097743237,997
2024-09-17 10:59:06.429,415.44489927537296,7
2024-09-17 10:59:06.536,415.5128407153676,13
2024-09-17 10:59:06.554,415.4796994756024,1005
2024-09-17 10:59:06.637,415.4173545124237,999
2024-09-17 10:59:06.676,415.4600217130287,102
2024-09-17 10:59:06.704,415.41117594396815,7
2024-09-17 10:59:06.709,415.4801677095304,6
2024-09-17 10:59:06.723,415.47962604982257,1002
2024-09-17 10:59:06.800,415.4333737476954,10
2024-09-17 10:59:06.831,415.4391450786226,97
2024-09-17 10:59:06.886,415.5029128207896,997
2024-09-17 10:59:06.894,415.4197759134744,104
2024-09-17 10:59:06.905,415.5034771408021,995
2024-09-17 10:59:07.034,415.48062016235576,1001
2024-09-17 10:59:07.035,415.4799713782972,98
2024-09-17 10:59:07.121,415.5069368148059,99
2024-09-17 10:59:07.137,415.529542689417,99
2024-09-17 10:59:07.162,415.4728749161471,13
2024-09-17 10:59:07.163,415.4587584716258,99
2024-09-17 10:59:07.218,415.52483661593743,995
2024-09-17 10:59:07.236,415.4869787948991,101
2024-09-17 10:59:07.334,415.4826424220898,14
2024-09-17 10:59:07.363,415.497221358954,5
2024-09-17 10:59:07.506,415.503873253088,96
2024-09-17 10:59:07.527,41.55396632861554,5
2024-09-17 10:59:07.536,415.4752155796944,1005
2024-09-17 10:59:07.595,415.51440348151175,9
2024-09-17 10:59:07.684,415.4907163863992,101
2024-09-17 10:59:07.715,415.5444316591346,1005
2024-09-17 10:59:07.735,415.4862346337924,6
2024-09-17 10:59:07.769,415.5192945055066,95
2024-09-17 10:59:07.834,415.4967116811594,15
2024-09-17 10:59:07.835,415.5226225330911,998
2024-09-17 10:59:07.858,415.51539696064265,98
2024-09-17 10:59:07.882,415.511295822121,1003
2024-09-17 10:59:07.996,415.5282779647435,104
2024-09-17 10:59:08.294,415.44539373039527,6
2024-09-17 10:59:08.325,415.4217707907503,1004
2024-09-17 10:59:08.353,415.42864917655584,105
2024-09-17 10:59:08.377,415.4424438013453,6
2024-09-17 10:59:08.675,415.4350662493096,8
2024-09-17 10:59:08.761,415.4392766634436,97
2024-09-17 10:59:08.829,415.4693216530362,1004
2024-09-17 10:59:08.997,415.43390571289706,8
2024-09-17 10:59:09.172,415.4689054776977,10
2024-09-17 10:59:09.183,415.46971812151656,95
2024-09-17 10:59:09.576,415.46874939694806,1000
2024-09-17 10:59:09.843,415.459297993243,1003
2024-09-17 10:59:10.012,415.54194692915536,5
2024-09-17 10:59:10.034,415.5088346244804,1002
2024-09-17 10:59:10.061,41.54870108037625,1004
2024-09-17 10:59:10.091,415.5549033166027,1005
2024-09-17 10:59:10.195,415.53953917724806,100
2024-09-17 10:59:10.311,415.4866627767637,1001
2024-09-17 10:59:10.327,415.49456370826175,9
2024-09-17 10:59:10.375,415.5108510499976,104
2024-09-17 10:59:10.581,415.4632978860123,103
2024-09-17 10:59:10.633,415.5394168786411,100
2024-09-17 10:59:10.635,415.5152637444128,998
2024-09-17 10:59:10.638,415.5057701479628,6
2024-09-17 10:59:10.661,415.49537148121374,8
2024-09-17 10:59:10.798,415.48341883525455,96
2024-09-17 10:59:10.854,415.49305724213536,104
2024-09-17 10:59:10.913,415.5010728705277,1005
2024-09-17 10:59:11.003,415.4828965111266,100
2024-09-17 10:59:11.006,415.47376862180266,1000
2024-09-17 10:59:11.051,415.51053046071945,999
2024-09-17 10:59:11.062,415.4878096333757,1001
2024-09-17 10:59:11.083,415.487910821323,105
2024-09-17 10:59:11.189,415.5466810623903,1002
2024-09-17 10:59:11.240,415.4672489196344,997
2024-09-17 10:59:11.379,415.495349742354,1003
2024-09-17 10:59:11.398,415.4854627585191,998
2024-09-17 10:59:11.442,415.50663302898056,102
2024-09-17 10:59:11.517,415.4866492102062,1004
2024-09-17 10:59:11.544,415.514566607369,10
2024-09-17 10:59:11.699,415.5019449779718,995
2024-09-17 10:59:11.713,415.4859964706686,7
2024-09-17 10:59:11.756,415.5343210103168,102
2024-09-17 10:59:11.818,415.5282077405868,1003
2024-09-17 10:59:12.415,415.4900514514756,98
2024-09-17 10:59:13.323,415.48360961923714,97
2024-09-17 10:59:14.010,415.4606537869343,105
2024-09-17 10:59:14.041,415.4394029937576,14
2024-09-17 10:59:14.045,415.4518034408374,1003
2024-09-17 10:59:14.069,415.4644805650804,995
2024-09-17 10:59:14.234,415.4632844232517,13
2024-09-17 10:59:14.261,415.4517537381435,7
2024-09-17 10:59:14.414,415.4628087218889,98
2024-09-17 10:59:14.444,415.4614707659006,13
2024-09-17 10:59:14.474,415.4464553085757,998
2024-09-17 10:59:14.519,415.443059448684,103
2024-09-17 10:59:14.557,415.4623597039134,995
2024-09-17 10:59:14.584,415.4626835026757,105
2024-09-17 10:59:14.719,415.4622378033392,11
2024-09-17 10:59:14.770,415.4655600606265,13
2024-09-17 10:59:14.778,415.4554736521966,11
2024-09-17 10:59:14.808,415.4477987744645,102
2024-09-17 10:59:14.845,415.4686814902725,96
2024-09-17 10:59:14.893,-415.46260045970536,102
2024-09-17 10:59:14.993,415.4451831111778,5
2024-09-17 10:59:15.085,415.43252712759727,8
2024-09-17 10:59:15.143,415.4253787245114,7
2024-09-17 10:59:15.271,415.4357568803445,98
2024-09-17 10:59:15.415,415.4468347077187,1001
2024-09-17 10:59:15.427,415.4627459890096,1005
2024-09-17 10:59:15.433,415.4166705241475,10
2024-09-17 10:59:15.469,415.4333367694858,103
2024-09-17 10:59:15.483,415.463255128794,996
2024-09-17 10:59:15.587,415.4483396992838,10
2024-09-17 10:59:15.590,415.43866498809456,102
2024-09-17 10:59:15.592,415.4483793428817,996
2024-09-17 10:59:15.596,415.4667634255094,1000
2024-09-17 10:59:15.631,415.4223891330177,14
2024-09-17 10:59:15.690,415.46993282409727,98
2024-09-17 10:59:15.690,415.4281177610601,997
2024-09-17 10:59:15.766,,96
2024-09-17 10:59:15.771,415.4544556705752,100
2024-09-17 10:59:15.775,415.4250848197147,998
2024-09-17 10:59:15.833,415.44917723721926,103
2024-09-17 10:59:15.916,415.44106832359,98
2024-09-17 10:59:15.968,415.4192446858848,999
2024-09-17 10:59:15.976,415.45603982852793,98
2024-09-17 10:59:16.222,415.4638356415773,1004
2024-09-17 10:59:16.331,415.4551812301981,10
2024-09-17 10:59:16.362,415.4396517359866,1004
2024-09-17 10:59:16.728,415.4331526531303,998
2024-09-17 10:59:16.858,415.4562307138752,100
2024-09-17 10:59:16.932,415.4638291007646,1003
2024-09-17 10:59:17.096,415.4912730207078,996
2024-09-17 10:59:17.104,415.55352731519537,100
2024-09-17 10:59:17.114,415.52061326475234,103
2024-09-17 10:59:17.145,415.5618957115047,103
2024-09-17 10:59:17.161,415.5634108253881,8
2024-09-17 10:59:17.172,415.4859647794447,1005
2024-09-17 10:59:17.221,415.5238061737393,1000
2024-09-17 10:59:17.228,415.55075788855294,997
2024-09-17 10:59:17.252,415.5537114346072,1001
2024-09-17 10:59:17.361,415.5597644106911,14
2024-09-17 10:59:17.390,415.56727899025645,996
2024-09-17 10:59:17.465,415.52039735228624,996
2024-09-17 10:59:17.567,415.5563064181538,99
2024-09-17 10:59:17.586,41.54798334532886,98
2024-09-17 10:59:17.602,415.4893687023583,102
2024-09-17 10:59:17.647,415.4874016409025,1001
2024-09-17 10:59:17.666,415.5785362624477,995
2024-09-17 10:59:17.674,415.55846005900094,997
2024-09-17 10:59:17.676,415.5087445374338,14
2024-09-17 10:59:17.677,415.50207283586974,9
2024-09-17 10:59:17.694,415.4798202836406,998
2024-09-17 10:59:17.736,415.56122839814674,1001
2024-09-17 10:59:17.751,415.57295981564965,105
2024-09-17 10:59:17.759,415.5690738229588,1004
2024-09-17 10:59:17.783,415.54194808033714,98
2024-09-17 10:59:17.867,415.5403966255424,999
2024-09-17 10:59:17.878,415.5080401876227,995
2024-09-17 10:59:17.897,415.56095225684527,104
2024-09-17 10:59:17.921,415.50418159829314,101
2024-09-17 10:59:17.921,415.5069131116739,99
2024-09-17 10:59:18.508,415.5124649520004,101
2024-09-17 10:59:18.684,415.518615113121,13
2024-09-17 10:59:18.727,415.54304291517246,97
2024-09-17 10:59:19.095,415.5212142511824,999
2024-09-17 10:59:19.252,415.5325368123319,105
2024-09-17 10:59:19.310,415.5273354318799,15
2024-09-17 10:59:19.391,415.51668829339366,11
2024-09-17 10:59:19.486,415.512575911215,14
2024-09-17 10:59:19.516,415.5045584708122,103
2024-09-17 10:59:19.805,415.5164418775341,105
2024-09-17 10:59:19.848,-415.5097871049901,998
2024-09-17 10:59:19.875,415.5259736404458,1002
2024-09-17 10:59:19.882,415.52043007076986,105
2024-09-17 10:59:19.889,415.5098362052461,99
2024-09-17 10:59:19.939,415.4951676534823,12
2024-09-17 10:59:20.088,415.57438245174455,9
2024-09-17 10:59:20.129,415.512527303122,1004
2024-09-17 10:59:20.140,415.5471486106851,5
2024-09-17 10:59:20.140,415.5183709556088,98
2024-09-17 10:59:20.190,415.50939683554776,1002
2024-09-17 10:59:20.259,415.5642902058154,102
2024-09-17 10:59:20.287,415.56009381757167,96
2024-09-17 10:59:20.290,415.5268599063743,95
2024-09-17 10:59:20.291,415.5530545013382,13
2024-09-17 10:59:20.346,415.5547988589662,12
2024-09-17 10:59:20.428,415.57535587825225,100
2024-09-17 10:59:20.458,415.5485993716628,101
2024-09-17 10:59:20.470,415.53081446807823,1004
2024-09-17 10:59:20.566,415.55987857744174,995
2024-09-17 10:59:20.567,415.5528674911099,97
2024-09-17 10:59:20.756,415.5233707286292,1003
2024-09-17 10:59:20.766,415.517624492506,999
2024-09-17 10:59:20.796,415.5257459779701,9
2024-09-17 10:59:20.824,415.5363439267331,10
2024-09-17 10:59:21.038,415.60549640867794,97
2024-09-17 10:59:21.047,415.6076845398382,100
2024-09-17 10:59:21.103,415.5881814966758,13
2024-09-17 10:59:21.120,415.5505164425353,1001
2024-09-17 10:59:21.198,415.6110918842369,8
2024-09-17 10:59:21.214,415.5892630005843,7
2024-09-17 10:59:21.225,415.5764290780003,997
2024-09-17 10:59:21.243,415.6013068983627,96
2024-09-17 10:59:21.274,415.58572535883314,1002
2024-09-17 10:59:21.282,415.5950775944144,105
2024-09-17 10:59:21.311,415.60271358680205,15
2024-09-17 10:59:21.379,415.5825319110555,9
2024-09-17 10:59:21.401,415.5564292820798,998
2024-09-17 10:59:21.474,415.5859003233536,9
2024-09-17 10:59:21.491,41.55936408951501,14
2024-09-17 10:59:21.567,415.5909263201703,102
2024-09-17 10:59:21.625,415.5714987987804,1005
2024-09-17 10:59:21.631,415.5475907630995,996
2024-09-17 10:59:21.659,415.5627173492732,105
2024-09-17 10:59:21.689,415.60239972967616,996
2024-09-17 10:59:21.694,415.5955200321941,95
2024-09-17 10:59:21.700,415.57766608109296,102
2024-09-17 10:59:21.716,415.5520434031737,96
2024-09-17 10:59:21.739,415.6087700853061,96
2024-09-17 10:59:21.789,415.5963405010905,10
2024-09-17 10:59:21.811,415.5758081798619,100
2024-09-17 10:59:21.933,415.6206529624324,12
2024-09-17 10:59:21.970,415.5757607160217,6
2024-09-17 10:59:21.996,415.5724713713027,96
2024-09-17 10:59:22.037,415.60886925782967,10
2024-09-17 10:59:22.053,415.6418049365924,96
2024-09-17 10:59:22.178,415.6633837729535,15
2024-09-17 10:59:22.183,415.6575572580495,5
2024-09-17 10:59:22.205,415.6290388026769,8
2024-09-17 10:59:22.225,415.6337770933218,11
2024-09-17 10:59:22.252,415.6512055255677,104
2024-09-17 10:59:22.255,415.5816388109134,997
2024-09-17 10:59:22.304,415.571901587998,1001
2024-09-17 10:59:22.315,415.6286140638891,1000
2024-09-17 10:59:22.370,415.630963771885,95
2024-09-17 10:59:22.411,415.64746579633066,9
2024-09-17 10:59:22.511,415.63401156178,15
2024-09-17 10:59:22.539,415.5748509902509,11
2024-09-17 10:59:22.549,415.6009995216206,1002
2024-09-17 10:59:22.570,415.6485708597388,95
2024-09-17 10:59:22.657,415.6268517768681,6
2024-09-17 10:59:22.677,415.670105861674,96
2024-09-17 10:59:22.720,,1004
2024-09-17 10:59:22.725,415.56375594466857,105
2024-09-17 10:59:22.818,415.64454111774194,11
2024-09-17 10:59:22.831,-415.66230185521385,8
2024-09-17 10:59:22.884,415.5766754183982,5
2024-09-17 10:59:22.890,415.6476325758673,15
2024-09-17 10:59:22.896,415.6517094567007,995
2024-09-17 10:59:22.928,415.5746113797582,1001
2024-09-17 10:59:22.931,415.582181881238,12
2024-09-17 10:59:22.992,415.5774685656161,6
2024-09-17 10:59:22.998,415.6508244764767,1003
2024-09-17 10:59:23.056,415.6563360888843,10
2024-09-17 10:59:23.166,415.642891102788,105
2024-09-17 10:59:23.218,415.67490197594026,15
2024-09-17 10:59:23.363,415.6805486558528,1004
2024-09-17 10:59:23.413,415.67021329444543,10
2024-09-17 10:59:23.568,415.6624977958303,995
2024-09-17 10:59:23.712,415.6784340429169,7
2024-09-17 10:59:23.728,415.6864603490435,13
2024-09-17 10:59:23.823,415.67826372562695,997
2024-09-17 10:59:23.950,415.6791316689914,12
2024-09-17 10:59:24.006,415.6476038453172,13
2024-09-17 10:59:24.053,415.6326702904776,999
2024-09-17 10:59:24.108,415.6173842807374,995
2024-09-17 10:59:24.160,415.6111263221194,105
2024-09-17 10:59:24.186,415.64117565547497,1002
2024-09-17 10:59:24.190,415.6337723912569,7
2024-09-17 10:59:24.213,415.6311195596882,98
2024-09-17 10:59:24.215,415.671319908235,14
2024-09-17 10:59:24.225,415.6286833826008,10
2024-09-17 10:59:24.279,415.6385205927487,5
2024-09-17 10:59:24.325,415.63016804317016,105
2024-09-17 10:59:24.364,415.6251688051317,1000
2024-09-17 10:59:24.436,415.62336031127046,96
2024-09-17 10:59:24.437,415.6393462871721,1005
2024-09-17 10:59:24.440,415.6353162087428,100
2024-09-17 10:59:24.448,415.6483709040301,997
2024-09-17 10:59:24.479,415.6420307921208,14
2024-09-17 10:59:24.479,415.6189034714355,103
2024-09-17 10:59:24.546,415.6230433909837,999
2024-09-17 10:59:24.585,415.6075125583115,103
2024-09-17 10:59:24.683,415.6216658961946,1005
2024-09-17 10:59:24.689,415.6376231647165,14
2024-09-17 10:59:24.706,415.6389148993478,999
2024-09-17 10:59:24.710,415.6814140041333,102
2024-09-17 10:59:24.735,415.6577323101236,998
2024-09-17 10:59:24.777,415.6233846636144,1000
2024-09-17 10:59:24.842,415.6040785101633,999
2024-09-17 10:59:24.902,415.6170347656223,996
2024-09-17 10:59:24.925,415.66234985234274,98
2024-09-17 10:59:24.928,415.61778562987695,11
2024-09-17 10:59:25.017,415.6366182722472,998
2024-09-17 10:59:25.024,415.6387337112624,98
2024-09-17 10:59:25.122,415.6035688803048,103
2024-09-17 10:59:25.124,415.60709283772985,12
2024-09-17 10:59:25.169,415.6567531968556,1004
2024-09-17 10:59:25.217,415.6018464528453,99
2024-09-17 10:59:25.238,415.6242445349246,12
2024-09-17 10:59:25.309,415.6477518378969,1004
2024-09-17 10:59:25.313,415.6493033969793,103
2024-09-17 10:59:25.330,415.6352256137586,100
2024-09-17 10:59:25.420,415.6072396881221,12
2024-09-17 10:59:25.438,415.6143426045294,100
2024-09-17 10:59:25.533,415.6125366389581,100
2024-09-17 10:59:25.579,415.6242932815696,96
2024-09-17 10:59:25.652,415.640964233904,101
2024-09-17 10:59:25.683,415.6549768302946,995
2024-09-17 10:59:25.744,415.59657890957857,996
2024-09-17 10:59:25.755,415.6255366075029,998
2024-09-17 10:59:25.827,415.6102044675605,12
2024-09-17 10:59:25.829,415.6585242418136,13
2024-09-17 10:59:25.856,415.6489021805383,104
2024-09-17 10:59:25.892,415.61886530097576,5
2024-09-17 10:59:25.900,415.6479520046635,14
2024-09-17 10:59:25.995,415.6379113023775,1002
2024-09-17 10:59:26.233,415.632179388546,7
2024-09-17 10:59:26.282,415.6453388238688,1003
2024-09-17 10:59:27.010,415.6363129305963,98
2024-09-17 10:59:27.032,415.6519322592276,103
2024-09-17 10:59:27.041,415.58745013987135,12
2024-09-17 10:59:27.050,415.6058927551773,995
2024-09-17 10:59:27.056,415.6105650025882,97
2024-09-17 10:59:27.062,415.6135346033768,1003
2024-09-17 10:59:27.162,415.6320575155089,999
2024-09-17 10:59:27.186,415.6348463120501,97
2024-09-17 10:59:27.230,415.6611090285767,995
2024-09-17 10:59:27.237,415.6520994299624,99
2024-09-17 10:59:27.249,415.6675988222292,7
2024-09-17 10:59:27.308,415.605377375623,13
2024-09-17 10:59:27.318,415.6460277490022,1005
2024-09-17 10:59:27.377,415.6304952503029,101
2024-09-17 10:59:27.399,415.678002694276,103
2024-09-17 10:59:27.491,415.6609992389104,10
2024-09-17 10:59:27.634,415.6326921870749,9
2024-09-17 10:59:27.684,415.661366485976,1000
2024-09-17 10:59:27.812,415.65341900443343,1002
2024-09-17 10:59:27.823,415.6638008276624,1005
2024-09-17 10:59:27.843,415.6596451009484,14
2024-09-17 10:59:27.855,415.6143212095428,8
2024-09-17 10:59:27.873,415.6318616287588,1001
2024-09-17 10:59:27.884,415.6414389750989,997
2024-09-17 10:59:27.950,415.6389219014315,104
2024-09-17 10:59:27.968,415.66707086075854,96
2024-09-17 10:59:28.013,415.6608455667673,1000
2024-09-17 10:59:29.024,415.6488376973348,9
2024-09-17 10:59:29.141,415.6480085644142,1003
2024-09-17 10:59:29.161,415.6382048617889,14
2024-09-17 10:59:29.188,415.6502541539768,995
2024-09-17 10:59:29.286,415.67253575576507,95
2024-09-17 10:59:29.367,415.6440235780386,13
2024-09-17 10:59:29.445,415.6657117229848,13
2024-09-17 10:59:29.514,415.6906551012576,10
2024-09-17 10:59:29.523,415.65241998877633,995
2024-09-17 10:59:29.536,415.651828426624,11
2024-09-17 10:59:29.716,415.6600813964192,15
2024-09-17 10:59:29.804,415.6418643351343,998
2024-09-17 10:59:29.876,415.6718185513347,95
2024-09-17 10:59:29.910,415.6539651708077,998
2024-09-17 10:59:29.922,415.6775041819208,100
2024-09-17 10:59:30.892,415.6801380187322,103
2024-09-17 10:59:30.970,415.6792652264711,15
2024-09-17 10:59:31.134,415.6393961451493,998
2024-09-17 10:59:31.178,415.6414308540192,1004
2024-09-17 10:59:31.211,415.6563160998877,105
2024-09-17 10:59:31.236,415.6528866422174,999
2024-09-17 10:59:31.322,415.6280400650957,1002
2024-09-17 10:59:31.359,415.6485304610977,12
2024-09-17 10:59:31.383,415.6270080780165,15
2024-09-17 10:59:31.434,415.62786216426986,96
2024-09-17 10:59:31.436,415.64460308896247,8
2024-09-17 10:59:31.471,415.6211921472624,1003
2024-09-17 10:59:31.547,415.638882996797,105
2024-09-17 10:59:31.558,415.61779267753786,1005
2024-09-17 10:59:31.566,415.6590435586944,9
2024-09-17 10:59:31.647,415.6438688105168,101
2024-09-17 10:59:31.658,415.6660787877492,997
2024-09-17 10:59:31.671,415.6486108662559,1000
2024-09-17 10:59:31.727,415.6234795701992,104
2024-09-17 10:59:31.749,415.6447947658866,999
2024-09-17 10:59:31.790,415.6316289610022,1005
2024-09-17 10:59:31.839,415.6156136774738,999
2024-09-17 10:59:31.893,415.6205723578698,997
2024-09-17 10:59:31.919,415.6414005130377,1003
2024-09-17 10:59:31.920,415.6533833260296,6
2024-09-17 10:59:32.024,415.6630577841526,102
2024-09-17 10:59:32.062,415.6705148845347,12
2024-09-17 10:59:32.072,415.68014617696826,1000
2024-09-17 10:59:32.073,415.676217263041,9
2024-09-17 10:59:32.084,415.6811898801093,1001
2024-09-17 10:59:32.162,415.667236998579,12
2024-09-17 10:59:32.564,415.6938336107589,7
2024-09-17 10:59:32.613,415.6626302148443,10
2024-09-17 10:59:32.671,415.6734325019603,101
2024-09-17 10:59:32.696,415.6467092063498,7
2024-09-17 10:59:32.715,415.6725537617048,99
2024-09-17 10:59:32.895,415.6631324808034,1000
2024-09-17 10:59:32.962,415.65674134017365,1005
2024-09-17 10:59:33.010,415.7509351556077,11
2024-09-17 10:59:33.032,415.7012166678337,101
2024-09-17 10:59:33.219,415.7957315453432,96
2024-09-17 10:59:33.261,415.76155884865824,98
2024-09-17 10:59:33.392,415.7187637384392,12
2024-09-17 10:59:33.428,415.686231540373,1000
2024-09-17 10:59:33.468,415.6851223085376,1003
2024-09-17 10:59:33.569,415.8065251826918,99
2024-09-17 10:59:33.678,415.748587289053,8
2024-09-17 10:59:33.715,415.669072588208,9
2024-09-17 10:59:33.862,415.7311721795726,8
2024-09-17 10:59:33.886,415.7057343308338,996
2024-09-17 10:59:33.892,415.71315412231536,96
2024-09-17 10:59:33.929,415.6793093745659,997
2024-09-17 10:59:33.975,415.679800684936,998
2024-09-17 10:59:33.981,415.7703824509111,997
2024-09-17 10:59:34.115,415.82901322581534,100
2024-09-17 10:59:34.192,415.8785345788047,997
2024-09-17 10:59:34.253,415.8472461771815,105
2024-09-17 10:59:34.331,415.8584816890663,105
2024-09-17 10:59:34.540,415.8150378387989,15
2024-09-17 10:59:34.612,415.8056992581409,12
2024-09-17 10:59:34.626,415.8050254514996,7
2024-09-17 10:59:34.652,415.86336443265145,11
2024-09-17 10:59:34.694,415.81887717563774,105
2024-09-17 10:59:34.695,415.8156430515019,13
2024-09-17 10:59:34.705,415.8410540901468,1000
2024-09-17 10:59:34.706,415.89091689892257,7
2024-09-17 10:59:34.814,415.8470153600916,100
2024-09-17 10:59:34.924,415.7961695953949,1002
2024-09-17 10:59:34.994,415.8186852438407,14
2024-09-17 10:59:35.029,415.82865744101287,6
2024-09-17 10:59:35.041,415.82543145962967,1001
2024-09-17 10:59:35.043,415.80157635360086,97
2024-09-17 10:59:35.077,415.8005734125442,101
2024-09-17 10:59:35.165,415.8215503429957,1000
2024-09-17 10:59:35.181,415.8972374879799,995
2024-09-17 10:59:35.192,415.8441050682665,96
2024-09-17 10:59:35.261,415.88831570220026,999
2024-09-17 10:59:35.287,415.88303314815295,1004
2024-09-17 10:59:35.287,415.8090563810884,1001
2024-09-17 10:59:35.345,415.8608290244151,96
2024-09-17 10:59:35.530,-415.8036196783494,99
2024-09-17 10:59:35.603,415.8726485747623,97
2024-09-17 10:59:35.741,415.882184253112,1000
2024-09-17 10:59:35.812,415.8096030399978,1001
2024-09-17 10:59:35.815,415.83325860080026,8
2024-09-17 10:59:35.896,415.8686272171756,13
2024-09-17 10:59:35.961,415.8039746332214,15
2024-09-17 10:59:36.215,415.8262409329252,15
2024-09-17 10:59:36.369,415.8077574943331,6
2024-09-17 10:59:36.399,415.82796651316295,95
2024-09-17 10:59:36.552,415.8207716340352,104
2024-09-17 10:59:36.611,415.8187518302334,96
2024-09-17 10:59:36.708,415.8256329554124,7
2024-09-17 10:59:37.004,415.8194941151574,95
2024-09-17 10:59:37.063,415.8311722230127,96
2024-09-17 10:59:37.254,415.8334765858306,995
2024-09-17 10:59:37.256,415.8176105455405,12
2024-09-17 10:59:37.340,415.8249483987645,98
2024-09-17 10:59:37.382,415.8197592571573,13
2024-09-17 10:59:37.483,415.8193283384071,996
2024-09-17 10:59:37.507,415.8387700414501,995
2024-09-17 10:59:37.511,415.8270210274461,103
2024-09-17 10:59:37.524,,7
2024-09-17 10:59:37.530,415.8380157030644,14
2024-09-17 10:59:37.568,415.8234234310472,5
2024-09-17 10:59:37.660,415.81484340356405,13
2024-09-17 10:59:37.747,415.84262889500746,95
2024-09-17 10:59:37.826,415.8438581477838,9
2024-09-17 10:59:38.147,415.8298613893495,6
2024-09-17 10:59:38.366,415.8407200872363,6
2024-09-17 10:59:38.719,415.8362066788694,997
2024-09-17 10:59:38.884,415.81952287998433,5
2024-09-17 10:59:39.977,415.83084396738303,1005
2024-09-17 10:59:41.033,415.795876288902,8
2024-09-17 10:59:41.103,415.8040982625647,100
2024-09-17 10:59:41.211,415.79411720874447,97
2024-09-17 10:59:41.336,415.8489875931294,999
2024-09-17 10:59:41.388,415.808449210125,996
2024-09-17 10:59:41.390,415.80336098671256,11
2024-09-17 10:59:41.449,415.7975380031886,101
2024-09-17 10:59:41.476,415.8501063630425,7
2024-09-17 10:59:41.510,415.8148033705157,10
2024-09-17 10:59:41.536,415.8527959779365,105
2024-09-17 10:59:41.569,415.79027962794055,99
2024-09-17 10:59:41.602,415.7835188858244,1001
2024-09-17 10:59:41.615,415.8074316923797,13
2024-09-17 10:59:41.667,415.8088060361843,10
2024-09-17 10:59:41.755,415.7841495482272,12
2024-09-17 10:59:41.770,415.8382947989556,1004
2024-09-17 10:59:41.783,415.7963297059125,8
2024-09-17 10:59:41.802,415.80090705492427,1005
2024-09-17 10:59:41.817,415.7989070542964,1005
2024-09-17 10:59:41.866,415.7993685494458,1002
2024-09-17 10:59:41.909,415.8062461928029,6
2024-09-17 10:59:42.007,415.75731052994223,15
2024-09-17 10:59:42.144,415.8133396032243,99
2024-09-17 10:59:42.166,415.7453127953642,7
2024-09-17 10:59:42.193,415.7795095020424,6
2024-09-17 10:59:42.264,415.7568838923367,102
2024-09-17 10:59:42.349,415.80620660093007,997
2024-09-17 10:59:42.366,415.79066020230977,13
2024-09-17 10:59:42.401,415.7877373524328,15
2024-09-17 10:59:42.422,415.76047780922926,103
2024-09-17 10:59:42.430,415.8049737885965,13
2024-09-17 10:59:42.432,415.7512876074912,1001
2024-09-17 10:59:42.439,415.74719206840257,102
2024-09-17 10:59:42.538,415.7863600572026,8
2024-09-17 10:59:42.607,415.8091596998142,1001
2024-09-17 10:59:42.627,415.7743638887151,11
2024-09-17 10:59:42.629,415.7944165637729,1004
2024-09-17 10:59:42.711,415.7583378420615,999
2024-09-17 10:59:42.715,415.788208570258,995
2024-09-17 10:59:42.744,415.80826638283,5
2024-09-17 10:59:42.745,41.58066681052185,10
2024-09-17 10:59:42.748,415.7559854370903,95
2024-09-17 10:59:42.762,415.7513534571595,12
2024-09-17 10:59:42.776,415.80127543371714,7
2024-09-17 10:59:42.890,415.7369564345103,6
2024-09-17 10:59:42.902,415.7453654047241,100
2024-09-17 10:59:42.935,415.7986644149186,12
2024-09-17 10:59:42.976,415.8063846207145,98
2024-09-17 10:59:43.020,415.7887007109406,103
2024-09-17 10:59:43.021,415.7821857862363,95
2024-09-17 10:59:43.161,415.7810706649367,996
2024-09-17 10:59:43.182,415.7910665120252,14
2024-09-17 10:59:43.349,415.7720021671301,1000
2024-09-17 10:59:43.371,415.7990774470624,998
2024-09-17 10:59:43.562,415.8063302784182,11
2024-09-17 10:59:43.579,415.7960447620419,1004
2024-09-17 10:59:43.598,415.77263012855497,8
2024-09-17 10:59:43.672,415.80064798091695,995
2024-09-17 10:59:43.845,415.80201151699146,97
2024-09-17 10:59:43.909,415.7831190294157,1002
2024-09-17 10:59:44.001,415.7425799861796,1001
2024-09-17 10:59:44.091,415.7555895891955,8
2024-09-17 10:59:44.160,415.7395133729221,999
2024-09-17 10:59:44.250,415.7282610445821,5
2024-09-17 10:59:44.352,415.7532556105752,1004
2024-09-17 10:59:44.458,415.7689342438342,97
2024-09-17 10:59:44.582,415.714735613628,1005
2024-09-17 10:59:44.589,415.7559888309674,996
2024-09-17 10:59:44.692,415.7265494484212,7
2024-09-17 10:59:44.764,415.7477265938567,9
2024-09-17 10:59:44.798,415.7323549026472,9
2024-09-17 10:59:44.799,415.7514806388031,101
2024-09-17 10:59:44.922,415.7477510347648,96
2024-09-17 10:59:44.983,415.7441901800597,98
2024-09-17 10:59:45.575,415.7602263471181,9
2024-09-17 10:59:45.637,415.7537020230377,6
2024-09-17 10:59:45.681,415.7416193211992,996
2024-09-17 10:59:45.990,415.7509616645,1004
2024-09-17 10:59:46.339,415.7502608247788,105
2024-09-17 10:59:46.438,415.76072385817855,1003
2024-09-17 10:59:47.049,415.7771865840708,95
2024-09-17 10:59:47.057,415.7159757735705,13
2024-09-17 10:59:47.080,415.8307474784715,97
2024-09-17 10:59:47.084,415.785558835451,1000
2024-09-17 10:59:47.099,415.75436035601655,98
2024-09-17 10:59:47.149,415.7039570835396,100
2024-09-17 10:59:47.224,415.84704102318506,100
2024-09-17 10:59:47.243,415.7536003315756,1005
2024-09-17 10:59:47.286,415.816781020597,100
2024-09-17 10:59:47.307,415.81606773405616,7
2024-09-17 10:59:47.314,41.5752410849187,101
2024-09-17 10:59:47.341,415.7489311946519,7
2024-09-17 10:59:47.364,415.7314770739566,8
2024-09-17 10:59:47.428,415.7371894884317,1004
2024-09-17 10:59:47.428,415.7998994717659,1003
2024-09-17 10:59:47.466,415.72279949660566,96
2024-09-17 10:59:47.523,415.8041567047204,13
2024-09-17 10:59:47.603,415.6857652838608,997
2024-09-17 10:59:47.624,41.58114862151602,95
2024-09-17 10:59:47.633,415.7815429268066,101
2024-09-17 10:59:47.678,415.6995460016503,15
2024-09-17 10:59:47.686,415.8215891285314,104
2024-09-17 10:59:47.766,415.7997356566539,999
2024-09-17 10:59:47.775,415.8066592625143,996
2024-09-17 10:59:47.799,415.7645104410373,95
2024-09-17 10:59:47.920,415.7737504462514,7
2024-09-17 10:59:48.015,415.6692823699872,9
2024-09-17 10:59:48.019,415.6797447497162,105
2024-09-17 10:59:48.063,415.6809897585796,96
2024-09-17 10:59:48.134,415.6584803399624,999
2024-09-17 10:59:48.144,415.6551496979805,7
2024-09-17 10:59:48.202,415.67511639494,100
2024-09-17 10:59:48.214,415.64719968690594,1004
2024-09-17 10:59:48.215,415.6482182310233,97
2024-09-17 10:59:48.336,415.6609196257557,1001
2024-09-17 10:59:48.495,415.6547611341618,998
2024-09-17 10:59:48.508,415.6541438697648,99
2024-09-17 10:59:48.606,415.6667259339652,95
2024-09-17 10:59:48.620,415.6935203318132,8
2024-09-17 10:59:48.628,415.6855962347933,998
2024-09-17 10:59:48.711,415.6592439054648,105
2024-09-17 10:59:48.738,415.6674492482212,96
2024-09-17 10:59:48.759,415.6598385855176,1003
2024-09-17 10:59:48.790,415.69194799666695,11
2024-09-17 10:59:48.869,415.6847193642892,12
2024-09-17 10:59:48.880,415.6525481525863,998
2024-09-17 10:59:48.914,415.6901187803683,14
2024-09-17 10:59:48.932,415.64846578544575,98
2024-09-17 10:59:48.937,415.6424516699785,9
2024-09-17 10:59:48.953,415.6727923396136,11
2024-09-17 10:59:48.957,415.6422738118992,10
2024-09-17 10:59:48.993,415.6808996195707,101
2024-09-17 10:59:49.018,415.68443095484594,14
2024-09-17 10:59:49.232,415.6671348747464,7
2024-09-17 10:59:49.466,415.65005563148856,98
2024-09-17 10:59:49.501,415.6539736499072,104
2024-09-17 10:59:49.643,415.6580669692474,105
2024-09-17 10:59:49.665,415.6502254387095,10
2024-09-17 10:59:49.693,415.661373780088,14
2024-09-17 10:59:49.759,415.6702188818707,97
2024-09-17 10:59:49.764,415.6432596190567,996
2024-09-17 10:59:49.776,415.65118929835927,1001
2024-09-17 10:59:49.807,415.6581537135608,105
2024-09-17 10:59:49.807,415.6720849342525,1003
2024-09-17 10:59:49.821,415.6616638545128,996
2024-09-17 10:59:49.838,415.67768408663176,12
2024-09-17 10:59:50.080,415.5890879670448,103
2024-09-17 10:59:50.188,415.5804193479537,995
2024-09-17 10:59:50.279,415.6099665733977,99
2024-09-17 10:59:50.306,415.5696574582995,12
2024-09-17 10:59:50.325,415.60200502004375,1004
2024-09-17 10:59:50.415,415.64595131927246,13
2024-09-17 10:59:50.488,415.5816641961956,995
2024-09-17 10:59:50.492,415.57483008625707,1003
2024-09-17 10:59:50.607,415.607644906257,1005
2024-09-17 10:59:50.643,415.5977935000118,104
2024-09-17 10:59:50.682,415.5760120772488,11
2024-09-17 10:59:50.750,415.62210436740014,1004
2024-09-17 10:59:50.809,415.588251140063,1001
2024-09-17 10:59:50.831,415.6326345275455,1002
2024-09-17 10:59:50.877,415.58282943461353,95
2024-09-17 10:59:51.085,415.58723222000447,99
2024-09-17 10:59:51.140,415.6120266486486,12
2024-09-17 10:59:51.318,415.5722539877106,9
2024-09-17 10:59:51.346,415.5880508470256,996
2024-09-17 10:59:51.440,415.5725664239873,6
2024-09-17 10:59:51.463,415.6022489732985,14
2024-09-17 10:59:51.464,415.6082243080438,1004
2024-09-17 10:59:51.582,415.6051274854102,103
2024-09-17 10:59:51.769,415.61000252938175,10
2024-09-17 10:59:51.997,415.599723352005,1001
2024-09-17 10:59:52.286,415.5680258341381,1005
2024-09-17 10:59:52.323,415.5579513941625,96
2024-09-17 10:59:52.389,415.5925770518082,12
2024-09-17 10:59:52.405,415.5792458299508,101
2024-09-17 10:59:52.435,415.55897516440257,104
2024-09-17 10:59:52.467,415.6284797035352,11
2024-09-17 10:59:52.500,415.6133871039781,5
2024-09-17 10:59:52.601,415.6038457020167,102
2024-09-17 10:59:52.638,415.6328508838178,1003
2024-09-17 10:59:52.665,415.62764220333736,1000
2024-09-17 10:59:52.699,415.5646417844469,1003
2024-09-17 10:59:52.708,415.5554408530684,9
2024-09-17 10:59:52.751,415.5514457688462,11
2024-09-17 10:59:52.774,415.63385304842654,101
2024-09-17 10:59:52.830,415.5544680578665,998
2024-09-17 10:59:52.832,415.6359041687138,96
2024-09-17 10:59:52.839,415.6372337931229,1005
2024-09-17 10:59:52.897,415.6525822874136,100
2024-09-17 10:59:52.900,415.6261648201185,14
2024-09-17 10:59:52.904,415.5586539745992,1004
2024-09-17 10:59:52.908,415.56407385721286,99
2024-09-17 10:59:52.914,415.5643898054944,996
2024-09-17 10:59:52.932,415.6197842995906,96
2024-09-17 10:59:52.998,415.5542483065271,997
2024-09-17 10:59:53.108,415.5009528708495,11
2024-09-17 10:59:53.122,415.57989653790577,1002
2024-09-17 10:59:53.154,415.48913436119193,7
2024-09-17 10:59:53.158,415.5275976396551,14
2024-09-17 10:59:53.288,415.5081725787827,5
2024-09-17 10:59:53.292,415.5090798778777,1004
2024-09-17 10:59:53.341,415.5609082289424,998
2024-09-17 10:59:53.499,415.5058814039251,12
2024-09-17 10:59:53.639,415.5125027729438,9
2024-09-17 10:59:53.681,415.5011760300567,1005
2024-09-17 10:59:53.708,415.5065301914721,6
2024-09-17 10:59:53.714,415.46407531741335,105
2024-09-17 10:59:53.758,415.5640154675956,7
2024-09-17 10:59:53.767,415.56984604601206,1000
2024-09-17 10:59:53.774,415.49228747930925,6
2024-09-17 10:59:53.846,415.5072901609424,14
2024-09-17 10:59:53.980,415.4981520382789,104
2024-09-17 10:59:54.141,415.4761049315748,99
2024-09-17 10:59:54.183,415.4768714152939,12
2024-09-17 10:59:54.254,415.4575309226323,9
2024-09-17 10:59:54.262,415.4626353030761,998
2024-09-17 10:59:54.378,415.44528592983954,105
2024-09-17 10:59:54.398,415.45118003365707,11
2024-09-17 10:59:54.467,,997
2024-09-17 10:59:54.595,415.4587651512181,1001
2024-09-17 10:59:54.665,415.458190844249,6
2024-09-17 10:59:54.711,415.46582377191424,1003
2024-09-17 10:59:54.745,415.463613296528,1003
2024-09-17 10:59:54.803,415.4726413883477,1004
2024-09-17 10:59:54.803,415.48355560442445,8
2024-09-17 10:59:54.825,415.4533880321598,104
2024-09-17 10:59:54.845,415.4852616230439,14
2024-09-17 10:59:54.878,415.4462005450965,13
2024-09-17 10:59:54.963,415.44959349683575,1001
2024-09-17 10:59:55.019,415.5318699809404,999
2024-09-17 10:59:55.069,415.5593553954812,995
2024-09-17 10:59:55.077,415.6977470783695,98
2024-09-17 10:59:55.085,415.5173735701289,95
2024-09-17 10:59:55.127,415.5320937954768,1003
2024-09-17 10:59:55.213,415.61974915320167,6
2024-09-17 10:59:55.229,415.6761588536234,1000
2024-09-17 10:59:55.357,415.5939491171448,96
2024-09-17 10:59:55.482,415.5339971876195,99
2024-09-17 10:59:55.498,415.6405524265723,105
2024-09-17 10:59:55.564,415.6502253255279,1003
2024-09-17 10:59:55.570,415.6218258131196,998
2024-09-17 10:59:55.652,415.6637912250112,6
2024-09-17 10:59:55.685,415.6015613309606,101
2024-09-17 10:59:55.716,415.5080293267111,999
2024-09-17 10:59:55.718,415.6248252853441,104
2024-09-17 10:59:55.748,415.4507112943837,101
2024-09-17 10:59:55.832,415.5179321028232,1002
2024-09-17 10:59:55.916,415.46636473876464,6
2024-09-17 10:59:55.961,415.6074154900804,96
2024-09-17 10:59:56.029,415.6829189373078,101
2024-09-17 10:59:56.140,415.692854183984,11
2024-09-17 10:59:56.550,415.67567040285394,1000
2024-09-17 10:59:56.679,415.6653166293024,8
2024-09-17 10:59:56.698,415.68117020278817,104
2024-09-17 10:59:56.784,415.6796688209409,995
2024-09-17 10:59:56.817,415.69889575534,5
2024-09-17 10:59:56.918,415.6687381022804,8
2024-09-17 10:59:57.052,415.7282815327896,98
2024-09-17 10:59:57.509,415.7239651314629,5
2024-09-17 10:59:57.516,415.7001575168106,95
2024-09-17 10:59:57.713,415.7346888271052,996
2024-09-17 10:59:57.780,415.7261683823867,995
2024-09-17 10:59:57.847,415.745086879236,1004
2024-09-17 10:59:57.962,415.7339510332918,11
2024-09-17 10:59:58.037,415.697586085913,99
2024-09-17 10:59:58.051,415.7027087385051,97
2024-09-17 10:59:58.159,415.7109814149305,1005
2024-09-17 10:59:58.164,415.6955180753449,96
2024-09-17 10:59:58.216,415.7338186361394,14
2024-09-17 10:59:58.221,415.7204579576201,999
2024-09-17 10:59:58.252,415.740559662592,999
2024-09-17 10:59:58.260,415.69960906407886,102
2024-09-17 10:59:58.309,415.7157129204128,15
2024-09-17 10:59:58.383,415.7097043021124,6
2024-09-17 10:59:58.432,415.7147500026489,7
2024-09-17 10:59:58.522,415.7286209076388,101
2024-09-17 10:59:58.528,415.7396343338911,98
2024-09-17 10:59:58.548,41.57087433163554,100
2024-09-17 10:59:58.609,-415.7001576131528,97
2024-09-17 10:59:58.641,415.7198002803181,10
2024-09-17 10:59:58.691,415.7210229946431,996
2024-09-17 10:59:58.808,415.7137113442433,9
2024-09-17 10:59:58.811,415.7350473397232,95
2024-09-17 10:59:58.864,415.72476590900646,11
2024-09-17 10:59:58.931,415.7083704152512,999
2024-09-17 10:59:59.092,415.7260067021055,995
2024-09-17 10:59:59.092,415.7613721268496,11
2024-09-17 10:59:59.117,415.6918081178304,97
2024-09-17 10:59:59.153,415.7413217456711,96
2024-09-17 10:59:59.178,415.73910316270513,998
2024-09-17 10:59:59.201,415.7510299753546,995
2024-09-17 10:59:59.217,415.7721505172902,102
2024-09-17 10:59:59.295,415.7289936084312,99
2024-09-17 10:59:59.309,415.7310148422031,8
2024-09-17 10:59:59.391,415.6844985421568,103
2024-09-17 10:59:59.459,415.7672340142326,14
2024-09-17 10:59:59.619,415.750279379396,97
2024-09-17 10:59:59.624,415.7109975174583,998
2024-09-17 10:59:59.765,415.7406849077596,1001
2024-09-17 10:59:59.818,415.7744353706368,1002
2024-09-17 10:59:59.823,415.7599118947705,99
2024-09-17 10:59:59.884,415.6981704667411,1005
2024-09-17 10:59:59.966,415.728702324114,5
