Timestamp,Price,Size
2024-09-19 13:15:00.055,422.7578642326497,8
2024-09-19 13:15:00.065,422.8125125798212,9
2024-09-19 13:15:00.088,422.7960858501093,1001
2024-09-19 13:15:00.094,422.7925834089418,10
2024-09-19 13:15:00.137,422.7326395906934,7
2024-09-19 13:15:00.171,422.7992224172468,105
2024-09-19 13:15:00.284,422.76268069975134,1001
2024-09-19 13:15:00.320,422.79450221897184,1003
2024-09-19 13:15:00.328,422.7360023103616,996
2024-09-19 13:15:00.375,422.8227345433261,995
2024-09-19 13:15:00.403,422.7803496689999,98
2024-09-19 13:15:00.591,422.803707072603,995
2024-09-19 13:15:00.595,422.7386019788596,996
2024-09-19 13:15:00.641,422.7671791060384,96
2024-09-19 13:15:00.701,422.7195420184633,95
2024-09-19 13:15:00.779,422.75882152886265,99
2024-09-19 13:15:00.792,422.7912642250558,105
2024-09-19 13:15:00.818,422.76723095259086,5
2024-09-19 13:15:00.826,422.7413223558392,1000
2024-09-19 13:15:00.889,422.8199263540281,96
2024-09-19 13:15:00.904,422.7346285752223,96
2024-09-19 13:15:00.937,422.75271303246114,5
2024-09-19 13:15:01.017,422.6893179837546,10
2024-09-19 13:15:01.071,422.6866379493163,101
2024-09-19 13:15:01.083,422.69280309506456,102
2024-09-19 13:15:01.100,422.6908142885724,1000
2024-09-19 13:15:01.147,422.7318818588868,101
2024-09-19 13:15:01.292,422.7062883962553,5
2024-09-19 13:15:01.328,42.26958505442165,14
2024-09-19 13:15:01.359,422.7472090929076,6
2024-09-19 13:15:01.380,422.6735529056816,10
2024-09-19 13:15:01.421,422.6828868278821,1002
2024-09-19 13:15:01.436,422.691060760834,1004
2024-09-19 13:15:01.480,422.6939691284336,995
2024-09-19 13:15:01.528,422.6792933142588,102
2024-09-19 13:15:01.530,422.6830341355222,102
2024-09-19 13:15:01.676,422.6836471144738,10
2024-09-19 13:15:01.715,422.70159386521465,999
2024-09-19 13:15:01.726,422.6727177378115,997
2024-09-19 13:15:01.774,422.6969442890058,7
2024-09-19 13:15:01.817,422.7025670576024,5
2024-09-19 13:15:01.875,422.71057113531936,997
2024-09-19 13:15:01.959,422.6859162867649,12
2024-09-19 13:15:01.987,422.7029218170151,10
2024-09-19 13:15:02.008,422.7234428941151,14
2024-09-19 13:15:02.034,422.76647395425965,103
2024-09-19 13:15:02.039,422.768129967607,101
2024-09-19 13:15:02.163,422.7447421490545,1004
2024-09-19 13:15:02.206,422.77682434198175,95
2024-09-19 13:15:02.208,422.749315648842,101
2024-09-19 13:15:02.310,422.75833822248,1003
2024-09-19 13:15:02.314,422.7714831385516,102
2024-09-19 13:15:02.322,422.7650914028522,1002
2024-09-19 13:15:02.335,422.7394710693261,103
2024-09-19 13:15:02.342,-422.76885866952887,100
2024-09-19 13:15:02.375,422.7525453941196,13
2024-09-19 13:15:02.399,422.75374284585337,1002
2024-09-19 13:15:02.454,422.7557961949204,996
2024-09-19 13:15:02.483,422.7454559539405,98
2024-09-19 13:15:02.543,422.7687518934813,7
2024-09-19 13:15:02.606,422.76071182492205,96
2024-09-19 13:15:02.613,422.7669297037614,996
2024-09-19 13:15:02.711,422.7588276454516,102
2024-09-19 13:15:02.734,422.7630102418157,999
2024-09-19 13:15:02.736,422.7597837990599,95
2024-09-19 13:15:02.851,422.7456327502121,97
2024-09-19 13:15:02.854,422.7628199190773,5
2024-09-19 13:15:02.982,422.761954548564,96
2024-09-19 13:15:02.995,422.7681761185642,998
2024-09-19 13:15:03.126,422.7330895723056,999
2024-09-19 13:15:03.134,422.6934788974905,6
2024-09-19 13:15:03.237,422.7330437191653,14
2024-09-19 13:15:03.266,422.75268784334287,12
2024-09-19 13:15:03.350,422.6970323006293,999
2024-09-19 13:15:03.428,422.70203788861096,1001
2024-09-19 13:15:03.546,422.7326343804682,10
2024-09-19 13:15:03.582,422.7329070055581,1000
2024-09-19 13:15:03.696,422.7265704361888,101
2024-09-19 13:15:03.731,422.7324674473912,997
2024-09-19 13:15:03.785,422.7161775935713,1002
2024-09-19 13:15:04.085,422.7053255109682,15
2024-09-19 13:15:04.159,422.7257092688464,9
2024-09-19 13:15:04.178,422.6852496622733,99
2024-09-19 13:15:04.324,422.73053760770784,101
2024-09-19 13:15:04.388,422.695534493932,100
2024-09-19 13:15:04.470,422.7263594508474,1001
2024-09-19 13:15:04.489,422.6774681711768,996
2024-09-19 13:15:04.533,422.71334772457976,103
2024-09-19 13:15:04.553,422.7010462025256,995
2024-09-19 13:15:04.569,422.6907522099165,996
2024-09-19 13:15:04.672,422.720422395676,1004
2024-09-19 13:15:04.799,422.6875296488465,15
2024-09-19 13:15:04.823,422.685959183656,98
2024-09-19 13:15:04.891,422.6987859258252,105
2024-09-19 13:15:04.917,422.7015794930557,998
2024-09-19 13:15:04.925,422.7362014213925,11
2024-09-19 13:15:04.979,422.71962185622994,13
2024-09-19 13:15:04.986,422.70511657338767,1005
2024-09-19 13:15:05.032,422.6546442345883,103
2024-09-19 13:15:05.080,422.6860053888919,1002
2024-09-19 13:15:05.085,422.704367733682,1004
2024-09-19 13:15:05.178,422.67683442150326,1003
2024-09-19 13:15:05.181,422.6657326699169,997
2024-09-19 13:15:05.192,422.6993402010564,7
2024-09-19 13:15:05.199,422.6706354772816,996
2024-09-19 13:15:05.230,422.7056097122833,1000
2024-09-19 13:15:05.312,422.675223916168,105
2024-09-19 13:15:05.330,422.6649924971772,1000
2024-09-19 13:15:05.396,422.7122618146653,997
2024-09-19 13:15:05.467,422.6524979501179,99
2024-09-19 13:15:05.482,422.6985311410357,9
2024-09-19 13:15:05.503,422.67014313442513,14
2024-09-19 13:15:05.517,422.6753378293653,6
2024-09-19 13:15:05.529,422.70815559731614,1000
2024-09-19 13:15:05.585,422.69030342011865,100
2024-09-19 13:15:05.590,422.6787389900779,104
2024-09-19 13:15:05.675,422.6985406720625,96
2024-09-19 13:15:05.774,422.6956311540972,1005
2024-09-19 13:15:05.873,422.653996923379,1004
2024-09-19 13:15:05.882,422.6682348661966,101
2024-09-19 13:15:05.962,422.6741543977489,101
2024-09-19 13:15:05.993,422.6969623274994,1002
2024-09-19 13:15:06.007,422.6601605650457,1003
2024-09-19 13:15:06.087,422.6001191596519,1003
2024-09-19 13:15:06.089,422.6496251515485,1005
2024-09-19 13:15:06.089,422.6284330988619,98
2024-09-19 13:15:06.124,422.6397342797186,1004
2024-09-19 13:15:06.218,422.6652623740785,998
2024-09-19 13:15:06.236,422.6637909244326,95
2024-09-19 13:15:06.306,422.6001401670337,5
2024-09-19 13:15:06.342,422.6427643247932,96
2024-09-19 13:15:06.425,422.6547877522152,9
2024-09-19 13:15:06.469,422.6022422455316,12
2024-09-19 13:15:06.520,422.6736551399937,97
2024-09-19 13:15:06.534,422.6096804020379,102
2024-09-19 13:15:06.536,422.6632036987515,1002
2024-09-19 13:15:06.582,422.6266397954186,998
2024-09-19 13:15:06.598,422.6500212034923,15
2024-09-19 13:15:06.602,422.6678140275069,1001
2024-09-19 13:15:06.660,422.6536219149662,95
2024-09-19 13:15:06.736,422.6084720253531,997
2024-09-19 13:15:06.844,422.6623083422773,101
2024-09-19 13:15:06.849,422.6671173792638,1000
2024-09-19 13:15:06.856,422.6561399485911,1000
2024-09-19 13:15:06.906,422.614544942832,8
2024-09-19 13:15:06.954,422.604642867354,7
2024-09-19 13:15:07.073,422.5852674406169,1003
2024-09-19 13:15:07.076,,102
2024-09-19 13:15:07.117,422.59670531157445,5
2024-09-19 13:15:07.120,422.6098273999326,995
2024-09-19 13:15:07.194,422.6063989142378,104
2024-09-19 13:15:07.283,422.583570843764,5
2024-09-19 13:15:07.393,422.6247229703974,99
2024-09-19 13:15:07.480,422.59698182451024,1003
2024-09-19 13:15:07.489,422.6203611948953,97
2024-09-19 13:15:07.501,42.2607013040452,105
2024-09-19 13:15:07.549,422.6101953522879,999
2024-09-19 13:15:07.585,422.6183242515591,13
2024-09-19 13:15:07.600,422.5964251336567,1003
2024-09-19 13:15:07.612,422.6025539002623,97
2024-09-19 13:15:07.781,42.26200870675391,1000
2024-09-19 13:15:07.821,422.6252068133642,100
2024-09-19 13:15:07.826,422.59976015390544,995
2024-09-19 13:15:07.859,422.5879820581608,98
2024-09-19 13:15:07.915,422.5899508620541,12
2024-09-19 13:15:08.016,422.5279085485332,15
2024-09-19 13:15:08.044,422.6092666379412,5
2024-09-19 13:15:08.138,422.5946241935178,8
2024-09-19 13:15:08.246,422.5451797064426,11
2024-09-19 13:15:08.280,422.5315751885268,995
2024-09-19 13:15:08.309,422.5775729682501,95
2024-09-19 13:15:08.324,422.53720661489206,103
2024-09-19 13:15:08.342,,1005
2024-09-19 13:15:08.380,422.532918486816,95
2024-09-19 13:15:08.469,422.58682171219306,6
2024-09-19 13:15:08.478,422.5288026081806,9
2024-09-19 13:15:08.542,422.5393835733676,998
2024-09-19 13:15:08.610,422.5907389112614,1001
2024-09-19 13:15:08.640,422.5607858066913,95
2024-09-19 13:15:08.658,422.5498718318405,1001
2024-09-19 13:15:08.683,422.57281711471614,999
2024-09-19 13:15:08.749,422.5884719836827,8
2024-09-19 13:15:08.780,422.5850457970264,97
2024-09-19 13:15:08.809,422.4993626306967,1003
2024-09-19 13:15:08.864,422.5684922531632,9
2024-09-19 13:15:08.897,422.5328347860802,101
2024-09-19 13:15:09.003,422.5290782501256,100
2024-09-19 13:15:09.009,422.609064332982,95
2024-09-19 13:15:09.011,422.5868700447788,7
2024-09-19 13:15:09.042,422.5601872768528,102
2024-09-19 13:15:09.045,422.60503676702353,1005
2024-09-19 13:15:09.049,422.50904117891633,1001
2024-09-19 13:15:09.049,422.59890147566495,12
2024-09-19 13:15:09.189,42.25658540563458,6
2024-09-19 13:15:09.223,42.25888224588549,1002
2024-09-19 13:15:09.239,422.555816347077,1004
2024-09-19 13:15:09.250,422.6077308651778,105
2024-09-19 13:15:09.267,422.51679268286045,105
2024-09-19 13:15:09.293,422.5960271492877,104
2024-09-19 13:15:09.302,422.56102891447887,98
2024-09-19 13:15:09.327,422.5625650244862,95
2024-09-19 13:15:09.362,422.5976220888495,1004
2024-09-19 13:15:09.376,422.5457879542284,97
2024-09-19 13:15:09.615,422.5765179497034,9
2024-09-19 13:15:09.676,422.5651968778421,1000
2024-09-19 13:15:09.702,422.56331011599593,102
2024-09-19 13:15:09.709,422.5617052946275,7
2024-09-19 13:15:09.735,422.5628049871752,5
2024-09-19 13:15:09.833,422.5962750598582,1005
2024-09-19 13:15:09.889,422.6072151411203,11
2024-09-19 13:15:09.896,422.5980618394726,102
2024-09-19 13:15:09.901,422.5125297411772,104
2024-09-19 13:15:09.931,422.5515512458246,103
2024-09-19 13:15:09.933,422.5333611703509,1002
2024-09-19 13:15:10.005,422.4764691594512,1005
2024-09-19 13:15:10.056,422.5428501914704,997
2024-09-19 13:15:10.080,422.4874177811497,5
2024-09-19 13:15:10.118,422.57439033640617,101
2024-09-19 13:15:10.210,422.5576868740095,104
2024-09-19 13:15:10.222,422.5278831606646,101
2024-09-19 13:15:10.258,422.5565664986252,100
2024-09-19 13:15:10.271,422.5655233870331,13
2024-09-19 13:15:10.348,422.5487041761722,999
2024-09-19 13:15:10.397,422.5038764462196,1003
2024-09-19 13:15:10.504,422.5278358812309,99
2024-09-19 13:15:10.554,422.5498296379702,95
2024-09-19 13:15:10.580,422.5645837460464,99
2024-09-19 13:15:10.627,422.5451042926073,102
2024-09-19 13:15:10.635,422.5762260872852,102
2024-09-19 13:15:10.711,422.5371578164581,6
2024-09-19 13:15:10.807,422.50587822561874,95
2024-09-19 13:15:10.809,422.5378816312633,101
2024-09-19 13:15:10.817,422.4956969270985,15
2024-09-19 13:15:10.839,422.5391784807419,98
2024-09-19 13:15:10.859,422.5731700005777,9
2024-09-19 13:15:10.891,422.5249112247852,13
2024-09-19 13:15:11.001,422.5516390716023,1004
2024-09-19 13:15:11.020,,7
2024-09-19 13:15:11.035,422.5484190043426,998
2024-09-19 13:15:11.069,422.54038573883486,6
2024-09-19 13:15:11.192,422.5332794367433,102
2024-09-19 13:15:11.193,422.54069645481104,11
2024-09-19 13:15:11.203,422.5352184646269,999
2024-09-19 13:15:11.207,422.5291408063907,5
2024-09-19 13:15:11.210,422.54236297408886,99
2024-09-19 13:15:11.241,422.5570210725389,7
2024-09-19 13:15:11.340,422.5610644229753,99
2024-09-19 13:15:11.342,422.5939381198789,1003
2024-09-19 13:15:11.409,422.5740296144417,97
2024-09-19 13:15:11.413,422.5306197236365,99
2024-09-19 13:15:11.429,422.6042300398509,104
2024-09-19 13:15:11.456,422.5235658846698,995
2024-09-19 13:15:11.474,422.54875307398345,999
2024-09-19 13:15:11.680,422.5731203083509,1003
2024-09-19 13:15:11.696,422.6094300413836,103
2024-09-19 13:15:11.698,422.5755868927536,12
2024-09-19 13:15:11.749,422.5511094473737,1002
2024-09-19 13:15:11.773,422.5942436921426,104
2024-09-19 13:15:11.811,422.5684333397952,1004
2024-09-19 13:15:11.817,422.5681089937121,14
2024-09-19 13:15:11.849,422.56663898812246,5
2024-09-19 13:15:11.915,422.5504177032049,997
2024-09-19 13:15:11.916,422.5615364107192,13
2024-09-19 13:15:12.047,422.5662646972895,1002
2024-09-19 13:15:12.057,422.5284662382112,102
2024-09-19 13:15:12.166,422.5516000304829,1004
2024-09-19 13:15:12.186,422.5225180007428,1002
2024-09-19 13:15:12.206,422.5668988549415,95
2024-09-19 13:15:12.228,422.5350047874259,99
2024-09-19 13:15:12.246,422.5202994046266,12
2024-09-19 13:15:12.263,422.536293822878,11
2024-09-19 13:15:12.356,422.540481033228,999
2024-09-19 13:15:12.372,422.5929800701488,13
2024-09-19 13:15:12.502,422.5965439259318,7
2024-09-19 13:15:12.513,422.5445284861488,999
2024-09-19 13:15:12.538,42.26002581212656,104
2024-09-19 13:15:12.581,422.5544110979776,1005
2024-09-19 13:15:12.608,422.5603425763496,998
2024-09-19 13:15:12.645,422.5791308732385,96
2024-09-19 13:15:12.652,422.5553605762385,100
2024-09-19 13:15:12.700,422.5790531531071,998
2024-09-19 13:15:12.726,422.50813938321664,1002
2024-09-19 13:15:12.752,422.5299360415739,5
2024-09-19 13:15:12.766,422.561547751433,997
2024-09-19 13:15:12.870,42.25710334884377,102
2024-09-19 13:15:12.925,422.6041894168377,102
2024-09-19 13:15:12.936,422.4982721584725,103
2024-09-19 13:15:12.940,422.5415547080445,101
2024-09-19 13:15:12.946,422.57735893326907,999
2024-09-19 13:15:12.955,422.5915020643693,9
2024-09-19 13:15:12.963,422.5623191133988,11
2024-09-19 13:15:13.028,422.5248383259127,1003
2024-09-19 13:15:13.118,422.5178352488429,14
2024-09-19 13:15:13.119,422.5223175411314,99
2024-09-19 13:15:13.240,422.51966677381847,15
2024-09-19 13:15:13.496,422.56144139146267,8
2024-09-19 13:15:13.534,422.5546897343388,105
2024-09-19 13:15:13.577,422.5066720803751,7
2024-09-19 13:15:13.737,422.53995390475166,996
2024-09-19 13:15:13.816,422.5283602956811,102
2024-09-19 13:15:13.859,422.5319546336235,8
2024-09-19 13:15:13.976,422.4979107402444,11
2024-09-19 13:15:14.000,422.47012222015496,101
2024-09-19 13:15:14.009,422.5072567089773,1003
2024-09-19 13:15:14.023,422.47661735323527,12
2024-09-19 13:15:14.128,422.5142400545647,13
2024-09-19 13:15:14.135,422.4818582429023,15
2024-09-19 13:15:14.170,422.5353896917754,995
2024-09-19 13:15:14.268,422.5309660449408,997
2024-09-19 13:15:14.269,422.5281263976867,101
2024-09-19 13:15:14.336,422.5016040982669,12
2024-09-19 13:15:14.357,422.4761679093571,10
2024-09-19 13:15:14.360,422.47960878752303,102
2024-09-19 13:15:14.367,422.4969042424042,13
2024-09-19 13:15:14.371,422.470533640455,102
2024-09-19 13:15:14.375,422.50246344924,105
2024-09-19 13:15:14.385,422.5209983151874,12
2024-09-19 13:15:14.402,422.51690828149657,996
2024-09-19 13:15:14.439,422.5218459681243,998
2024-09-19 13:15:14.469,422.498573901126,10
2024-09-19 13:15:14.475,422.52960403100553,95
2024-09-19 13:15:14.744,422.5077053332184,101
2024-09-19 13:15:14.844,422.5302328876337,13
2024-09-19 13:15:14.932,422.5323988488909,103
2024-09-19 13:15:14.962,422.5215129270172,998
2024-09-19 13:15:14.987,-422.5115686156418,105
2024-09-19 13:15:15.076,422.544352075976,95
2024-09-19 13:15:15.206,422.5013776691962,105
2024-09-19 13:15:15.443,422.5738152072724,1003
2024-09-19 13:15:15.572,422.4860366187402,12
2024-09-19 13:15:15.591,422.5777619883673,95
2024-09-19 13:15:15.662,422.4782322555325,10
2024-09-19 13:15:15.708,422.49384170569294,13
2024-09-19 13:15:15.834,422.56061757101634,14
2024-09-19 13:15:15.896,422.489407078247,103
2024-09-19 13:15:15.931,422.4849705601033,10
2024-09-19 13:15:15.939,422.47199214546026,6
2024-09-19 13:15:15.992,422.5306650333612,11
2024-09-19 13:15:16.017,422.49894749821726,98
2024-09-19 13:15:16.026,422.5433488247596,9
2024-09-19 13:15:16.031,422.492666260058,1005
2024-09-19 13:15:16.038,422.574685138346,995
2024-09-19 13:15:16.160,422.5106932482525,96
2024-09-19 13:15:16.169,422.51748379656993,101
2024-09-19 13:15:16.180,422.5515117427312,11
2024-09-19 13:15:16.200,422.53973099394767,1000
2024-09-19 13:15:16.219,422.532442887802,996
2024-09-19 13:15:16.235,422.5273659377692,105
2024-09-19 13:15:16.282,422.55175833409953,97
2024-09-19 13:15:16.288,422.5110096047087,98
2024-09-19 13:15:16.311,422.4813891122911,105
2024-09-19 13:15:16.360,422.5553513512606,98
2024-09-19 13:15:16.383,422.4934180104862,99
2024-09-19 13:15:16.435,422.5375647276616,102
2024-09-19 13:15:16.564,422.5111226132916,1001
2024-09-19 13:15:16.676,422.5468489444775,11
2024-09-19 13:15:16.728,422.5084090121893,11
2024-09-19 13:15:16.733,422.53508881737935,6
2024-09-19 13:15:16.751,422.5307288343891,96
2024-09-19 13:15:16.791,422.5203280372794,97
2024-09-19 13:15:16.856,422.5766734968023,998
2024-09-19 13:15:16.859,422.5370662069091,13
2024-09-19 13:15:16.908,422.5280235143008,9
2024-09-19 13:15:16.930,422.5006371259266,1003
2024-09-19 13:15:16.993,422.5258713636735,999
2024-09-19 13:15:16.993,422.5014941767055,996
2024-09-19 13:15:17.008,422.50928709929536,5
2024-09-19 13:15:17.030,422.5289212539675,1001
2024-09-19 13:15:17.040,422.53604239378745,6
2024-09-19 13:15:17.141,422.52492726860174,6
2024-09-19 13:15:17.152,422.5095857969728,7
2024-09-19 13:15:17.169,422.5006841075152,97
2024-09-19 13:15:17.206,422.520802244959,11
2024-09-19 13:15:17.237,422.5042706730916,104
2024-09-19 13:15:17.284,422.5026982027196,10
2024-09-19 13:15:17.416,422.5602867208186,997
2024-09-19 13:15:17.436,422.5152894335759,101
2024-09-19 13:15:17.450,422.5249610684984,996
2024-09-19 13:15:17.538,422.5179126836437,996
2024-09-19 13:15:17.540,422.5574351607905,8
2024-09-19 13:15:17.602,422.5269764692515,15
2024-09-19 13:15:17.671,422.5424953096485,1000
2024-09-19 13:15:17.683,422.51395528007686,11
2024-09-19 13:15:17.723,422.5492281226512,7
2024-09-19 13:15:17.771,422.5679083185228,105
2024-09-19 13:15:17.830,422.5695422418066,96
2024-09-19 13:15:17.853,422.5273314241755,998
2024-09-19 13:15:17.868,422.54478867036727,997
2024-09-19 13:15:17.908,422.5003445005535,99
2024-09-19 13:15:17.913,422.50375439755175,103
2024-09-19 13:15:17.991,422.4954211303013,10
2024-09-19 13:15:18.043,422.53775357418107,1000
2024-09-19 13:15:18.085,422.5255709569506,999
2024-09-19 13:15:18.201,422.53502587717657,102
2024-09-19 13:15:18.229,,998
2024-09-19 13:15:18.361,422.5259320608826,8
2024-09-19 13:15:18.363,422.5353703006361,999
2024-09-19 13:15:18.397,422.57886749164055,11
2024-09-19 13:15:18.443,422.52174344294616,11
2024-09-19 13:15:18.466,422.5084854938997,1005
2024-09-19 13:15:18.476,422.6016021214384,8
2024-09-19 13:15:18.522,422.5328333421904,96
2024-09-19 13:15:18.529,422.5994367328631,1001
2024-09-19 13:15:18.551,422.5443363242509,9
2024-09-19 13:15:18.589,422.5142279300066,105
2024-09-19 13:15:18.593,422.5499917830712,11
2024-09-19 13:15:18.605,422.5901383965981,99
2024-09-19 13:15:18.651,422.5572806136175,9
2024-09-19 13:15:18.658,422.5103217147682,99
2024-09-19 13:15:18.763,422.5132021128673,102
2024-09-19 13:15:18.789,422.5296027192124,1002
2024-09-19 13:15:18.863,422.5130949895159,100
2024-09-19 13:15:18.872,422.5539730423597,999
2024-09-19 13:15:18.904,422.4927724102039,13
2024-09-19 13:15:18.913,422.5285000202492,102
2024-09-19 13:15:18.928,422.5679665049665,6
2024-09-19 13:15:18.981,422.56938345509707,6
2024-09-19 13:15:18.997,422.5491157419169,97
2024-09-19 13:15:19.722,422.5990276368477,6
2024-09-19 13:15:19.890,422.5974980450403,99
2024-09-19 13:15:20.036,422.6095317380213,15
2024-09-19 13:15:20.040,422.6030669787866,8
2024-09-19 13:15:20.155,422.6187954206544,102
2024-09-19 13:15:20.206,422.62003789142335,105
2024-09-19 13:15:20.282,422.6022067934076,1005
2024-09-19 13:15:20.389,422.6181085609316,13
2024-09-19 13:15:20.429,422.61586121536817,96
2024-09-19 13:15:20.437,422.6150916851926,1002
2024-09-19 13:15:20.461,422.63127127043794,999
2024-09-19 13:15:20.479,422.6069429965911,1000
2024-09-19 13:15:20.491,422.6241025030166,10
2024-09-19 13:15:20.502,422.6024609696917,11
2024-09-19 13:15:20.507,422.61947586526674,101
2024-09-19 13:15:20.553,422.6024787123864,15
2024-09-19 13:15:20.555,422.6213363747996,97
2024-09-19 13:15:20.580,422.6026627836666,8
2024-09-19 13:15:20.646,422.6203456227177,1003
2024-09-19 13:15:20.649,422.5875542625631,1001
2024-09-19 13:15:20.705,422.5903065705168,12
2024-09-19 13:15:20.717,422.6174806794999,995
2024-09-19 13:15:20.804,422.63878868941765,97
2024-09-19 13:15:20.844,422.6321352337218,14
2024-09-19 13:15:20.894,422.6232326135805,95
2024-09-19 13:15:20.895,422.6092694967673,9
2024-09-19 13:15:20.904,422.6000583829016,104
2024-09-19 13:15:20.921,422.599822899768,14
2024-09-19 13:15:20.925,422.5895452059272,97
2024-09-19 13:15:20.970,422.6354840112591,1000
2024-09-19 13:15:20.979,422.6282190095493,1001
2024-09-19 13:15:21.136,,1002
2024-09-19 13:15:21.308,422.6216532276249,95
2024-09-19 13:15:21.319,422.6139738544531,997
2024-09-19 13:15:21.389,422.6286379058052,13
2024-09-19 13:15:21.422,422.6107636076454,7
2024-09-19 13:15:21.447,422.62752139679486,1003
2024-09-19 13:15:21.466,422.6168348879202,96
2024-09-19 13:15:21.474,422.6304873347846,13
2024-09-19 13:15:21.731,422.6099125467465,95
2024-09-19 13:15:21.779,422.61618460988257,100
2024-09-19 13:15:22.390,422.6230050193668,98
2024-09-19 13:15:23.165,422.6536497251524,997
2024-09-19 13:15:23.178,422.64969921019184,11
2024-09-19 13:15:23.187,422.6465920893421,15
2024-09-19 13:15:23.195,,14
2024-09-19 13:15:23.215,422.67520544151125,1001
2024-09-19 13:15:23.274,422.6925468452064,98
2024-09-19 13:15:23.322,422.6704108812817,14
2024-09-19 13:15:23.326,422.6615963306893,96
2024-09-19 13:15:23.370,-422.6974518060288,9
2024-09-19 13:15:23.459,422.6432865307345,996
2024-09-19 13:15:23.564,422.6458778297735,998
2024-09-19 13:15:23.612,422.6523207555458,5
2024-09-19 13:15:23.623,,8
2024-09-19 13:15:23.656,422.664731161533,95
2024-09-19 13:15:23.844,422.68006208743617,995
2024-09-19 13:15:23.954,422.6600948458236,95
2024-09-19 13:15:23.973,422.6601174838216,101
2024-09-19 13:15:24.029,422.695905351361,103
2024-09-19 13:15:24.054,422.7947146788787,97
2024-09-19 13:15:24.173,422.7138016883064,6
2024-09-19 13:15:24.211,422.81939596960143,97
2024-09-19 13:15:24.292,422.7333001529095,95
2024-09-19 13:15:24.317,422.8126533611394,5
2024-09-19 13:15:24.321,422.7258505042988,999
2024-09-19 13:15:24.340,422.823581165668,8
2024-09-19 13:15:24.360,422.7970109757194,1002
2024-09-19 13:15:24.372,422.7671281157213,1004
2024-09-19 13:15:24.382,422.7058966223136,1005
2024-09-19 13:15:24.415,422.8251689761294,1000
2024-09-19 13:15:24.627,422.8313803768476,14
2024-09-19 13:15:24.785,422.8267621841694,97
2024-09-19 13:15:24.804,422.7349781518451,102
2024-09-19 13:15:24.808,422.8262055982703,98
2024-09-19 13:15:24.866,422.7683492522146,102
2024-09-19 13:15:25.013,422.8414879144489,11
2024-09-19 13:15:25.099,422.80162605371726,105
2024-09-19 13:15:25.142,422.8093552000894,15
2024-09-19 13:15:25.175,422.82720600140345,100
2024-09-19 13:15:25.180,422.8053507013736,997
2024-09-19 13:15:25.180,422.7963103499552,10
2024-09-19 13:15:25.187,422.8351603248438,97
2024-09-19 13:15:25.289,422.7873046676538,13
2024-09-19 13:15:25.354,422.78144832723945,99
2024-09-19 13:15:25.364,422.8241094199821,1001
2024-09-19 13:15:25.381,422.8042632623321,96
2024-09-19 13:15:25.405,422.7885610451389,7
2024-09-19 13:15:25.415,422.7927324336412,995
2024-09-19 13:15:25.444,422.7899083484756,6
2024-09-19 13:15:25.449,422.8258755812816,105
2024-09-19 13:15:25.463,422.7983546413197,996
2024-09-19 13:15:25.513,422.79080928796543,998
2024-09-19 13:15:25.611,422.8029024424692,8
2024-09-19 13:15:25.616,422.8425782667544,1002
2024-09-19 13:15:25.779,422.80599089725575,103
2024-09-19 13:15:25.794,422.85493172261465,100
2024-09-19 13:15:25.818,422.8078006277072,6
2024-09-19 13:15:25.877,422.8059344574566,5
2024-09-19 13:15:25.886,422.8458862662932,100
2024-09-19 13:15:26.068,422.7720940873403,98
2024-09-19 13:15:26.196,422.7850661534873,1002
2024-09-19 13:15:26.201,422.7696463247423,13
2024-09-19 13:15:26.207,422.750766927915,101
2024-09-19 13:15:26.283,422.766760913538,7
2024-09-19 13:15:26.350,422.8027519976421,95
2024-09-19 13:15:26.358,422.80464722530735,995
2024-09-19 13:15:26.398,422.77011691253017,103
2024-09-19 13:15:26.561,422.79805171653146,999
2024-09-19 13:15:26.619,422.75921374136936,101
2024-09-19 13:15:26.651,422.7847815228871,9
2024-09-19 13:15:26.761,422.8091594711785,10
2024-09-19 13:15:26.784,422.7733317185734,997
2024-09-19 13:15:26.797,422.77905132776704,1005
2024-09-19 13:15:26.825,422.7867461618444,10
2024-09-19 13:15:26.848,422.7855785730434,104
2024-09-19 13:15:26.862,422.7955686283289,12
2024-09-19 13:15:26.928,422.7762096533676,1004
2024-09-19 13:15:26.934,422.77347175940616,103
2024-09-19 13:15:26.939,422.7560023688448,7
2024-09-19 13:15:26.946,422.7920228800803,96
2024-09-19 13:15:26.973,422.7789674901981,105
2024-09-19 13:15:26.996,422.7924556139855,97
2024-09-19 13:15:27.078,422.7280814565063,15
2024-09-19 13:15:27.102,422.7282335129232,1003
2024-09-19 13:15:27.108,422.7716487518359,100
2024-09-19 13:15:27.115,422.7304188726927,1000
2024-09-19 13:15:27.139,422.7060391620447,101
2024-09-19 13:15:27.146,422.7212033308171,1005
2024-09-19 13:15:27.169,422.7202877767477,13
2024-09-19 13:15:27.215,422.7278904658938,14
2024-09-19 13:15:27.229,422.7745991160836,996
2024-09-19 13:15:27.277,422.7423756776864,1002
2024-09-19 13:15:27.302,422.7139039157847,96
2024-09-19 13:15:27.511,422.74982408862223,995
2024-09-19 13:15:27.574,422.7313636050986,7
2024-09-19 13:15:27.624,422.7068348246641,15
2024-09-19 13:15:27.689,422.73792592610505,1004
2024-09-19 13:15:27.731,422.7450713678952,99
2024-09-19 13:15:27.741,422.71345870561873,1003
2024-09-19 13:15:27.746,422.7489574388765,1001
2024-09-19 13:15:27.766,422.7743908439242,105
2024-09-19 13:15:27.774,422.74125851799977,11
2024-09-19 13:15:27.784,422.7393947395621,9
2024-09-19 13:15:27.842,,999
2024-09-19 13:15:27.891,422.769961336833,100
2024-09-19 13:15:27.901,422.7052135086469,1004
2024-09-19 13:15:28.027,422.7159954937268,1005
2024-09-19 13:15:28.073,422.71351073961176,98
2024-09-19 13:15:28.217,422.7022263578272,105
2024-09-19 13:15:28.240,422.7161111015412,1002
2024-09-19 13:15:28.247,422.7248847004223,1005
2024-09-19 13:15:28.665,422.7309636299527,13
2024-09-19 13:15:28.902,422.7080942346831,95
2024-09-19 13:15:28.943,422.71911428183546,100
2024-09-19 13:15:30.004,422.66689838452345,15
2024-09-19 13:15:30.090,422.6713814061008,102
2024-09-19 13:15:30.112,422.6856590848484,5
2024-09-19 13:15:30.119,422.69100226583,1003
2024-09-19 13:15:30.156,422.72022102889787,996
2024-09-19 13:15:30.272,422.6744986644729,102
2024-09-19 13:15:30.284,422.6971067741944,12
2024-09-19 13:15:30.322,422.6873091057209,1000
2024-09-19 13:15:30.332,422.6752394339483,102
2024-09-19 13:15:30.344,422.706584195718,996
2024-09-19 13:15:30.365,422.681186741963,5
2024-09-19 13:15:30.395,422.6750812646548,8
2024-09-19 13:15:30.489,422.7036169661857,103
2024-09-19 13:15:30.562,422.6953103718128,1002
2024-09-19 13:15:30.576,422.6902095016411,995
2024-09-19 13:15:30.616,422.6735240339014,98
2024-09-19 13:15:30.678,422.68580185369984,1001
2024-09-19 13:15:30.735,422.6827844057314,98
2024-09-19 13:15:30.736,422.7085378212081,12
2024-09-19 13:15:30.774,422.678345573362,999
2024-09-19 13:15:30.844,422.6918718896278,5
2024-09-19 13:15:30.911,422.7152291734161,12
2024-09-19 13:15:30.935,422.6853464035766,11
2024-09-19 13:15:30.957,422.6666404027871,14
2024-09-19 13:15:30.996,422.6616922672704,14
2024-09-19 13:15:31.095,422.67178679038096,10
2024-09-19 13:15:31.187,422.692818979835,999
2024-09-19 13:15:31.199,422.71369181796064,9
2024-09-19 13:15:31.266,422.689066820207,13
2024-09-19 13:15:31.463,422.74266991450935,7
2024-09-19 13:15:31.479,422.70421591455766,97
2024-09-19 13:15:31.487,422.6934247342677,14
2024-09-19 13:15:31.511,422.7177317561644,1005
2024-09-19 13:15:31.546,422.7273572613167,96
2024-09-19 13:15:31.574,422.7303879636023,101
2024-09-19 13:15:31.584,,102
2024-09-19 13:15:31.596,422.7121979714086,6
2024-09-19 13:15:31.608,422.70882122286673,9
2024-09-19 13:15:31.641,422.70885001765225,996
2024-09-19 13:15:31.655,422.6954078357874,996
2024-09-19 13:15:31.713,422.7150939671673,996
2024-09-19 13:15:31.771,422.687752799261,15
2024-09-19 13:15:31.776,42.27010149232355,996
2024-09-19 13:15:31.815,422.70026367224256,104
2024-09-19 13:15:31.826,422.720361056952,103
2024-09-19 13:15:31.853,422.7177274161036,1000
2024-09-19 13:15:31.935,422.7324792100432,5
2024-09-19 13:15:31.946,422.7340617766589,8
2024-09-19 13:15:31.946,422.7260246108658,98
2024-09-19 13:15:31.956,422.68858894483066,996
2024-09-19 13:15:32.038,422.7499351578834,95
2024-09-19 13:15:32.103,422.70815322988295,1002
2024-09-19 13:15:32.105,422.7602514050541,97
2024-09-19 13:15:32.105,422.734158140318,99
2024-09-19 13:15:32.112,422.7231945691559,996
2024-09-19 13:15:32.118,422.7157431382684,7
2024-09-19 13:15:32.119,422.7180357540112,996
2024-09-19 13:15:32.147,,1002
2024-09-19 13:15:32.266,422.68636051209614,103
2024-09-19 13:15:32.308,422.74872607485554,105
2024-09-19 13:15:32.330,422.71873571354007,6
2024-09-19 13:15:32.361,422.7116871177202,1002
2024-09-19 13:15:32.366,422.7477877560611,8
2024-09-19 13:15:32.451,422.7634792475808,104
2024-09-19 13:15:32.514,422.7463466985407,9
2024-09-19 13:15:32.533,422.6911037337954,13
2024-09-19 13:15:32.560,422.738611646792,98
2024-09-19 13:15:32.578,422.7270100600731,1004
2024-09-19 13:15:32.599,422.7656124477083,103
2024-09-19 13:15:32.636,422.7180634632793,997
2024-09-19 13:15:32.685,422.7432189158569,100
2024-09-19 13:15:32.764,422.71128084860703,103
2024-09-19 13:15:32.817,422.76076658418725,6
2024-09-19 13:15:32.820,422.7528313231416,101
2024-09-19 13:15:32.831,422.7379397755441,14
2024-09-19 13:15:32.854,422.7088788323375,96
2024-09-19 13:15:32.929,422.7128429594298,998
2024-09-19 13:15:32.931,422.73142233866514,6
2024-09-19 13:15:32.933,422.71421491268296,995
2024-09-19 13:15:32.991,422.7167014594417,12
2024-09-19 13:15:33.221,422.705496858223,1005
2024-09-19 13:15:33.313,422.7147517749167,7
2024-09-19 13:15:33.356,422.7255143503084,96
2024-09-19 13:15:33.376,422.71147306132656,101
2024-09-19 13:15:33.430,422.6918607649293,95
2024-09-19 13:15:33.501,422.6746591569333,1005
2024-09-19 13:15:33.558,422.6757653299934,8
2024-09-19 13:15:33.641,422.7176030958869,995
2024-09-19 13:15:33.660,422.7120107758152,9
2024-09-19 13:15:33.685,422.7033751591901,1005
2024-09-19 13:15:33.686,422.73393530219033,998
2024-09-19 13:15:33.817,422.7266119817623,995
2024-09-19 13:15:33.946,422.690815359123,11
2024-09-19 13:15:33.965,422.7011422124655,6
2024-09-19 13:15:34.046,422.70302832623895,103
2024-09-19 13:15:34.066,422.71556752650935,9
2024-09-19 13:15:34.073,422.67418515206754,13
2024-09-19 13:15:34.078,422.64159462960896,999
2024-09-19 13:15:34.110,422.6774250789584,1004
2024-09-19 13:15:34.193,422.6519732518333,14
2024-09-19 13:15:34.214,422.68164164005407,1004
2024-09-19 13:15:34.259,422.7333466786862,99
2024-09-19 13:15:34.284,422.7332704536932,997
2024-09-19 13:15:34.300,422.6710770217551,1004
2024-09-19 13:15:34.348,422.713828451821,5
2024-09-19 13:15:34.354,422.717907379775,101
2024-09-19 13:15:34.419,422.73070050631,103
2024-09-19 13:15:34.427,422.6866337254827,101
2024-09-19 13:15:34.435,422.6978374462022,98
2024-09-19 13:15:34.496,422.7112876642451,99
2024-09-19 13:15:34.504,422.6534687648895,98
2024-09-19 13:15:34.556,422.6847711107233,1001
2024-09-19 13:15:34.577,422.6868229908762,1000
2024-09-19 13:15:34.692,422.6864799302434,1004
2024-09-19 13:15:34.707,422.7166510181617,998
2024-09-19 13:15:34.802,422.7110630368145,995
2024-09-19 13:15:34.807,422.71746409217616,5
2024-09-19 13:15:34.829,422.6517623403981,9
2024-09-19 13:15:36.015,422.6667555581776,5
2024-09-19 13:15:36.071,422.7066325456642,104
2024-09-19 13:15:36.205,422.6761126859962,7
2024-09-19 13:15:36.306,422.6629167471068,5
2024-09-19 13:15:36.358,422.6638737112742,8
2024-09-19 13:15:36.396,422.6491011777783,96
2024-09-19 13:15:36.437,422.68533764265766,103
2024-09-19 13:15:36.703,422.70451897082114,97
2024-09-19 13:15:36.737,422.66100630847126,103
2024-09-19 13:15:36.753,422.66664564982887,11
2024-09-19 13:15:36.760,,1000
2024-09-19 13:15:36.790,422.6669863743736,101
2024-09-19 13:15:36.824,422.6646596484945,1000
2024-09-19 13:15:36.841,422.6703753095924,9
2024-09-19 13:15:36.850,422.7218883534302,101
2024-09-19 13:15:36.906,422.6696964756116,1005
2024-09-19 13:15:36.923,422.6628823598789,99
2024-09-19 13:15:36.934,422.69229289958486,105
2024-09-19 13:15:36.941,422.6571310745188,1002
2024-09-19 13:15:36.987,422.69679692560686,998
2024-09-19 13:15:37.012,422.620214274093,10
2024-09-19 13:15:37.058,422.5348118282877,7
2024-09-19 13:15:37.078,422.54600554889817,13
2024-09-19 13:15:37.112,422.6110112773663,1003
2024-09-19 13:15:37.336,422.5772484372107,14
2024-09-19 13:15:37.383,422.604590833144,997
2024-09-19 13:15:37.397,422.5946555280784,100
2024-09-19 13:15:37.476,422.617017880622,995
2024-09-19 13:15:37.482,422.6044378721532,996
2024-09-19 13:15:37.555,422.6146215036728,11
2024-09-19 13:15:37.608,422.6149996620993,105
2024-09-19 13:15:37.676,422.5369571062346,5
2024-09-19 13:15:37.680,422.5840839252027,13
2024-09-19 13:15:37.748,422.5887787314193,99
2024-09-19 13:15:37.838,422.5618263729136,11
2024-09-19 13:15:37.883,422.5576939134541,12
2024-09-19 13:15:37.905,422.5910126379969,1001
2024-09-19 13:15:37.934,422.592407498457,1001
2024-09-19 13:15:37.946,422.6016163389585,10
2024-09-19 13:15:38.028,422.5649363943146,8
2024-09-19 13:15:38.039,422.5615289456129,1003
2024-09-19 13:15:38.041,422.5480231150637,5
2024-09-19 13:15:38.041,422.4866050648832,5
2024-09-19 13:15:38.044,422.4952079027941,6
2024-09-19 13:15:38.092,422.5282949055071,995
2024-09-19 13:15:38.251,422.56795613586473,104
2024-09-19 13:15:38.296,422.5188471769469,1005
2024-09-19 13:15:38.352,422.4761421246968,1005
2024-09-19 13:15:38.427,422.5704192322031,103
2024-09-19 13:15:38.543,422.500592962731,9
2024-09-19 13:15:38.586,422.5374394370642,102
2024-09-19 13:15:38.646,422.5313616205895,8
2024-09-19 13:15:38.660,422.5557917850056,5
2024-09-19 13:15:38.661,422.52487784043694,96
2024-09-19 13:15:38.667,422.5320426562396,11
2024-09-19 13:15:38.732,422.5624669175077,105
2024-09-19 13:15:38.801,422.5318477553956,1000
2024-09-19 13:15:38.805,422.4833072527163,6
2024-09-19 13:15:38.848,422.5527465578021,103
2024-09-19 13:15:38.910,422.5513644284741,13
2024-09-19 13:15:38.917,422.4867010459257,1003
2024-09-19 13:15:38.976,422.5634396193019,997
2024-09-19 13:15:39.092,422.4817247351025,998
2024-09-19 13:15:39.178,422.4834359964184,1003
2024-09-19 13:15:39.416,422.4847959566145,998
2024-09-19 13:15:39.689,422.504890567748,104
2024-09-19 13:15:40.006,422.489161189446,1002
2024-09-19 13:15:40.013,422.4473731081294,100
2024-09-19 13:15:40.097,422.4998057805994,8
2024-09-19 13:15:40.104,422.50398089447833,10
2024-09-19 13:15:40.128,422.4361846907725,101
2024-09-19 13:15:40.130,422.50980121507735,1005
2024-09-19 13:15:40.263,422.4620236321172,8
2024-09-19 13:15:40.288,422.4500989992978,995
2024-09-19 13:15:40.369,422.4477331468097,6
2024-09-19 13:15:40.388,422.4966697947973,999
2024-09-19 13:15:40.423,422.4540583920083,998
2024-09-19 13:15:40.456,422.4894936158396,9
2024-09-19 13:15:40.485,422.45493722161854,96
2024-09-19 13:15:40.489,422.47454853635776,105
2024-09-19 13:15:40.567,422.4631488482431,7
2024-09-19 13:15:40.606,422.4625411061508,105
2024-09-19 13:15:40.637,422.4876237980801,102
2024-09-19 13:15:40.749,422.45597858354125,96
2024-09-19 13:15:40.767,422.4844250497619,102
2024-09-19 13:15:40.810,422.48946002162967,1003
2024-09-19 13:15:40.818,422.486502741842,11
2024-09-19 13:15:40.873,422.4637919316979,7
2024-09-19 13:15:40.877,422.4657418894733,11
2024-09-19 13:15:40.910,422.4973442742416,998
2024-09-19 13:15:40.926,422.47662179768594,996
2024-09-19 13:15:40.935,422.4953077346848,105
2024-09-19 13:15:41.058,422.5015093612936,8
2024-09-19 13:15:41.120,422.4855487635001,103
2024-09-19 13:15:41.126,422.490342667178,105
2024-09-19 13:15:41.138,422.48760697045,14
2024-09-19 13:15:41.144,422.5481670049936,98
2024-09-19 13:15:41.188,422.4813959620077,1004
2024-09-19 13:15:41.196,422.5388879926453,5
2024-09-19 13:15:41.223,422.5208337593004,95
2024-09-19 13:15:41.279,422.5018572970826,105
2024-09-19 13:15:41.350,422.5248266005429,97
2024-09-19 13:15:41.357,422.5086209958937,105
2024-09-19 13:15:41.423,422.4958150182067,6
2024-09-19 13:15:41.508,422.466208039646,13
2024-09-19 13:15:41.561,422.4719163305608,97
2024-09-19 13:15:41.567,422.4955305497097,104
2024-09-19 13:15:41.601,422.5195336988894,100
2024-09-19 13:15:41.633,422.5117111357539,999
2024-09-19 13:15:41.685,422.4750047182328,104
2024-09-19 13:15:41.717,422.46580050433255,1004
2024-09-19 13:15:41.879,422.4877219802399,8
2024-09-19 13:15:41.960,422.4697969696896,5
2024-09-19 13:15:41.969,422.4931164067564,96
2024-09-19 13:15:41.985,422.4438646452945,12
2024-09-19 13:15:41.989,422.5182681019501,15
2024-09-19 13:15:42.011,422.4876511957947,105
2024-09-19 13:15:42.064,422.4915185762242,1005
2024-09-19 13:15:42.084,422.4877856619984,1001
2024-09-19 13:15:42.138,422.5166296734845,1002
2024-09-19 13:15:42.189,422.47548348653146,13
2024-09-19 13:15:42.215,422.4836694311337,105
2024-09-19 13:15:42.287,422.4989569344168,12
2024-09-19 13:15:42.306,422.4968045568564,101
2024-09-19 13:15:42.573,422.5082635767151,13
2024-09-19 13:15:42.619,422.4764408372827,14
2024-09-19 13:15:42.630,422.4675227086245,1001
2024-09-19 13:15:42.712,422.4964686208552,13
2024-09-19 13:15:42.765,422.47955040995953,996
2024-09-19 13:15:42.826,422.47786409809817,1004
2024-09-19 13:15:42.868,422.4951765856344,1005
2024-09-19 13:15:42.981,422.47116396588586,997
2024-09-19 13:15:43.068,422.4825122695556,104
2024-09-19 13:15:43.160,422.4759303957717,103
2024-09-19 13:15:43.233,422.47902066826265,998
2024-09-19 13:15:43.240,422.478413199698,10
2024-09-19 13:15:43.476,422.4962542114679,10
2024-09-19 13:15:43.704,422.48675995435656,104
2024-09-19 13:15:43.794,422.4772962750202,95
2024-09-19 13:15:44.137,422.4804424568599,105
2024-09-19 13:15:44.138,422.5152549798401,15
2024-09-19 13:15:44.298,422.4828988216876,1003
2024-09-19 13:15:44.500,422.498401373233,5
2024-09-19 13:15:44.998,422.4769163176654,98
2024-09-19 13:15:46.066,422.532207078649,13
2024-09-19 13:15:46.106,422.53466200174734,8
2024-09-19 13:15:46.222,422.47716988966687,5
2024-09-19 13:15:46.314,422.5481730427473,999
2024-09-19 13:15:46.316,422.50431269965134,96
2024-09-19 13:15:46.370,-422.4738391937945,996
2024-09-19 13:15:46.443,422.4848603909064,5
2024-09-19 13:15:46.476,422.5248361996683,13
2024-09-19 13:15:46.621,422.51307919821807,996
2024-09-19 13:15:46.648,422.50359127263465,5
2024-09-19 13:15:46.794,422.5428744608077,11
2024-09-19 13:15:46.817,422.5236068308709,1000
2024-09-19 13:15:47.073,422.5130380961648,13
2024-09-19 13:15:47.158,,6
2024-09-19 13:15:47.189,422.5262080196947,96
2024-09-19 13:15:47.261,422.5417089038002,1005
2024-09-19 13:15:47.272,422.50515323565486,997
2024-09-19 13:15:47.370,422.51001476183865,1002
2024-09-19 13:15:47.424,422.5504007848121,995
2024-09-19 13:15:47.454,422.5378570997232,97
2024-09-19 13:15:47.492,422.5267348741943,10
2024-09-19 13:15:47.564,422.5351349143367,95
2024-09-19 13:15:47.896,422.5337199949702,100
2024-09-19 13:15:47.903,422.5258899385238,996
2024-09-19 13:15:47.915,422.50070895861415,1003
2024-09-19 13:15:47.919,422.5423343077628,8
2024-09-19 13:15:47.938,422.55701647140455,14
2024-09-19 13:15:47.962,422.49815928888535,100
2024-09-19 13:15:47.993,422.5002030717932,10
2024-09-19 13:15:48.534,422.4922159261904,102
2024-09-19 13:15:48.730,422.48455462002175,14
2024-09-19 13:15:48.910,422.50259910109617,8
2024-09-19 13:15:49.056,422.50660408431656,999
2024-09-19 13:15:49.190,422.5046289224343,97
2024-09-19 13:15:49.191,422.4888789168085,105
2024-09-19 13:15:49.268,422.5176738151151,1003
2024-09-19 13:15:49.345,422.5130660778821,5
2024-09-19 13:15:49.353,422.50470399493696,999
2024-09-19 13:15:49.375,422.4865438105184,1000
2024-09-19 13:15:49.421,422.51933959857377,998
2024-09-19 13:15:49.429,422.5027460122792,97
2024-09-19 13:15:49.460,422.4927814694782,996
2024-09-19 13:15:49.559,422.4985749874807,100
2024-09-19 13:15:49.603,422.49819539392695,1000
2024-09-19 13:15:49.981,422.4998255448864,999
2024-09-19 13:15:49.982,422.5038193579824,1003
2024-09-19 13:15:50.033,422.4493159173708,101
2024-09-19 13:15:50.049,422.4578827476777,995
2024-09-19 13:15:50.075,422.4309342688087,9
2024-09-19 13:15:50.107,422.4640124630591,100
2024-09-19 13:15:50.173,422.4733365157807,5
2024-09-19 13:15:50.262,422.4465343770828,96
2024-09-19 13:15:50.302,422.4259773625596,97
2024-09-19 13:15:50.429,422.4507020162864,997
2024-09-19 13:15:50.490,422.4358990496304,8
2024-09-19 13:15:50.658,422.4781113449464,95
2024-09-19 13:15:50.705,422.4388563372915,1003
2024-09-19 13:15:50.888,422.4384816122595,1005
2024-09-19 13:15:50.925,422.4439810505596,1003
2024-09-19 13:15:51.035,422.471245978069,5
2024-09-19 13:15:51.131,422.4567794901446,1005
2024-09-19 13:15:51.260,422.49476979984985,998
2024-09-19 13:15:51.305,422.4452509196112,999
2024-09-19 13:15:51.330,422.4913374515084,103
2024-09-19 13:15:51.450,422.4474414978758,104
2024-09-19 13:15:51.533,422.4604246801024,1002
2024-09-19 13:15:51.688,422.5027643194181,8
2024-09-19 13:15:51.745,422.5008768683839,9
2024-09-19 13:15:51.808,422.4410121747437,998
2024-09-19 13:15:51.835,422.4808954190472,100
2024-09-19 13:15:51.895,422.4814572251081,6
2024-09-19 13:15:51.906,422.4796011813452,11
2024-09-19 13:15:51.962,422.4943289682831,97
2024-09-19 13:15:51.982,422.4901259852928,11
2024-09-19 13:15:52.335,422.4862406058176,99
2024-09-19 13:15:52.565,422.4602176595225,96
2024-09-19 13:15:52.803,422.4931628890679,999
2024-09-19 13:15:52.872,422.46363267444383,1002
2024-09-19 13:15:53.031,422.47059925868376,103
2024-09-19 13:15:53.044,422.4823580689791,1003
2024-09-19 13:15:53.073,422.4661744528028,14
2024-09-19 13:15:53.097,42.2453030593393,98
2024-09-19 13:15:53.109,422.4293204728002,999
2024-09-19 13:15:53.235,422.4592027757903,12
2024-09-19 13:15:53.239,422.4745747301693,12
2024-09-19 13:15:53.240,422.41899500030206,1000
2024-09-19 13:15:53.252,422.4675794428352,7
2024-09-19 13:15:53.322,422.4461893469203,10
2024-09-19 13:15:53.326,422.44568172638617,1004
2024-09-19 13:15:53.332,,1004
2024-09-19 13:15:53.362,422.4758161342653,996
2024-09-19 13:15:53.389,422.4638871345436,102
2024-09-19 13:15:53.401,422.4240648567018,999
2024-09-19 13:15:53.422,422.4621444751744,95
2024-09-19 13:15:53.455,422.4743677588874,14
2024-09-19 13:15:53.539,422.4546333956405,1005
2024-09-19 13:15:53.562,422.45088986513446,11
2024-09-19 13:15:53.592,422.4547959528484,995
2024-09-19 13:15:53.627,422.4221479080437,1004
2024-09-19 13:15:53.650,422.45712855926456,997
2024-09-19 13:15:53.677,422.42959732799767,99
2024-09-19 13:15:53.708,422.4647114344919,14
2024-09-19 13:15:53.757,422.4463110179971,8
2024-09-19 13:15:53.798,422.4504870872808,95
2024-09-19 13:15:53.819,422.4559416975508,1005
2024-09-19 13:15:53.851,422.45583268183685,995
2024-09-19 13:15:55.034,422.5053892950911,105
2024-09-19 13:15:55.116,422.436281331308,995
2024-09-19 13:15:55.151,422.4249394354301,12
2024-09-19 13:15:55.162,422.47084593251134,998
2024-09-19 13:15:55.164,422.5015272747119,15
2024-09-19 13:15:55.190,422.4210366483936,100
2024-09-19 13:15:55.201,422.4840022429783,103
2024-09-19 13:15:55.214,422.4770854756694,98
2024-09-19 13:15:55.241,422.498877932589,99
2024-09-19 13:15:55.275,422.4879336458632,1002
2024-09-19 13:15:55.383,422.4696520823104,97
2024-09-19 13:15:55.383,422.47523490275137,12
2024-09-19 13:15:55.485,422.47137631341127,7
2024-09-19 13:15:55.504,42.25035757699527,99
2024-09-19 13:15:55.583,422.441355146513,6
2024-09-19 13:15:55.654,422.4843289773058,11
2024-09-19 13:15:55.758,422.4649437187067,1002
2024-09-19 13:15:55.811,422.4453503259129,12
2024-09-19 13:15:55.885,422.5108674524516,11
2024-09-19 13:15:55.953,422.4964304380779,15
2024-09-19 13:15:55.972,,13
2024-09-19 13:15:55.977,422.4990593074773,99
2024-09-19 13:15:55.983,422.4464833204639,996
2024-09-19 13:15:55.990,422.466324822347,96
2024-09-19 13:15:55.996,422.4953486128584,99
2024-09-19 13:15:56.005,422.4703054108162,15
2024-09-19 13:15:56.054,422.451079048676,997
2024-09-19 13:15:56.054,422.46020934966526,1002
2024-09-19 13:15:56.113,422.4593974622792,7
2024-09-19 13:15:56.138,422.4567251908268,995
2024-09-19 13:15:56.171,422.46081280099975,13
2024-09-19 13:15:56.205,422.48472762935165,7
2024-09-19 13:15:56.211,422.4983516822198,95
2024-09-19 13:15:56.259,422.4791353977429,104
2024-09-19 13:15:56.270,-422.48807290136745,7
2024-09-19 13:15:56.291,422.4671400098558,6
2024-09-19 13:15:56.306,422.4610029609492,1000
2024-09-19 13:15:56.544,422.4580803072854,9
2024-09-19 13:15:56.599,422.4880984212076,1005
2024-09-19 13:15:56.601,422.4725721850554,96
2024-09-19 13:15:56.712,422.46538121756834,6
2024-09-19 13:15:56.730,422.4738737615015,104
2024-09-19 13:15:56.805,422.5007122010474,1000
2024-09-19 13:15:56.879,422.50057586210767,996
2024-09-19 13:15:56.922,422.4903463915548,998
2024-09-19 13:15:56.954,422.4957309544006,1004
2024-09-19 13:15:56.961,422.4861959007284,1000
2024-09-19 13:15:57.028,422.43634733472754,9
2024-09-19 13:15:57.075,422.44191001771736,6
2024-09-19 13:15:57.081,422.4172746901055,99
2024-09-19 13:15:57.136,422.4315724886621,1004
2024-09-19 13:15:57.174,422.4209481560393,12
2024-09-19 13:15:57.285,422.41952440092695,102
2024-09-19 13:15:57.327,422.4210019825465,97
2024-09-19 13:15:57.371,422.4132755334831,99
2024-09-19 13:15:57.395,422.4181213383839,995
2024-09-19 13:15:57.454,422.4399096347991,1003
2024-09-19 13:15:57.458,422.4152275945089,999
2024-09-19 13:15:57.476,422.4395069465371,7
2024-09-19 13:15:57.486,422.3950718297046,98
2024-09-19 13:15:57.489,422.4688008557553,103
2024-09-19 13:15:57.507,422.46199152799113,996
2024-09-19 13:15:57.529,422.47113419973886,1001
2024-09-19 13:15:57.551,422.4417874600219,100
2024-09-19 13:15:57.594,422.3861753771787,11
2024-09-19 13:15:57.618,422.4450957293927,13
2024-09-19 13:15:57.625,422.4390250796358,95
2024-09-19 13:15:57.789,422.4297813598184,6
2024-09-19 13:15:57.793,422.4590612208022,100
2024-09-19 13:15:57.809,422.40323259803256,99
2024-09-19 13:15:57.824,422.4201583378242,12
2024-09-19 13:15:57.871,422.4176176561979,996
2024-09-19 13:15:57.965,422.4311721106058,96
2024-09-19 13:15:57.973,422.459250039745,99
2024-09-19 13:15:57.976,422.4533908015303,97
2024-09-19 13:15:58.390,422.463952772868,999
2024-09-19 13:15:58.851,422.4753995944717,1005
2024-09-19 13:15:58.889,422.4660285983254,9
2024-09-19 13:15:59.061,422.4623779464918,999
2024-09-19 13:15:59.127,422.4703699672066,104
2024-09-19 13:15:59.133,422.4692207869912,1003
2024-09-19 13:15:59.140,422.4463340897362,101
2024-09-19 13:15:59.194,422.4663074825269,12
2024-09-19 13:15:59.206,422.50480192143016,997
2024-09-19 13:15:59.216,422.4796899349445,98
2024-09-19 13:15:59.217,422.42695959872304,105
2024-09-19 13:15:59.302,422.4396098547526,101
2024-09-19 13:15:59.326,422.4599650395567,5
2024-09-19 13:15:59.353,422.4656233940497,100
2024-09-19 13:15:59.403,422.4763310078644,1002
2024-09-19 13:15:59.403,422.4741500603751,1002
2024-09-19 13:15:59.445,422.460551909857,9
2024-09-19 13:15:59.461,422.4300031411841,1004
2024-09-19 13:15:59.485,422.4819427651296,13
2024-09-19 13:15:59.486,422.4708829546707,104
2024-09-19 13:15:59.519,422.47981428256713,1003
2024-09-19 13:15:59.580,422.46290513663325,12
2024-09-19 13:15:59.586,422.4045161068283,101
2024-09-19 13:15:59.693,422.480036869616,995
2024-09-19 13:15:59.715,422.4268728649383,15
2024-09-19 13:15:59.747,422.4696742045525,103
2024-09-19 13:15:59.756,422.4691835233095,105
2024-09-19 13:15:59.771,422.4348554712951,9
2024-09-19 13:15:59.794,422.5103507316314,104
2024-09-19 13:15:59.795,-422.4740530701441,5
