Timestamp,Price,Size
2024-09-17 13:10:00.018,404.8294857658589,99
2024-09-17 13:10:00.032,404.8087782379824,100
2024-09-17 13:10:00.090,404.8343048565085,15
2024-09-17 13:10:00.211,-404.8688878732859,98
2024-09-17 13:10:00.344,404.7901030986466,100
2024-09-17 13:10:00.362,404.8148759595691,998
2024-09-17 13:10:00.366,404.8447924640234,1004
2024-09-17 13:10:00.400,404.87813917457487,104
2024-09-17 13:10:00.476,404.8188783087173,97
2024-09-17 13:10:00.525,404.8204053571973,15
2024-09-17 13:10:00.569,404.8806405892888,96
2024-09-17 13:10:00.670,404.8030721911237,11
2024-09-17 13:10:00.698,404.81359494133454,8
2024-09-17 13:10:00.791,404.8882355723808,105
2024-09-17 13:10:00.797,404.8059993953295,15
2024-09-17 13:10:00.836,404.8149090904904,12
2024-09-17 13:10:00.918,404.8417561908244,999
2024-09-17 13:10:01.270,404.9547109619664,9
2024-09-17 13:10:01.292,404.9146158882649,14
2024-09-17 13:10:01.417,404.9510013906084,105
2024-09-17 13:10:01.462,404.90843825999417,97
2024-09-17 13:10:01.474,404.9284244455121,104
2024-09-17 13:10:01.563,404.9768641727567,5
2024-09-17 13:10:01.648,404.9385040415647,999
2024-09-17 13:10:01.663,405.0231124317941,99
2024-09-17 13:10:01.723,404.9149797591976,998
2024-09-17 13:10:01.756,404.98725085271167,11
2024-09-17 13:10:01.776,405.0164198880799,1000
2024-09-17 13:10:01.783,404.90096172570776,100
2024-09-17 13:10:01.868,404.9198600710847,7
2024-09-17 13:10:01.887,405.0047107269745,104
2024-09-17 13:10:01.889,404.97685440292497,12
2024-09-17 13:10:01.896,404.99934819623775,999
2024-09-17 13:10:01.899,404.9203393114769,95
2024-09-17 13:10:02.208,404.9834382391243,998
2024-09-17 13:10:02.417,404.9742354546742,99
2024-09-17 13:10:02.541,404.9807746784626,1005
2024-09-17 13:10:02.556,404.95787607291857,103
2024-09-17 13:10:02.850,404.9645503928559,999
2024-09-17 13:10:03.128,404.9335213751991,1002
2024-09-17 13:10:03.152,404.9580425420395,9
2024-09-17 13:10:03.208,404.9067972036068,997
2024-09-17 13:10:03.236,404.910697976924,99
2024-09-17 13:10:03.319,404.95741351116914,997
2024-09-17 13:10:03.323,404.9406490020651,95
2024-09-17 13:10:03.324,404.95833974892406,10
2024-09-17 13:10:03.470,404.9200144041955,1003
2024-09-17 13:10:03.521,404.9086491094384,997
2024-09-17 13:10:03.598,404.9524759727543,104
2024-09-17 13:10:03.625,404.9603825028717,15
2024-09-17 13:10:03.656,404.9323966713168,6
2024-09-17 13:10:03.737,,1003
2024-09-17 13:10:03.783,404.96718142478966,998
2024-09-17 13:10:03.808,404.95708988568526,15
2024-09-17 13:10:03.904,404.9150195275269,10
2024-09-17 13:10:03.911,404.9208618281472,100
2024-09-17 13:10:04.125,404.9207500692107,99
2024-09-17 13:10:04.358,404.9269203175382,8
2024-09-17 13:10:04.391,404.9169154298852,105
2024-09-17 13:10:04.512,404.91462509464327,12
2024-09-17 13:10:04.559,404.9008175232688,997
2024-09-17 13:10:04.570,404.906020497612,96
2024-09-17 13:10:04.581,404.9102525754153,98
2024-09-17 13:10:04.736,404.9243101573082,1000
2024-09-17 13:10:04.793,404.9294502776571,8
2024-09-17 13:10:04.900,404.92878657701,96
2024-09-17 13:10:05.107,404.92906711129166,103
2024-09-17 13:10:05.161,404.91905319352463,999
2024-09-17 13:10:05.161,404.9451557079104,105
2024-09-17 13:10:05.350,404.9340771426839,1000
2024-09-17 13:10:05.484,404.91750640637207,99
2024-09-17 13:10:05.552,404.90348886861824,95
2024-09-17 13:10:06.075,404.9124072284396,1004
2024-09-17 13:10:06.082,404.91429003308383,104
2024-09-17 13:10:06.084,404.91899789246736,100
2024-09-17 13:10:06.091,404.9130129503328,998
2024-09-17 13:10:06.208,404.9332130747607,9
2024-09-17 13:10:06.210,404.9176761621868,11
2024-09-17 13:10:06.289,404.91571959000026,11
2024-09-17 13:10:06.310,404.9377257693248,13
2024-09-17 13:10:06.372,-404.92908351762856,101
2024-09-17 13:10:06.410,404.913466193215,5
2024-09-17 13:10:06.483,404.9162778036587,1002
2024-09-17 13:10:06.533,404.9044397293623,104
2024-09-17 13:10:06.622,404.91688764297805,95
2024-09-17 13:10:06.625,404.93799888633663,103
2024-09-17 13:10:06.697,404.9285092248939,10
2024-09-17 13:10:06.747,404.9328886605347,104
2024-09-17 13:10:06.764,404.9269507458558,14
2024-09-17 13:10:06.857,404.8892861575932,102
2024-09-17 13:10:06.882,404.8915538517143,11
2024-09-17 13:10:06.934,404.909369764554,999
2024-09-17 13:10:06.940,404.8782768717461,5
2024-09-17 13:10:06.979,404.9162242582671,1000
2024-09-17 13:10:07.005,404.8311586674532,98
2024-09-17 13:10:07.060,404.8061169097725,13
2024-09-17 13:10:07.080,404.81661563669513,96
2024-09-17 13:10:07.136,404.8150207280826,996
2024-09-17 13:10:07.198,404.79867401633686,7
2024-09-17 13:10:07.315,404.7982645450929,102
2024-09-17 13:10:07.408,404.7789817067954,1005
2024-09-17 13:10:07.410,404.8400182534317,1003
2024-09-17 13:10:07.513,404.79435690637706,103
2024-09-17 13:10:07.547,404.7907962027274,1004
2024-09-17 13:10:07.548,404.8101149838056,998
2024-09-17 13:10:07.604,-404.82009905546175,6
2024-09-17 13:10:07.607,404.8123681732525,102
2024-09-17 13:10:07.608,404.7892418356783,14
2024-09-17 13:10:07.627,404.80260588444537,1000
2024-09-17 13:10:07.750,404.8361470293816,9
2024-09-17 13:10:07.808,404.7732137258748,15
2024-09-17 13:10:07.876,-404.80786482813966,10
2024-09-17 13:10:07.906,404.8857680437941,5
2024-09-17 13:10:07.916,404.8070772281692,1005
2024-09-17 13:10:07.967,40.47962730152699,95
2024-09-17 13:10:07.973,404.807731340148,995
2024-09-17 13:10:08.022,404.7550798146512,11
2024-09-17 13:10:08.099,404.7576175653853,105
2024-09-17 13:10:08.103,404.7646817265964,95
2024-09-17 13:10:08.274,404.7752055309928,14
2024-09-17 13:10:08.428,404.7473988123517,999
2024-09-17 13:10:08.515,404.7438172934068,8
2024-09-17 13:10:08.516,404.7618865185556,15
2024-09-17 13:10:08.670,404.7682523540212,998
2024-09-17 13:10:08.673,404.7517648830989,8
2024-09-17 13:10:08.709,404.7369003292902,15
2024-09-17 13:10:08.773,404.762835404226,96
2024-09-17 13:10:08.896,404.7490642423854,102
2024-09-17 13:10:08.969,404.7559796092668,997
2024-09-17 13:10:09.016,404.73995725374766,10
2024-09-17 13:10:09.033,404.7565683079511,1005
2024-09-17 13:10:09.048,404.7493654439208,8
2024-09-17 13:10:09.088,404.73263925728776,11
2024-09-17 13:10:09.213,404.753562016132,95
2024-09-17 13:10:09.238,404.7409460515828,12
2024-09-17 13:10:09.248,404.7902745584713,99
2024-09-17 13:10:09.294,404.7636945811161,995
2024-09-17 13:10:09.336,404.6916242224805,14
2024-09-17 13:10:09.377,404.7374525595927,98
2024-09-17 13:10:09.431,404.7790912779778,1001
2024-09-17 13:10:09.481,404.7494181129875,14
2024-09-17 13:10:09.510,404.711445317665,1004
2024-09-17 13:10:09.534,404.7565725421776,10
2024-09-17 13:10:09.577,404.7577023990307,15
2024-09-17 13:10:09.597,404.7488518049123,1003
2024-09-17 13:10:09.623,404.7194717586944,995
2024-09-17 13:10:09.633,404.75627694378295,97
2024-09-17 13:10:09.673,404.7113098008399,1002
2024-09-17 13:10:09.686,-404.72901620857294,95
2024-09-17 13:10:09.715,404.7618214467341,995
2024-09-17 13:10:09.729,404.73219168670187,95
2024-09-17 13:10:09.770,404.77428793118855,95
2024-09-17 13:10:09.831,404.7325441033766,997
2024-09-17 13:10:09.839,404.7545968557758,7
2024-09-17 13:10:09.889,404.7510334489874,1001
2024-09-17 13:10:09.943,404.7590887824329,1004
2024-09-17 13:10:10.122,404.6081693287786,7
2024-09-17 13:10:10.219,404.60547539425454,1003
2024-09-17 13:10:10.241,404.6104004032353,9
2024-09-17 13:10:10.394,404.673238149819,98
2024-09-17 13:10:10.410,404.626378464944,1002
2024-09-17 13:10:10.450,404.6672544031204,98
2024-09-17 13:10:10.483,404.6699534642753,9
2024-09-17 13:10:10.517,404.6506959130432,999
2024-09-17 13:10:10.525,404.6015944886768,998
2024-09-17 13:10:10.556,404.5979307302064,100
2024-09-17 13:10:10.643,404.6393121066135,7
2024-09-17 13:10:10.716,404.7011891512713,13
2024-09-17 13:10:10.738,404.6161924616752,101
2024-09-17 13:10:10.749,404.6198755900672,7
2024-09-17 13:10:10.787,404.663432672962,101
2024-09-17 13:10:10.877,404.6061006269439,104
2024-09-17 13:10:10.883,,98
2024-09-17 13:10:11.291,404.6321033953495,96
2024-09-17 13:10:11.355,404.651491040562,7
2024-09-17 13:10:11.689,404.6499011805176,996
2024-09-17 13:10:11.870,404.6585582630187,1003
2024-09-17 13:10:11.958,404.61570811971575,100
2024-09-17 13:10:11.979,404.6176757024235,6
2024-09-17 13:10:12.216,404.68581411363584,100
2024-09-17 13:10:12.247,404.6691424987168,100
2024-09-17 13:10:12.279,404.6595791942112,1003
2024-09-17 13:10:12.481,404.6628556768157,7
2024-09-17 13:10:12.524,404.6860897233512,99
2024-09-17 13:10:12.544,404.68855248841385,6
2024-09-17 13:10:12.605,404.6880162886872,11
2024-09-17 13:10:12.720,404.6677896609806,8
2024-09-17 13:10:12.783,404.6622824351512,1000
2024-09-17 13:10:13.131,404.67635035493487,100
2024-09-17 13:10:13.138,404.6630749398981,105
2024-09-17 13:10:13.152,404.6284621272322,96
2024-09-17 13:10:13.677,404.6261852131992,98
2024-09-17 13:10:13.679,404.6211070736229,103
2024-09-17 13:10:13.690,404.6721492263666,999
2024-09-17 13:10:13.832,404.6172727775063,12
2024-09-17 13:10:14.048,404.6027902413999,15
2024-09-17 13:10:14.058,404.6340627262841,96
2024-09-17 13:10:14.072,404.6312589073872,15
2024-09-17 13:10:14.105,404.63044915605457,98
2024-09-17 13:10:14.131,404.6286651737212,101
2024-09-17 13:10:14.142,404.6308257385023,1003
2024-09-17 13:10:14.182,404.63062208987054,99
2024-09-17 13:10:14.226,404.6247591284711,1005
2024-09-17 13:10:14.237,404.5721719089149,11
2024-09-17 13:10:14.283,40.45943310637628,10
2024-09-17 13:10:14.434,404.5913004986283,5
2024-09-17 13:10:14.451,404.5965138537444,998
2024-09-17 13:10:14.554,404.6331216343447,995
2024-09-17 13:10:14.587,404.6092350131232,98
2024-09-17 13:10:14.665,404.6063883558286,1005
2024-09-17 13:10:14.739,404.6029913425437,95
2024-09-17 13:10:14.936,404.57631289530025,1005
2024-09-17 13:10:14.962,404.61961752503305,101
2024-09-17 13:10:14.976,404.6044178704104,995
2024-09-17 13:10:14.982,404.6377587146128,13
2024-09-17 13:10:14.992,404.59209193496014,1004
2024-09-17 13:10:15.124,404.6360156891514,6
2024-09-17 13:10:15.162,404.70677339805536,100
2024-09-17 13:10:15.233,404.6515623911464,98
2024-09-17 13:10:15.383,404.6431772186716,995
2024-09-17 13:10:15.412,404.6565502776924,104
2024-09-17 13:10:15.569,404.6707890976649,1004
2024-09-17 13:10:15.775,404.6917812145052,1003
2024-09-17 13:10:15.782,404.6721748962733,14
2024-09-17 13:10:15.868,404.6731067335813,102
2024-09-17 13:10:15.870,404.6548858645038,99
2024-09-17 13:10:15.876,404.682252024703,95
2024-09-17 13:10:15.896,404.695008205296,1004
2024-09-17 13:10:15.935,404.6799029968091,1001
2024-09-17 13:10:16.163,404.626636324689,98
2024-09-17 13:10:16.184,404.6144434301325,997
2024-09-17 13:10:16.185,404.6146388820506,997
2024-09-17 13:10:16.266,404.6289714726023,1004
2024-09-17 13:10:16.296,404.6112763368606,997
2024-09-17 13:10:16.338,404.5971663672987,1005
2024-09-17 13:10:16.345,404.63865324461824,998
2024-09-17 13:10:16.347,404.6128743496566,998
2024-09-17 13:10:16.426,404.6027533280559,1003
2024-09-17 13:10:16.437,404.61080334525934,10
2024-09-17 13:10:16.537,404.6101526756481,97
2024-09-17 13:10:16.562,404.6158078953212,12
2024-09-17 13:10:16.574,404.6021718156185,14
2024-09-17 13:10:16.671,404.6281040727197,1005
2024-09-17 13:10:16.674,404.6126304196207,1004
2024-09-17 13:10:16.775,404.6116902687273,1003
2024-09-17 13:10:16.948,404.6276265504828,11
2024-09-17 13:10:17.322,404.6021158426105,1003
2024-09-17 13:10:17.392,404.5934211824299,97
2024-09-17 13:10:17.606,404.5874470982407,995
2024-09-17 13:10:17.865,404.5982780557639,7
2024-09-17 13:10:18.019,404.53976580753545,7
2024-09-17 13:10:18.033,404.5794368123648,1003
2024-09-17 13:10:18.223,404.5585080889372,14
2024-09-17 13:10:18.240,404.5927597764177,1002
2024-09-17 13:10:18.279,404.6113908187925,96
2024-09-17 13:10:18.519,404.60107266953145,7
2024-09-17 13:10:18.574,404.5666842606703,12
2024-09-17 13:10:18.594,404.5740843434572,13
2024-09-17 13:10:18.679,404.60066241683137,1002
2024-09-17 13:10:18.685,404.5722997437512,995
2024-09-17 13:10:18.806,404.5659611570663,14
2024-09-17 13:10:18.841,404.6063209488607,10
2024-09-17 13:10:18.924,404.6049408807231,1002
2024-09-17 13:10:19.022,404.52780465456914,96
2024-09-17 13:10:19.028,404.5283330120397,998
2024-09-17 13:10:19.071,404.5168211266707,997
2024-09-17 13:10:19.103,404.5210056124464,102
2024-09-17 13:10:19.145,404.4931462953485,102
2024-09-17 13:10:19.270,404.4691891950982,1000
2024-09-17 13:10:19.282,404.5035806268657,14
2024-09-17 13:10:19.330,404.4771283239944,997
2024-09-17 13:10:19.350,,103
2024-09-17 13:10:19.371,,1003
2024-09-17 13:10:19.375,404.4698478940194,998
2024-09-17 13:10:19.413,404.52437028087513,97
2024-09-17 13:10:19.511,404.53292445214674,9
2024-09-17 13:10:19.524,404.5258395625324,999
2024-09-17 13:10:19.609,404.52421520578906,102
2024-09-17 13:10:19.707,404.4762251479687,5
2024-09-17 13:10:19.791,404.5095131319335,99
2024-09-17 13:10:19.798,404.4932075837648,9
2024-09-17 13:10:19.836,404.5403835078519,7
2024-09-17 13:10:19.845,404.5053834860913,98
2024-09-17 13:10:19.934,404.538562311656,998
2024-09-17 13:10:20.062,404.4830648087458,1004
2024-09-17 13:10:20.194,404.5355647017368,9
2024-09-17 13:10:20.243,404.5036542020383,103
2024-09-17 13:10:20.334,404.5505268176086,95
2024-09-17 13:10:20.363,404.4832961999765,7
2024-09-17 13:10:20.430,404.5264250956785,1000
2024-09-17 13:10:20.468,404.52327284505856,12
2024-09-17 13:10:20.478,404.4834852606127,996
2024-09-17 13:10:20.482,404.5189330590782,98
2024-09-17 13:10:20.563,404.4819276322581,1001
2024-09-17 13:10:20.584,404.4717787642293,1005
2024-09-17 13:10:20.591,404.5112547414891,10
2024-09-17 13:10:20.637,404.5074532943137,99
2024-09-17 13:10:20.658,404.4796456938404,1002
2024-09-17 13:10:20.694,404.475048702268,1004
2024-09-17 13:10:20.724,404.4952805369987,95
2024-09-17 13:10:20.761,404.4717898520239,96
2024-09-17 13:10:20.773,404.49384299638194,5
2024-09-17 13:10:20.820,404.4766093102239,105
2024-09-17 13:10:20.847,404.4717515661267,14
2024-09-17 13:10:20.861,404.4842721018781,5
2024-09-17 13:10:20.958,404.4841250313635,1000
2024-09-17 13:10:20.983,404.4815817398938,999
2024-09-17 13:10:21.065,404.56765279922257,10
2024-09-17 13:10:21.068,404.5550123763272,999
2024-09-17 13:10:21.086,404.5636922043208,99
2024-09-17 13:10:21.089,404.6011863769184,105
2024-09-17 13:10:21.140,404.549027704348,5
2024-09-17 13:10:21.166,404.56250688541314,100
2024-09-17 13:10:21.178,404.56808908100703,95
2024-09-17 13:10:21.199,404.6185147929952,105
2024-09-17 13:10:21.243,404.626571748997,1005
2024-09-17 13:10:21.262,404.61904756952174,97
2024-09-17 13:10:21.319,404.5875159866885,103
2024-09-17 13:10:21.617,404.6125922668556,995
2024-09-17 13:10:21.635,404.532391537084,997
2024-09-17 13:10:21.666,404.5449010765311,998
2024-09-17 13:10:21.750,404.61805956392345,95
2024-09-17 13:10:21.768,404.52079868677424,999
2024-09-17 13:10:21.781,404.5780024042189,15
2024-09-17 13:10:21.852,404.61188432147975,5
2024-09-17 13:10:21.901,404.561442242472,8
2024-09-17 13:10:21.904,404.5494655834769,1002
2024-09-17 13:10:21.949,404.5378685644314,99
2024-09-17 13:10:22.042,404.5054225624271,1002
2024-09-17 13:10:22.054,404.52172304458617,7
2024-09-17 13:10:22.161,404.5097149494096,1004
2024-09-17 13:10:22.208,404.4900892726917,95
2024-09-17 13:10:22.220,404.463153292369,1000
2024-09-17 13:10:22.273,404.493529909566,13
2024-09-17 13:10:22.329,404.5025919457672,995
2024-09-17 13:10:22.334,404.4695089249565,1003
2024-09-17 13:10:22.389,404.463584410348,7
2024-09-17 13:10:22.390,404.49697763802783,6
2024-09-17 13:10:22.446,404.4708966883217,10
2024-09-17 13:10:22.471,404.5089613861,999
2024-09-17 13:10:22.499,404.4786791990728,14
2024-09-17 13:10:22.515,-404.4559027321868,96
2024-09-17 13:10:22.566,404.5437787916196,105
2024-09-17 13:10:22.577,404.4880745703921,999
2024-09-17 13:10:22.586,404.4951411373849,11
2024-09-17 13:10:22.638,404.478854526034,996
2024-09-17 13:10:22.647,404.4727320935507,104
2024-09-17 13:10:22.667,404.4772471016856,1005
2024-09-17 13:10:22.688,404.4504332176359,14
2024-09-17 13:10:22.691,404.5000463911747,1003
2024-09-17 13:10:22.838,404.491862465989,100
2024-09-17 13:10:22.884,404.48189938537513,1004
2024-09-17 13:10:22.957,404.4830299823863,101
2024-09-17 13:10:23.044,404.47293823021823,1003
2024-09-17 13:10:23.082,,96
2024-09-17 13:10:23.090,404.5021676007488,7
2024-09-17 13:10:23.126,404.495082164436,99
2024-09-17 13:10:23.190,404.4691464445221,102
2024-09-17 13:10:23.193,404.47925580929046,11
2024-09-17 13:10:23.265,404.5054265213618,14
2024-09-17 13:10:23.269,404.53389211213374,102
2024-09-17 13:10:23.286,404.5123839575329,7
2024-09-17 13:10:23.346,404.49318138926265,999
2024-09-17 13:10:23.366,404.5307517175005,999
2024-09-17 13:10:23.434,404.4801730181006,98
2024-09-17 13:10:23.547,404.4810393027889,97
2024-09-17 13:10:23.558,404.4788073271381,99
2024-09-17 13:10:23.715,404.4862501364529,11
2024-09-17 13:10:23.722,404.50281095907815,8
2024-09-17 13:10:23.779,404.5347675714989,996
2024-09-17 13:10:23.788,404.5007945405655,103
2024-09-17 13:10:23.790,404.4816152836085,101
2024-09-17 13:10:23.810,404.5188231409188,1003
2024-09-17 13:10:23.922,404.499203021485,14
2024-09-17 13:10:24.086,404.4790189548022,103
2024-09-17 13:10:24.140,404.4749945256706,96
2024-09-17 13:10:24.214,404.46865719064056,6
2024-09-17 13:10:24.375,404.4663040638161,98
2024-09-17 13:10:24.416,404.47666714895416,12
2024-09-17 13:10:24.448,404.4626272418017,1004
2024-09-17 13:10:24.479,404.4756991525909,11
2024-09-17 13:10:24.525,404.4658780646921,99
2024-09-17 13:10:24.619,404.4604661855058,104
2024-09-17 13:10:25.041,404.51281429074777,1000
2024-09-17 13:10:25.043,404.5093367285477,95
2024-09-17 13:10:25.102,404.54494140575537,9
2024-09-17 13:10:25.139,404.5229486131445,95
2024-09-17 13:10:25.142,404.4652995382161,7
2024-09-17 13:10:25.250,404.5131967106344,15
2024-09-17 13:10:25.266,404.513871512006,102
2024-09-17 13:10:25.284,404.4941668268396,10
2024-09-17 13:10:25.333,404.501470378106,98
2024-09-17 13:10:25.496,404.50247932132817,1003
2024-09-17 13:10:25.558,404.5156165952685,100
2024-09-17 13:10:25.595,404.51804486567073,102
2024-09-17 13:10:25.650,404.4861791924095,9
2024-09-17 13:10:25.660,404.49747059187257,98
2024-09-17 13:10:25.718,404.487469459018,95
2024-09-17 13:10:25.734,,101
2024-09-17 13:10:25.781,404.4924520518904,995
2024-09-17 13:10:25.798,404.51025728145777,99
2024-09-17 13:10:25.849,404.50173611206696,7
2024-09-17 13:10:25.912,-404.5154744401176,9
2024-09-17 13:10:25.943,404.5283562156365,96
2024-09-17 13:10:25.964,404.4968276205093,105
2024-09-17 13:10:25.971,404.4958496128597,1002
2024-09-17 13:10:25.972,404.5223568286756,5
2024-09-17 13:10:25.987,404.5023812034262,101
2024-09-17 13:10:26.100,404.49111927168246,99
2024-09-17 13:10:26.192,404.5118559478234,97
2024-09-17 13:10:26.244,404.4979746204961,9
2024-09-17 13:10:26.282,404.5239160333086,12
2024-09-17 13:10:26.355,404.5212022315944,15
2024-09-17 13:10:26.465,404.5064718330062,8
2024-09-17 13:10:26.481,404.522492394781,99
2024-09-17 13:10:26.639,404.4829404994067,7
2024-09-17 13:10:26.645,404.4622250663529,13
2024-09-17 13:10:26.650,404.4925308671541,1003
2024-09-17 13:10:26.697,404.51773124671234,1001
2024-09-17 13:10:26.698,404.5189073511796,1005
2024-09-17 13:10:26.750,404.452712125057,105
2024-09-17 13:10:26.974,404.5033476973526,100
2024-09-17 13:10:27.163,404.5400410052224,997
2024-09-17 13:10:27.222,404.5217951862653,96
2024-09-17 13:10:27.343,-404.53439668874535,5
2024-09-17 13:10:27.588,404.5942870728493,96
2024-09-17 13:10:27.999,404.5581574071588,999
2024-09-17 13:10:28.069,404.6272035729119,9
2024-09-17 13:10:28.188,404.5959977046545,997
2024-09-17 13:10:28.283,404.617232721903,105
2024-09-17 13:10:28.397,404.6199665112203,11
2024-09-17 13:10:28.511,404.6363878124283,1004
2024-09-17 13:10:28.689,-404.6395383874973,1005
2024-09-17 13:10:28.759,404.6127937466774,1000
2024-09-17 13:10:28.923,404.6088407656853,5
2024-09-17 13:10:29.033,404.57734398968415,12
2024-09-17 13:10:29.147,404.5714782574823,1001
2024-09-17 13:10:29.488,404.5788415193684,101
2024-09-17 13:10:29.591,404.5905067217206,103
2024-09-17 13:10:29.616,404.5636422658105,96
2024-09-17 13:10:29.734,404.6050737139039,998
2024-09-17 13:10:29.787,404.5883810346286,13
2024-09-17 13:10:29.855,404.5767898382111,6
2024-09-17 13:10:29.960,404.587290982434,997
2024-09-17 13:10:30.000,404.5884432914244,12
2024-09-17 13:10:30.023,404.602228254391,96
2024-09-17 13:10:30.081,404.5835015673762,997
2024-09-17 13:10:30.116,404.5556466307313,998
2024-09-17 13:10:30.136,404.60809338432216,102
2024-09-17 13:10:30.153,404.6141215800408,105
2024-09-17 13:10:30.213,404.5985312387728,96
2024-09-17 13:10:30.235,404.614707712304,1000
2024-09-17 13:10:30.341,404.5986355842716,8
2024-09-17 13:10:30.361,404.5854794723071,102
2024-09-17 13:10:30.470,404.5969848150572,1005
2024-09-17 13:10:30.492,404.6002101107589,95
2024-09-17 13:10:30.531,404.5815405994385,11
2024-09-17 13:10:30.618,404.606173145735,1001
2024-09-17 13:10:30.660,404.6182058367585,1002
2024-09-17 13:10:30.710,404.6181714623684,13
2024-09-17 13:10:30.735,404.6215846290576,103
2024-09-17 13:10:30.745,404.5926575521005,101
2024-09-17 13:10:30.841,404.60412261114425,5
2024-09-17 13:10:30.941,404.562255782779,1003
2024-09-17 13:10:30.991,404.6137844637064,100
2024-09-17 13:10:31.030,404.58346850853184,13
2024-09-17 13:10:31.080,404.5913421425046,1005
2024-09-17 13:10:31.100,404.5434142679268,1001
2024-09-17 13:10:31.164,404.566840270127,7
2024-09-17 13:10:31.240,404.5391842955658,999
2024-09-17 13:10:31.363,404.53351931568943,1005
2024-09-17 13:10:31.410,404.53888920855394,100
2024-09-17 13:10:31.502,404.5304057247344,5
2024-09-17 13:10:31.512,404.6263845348447,102
2024-09-17 13:10:31.625,404.5578333528767,1003
2024-09-17 13:10:31.640,404.5325003597569,996
2024-09-17 13:10:31.675,404.5657675735948,99
2024-09-17 13:10:31.678,404.5554500993821,102
2024-09-17 13:10:31.708,404.59631446036906,1001
2024-09-17 13:10:31.756,404.5513422235261,103
2024-09-17 13:10:31.905,404.5726996750448,104
2024-09-17 13:10:33.064,404.4746959861416,1002
2024-09-17 13:10:33.163,404.5190976390234,995
2024-09-17 13:10:33.202,404.5343358281981,996
2024-09-17 13:10:33.481,404.4700904906535,1002
2024-09-17 13:10:33.503,404.5148053252866,99
2024-09-17 13:10:33.529,404.4633974611067,15
2024-09-17 13:10:33.625,404.5121139190403,5
2024-09-17 13:10:33.667,404.4799716614768,1001
2024-09-17 13:10:33.786,404.4578891293321,97
2024-09-17 13:10:33.788,404.4723935721074,7
2024-09-17 13:10:33.797,404.5149367203829,99
2024-09-17 13:10:33.967,404.4943963676052,1002
2024-09-17 13:10:34.544,404.4605162088232,1000
2024-09-17 13:10:34.600,404.4464771740927,105
2024-09-17 13:10:34.619,404.4396576670634,102
2024-09-17 13:10:35.046,404.4625466022111,999
2024-09-17 13:10:35.058,404.4567300167944,5
2024-09-17 13:10:35.141,404.46007009332897,95
2024-09-17 13:10:35.142,404.49528267361455,1003
2024-09-17 13:10:35.187,404.4536274851751,1004
2024-09-17 13:10:35.200,404.4506761779689,997
2024-09-17 13:10:35.208,404.4342437167508,998
2024-09-17 13:10:35.254,404.4892748340201,996
2024-09-17 13:10:35.261,404.5132183007889,14
2024-09-17 13:10:35.298,404.4203500174137,95
2024-09-17 13:10:35.325,404.50414983059386,5
2024-09-17 13:10:35.343,404.4355082865709,7
2024-09-17 13:10:35.355,404.4304010409475,98
2024-09-17 13:10:35.400,404.4562348663603,8
2024-09-17 13:10:35.471,404.48770006966,96
2024-09-17 13:10:35.476,404.4604292826239,101
2024-09-17 13:10:35.539,404.46395514952087,15
2024-09-17 13:10:35.594,404.4642372710843,12
2024-09-17 13:10:35.617,404.4605310276664,11
2024-09-17 13:10:35.627,404.4682047667355,995
2024-09-17 13:10:35.650,404.452023033984,999
2024-09-17 13:10:35.663,404.4457563867644,105
2024-09-17 13:10:35.726,404.51136365170265,101
2024-09-17 13:10:35.745,404.44687834139705,98
2024-09-17 13:10:35.777,404.46933050654246,97
2024-09-17 13:10:35.823,404.5017902923634,8
2024-09-17 13:10:35.921,,10
2024-09-17 13:10:35.977,404.43220173951,102
2024-09-17 13:10:35.979,404.45394675847,996
2024-09-17 13:10:35.990,404.4536728663024,14
2024-09-17 13:10:36.036,404.52294562051776,8
2024-09-17 13:10:36.052,404.5302604626024,100
2024-09-17 13:10:36.055,404.5115247088384,10
2024-09-17 13:10:36.065,404.5143035673005,101
2024-09-17 13:10:36.115,404.5558435231454,1004
2024-09-17 13:10:36.167,404.5444825132463,103
2024-09-17 13:10:36.171,404.5096817228255,12
2024-09-17 13:10:36.202,404.5420977725775,98
2024-09-17 13:10:36.269,404.514862887122,1004
2024-09-17 13:10:36.296,404.51971935379896,95
2024-09-17 13:10:36.307,404.5267142187004,995
2024-09-17 13:10:36.313,404.5468175061975,100
2024-09-17 13:10:36.377,404.54177619147856,7
2024-09-17 13:10:36.391,404.5398630720664,102
2024-09-17 13:10:36.399,404.5150843169028,5
2024-09-17 13:10:36.418,404.5213550628906,1005
2024-09-17 13:10:36.433,404.523356574828,1002
2024-09-17 13:10:36.441,404.5071973538697,995
2024-09-17 13:10:36.617,,5
2024-09-17 13:10:36.703,404.53490947921614,1002
2024-09-17 13:10:36.803,404.5247856658838,1005
2024-09-17 13:10:36.903,404.5309426974097,5
2024-09-17 13:10:36.917,404.5226421064942,1001
2024-09-17 13:10:36.931,404.55521156737,103
2024-09-17 13:10:36.963,404.4986814754316,95
2024-09-17 13:10:36.967,404.5410807314371,15
2024-09-17 13:10:36.994,404.49593204937656,104
2024-09-17 13:10:37.398,404.5139007303639,96
2024-09-17 13:10:38.300,404.4840318007818,8
2024-09-17 13:10:38.914,404.5019271563047,1002
2024-09-17 13:10:39.014,404.4624364138479,996
2024-09-17 13:10:39.042,404.48668753845226,103
2024-09-17 13:10:39.045,404.5007570278812,1001
2024-09-17 13:10:39.087,404.504750783921,997
2024-09-17 13:10:39.102,404.5020384132534,98
2024-09-17 13:10:39.213,404.4671918372681,100
2024-09-17 13:10:39.246,404.5120996739531,1001
2024-09-17 13:10:39.278,404.498009494196,95
2024-09-17 13:10:39.367,404.5115388851312,96
2024-09-17 13:10:39.436,404.5124745141093,12
2024-09-17 13:10:39.494,404.5118533802613,103
2024-09-17 13:10:39.507,404.50029197806685,12
2024-09-17 13:10:39.525,404.48059089919457,97
2024-09-17 13:10:39.532,404.4896473146682,6
2024-09-17 13:10:39.542,404.5146609997616,95
2024-09-17 13:10:39.559,404.5228246242158,12
2024-09-17 13:10:39.582,404.4870147255744,100
2024-09-17 13:10:39.584,404.4853566241253,9
2024-09-17 13:10:39.615,404.5153547595176,104
2024-09-17 13:10:39.627,404.5191252997394,13
2024-09-17 13:10:39.708,404.5089259597954,13
2024-09-17 13:10:39.712,404.4962285295508,995
2024-09-17 13:10:39.875,404.4622240847299,996
2024-09-17 13:10:39.897,404.51222566461297,97
2024-09-17 13:10:39.908,404.4786515125701,1002
2024-09-17 13:10:39.987,404.5299828488479,6
2024-09-17 13:10:39.996,404.4784064945697,997
2024-09-17 13:10:40.368,404.5148057089656,9
2024-09-17 13:10:40.473,404.5288233219303,996
2024-09-17 13:10:40.512,-404.5180790620077,97
2024-09-17 13:10:40.532,404.51753458439714,8
2024-09-17 13:10:40.635,404.5161673507064,998
2024-09-17 13:10:40.783,404.4974272147671,1002
2024-09-17 13:10:41.080,404.4003876224994,13
2024-09-17 13:10:41.085,404.4112174997352,6
2024-09-17 13:10:41.094,404.3587535070942,96
2024-09-17 13:10:41.114,404.421408337337,1000
2024-09-17 13:10:41.153,404.3764819432901,999
2024-09-17 13:10:41.196,404.4543524925649,96
2024-09-17 13:10:41.236,404.41126413191455,998
2024-09-17 13:10:41.269,404.3882814136069,1004
2024-09-17 13:10:41.367,404.467716940169,100
2024-09-17 13:10:41.409,404.4120611215447,1000
2024-09-17 13:10:41.421,404.49097917007225,12
2024-09-17 13:10:41.452,404.3755218143229,14
2024-09-17 13:10:41.467,404.3570366239968,102
2024-09-17 13:10:41.492,404.40361658407033,1004
2024-09-17 13:10:41.548,40.441056303674,1002
2024-09-17 13:10:41.589,404.41463245348655,96
2024-09-17 13:10:41.593,404.3678233150006,996
2024-09-17 13:10:41.624,404.43137347937545,7
2024-09-17 13:10:41.694,404.3948746296072,98
2024-09-17 13:10:41.703,404.401484818715,9
2024-09-17 13:10:41.759,404.4417109622654,7
2024-09-17 13:10:41.760,404.3861860678447,1004
2024-09-17 13:10:41.773,40.4404037786117,96
2024-09-17 13:10:41.807,404.3688048945321,12
2024-09-17 13:10:41.810,404.4205015243575,96
2024-09-17 13:10:41.816,404.4143743120654,101
2024-09-17 13:10:41.824,404.3831659850708,995
2024-09-17 13:10:41.834,404.3975108400618,104
2024-09-17 13:10:41.870,404.4057789131594,998
2024-09-17 13:10:42.020,404.4995091342093,97
2024-09-17 13:10:42.030,404.4923838839684,15
2024-09-17 13:10:42.066,404.5132746813145,101
2024-09-17 13:10:42.094,404.4816038117692,997
2024-09-17 13:10:42.187,404.47456596890765,96
2024-09-17 13:10:42.195,404.49164353914574,6
2024-09-17 13:10:42.271,40.448693081914215,98
2024-09-17 13:10:42.279,404.4275289902278,5
2024-09-17 13:10:42.280,404.4412741577445,98
2024-09-17 13:10:42.355,404.4798168596897,1000
2024-09-17 13:10:42.434,404.4945416128906,9
2024-09-17 13:10:42.438,404.47105293196535,14
2024-09-17 13:10:42.455,404.5004659294067,12
2024-09-17 13:10:42.489,404.48692999768633,100
2024-09-17 13:10:42.548,404.4186330517158,7
2024-09-17 13:10:42.565,404.5000181567728,998
2024-09-17 13:10:42.578,404.5116661717105,14
2024-09-17 13:10:42.594,404.4123731658419,105
2024-09-17 13:10:42.625,404.4818875007308,1000
2024-09-17 13:10:42.688,404.4132668255552,1003
2024-09-17 13:10:42.798,404.43049764656143,6
2024-09-17 13:10:42.855,404.5159462530201,1003
2024-09-17 13:10:43.035,404.46858086984525,100
2024-09-17 13:10:43.244,404.51125013790806,1001
2024-09-17 13:10:43.299,404.4789559614292,11
2024-09-17 13:10:43.307,40.44558864020445,11
2024-09-17 13:10:43.343,404.5118556611752,100
2024-09-17 13:10:43.367,404.4856935541311,5
2024-09-17 13:10:43.400,404.4647746352014,97
2024-09-17 13:10:43.472,404.4524283622926,98
2024-09-17 13:10:43.496,404.4968896691618,10
2024-09-17 13:10:43.744,404.4607105932805,996
2024-09-17 13:10:43.810,404.4718002095906,11
2024-09-17 13:10:43.939,404.47142414946353,1004
2024-09-17 13:10:43.955,404.4886274461797,1001
2024-09-17 13:10:44.062,404.4583107067244,1001
2024-09-17 13:10:44.243,404.4290359577846,12
2024-09-17 13:10:44.339,404.4559241864167,1000
2024-09-17 13:10:44.436,404.4251211965719,8
2024-09-17 13:10:44.472,404.4380503451604,8
2024-09-17 13:10:44.517,404.4335507210083,7
2024-09-17 13:10:44.523,404.42690543173467,96
2024-09-17 13:10:44.544,404.4552681115941,996
2024-09-17 13:10:44.735,404.4315595825532,7
2024-09-17 13:10:44.941,404.4383951716114,104
2024-09-17 13:10:44.967,404.4412205909669,6
2024-09-17 13:10:45.151,404.46903485339385,100
2024-09-17 13:10:45.159,404.4595940333687,1002
2024-09-17 13:10:45.165,404.5009517988057,102
2024-09-17 13:10:45.212,404.5155828690053,6
2024-09-17 13:10:45.250,404.50805092685897,1000
2024-09-17 13:10:45.262,404.45709395618246,6
2024-09-17 13:10:45.272,404.4389623259737,95
2024-09-17 13:10:45.308,404.4564797897291,15
2024-09-17 13:10:45.352,404.4958767113531,5
2024-09-17 13:10:45.592,404.4920835296742,10
2024-09-17 13:10:45.606,404.5042628084669,1002
2024-09-17 13:10:45.700,404.460412945664,1004
2024-09-17 13:10:45.737,404.4770092530817,1005
2024-09-17 13:10:45.853,404.4903743704284,1003
2024-09-17 13:10:45.926,404.4991099690186,12
2024-09-17 13:10:45.946,404.4496287429152,999
2024-09-17 13:10:45.967,404.5032398036725,998
2024-09-17 13:10:45.969,404.4743836587441,999
2024-09-17 13:10:46.006,404.4715292300264,98
2024-09-17 13:10:46.070,404.5112826697933,1003
2024-09-17 13:10:46.071,404.4624354260072,1003
2024-09-17 13:10:46.087,404.48243844153154,99
2024-09-17 13:10:46.126,404.5097415699104,98
2024-09-17 13:10:46.174,404.4512006851661,12
2024-09-17 13:10:46.221,404.496509230393,8
2024-09-17 13:10:46.224,404.4680970214872,95
2024-09-17 13:10:46.260,404.451950193072,105
2024-09-17 13:10:46.277,404.4828129099969,998
2024-09-17 13:10:46.323,404.50322991070993,9
2024-09-17 13:10:46.365,404.52241481960993,7
2024-09-17 13:10:46.371,404.4869536845428,5
2024-09-17 13:10:46.419,404.459582424714,9
2024-09-17 13:10:46.468,404.47464297147815,100
2024-09-17 13:10:46.470,404.4988496395031,7
2024-09-17 13:10:46.556,404.4672208561335,1004
2024-09-17 13:10:46.590,404.5086125725829,1004
2024-09-17 13:10:46.620,404.4983436087383,96
2024-09-17 13:10:46.629,404.5005153759609,7
2024-09-17 13:10:46.631,404.4736267940795,98
2024-09-17 13:10:46.651,404.5253690201354,5
2024-09-17 13:10:46.653,404.4615675987352,999
2024-09-17 13:10:46.731,404.4555874843671,10
2024-09-17 13:10:46.825,404.4831199416445,105
2024-09-17 13:10:46.917,404.49802426221066,998
2024-09-17 13:10:46.929,404.4472466902433,1002
2024-09-17 13:10:46.932,404.48122298738906,100
2024-09-17 13:10:47.082,404.4638393744981,995
2024-09-17 13:10:47.106,404.4674246148808,8
2024-09-17 13:10:47.181,404.4545025906275,97
2024-09-17 13:10:47.230,404.45599028678,101
2024-09-17 13:10:47.395,404.4423208179522,98
2024-09-17 13:10:47.429,404.4736786102223,998
2024-09-17 13:10:47.483,404.4372940719567,99
2024-09-17 13:10:47.499,404.4505264122467,13
2024-09-17 13:10:47.577,404.43213207006136,13
2024-09-17 13:10:47.687,404.4849279217725,995
2024-09-17 13:10:47.792,404.4643931126589,103
2024-09-17 13:10:47.813,404.4371589438021,14
2024-09-17 13:10:47.864,404.4793259285052,103
2024-09-17 13:10:47.893,404.4753815976751,7
2024-09-17 13:10:47.903,404.4947672455966,998
2024-09-17 13:10:47.953,404.5045658162624,1000
2024-09-17 13:10:47.960,404.4426570307603,998
2024-09-17 13:10:48.155,404.47441993244473,1000
2024-09-17 13:10:48.203,404.4559993266579,995
2024-09-17 13:10:48.314,404.4282083442145,998
2024-09-17 13:10:48.527,404.4234347287618,1004
2024-09-17 13:10:48.552,404.47768650292346,100
2024-09-17 13:10:48.610,404.47302874384366,9
2024-09-17 13:10:48.619,404.4931652236294,996
2024-09-17 13:10:48.756,404.4601583584545,102
2024-09-17 13:10:48.834,404.4734964399525,6
2024-09-17 13:10:48.888,404.4656846446488,15
2024-09-17 13:10:48.923,404.4939650510734,96
2024-09-17 13:10:48.975,404.4893878539604,99
2024-09-17 13:10:48.977,404.4620825298909,998
2024-09-17 13:10:48.989,404.4812999997265,11
2024-09-17 13:10:49.013,404.3179537278438,15
2024-09-17 13:10:49.028,404.3274331324423,8
2024-09-17 13:10:49.077,404.3918682938693,6
2024-09-17 13:10:49.105,404.3727376259962,996
2024-09-17 13:10:49.192,404.37343655658,105
2024-09-17 13:10:49.247,404.3680630617789,9
2024-09-17 13:10:49.451,404.3088456023202,1004
2024-09-17 13:10:49.489,404.3748042708297,105
2024-09-17 13:10:49.539,404.36715097411593,105
2024-09-17 13:10:49.558,404.31484869040384,1005
2024-09-17 13:10:49.564,404.3022505443192,101
2024-09-17 13:10:49.577,404.2920439497625,1005
2024-09-17 13:10:49.619,404.3106794558576,99
2024-09-17 13:10:49.646,404.3699817017112,97
2024-09-17 13:10:49.650,404.3758800363789,1003
2024-09-17 13:10:49.651,404.3124847594189,1005
2024-09-17 13:10:49.653,404.28475252286825,102
2024-09-17 13:10:49.708,404.2944852845189,997
2024-09-17 13:10:49.742,404.3118105439795,1003
2024-09-17 13:10:49.744,404.3350880033917,1002
2024-09-17 13:10:49.746,404.2987237920126,100
2024-09-17 13:10:49.747,404.2906714711815,6
2024-09-17 13:10:49.805,404.31955935419415,97
2024-09-17 13:10:49.825,404.3110813958725,1004
2024-09-17 13:10:49.875,404.2875067471868,14
2024-09-17 13:10:49.894,404.2925135772877,105
2024-09-17 13:10:49.913,404.290065739938,8
2024-09-17 13:10:49.990,404.3346791072009,14
2024-09-17 13:10:50.024,404.1728983160109,998
2024-09-17 13:10:50.043,-404.26096142332096,98
2024-09-17 13:10:50.052,404.1906916694267,997
2024-09-17 13:10:50.056,404.1787509960059,100
2024-09-17 13:10:50.075,404.21979859551305,9
2024-09-17 13:10:50.079,404.1582004918996,101
2024-09-17 13:10:50.181,404.1816660812752,97
2024-09-17 13:10:50.265,404.2451207213978,96
2024-09-17 13:10:50.301,404.1855112603715,998
2024-09-17 13:10:50.334,404.2310116585595,97
2024-09-17 13:10:50.371,404.2181636819841,15
2024-09-17 13:10:50.376,404.1836860561762,1000
2024-09-17 13:10:50.376,-404.1782215283128,99
2024-09-17 13:10:50.393,404.18303214496166,6
2024-09-17 13:10:50.414,404.2524231207219,14
2024-09-17 13:10:50.448,404.2025468830255,5
2024-09-17 13:10:50.449,404.1942615849048,95
2024-09-17 13:10:50.512,404.23561102454414,1005
2024-09-17 13:10:50.562,404.1482548303041,99
2024-09-17 13:10:50.581,404.28408810035467,97
2024-09-17 13:10:50.718,404.2094330998105,98
2024-09-17 13:10:50.741,404.2239261159706,102
2024-09-17 13:10:50.756,404.1873987675192,13
2024-09-17 13:10:50.800,404.2161048873135,6
2024-09-17 13:10:50.863,404.1514941535006,6
2024-09-17 13:10:50.925,404.2756565397503,1003
2024-09-17 13:10:50.937,404.1913473590782,996
2024-09-17 13:10:50.999,404.1972597820141,6
2024-09-17 13:10:52.004,404.211663580093,5
2024-09-17 13:10:52.057,404.2402611613768,11
2024-09-17 13:10:52.109,404.2064979818623,97
2024-09-17 13:10:52.139,404.1929917266915,1000
2024-09-17 13:10:52.166,404.224509891923,105
2024-09-17 13:10:52.181,404.2183379051648,9
2024-09-17 13:10:52.233,404.2317550413829,7
2024-09-17 13:10:52.250,404.2166741195848,8
2024-09-17 13:10:52.306,404.2314877357848,999
2024-09-17 13:10:52.411,404.23334105275535,1001
2024-09-17 13:10:52.428,404.21190630118105,105
2024-09-17 13:10:52.487,404.21456738431806,101
2024-09-17 13:10:52.492,404.2335016088539,999
2024-09-17 13:10:52.515,404.2343477623416,96
2024-09-17 13:10:52.555,404.22535413352745,100
2024-09-17 13:10:52.565,404.2144144816365,1002
2024-09-17 13:10:52.675,404.2462859109507,98
2024-09-17 13:10:52.778,404.2047314815992,102
2024-09-17 13:10:52.780,404.24149864917433,996
2024-09-17 13:10:52.798,404.199220944437,14
2024-09-17 13:10:52.872,404.2473588609865,105
2024-09-17 13:10:52.876,404.20061874711206,995
2024-09-17 13:10:52.895,404.2402161532587,1000
2024-09-17 13:10:52.936,404.2076524778806,103
2024-09-17 13:10:53.014,404.1627143824435,102
2024-09-17 13:10:53.017,404.2288071118202,6
2024-09-17 13:10:53.048,404.20321339053777,996
2024-09-17 13:10:53.107,404.2175303970022,100
2024-09-17 13:10:53.137,404.1634487481256,105
2024-09-17 13:10:53.178,404.1726582308773,103
2024-09-17 13:10:53.210,404.1682940006271,14
2024-09-17 13:10:53.215,404.1584450565898,13
2024-09-17 13:10:53.286,404.15718421263455,1000
2024-09-17 13:10:53.298,404.14630509277225,1001
2024-09-17 13:10:53.392,404.1469919614527,998
2024-09-17 13:10:53.414,404.20107437952856,1003
2024-09-17 13:10:53.461,404.230405857853,15
2024-09-17 13:10:53.538,404.2543092936,14
2024-09-17 13:10:53.656,404.1973043371363,1001
2024-09-17 13:10:53.673,404.15077493610136,1001
2024-09-17 13:10:53.700,404.2135862443104,1003
2024-09-17 13:10:53.701,404.1699518208598,105
2024-09-17 13:10:53.723,404.24080665134096,997
2024-09-17 13:10:53.751,404.2190814285248,14
2024-09-17 13:10:53.780,404.144942828162,1000
2024-09-17 13:10:53.795,404.1533629859605,105
2024-09-17 13:10:53.883,404.176854537758,1005
2024-09-17 13:10:53.914,404.1345142765472,1001
2024-09-17 13:10:53.944,404.17500957199815,1004
2024-09-17 13:10:54.247,404.1638908827031,8
2024-09-17 13:10:54.375,404.1735915652292,1002
2024-09-17 13:10:55.007,404.2527531191667,10
2024-09-17 13:10:55.017,404.215834393667,97
2024-09-17 13:10:55.051,404.185432442504,6
2024-09-17 13:10:55.070,404.1796223934357,10
2024-09-17 13:10:55.118,404.1976309662661,1003
2024-09-17 13:10:55.201,404.19548257642055,105
2024-09-17 13:10:55.252,404.2906575015493,15
2024-09-17 13:10:55.303,404.1724411583649,100
2024-09-17 13:10:55.338,404.1779105493197,12
2024-09-17 13:10:55.355,404.1925291478328,997
2024-09-17 13:10:55.426,404.25528618219226,9
2024-09-17 13:10:55.432,404.25141152481615,5
2024-09-17 13:10:55.433,404.2258522411652,104
2024-09-17 13:10:55.468,404.25619746766864,99
2024-09-17 13:10:55.481,404.2356395839463,9
2024-09-17 13:10:55.497,404.20101020262166,103
2024-09-17 13:10:55.530,404.1699702372711,13
2024-09-17 13:10:55.563,404.30105233613097,996
2024-09-17 13:10:55.610,404.2181223502152,997
2024-09-17 13:10:55.615,404.18962059019697,15
2024-09-17 13:10:55.869,404.2661543051586,1004
2024-09-17 13:10:55.870,404.293362953517,7
2024-09-17 13:10:55.959,404.1872079036665,13
2024-09-17 13:10:55.968,404.2596139233078,13
2024-09-17 13:10:56.464,404.27619036158814,96
2024-09-17 13:10:56.574,404.2720878963504,9
2024-09-17 13:10:56.629,404.2882520013949,998
2024-09-17 13:10:56.716,404.3073546366557,997
2024-09-17 13:10:56.719,404.3004589683184,1003
2024-09-17 13:10:56.840,404.2966826607573,6
2024-09-17 13:10:56.850,404.2817007695392,95
2024-09-17 13:10:56.867,404.3008830979482,104
2024-09-17 13:10:56.914,404.3002080993045,6
2024-09-17 13:10:56.938,404.2983512986863,6
2024-09-17 13:10:56.940,404.3111581021739,6
2024-09-17 13:10:56.975,404.2903868549645,9
2024-09-17 13:10:57.014,404.1889366952211,103
2024-09-17 13:10:57.016,404.1955002799812,14
2024-09-17 13:10:57.019,404.2521467218981,995
2024-09-17 13:10:57.038,404.2147918200272,1002
2024-09-17 13:10:57.075,404.1978359738545,998
2024-09-17 13:10:57.096,404.1908079665072,15
2024-09-17 13:10:57.128,404.20737659038303,101
2024-09-17 13:10:57.133,404.2669765184363,12
2024-09-17 13:10:57.269,404.2307677887151,95
2024-09-17 13:10:57.272,404.25184568738,6
2024-09-17 13:10:57.301,404.1881015250754,99
2024-09-17 13:10:57.314,404.236222489714,1004
2024-09-17 13:10:57.368,404.1990907260931,10
2024-09-17 13:10:57.533,404.1804385569812,10
2024-09-17 13:10:57.577,404.1931592918228,102
2024-09-17 13:10:57.662,404.2114013159167,97
2024-09-17 13:10:57.686,404.2703751943288,1004
2024-09-17 13:10:57.691,404.2541361344359,996
2024-09-17 13:10:57.701,404.2036197578557,14
2024-09-17 13:10:57.705,404.2143132400481,6
2024-09-17 13:10:57.760,404.18804872506814,11
2024-09-17 13:10:57.783,404.2381617553002,98
2024-09-17 13:10:57.791,404.2222923618355,1000
2024-09-17 13:10:57.820,404.20118079326,9
2024-09-17 13:10:57.825,404.24987642162864,100
2024-09-17 13:10:57.843,404.2081578083333,5
2024-09-17 13:10:57.854,404.19031469558166,8
2024-09-17 13:10:57.882,404.18122177365336,1004
2024-09-17 13:10:57.951,404.2450004414281,1004
2024-09-17 13:10:57.958,404.17604861968766,14
2024-09-17 13:10:58.136,404.1780133854716,5
2024-09-17 13:10:58.711,404.1873770852664,6
2024-09-17 13:10:58.798,404.19477609301606,95
2024-09-17 13:10:59.001,404.2438475460322,11
2024-09-17 13:10:59.012,404.23591248052935,96
2024-09-17 13:10:59.100,404.1730002027069,7
2024-09-17 13:10:59.127,404.2153440505001,102
2024-09-17 13:10:59.191,404.1958721726908,11
2024-09-17 13:10:59.268,404.24321093765633,1002
2024-09-17 13:10:59.451,404.1897111187204,10
2024-09-17 13:10:59.559,404.2018397052678,96
2024-09-17 13:10:59.568,404.2130543026004,996
2024-09-17 13:10:59.653,404.1810779147261,103
2024-09-17 13:10:59.940,404.2269553598667,100
2024-09-17 13:10:59.945,404.17981078909264,105
2024-09-17 13:10:59.989,404.2108566623063,8
2024-09-17 13:10:59.995,404.18868039605246,1002
