Timestamp,Price,Size
2024-09-20 15:10:01.011,430.5859114047788,15
2024-09-20 15:10:01.078,430.5810460642093,1005
2024-09-20 15:10:01.113,430.58020378829866,14
2024-09-20 15:10:01.150,430.5561295298102,997
2024-09-20 15:10:01.300,,12
2024-09-20 15:10:01.327,430.5851365834488,997
2024-09-20 15:10:01.413,430.6026370764928,98
2024-09-20 15:10:01.453,,10
2024-09-20 15:10:01.485,430.5730271251932,997
2024-09-20 15:10:01.522,430.6023357417055,13
2024-09-20 15:10:01.731,430.62583043260014,9
2024-09-20 15:10:01.794,430.63812061046633,6
2024-09-20 15:10:02.084,430.6010337313478,9
2024-09-20 15:10:02.880,430.6096142515472,98
2024-09-20 15:10:02.996,430.606358875775,10
2024-09-20 15:10:03.007,430.6052547523143,95
2024-09-20 15:10:03.066,430.6380653198288,15
2024-09-20 15:10:03.123,430.68686733144574,13
2024-09-20 15:10:03.144,430.60760414709097,97
2024-09-20 15:10:03.277,430.6880817131833,997
2024-09-20 15:10:03.312,430.609646064418,95
2024-09-20 15:10:03.361,430.6238903315346,1002
2024-09-20 15:10:03.375,430.6379025816711,9
2024-09-20 15:10:03.599,430.59135307914,6
2024-09-20 15:10:03.649,430.62274027061056,96
2024-09-20 15:10:03.714,430.6129529407415,1003
2024-09-20 15:10:03.731,430.5914105042903,104
2024-09-20 15:10:03.810,430.6730275681876,99
2024-09-20 15:10:03.814,430.6405948130399,999
2024-09-20 15:10:03.830,430.6149540997506,105
2024-09-20 15:10:03.846,430.6259970418967,96
2024-09-20 15:10:03.866,430.6326610462854,100
2024-09-20 15:10:03.922,430.59563160988296,100
2024-09-20 15:10:03.990,430.6869622845285,100
2024-09-20 15:10:04.030,430.6605851437925,98
2024-09-20 15:10:04.052,430.7051854185405,9
2024-09-20 15:10:04.058,430.7122649682153,104
2024-09-20 15:10:04.108,430.6832097679483,100
2024-09-20 15:10:04.251,430.6898075060661,102
2024-09-20 15:10:04.257,430.69271623880337,5
2024-09-20 15:10:04.277,430.7004759040083,1003
2024-09-20 15:10:04.330,430.6856307156439,1004
2024-09-20 15:10:04.332,430.7076028326715,11
2024-09-20 15:10:04.389,430.6947179736599,995
2024-09-20 15:10:04.495,430.6859814655719,100
2024-09-20 15:10:04.526,430.6741206610594,96
2024-09-20 15:10:04.625,430.70534833482935,102
2024-09-20 15:10:04.636,430.6730288324521,995
2024-09-20 15:10:04.640,430.7153463823872,1004
2024-09-20 15:10:04.776,430.6900561501337,1001
2024-09-20 15:10:04.798,430.6699216658925,997
2024-09-20 15:10:04.812,430.6922985621188,1004
2024-09-20 15:10:04.928,43.0697910399239,99
2024-09-20 15:10:04.946,430.70483994376616,98
2024-09-20 15:10:04.963,430.6968650451812,996
2024-09-20 15:10:05.135,430.652231858476,10
2024-09-20 15:10:05.151,430.7243388689219,9
2024-09-20 15:10:05.193,430.6732802383476,998
2024-09-20 15:10:05.197,430.69237407753366,104
2024-09-20 15:10:05.283,430.7304646611629,95
2024-09-20 15:10:05.369,430.67155459328274,98
2024-09-20 15:10:05.469,430.683065421484,1005
2024-09-20 15:10:05.494,430.7436788780077,1001
2024-09-20 15:10:05.735,430.69296061184656,104
2024-09-20 15:10:05.744,430.7098519276744,1005
2024-09-20 15:10:05.770,430.7143342364196,1002
2024-09-20 15:10:06.078,430.76332718770186,15
2024-09-20 15:10:06.078,430.78163556260864,101
2024-09-20 15:10:06.099,430.7319165258039,95
2024-09-20 15:10:06.102,430.78073415898274,8
2024-09-20 15:10:06.183,430.76805804914414,8
2024-09-20 15:10:06.202,430.7959078535271,1005
2024-09-20 15:10:06.266,430.7935492742986,996
2024-09-20 15:10:06.428,430.7888880015291,8
2024-09-20 15:10:06.431,430.7449021748605,7
2024-09-20 15:10:06.481,430.79474907543454,1000
2024-09-20 15:10:06.532,430.7948511677458,1003
2024-09-20 15:10:06.543,430.7873205343281,998
2024-09-20 15:10:06.573,430.7775442545282,12
2024-09-20 15:10:06.712,430.7577051934456,10
2024-09-20 15:10:06.725,430.7731999747918,1003
2024-09-20 15:10:06.759,430.746712253078,7
2024-09-20 15:10:06.861,430.7983127290982,1003
2024-09-20 15:10:06.943,430.8028194141585,996
2024-09-20 15:10:07.002,430.8340375772482,1004
2024-09-20 15:10:07.043,430.8056306752065,995
2024-09-20 15:10:07.079,430.7497822106258,1003
2024-09-20 15:10:07.226,430.7751387809393,14
2024-09-20 15:10:07.231,430.7447007060419,997
2024-09-20 15:10:07.360,430.8169509943016,95
2024-09-20 15:10:07.391,430.7626583551596,1002
2024-09-20 15:10:07.407,430.77971194082687,1000
2024-09-20 15:10:07.434,430.76583195138056,100
2024-09-20 15:10:07.452,43.07584551743726,1002
2024-09-20 15:10:07.466,430.74465156832366,104
2024-09-20 15:10:07.487,430.7830064544464,12
2024-09-20 15:10:07.551,43.08038430557363,996
2024-09-20 15:10:07.556,430.7594926078762,105
2024-09-20 15:10:07.581,430.8156600201663,101
2024-09-20 15:10:07.625,430.8151628591382,14
2024-09-20 15:10:07.663,430.7532052827394,96
2024-09-20 15:10:07.691,430.7766825017456,6
2024-09-20 15:10:07.742,430.8065451232564,1005
2024-09-20 15:10:07.782,430.7983122056253,13
2024-09-20 15:10:07.849,430.846342311805,999
2024-09-20 15:10:07.868,430.752378376724,1002
2024-09-20 15:10:07.904,430.767837637604,97
2024-09-20 15:10:07.906,430.7423695145943,1001
2024-09-20 15:10:07.915,430.7659276463791,6
2024-09-20 15:10:07.923,430.8473156561605,7
2024-09-20 15:10:07.953,430.7522249658403,12
2024-09-20 15:10:07.974,430.7534055559218,13
2024-09-20 15:10:08.158,430.77836615517015,995
2024-09-20 15:10:08.196,430.7912782862503,105
2024-09-20 15:10:08.256,430.78273768468415,101
2024-09-20 15:10:08.315,430.78076507612127,100
2024-09-20 15:10:08.374,430.7783684922923,1000
2024-09-20 15:10:08.403,430.7682748984501,100
2024-09-20 15:10:08.410,430.7723598226988,104
2024-09-20 15:10:08.449,-430.7733977852283,100
2024-09-20 15:10:08.528,430.776048072639,8
2024-09-20 15:10:08.571,43.07839077320658,995
2024-09-20 15:10:08.601,430.7781010587644,1005
2024-09-20 15:10:08.833,430.77833395083184,8
2024-09-20 15:10:08.856,430.8102211406101,7
2024-09-20 15:10:08.997,430.77302982024327,103
2024-09-20 15:10:09.305,430.8113314524469,103
2024-09-20 15:10:09.415,430.8081439885602,999
2024-09-20 15:10:09.556,430.8419240693863,995
2024-09-20 15:10:09.599,430.8052992964228,98
2024-09-20 15:10:09.799,430.787048563844,997
2024-09-20 15:10:09.871,430.7825183246633,102
2024-09-20 15:10:09.899,430.8061301115003,1000
2024-09-20 15:10:09.923,430.8155758109045,101
2024-09-20 15:10:10.037,430.8418120229039,995
2024-09-20 15:10:10.049,430.80545877639815,13
2024-09-20 15:10:10.064,430.8414342582355,95
2024-09-20 15:10:10.118,430.86292282218056,101
2024-09-20 15:10:10.149,430.87670763829607,14
2024-09-20 15:10:10.190,430.8091722757986,999
2024-09-20 15:10:10.227,430.8364252297026,5
2024-09-20 15:10:10.319,430.8141620200458,7
2024-09-20 15:10:10.436,430.8562564570507,1002
2024-09-20 15:10:10.458,430.8495895695026,98
2024-09-20 15:10:10.465,430.8371634036901,10
2024-09-20 15:10:10.507,430.8413892800439,7
2024-09-20 15:10:10.510,430.8646296696456,1004
2024-09-20 15:10:10.633,430.85559042385614,1004
2024-09-20 15:10:10.689,430.87550013001,95
2024-09-20 15:10:10.699,430.8463201023488,13
2024-09-20 15:10:10.701,430.7989199128908,1000
2024-09-20 15:10:10.766,430.813168958917,102
2024-09-20 15:10:10.967,430.80309090679566,10
2024-09-20 15:10:10.978,430.8682916741979,9
2024-09-20 15:10:11.023,430.8861914842108,1002
2024-09-20 15:10:11.037,430.9189523918419,99
2024-09-20 15:10:11.041,430.87157960739376,1005
2024-09-20 15:10:11.043,430.8778382450765,8
2024-09-20 15:10:11.066,430.8860284215653,1005
2024-09-20 15:10:11.074,430.8846071772301,996
2024-09-20 15:10:11.090,430.85599699678176,995
2024-09-20 15:10:11.107,430.9015173010197,105
2024-09-20 15:10:11.118,430.9182527355092,996
2024-09-20 15:10:11.150,430.9604761295908,104
2024-09-20 15:10:11.150,430.884085143167,14
2024-09-20 15:10:11.154,430.8696362949555,1002
2024-09-20 15:10:11.213,430.92144906388495,1004
2024-09-20 15:10:11.216,430.9169506819472,997
2024-09-20 15:10:11.250,430.9451652651201,104
2024-09-20 15:10:11.289,430.9570852791576,13
2024-09-20 15:10:11.301,430.9500740680711,9
2024-09-20 15:10:11.311,430.9357141435385,99
2024-09-20 15:10:11.487,430.8946683611744,14
2024-09-20 15:10:11.498,430.87230906811817,9
2024-09-20 15:10:11.511,430.9079242114871,997
2024-09-20 15:10:11.515,430.8738062958298,1002
2024-09-20 15:10:11.674,430.92993609374014,98
2024-09-20 15:10:11.675,430.9101513760516,97
2024-09-20 15:10:11.698,430.9301685576032,101
2024-09-20 15:10:11.714,430.953806368815,6
2024-09-20 15:10:11.780,430.9197501688328,1004
2024-09-20 15:10:11.817,430.9217464519065,1003
2024-09-20 15:10:11.879,430.8767091363162,1003
2024-09-20 15:10:12.011,430.9492212183019,100
2024-09-20 15:10:12.126,430.9721327294421,1004
2024-09-20 15:10:12.204,430.95559386521415,6
2024-09-20 15:10:12.575,431.0026577502963,1002
2024-09-20 15:10:12.699,430.98853756900246,11
2024-09-20 15:10:12.945,430.95074807336704,1002
2024-09-20 15:10:13.192,430.9786643139399,9
2024-09-20 15:10:13.311,430.9995981727215,96
2024-09-20 15:10:13.663,430.9706980543294,12
2024-09-20 15:10:13.721,430.98937978710177,100
2024-09-20 15:10:13.740,430.990460860532,998
2024-09-20 15:10:14.008,430.9716185781553,11
2024-09-20 15:10:14.154,430.9725456081698,1005
2024-09-20 15:10:14.206,430.9910958231313,1003
2024-09-20 15:10:14.509,431.0079341768122,95
2024-09-20 15:10:14.521,430.9977314469152,996
2024-09-20 15:10:14.571,431.0148868694568,997
2024-09-20 15:10:14.716,431.01968921942114,103
2024-09-20 15:10:14.750,430.9756995653974,5
2024-09-20 15:10:15.015,430.880856156517,8
2024-09-20 15:10:15.174,430.9334996543664,1002
2024-09-20 15:10:15.251,430.9103042251983,104
2024-09-20 15:10:15.260,430.9395847836446,8
2024-09-20 15:10:15.286,430.9480572502588,15
2024-09-20 15:10:15.340,430.9853969794293,13
2024-09-20 15:10:15.367,430.9141013600736,1005
2024-09-20 15:10:15.438,430.89876547781256,6
2024-09-20 15:10:15.454,430.9526360017466,13
2024-09-20 15:10:15.488,430.9418462725301,14
2024-09-20 15:10:15.645,430.9617416765063,15
2024-09-20 15:10:15.655,430.935752047223,99
2024-09-20 15:10:15.678,430.9684031404381,95
2024-09-20 15:10:15.688,430.8963860319393,11
2024-09-20 15:10:15.726,430.9818903514389,99
2024-09-20 15:10:15.750,430.8913648672393,1000
2024-09-20 15:10:15.963,430.8995613249259,104
2024-09-20 15:10:16.017,430.8355739797042,7
2024-09-20 15:10:16.050,430.8676267234949,10
2024-09-20 15:10:16.124,430.8159369152163,100
2024-09-20 15:10:16.136,430.85363030096096,103
2024-09-20 15:10:16.146,430.8766685579785,103
2024-09-20 15:10:16.153,430.8437987944228,96
2024-09-20 15:10:16.234,430.83355538539456,5
2024-09-20 15:10:16.242,430.81889409135664,105
2024-09-20 15:10:16.324,430.8876969285496,98
2024-09-20 15:10:16.329,430.87783665113096,14
2024-09-20 15:10:16.341,430.83644972272486,101
2024-09-20 15:10:16.369,430.8824153264295,5
2024-09-20 15:10:16.386,430.8716246034639,100
2024-09-20 15:10:16.429,430.8781072077657,6
2024-09-20 15:10:16.446,430.85596015108223,6
2024-09-20 15:10:16.574,430.8683905914333,101
2024-09-20 15:10:16.662,430.8465684098721,998
2024-09-20 15:10:16.779,430.8491160018806,1005
2024-09-20 15:10:16.874,430.8676300914957,100
2024-09-20 15:10:16.877,430.85303277099234,996
2024-09-20 15:10:16.889,430.8517479854004,98
2024-09-20 15:10:16.899,430.824343738365,1001
2024-09-20 15:10:16.915,430.8653964857001,100
2024-09-20 15:10:16.932,430.84191955356937,103
2024-09-20 15:10:16.960,430.8705659380246,15
2024-09-20 15:10:16.972,430.8603137302339,1004
2024-09-20 15:10:17.015,430.7932953650928,1001
2024-09-20 15:10:17.032,430.8040828443557,104
2024-09-20 15:10:17.034,430.76994848289695,999
2024-09-20 15:10:17.111,430.7989286443535,95
2024-09-20 15:10:17.171,430.7988260782407,9
2024-09-20 15:10:17.174,430.79159814856143,996
2024-09-20 15:10:17.192,430.7891097418422,11
2024-09-20 15:10:17.246,430.7867605832201,14
2024-09-20 15:10:17.260,430.8065041357379,14
2024-09-20 15:10:17.260,430.81599922291855,95
2024-09-20 15:10:17.342,430.8255379487929,95
2024-09-20 15:10:17.353,430.7950304134856,105
2024-09-20 15:10:17.378,430.80653466461854,7
2024-09-20 15:10:17.382,430.8081143550327,1003
2024-09-20 15:10:17.446,430.7692630958749,1001
2024-09-20 15:10:17.484,430.76325930757935,8
2024-09-20 15:10:17.536,430.767291395289,6
2024-09-20 15:10:17.746,430.81310551231,1005
2024-09-20 15:10:17.782,430.79903044345537,995
2024-09-20 15:10:17.787,430.7686925307258,99
2024-09-20 15:10:17.800,430.8066339039466,9
2024-09-20 15:10:17.803,430.8052263400312,15
2024-09-20 15:10:17.809,43.07776933368487,11
2024-09-20 15:10:17.838,430.7921490165279,1005
2024-09-20 15:10:17.850,430.7648574510375,997
2024-09-20 15:10:17.877,430.8213131172152,105
2024-09-20 15:10:17.879,430.82910937506114,105
2024-09-20 15:10:17.960,430.769400726205,999
2024-09-20 15:10:17.986,430.7901883315472,99
2024-09-20 15:10:18.246,430.7594085994864,995
2024-09-20 15:10:18.574,430.7806794508952,15
2024-09-20 15:10:18.611,430.78850025052935,98
2024-09-20 15:10:18.631,430.7685237255549,1003
2024-09-20 15:10:18.772,430.7492775982972,14
2024-09-20 15:10:18.784,430.7583164677352,10
2024-09-20 15:10:18.895,430.76539120791256,8
2024-09-20 15:10:19.009,430.6955934441805,14
2024-09-20 15:10:19.205,430.722103063035,10
2024-09-20 15:10:19.225,430.66411491895366,6
2024-09-20 15:10:19.301,430.6996438606596,1003
2024-09-20 15:10:19.332,430.6975225619133,6
2024-09-20 15:10:19.335,430.7081251191681,9
2024-09-20 15:10:19.351,430.6933443951118,104
2024-09-20 15:10:19.396,430.7701347320029,1001
2024-09-20 15:10:19.434,430.6974732138445,9
2024-09-20 15:10:19.448,430.7591030350657,105
2024-09-20 15:10:19.458,430.6923612209575,8
2024-09-20 15:10:19.740,430.6761797280973,98
2024-09-20 15:10:19.752,430.6738229198308,13
2024-09-20 15:10:19.794,430.7447246137479,12
2024-09-20 15:10:19.818,430.7576439138931,12
2024-09-20 15:10:19.824,430.7703170208347,8
2024-09-20 15:10:19.832,430.69647145188384,105
2024-09-20 15:10:19.858,,8
2024-09-20 15:10:19.899,430.6665467824726,1004
2024-09-20 15:10:19.961,430.7182910494696,100
2024-09-20 15:10:20.022,430.75963584455104,103
2024-09-20 15:10:20.037,430.72440005578414,1004
2024-09-20 15:10:20.048,430.723815912463,5
2024-09-20 15:10:20.069,430.6997698713549,998
2024-09-20 15:10:20.116,430.7547388030864,96
2024-09-20 15:10:20.160,430.75352027514856,995
2024-09-20 15:10:20.406,430.7391143165712,999
2024-09-20 15:10:20.445,430.731846524174,14
2024-09-20 15:10:20.474,430.7609343373744,95
2024-09-20 15:10:20.482,430.7491519490859,99
2024-09-20 15:10:20.495,430.7532963338678,1004
2024-09-20 15:10:20.515,430.738512856206,102
2024-09-20 15:10:20.532,430.7817623598752,998
2024-09-20 15:10:20.607,430.71342691906057,1004
2024-09-20 15:10:20.641,430.7479008138424,997
2024-09-20 15:10:20.647,430.69198640303614,96
2024-09-20 15:10:20.794,430.694228126013,104
2024-09-20 15:10:21.275,430.72345692184217,12
2024-09-20 15:10:21.289,430.7535617921331,13
2024-09-20 15:10:21.454,430.774519072777,999
2024-09-20 15:10:21.468,430.7112696761935,12
2024-09-20 15:10:21.561,430.7607204741961,995
2024-09-20 15:10:21.700,430.7467575562345,97
2024-09-20 15:10:21.712,430.72012364914406,14
2024-09-20 15:10:21.717,430.76581424265447,11
2024-09-20 15:10:21.743,430.719419345062,6
2024-09-20 15:10:21.849,430.7281278744928,97
2024-09-20 15:10:21.928,430.7300284979841,8
2024-09-20 15:10:21.930,430.76531176194845,1004
2024-09-20 15:10:22.127,430.6925728445414,999
2024-09-20 15:10:22.178,430.7127315151018,995
2024-09-20 15:10:22.331,430.7329329131039,997
2024-09-20 15:10:22.487,430.70103210172977,1001
2024-09-20 15:10:22.676,430.7077009229761,11
2024-09-20 15:10:22.757,430.7371352767131,99
2024-09-20 15:10:23.021,430.74372639454464,999
2024-09-20 15:10:23.039,430.7547368522387,1002
2024-09-20 15:10:23.073,430.7658870629869,101
2024-09-20 15:10:23.147,430.7451065455888,999
2024-09-20 15:10:23.237,430.7478176133896,996
2024-09-20 15:10:23.368,430.7606289945711,105
2024-09-20 15:10:23.427,430.73465959859993,7
2024-09-20 15:10:23.446,430.7476281237073,9
2024-09-20 15:10:23.717,430.7401408854372,99
2024-09-20 15:10:23.823,430.7284761094986,100
2024-09-20 15:10:23.859,430.75832356333854,103
2024-09-20 15:10:24.009,430.7315927064941,1002
2024-09-20 15:10:24.109,430.7338388809596,1002
2024-09-20 15:10:24.338,430.7375359807004,1001
2024-09-20 15:10:24.467,430.7383519392036,100
2024-09-20 15:10:25.024,430.69485088620297,96
2024-09-20 15:10:25.091,430.6776790529291,102
2024-09-20 15:10:25.184,430.70530792090375,102
2024-09-20 15:10:25.192,430.6953803483119,10
2024-09-20 15:10:25.273,430.7059841805723,104
2024-09-20 15:10:25.426,430.70180601390354,6
2024-09-20 15:10:25.435,430.7021507371841,999
2024-09-20 15:10:25.603,430.719557288308,104
2024-09-20 15:10:25.649,430.7045590250035,1003
2024-09-20 15:10:25.760,430.6953675187938,995
2024-09-20 15:10:25.768,,105
2024-09-20 15:10:25.771,430.7015379001776,102
2024-09-20 15:10:25.824,430.692358074918,999
2024-09-20 15:10:25.909,430.7045046202079,95
2024-09-20 15:10:25.965,430.7070483069151,102
2024-09-20 15:10:26.055,430.6405575589412,105
2024-09-20 15:10:26.106,430.6595329896,1005
2024-09-20 15:10:26.391,430.6658979566058,98
2024-09-20 15:10:26.433,430.6379975932809,96
2024-09-20 15:10:26.534,430.6439674393319,8
2024-09-20 15:10:26.652,430.66024467493753,997
2024-09-20 15:10:26.939,430.662020861693,999
2024-09-20 15:10:27.100,430.5642937854268,1004
2024-09-20 15:10:27.102,430.5665813275546,102
2024-09-20 15:10:27.122,430.55679798106496,7
2024-09-20 15:10:27.153,430.5837568547617,9
2024-09-20 15:10:27.154,430.5646150280232,7
2024-09-20 15:10:27.225,430.5812363060026,1002
2024-09-20 15:10:27.268,430.6496867118954,11
2024-09-20 15:10:27.324,430.5706196093165,8
2024-09-20 15:10:27.343,430.5722869562968,99
2024-09-20 15:10:27.425,430.5704840893205,99
2024-09-20 15:10:27.449,430.5669118269623,100
2024-09-20 15:10:27.451,430.6416827790193,6
2024-09-20 15:10:27.452,43.05761171814275,996
2024-09-20 15:10:27.462,430.5546771877534,13
2024-09-20 15:10:27.504,430.63351564416047,9
2024-09-20 15:10:27.529,430.56733765179047,98
2024-09-20 15:10:27.576,430.5574413280747,9
2024-09-20 15:10:27.623,430.5760214458803,9
2024-09-20 15:10:27.654,430.5991827876573,97
2024-09-20 15:10:27.705,430.611805529164,13
2024-09-20 15:10:27.732,430.6172552083702,103
2024-09-20 15:10:27.732,430.58720239283474,97
2024-09-20 15:10:27.762,430.56517440245005,998
2024-09-20 15:10:27.776,430.57874141254746,96
2024-09-20 15:10:27.790,430.5599664716542,15
2024-09-20 15:10:27.857,430.6401207509844,1005
2024-09-20 15:10:27.857,430.5680233449971,10
2024-09-20 15:10:27.886,,96
2024-09-20 15:10:27.922,430.5839586727967,96
2024-09-20 15:10:28.088,430.5981211083771,998
2024-09-20 15:10:28.112,430.5782369445109,97
2024-09-20 15:10:28.137,430.65003974471233,999
2024-09-20 15:10:28.164,430.5573785223662,12
2024-09-20 15:10:28.165,430.5589437576765,998
2024-09-20 15:10:28.258,430.5731120677376,9
2024-09-20 15:10:28.305,430.5998003279297,95
2024-09-20 15:10:28.335,430.6612567512542,1004
2024-09-20 15:10:28.340,430.724312125345,1004
2024-09-20 15:10:28.347,430.6563572815877,100
2024-09-20 15:10:28.355,430.714642532388,1004
2024-09-20 15:10:28.420,430.71173235401926,998
2024-09-20 15:10:28.452,430.5745796600922,14
2024-09-20 15:10:28.461,430.5574084303854,96
2024-09-20 15:10:28.476,430.5773515010899,7
2024-09-20 15:10:28.486,430.5660991778468,101
2024-09-20 15:10:28.499,430.7247063076189,999
2024-09-20 15:10:28.613,430.61433904620407,103
2024-09-20 15:10:28.624,430.6328628196113,1004
2024-09-20 15:10:28.651,430.5683448046184,13
2024-09-20 15:10:28.741,430.5751193476934,8
2024-09-20 15:10:28.750,430.5663905602713,1002
2024-09-20 15:10:28.828,430.5681463630165,102
2024-09-20 15:10:28.960,430.6921096369172,101
2024-09-20 15:10:29.012,430.73161123996056,12
2024-09-20 15:10:29.108,430.7512951868602,1001
2024-09-20 15:10:29.179,430.7033001826654,100
2024-09-20 15:10:29.235,430.731923222782,97
2024-09-20 15:10:29.243,430.7143628483406,997
2024-09-20 15:10:29.365,430.718828309335,102
2024-09-20 15:10:29.434,430.7063131246289,8
2024-09-20 15:10:29.456,430.7307912490717,11
2024-09-20 15:10:29.458,430.7054641479776,1001
2024-09-20 15:10:29.522,430.7208748289786,997
2024-09-20 15:10:29.527,-430.7223448654876,99
2024-09-20 15:10:29.543,430.7163926029979,1001
2024-09-20 15:10:29.570,430.7172711439672,101
2024-09-20 15:10:29.574,430.7607101611409,14
2024-09-20 15:10:29.597,430.76383642154553,998
2024-09-20 15:10:29.676,430.70401545940985,10
2024-09-20 15:10:29.734,430.708609129797,10
2024-09-20 15:10:29.734,430.74125896348863,999
2024-09-20 15:10:29.778,430.7207440193686,1000
2024-09-20 15:10:29.816,430.6895888462448,102
2024-09-20 15:10:29.859,430.7310998858022,15
2024-09-20 15:10:29.861,430.7519909955553,8
2024-09-20 15:10:29.890,430.7374923917759,95
2024-09-20 15:10:29.984,430.7030625526504,1000
2024-09-20 15:10:29.985,430.7556364252954,104
2024-09-20 15:10:29.990,430.6885305952655,11
2024-09-20 15:10:30.010,430.7874403352548,11
2024-09-20 15:10:30.054,430.7809308609886,11
2024-09-20 15:10:30.092,430.7732785256741,1005
2024-09-20 15:10:30.136,430.7634904349808,9
2024-09-20 15:10:30.149,430.73826050383366,104
2024-09-20 15:10:30.153,430.7844176253254,14
2024-09-20 15:10:30.203,430.7714897863545,1004
2024-09-20 15:10:30.224,430.74338235190095,10
2024-09-20 15:10:30.407,430.7761577864467,1004
2024-09-20 15:10:30.483,430.7421573574656,1003
2024-09-20 15:10:30.567,430.7672926783067,99
2024-09-20 15:10:30.576,430.73530982054746,998
2024-09-20 15:10:30.596,430.75182746218775,9
2024-09-20 15:10:30.599,430.7322861861725,98
2024-09-20 15:10:30.607,430.77937602356656,101
2024-09-20 15:10:30.612,430.7234304776781,15
2024-09-20 15:10:30.620,430.7402768342493,12
2024-09-20 15:10:30.632,430.7887568236697,1000
2024-09-20 15:10:30.786,430.7658069904578,10
2024-09-20 15:10:30.836,430.7862260523153,999
2024-09-20 15:10:30.883,430.795620753871,103
2024-09-20 15:10:31.295,430.79047696355576,9
2024-09-20 15:10:31.636,430.7915199195224,1001
2024-09-20 15:10:31.653,430.80360443186976,5
2024-09-20 15:10:31.681,430.79273991906825,98
2024-09-20 15:10:31.721,430.8052704112697,6
2024-09-20 15:10:31.987,430.8059917106016,996
2024-09-20 15:10:32.011,430.7516893860068,1002
2024-09-20 15:10:32.056,430.7878379881376,999
2024-09-20 15:10:32.092,430.81461115028776,8
2024-09-20 15:10:32.102,430.7637846764716,95
2024-09-20 15:10:32.140,430.7522405855564,13
2024-09-20 15:10:32.177,430.8276153951934,1000
2024-09-20 15:10:32.196,430.7485523258867,101
2024-09-20 15:10:32.243,430.7526419444077,996
2024-09-20 15:10:32.421,430.7533643443239,1004
2024-09-20 15:10:32.442,430.7976384298713,12
2024-09-20 15:10:32.464,430.7846216235076,98
2024-09-20 15:10:32.484,430.7826943410621,95
2024-09-20 15:10:32.534,430.79641515119306,97
2024-09-20 15:10:32.587,430.7358059599009,998
2024-09-20 15:10:32.599,430.795072436052,14
2024-09-20 15:10:32.618,430.750177955296,7
2024-09-20 15:10:32.633,430.8208899757772,14
2024-09-20 15:10:32.654,430.7561687419426,1003
2024-09-20 15:10:32.757,430.745262004657,1001
2024-09-20 15:10:32.758,430.7770751545721,1004
2024-09-20 15:10:32.794,430.7539251340801,996
2024-09-20 15:10:32.832,430.82854892626005,95
2024-09-20 15:10:32.842,430.8059198215304,997
2024-09-20 15:10:32.905,430.7952724115223,999
2024-09-20 15:10:32.942,430.7567802884081,1002
2024-09-20 15:10:33.001,430.7734501063464,999
2024-09-20 15:10:33.041,430.8889959850972,98
2024-09-20 15:10:33.117,430.89550581815865,9
2024-09-20 15:10:33.153,430.79696894721206,101
2024-09-20 15:10:33.169,430.8203593054002,99
2024-09-20 15:10:33.292,430.78164712668126,104
2024-09-20 15:10:33.412,430.884075476156,10
2024-09-20 15:10:33.420,430.87286005755055,10
2024-09-20 15:10:33.427,430.8424467900587,96
2024-09-20 15:10:33.568,430.7942658488016,6
2024-09-20 15:10:33.596,430.8380336859241,995
2024-09-20 15:10:33.602,430.8274382394192,11
2024-09-20 15:10:33.626,430.8028405167655,1002
2024-09-20 15:10:33.640,430.8230818341739,15
2024-09-20 15:10:33.657,430.7935937411904,11
2024-09-20 15:10:33.668,430.865861753284,1001
2024-09-20 15:10:33.702,430.791909245129,1001
2024-09-20 15:10:33.823,430.7693505551063,104
2024-09-20 15:10:33.827,430.89240836514335,6
2024-09-20 15:10:33.888,430.8186781051436,13
2024-09-20 15:10:33.933,430.7989745543348,1003
2024-09-20 15:10:33.943,430.7914822045029,98
2024-09-20 15:10:33.959,430.76342842306775,1000
2024-09-20 15:10:33.991,430.87499990799984,995
2024-09-20 15:10:35.009,430.8872633727117,100
2024-09-20 15:10:36.032,430.8909452279162,1001
2024-09-20 15:10:36.039,43.09043318549824,104
2024-09-20 15:10:36.236,430.8822722143568,8
2024-09-20 15:10:36.438,430.9042980996464,996
2024-09-20 15:10:36.553,430.88534808395474,13
2024-09-20 15:10:36.574,430.87894901099367,995
2024-09-20 15:10:36.599,430.895525266198,1000
2024-09-20 15:10:36.942,430.8890754502916,9
2024-09-20 15:10:37.003,430.8992657777562,1004
2024-09-20 15:10:37.007,430.8945342476275,997
2024-09-20 15:10:37.041,430.9058432858736,98
2024-09-20 15:10:37.084,430.9107723476636,9
2024-09-20 15:10:37.196,430.898003295055,10
2024-09-20 15:10:37.246,430.9044345802808,6
2024-09-20 15:10:37.462,430.908419155121,103
2024-09-20 15:10:37.528,430.9154917848317,1002
2024-09-20 15:10:37.625,430.90585949218473,6
2024-09-20 15:10:37.652,43.09186004705198,105
2024-09-20 15:10:37.758,430.8838919619711,105
2024-09-20 15:10:37.919,430.89984470440265,11
2024-09-20 15:10:37.942,430.889896179339,103
2024-09-20 15:10:37.945,430.8835098403158,1005
2024-09-20 15:10:38.094,430.8860211340129,101
2024-09-20 15:10:38.191,430.8929931741245,8
2024-09-20 15:10:38.229,430.8983903911182,998
2024-09-20 15:10:38.498,430.9285609466728,997
2024-09-20 15:10:38.825,430.9011020085651,998
2024-09-20 15:10:38.892,424.1324235197777,9
2024-09-20 15:10:38.905,430.91395260453953,105
2024-09-20 15:10:39.078,430.86461310773353,104
2024-09-20 15:10:39.611,,1004
2024-09-20 15:10:39.679,-430.8890493516226,6
2024-09-20 15:10:39.717,430.8558771786076,998
2024-09-20 15:10:39.913,430.8707993299273,99
2024-09-20 15:10:39.932,430.8815410796397,13
2024-09-20 15:10:40.131,430.95747574981726,5
2024-09-20 15:10:40.144,430.97354421888406,1000
2024-09-20 15:10:40.199,430.89824903258807,999
2024-09-20 15:10:40.217,430.9756226443573,104
2024-09-20 15:10:40.250,430.9696281000516,1000
2024-09-20 15:10:40.282,430.96297540662687,1004
2024-09-20 15:10:40.304,430.9324838688652,1002
2024-09-20 15:10:40.307,430.96385492106816,10
2024-09-20 15:10:40.311,430.95544779777214,1002
2024-09-20 15:10:40.342,430.9571042779655,1005
2024-09-20 15:10:40.454,430.9516152374256,1005
2024-09-20 15:10:40.506,430.95872095782806,98
2024-09-20 15:10:40.529,430.960185463905,100
2024-09-20 15:10:40.580,430.9716814914328,15
2024-09-20 15:10:40.644,430.8997611837473,7
2024-09-20 15:10:40.692,-430.89238377018506,15
2024-09-20 15:10:40.720,430.96346922675,103
2024-09-20 15:10:40.839,430.95460563193336,103
2024-09-20 15:10:40.903,430.9256093986053,102
2024-09-20 15:10:41.051,430.9582535003097,1000
2024-09-20 15:10:41.097,430.96516935267016,995
2024-09-20 15:10:41.222,430.8885300442678,1005
2024-09-20 15:10:41.259,430.92852396919193,104
2024-09-20 15:10:41.271,430.94062923866136,8
2024-09-20 15:10:41.392,430.9614545999954,999
2024-09-20 15:10:41.461,430.9362896676929,11
2024-09-20 15:10:41.548,430.9286180033724,7
2024-09-20 15:10:41.577,430.937062483194,105
2024-09-20 15:10:41.752,430.9447440613776,104
2024-09-20 15:10:41.910,430.9186335398849,104
2024-09-20 15:10:41.954,430.9297319106377,95
2024-09-20 15:10:42.071,430.97047707287726,1004
2024-09-20 15:10:42.220,430.9541481767261,96
2024-09-20 15:10:42.381,430.9574999307054,95
2024-09-20 15:10:42.420,430.90371811738,96
2024-09-20 15:10:42.422,430.9786489291711,8
2024-09-20 15:10:42.429,430.9692722320113,9
2024-09-20 15:10:42.461,430.9611078946558,101
2024-09-20 15:10:42.486,430.9785979020073,1000
2024-09-20 15:10:42.493,430.90769811003247,101
2024-09-20 15:10:42.509,430.9718048333784,9
2024-09-20 15:10:42.520,430.92455371686566,12
2024-09-20 15:10:42.566,430.94266231641495,998
2024-09-20 15:10:42.580,430.9635756304038,6
2024-09-20 15:10:42.586,430.98255696262936,995
2024-09-20 15:10:42.611,430.9377800662464,14
2024-09-20 15:10:42.639,430.901121622271,100
2024-09-20 15:10:42.684,430.965159361322,1004
2024-09-20 15:10:42.705,430.9765631100311,1002
2024-09-20 15:10:42.719,430.8907983793676,104
2024-09-20 15:10:42.745,430.95175613607273,96
2024-09-20 15:10:42.746,430.95769901226856,999
2024-09-20 15:10:42.752,430.92073796898745,9
2024-09-20 15:10:42.754,430.93897212375407,995
2024-09-20 15:10:42.819,430.9780016176465,97
2024-09-20 15:10:42.836,430.9661052312925,7
2024-09-20 15:10:42.860,430.8909552878603,13
2024-09-20 15:10:42.869,430.9610590514639,97
2024-09-20 15:10:42.883,430.9581934589706,99
2024-09-20 15:10:43.123,430.9670061150801,999
2024-09-20 15:10:43.813,430.9484618123726,101
2024-09-20 15:10:43.901,-430.9793260926986,10
2024-09-20 15:10:44.007,430.9970264867764,998
2024-09-20 15:10:44.084,430.98396606718376,98
2024-09-20 15:10:44.115,430.9844038094835,6
2024-09-20 15:10:44.218,430.97961435068703,1003
2024-09-20 15:10:44.266,43.09720445887396,104
2024-09-20 15:10:44.282,430.9836100719282,14
2024-09-20 15:10:44.308,430.9735346808037,97
2024-09-20 15:10:44.342,430.9936089867023,12
2024-09-20 15:10:44.416,430.9811152425575,12
2024-09-20 15:10:44.423,430.9789181709466,99
2024-09-20 15:10:44.466,430.9663839509601,98
2024-09-20 15:10:44.565,430.9864657256458,13
2024-09-20 15:10:44.703,430.99694154003134,1000
2024-09-20 15:10:44.726,431.0059994298833,1004
2024-09-20 15:10:44.845,431.00630098318,1005
2024-09-20 15:10:44.955,430.9647672536432,102
2024-09-20 15:10:44.959,430.9812234819589,8
2024-09-20 15:10:45.019,430.9703328434561,11
2024-09-20 15:10:45.069,430.9625204387819,102
2024-09-20 15:10:45.197,430.9726311330628,98
2024-09-20 15:10:45.198,430.96009263386975,1000
2024-09-20 15:10:45.250,430.9694224190556,1000
2024-09-20 15:10:45.293,430.9659424266119,7
2024-09-20 15:10:45.585,430.9576248622144,103
2024-09-20 15:10:45.611,430.94239119101536,9
2024-09-20 15:10:45.830,430.9618065227579,104
2024-09-20 15:10:46.152,431.0009713255538,996
2024-09-20 15:10:46.545,430.9923760770073,999
2024-09-20 15:10:46.892,430.9725638640954,9
2024-09-20 15:10:47.007,431.0067237535037,10
2024-09-20 15:10:47.058,431.0126365651731,103
2024-09-20 15:10:47.109,431.0362456330049,105
2024-09-20 15:10:47.362,431.03722885715575,11
2024-09-20 15:10:47.394,431.0747554430381,15
2024-09-20 15:10:47.494,431.0783207363886,11
2024-09-20 15:10:47.514,431.0258011373733,12
2024-09-20 15:10:47.521,431.0428731258788,95
2024-09-20 15:10:47.645,431.0446099970463,8
2024-09-20 15:10:47.696,431.0617539875168,5
2024-09-20 15:10:47.876,431.0432559878976,9
2024-09-20 15:10:48.063,431.09369889721,8
2024-09-20 15:10:48.094,431.089530905633,999
2024-09-20 15:10:48.237,430.9958332477675,5
2024-09-20 15:10:48.269,431.0717116584176,96
2024-09-20 15:10:48.290,431.01516188946965,15
2024-09-20 15:10:48.394,431.0345197270293,1004
2024-09-20 15:10:48.419,431.0959586697481,998
2024-09-20 15:10:48.468,430.9859715350155,7
2024-09-20 15:10:48.484,431.0944874853069,99
2024-09-20 15:10:48.490,431.0709519064175,13
2024-09-20 15:10:48.527,431.07263403312334,999
2024-09-20 15:10:48.641,431.0704998524013,12
2024-09-20 15:10:48.683,,96
2024-09-20 15:10:48.746,431.0888826773256,1005
2024-09-20 15:10:48.759,430.9939548724119,6
2024-09-20 15:10:48.818,431.01174718582575,1001
2024-09-20 15:10:48.828,431.0668630939292,102
2024-09-20 15:10:48.837,431.0091685217175,14
2024-09-20 15:10:48.884,431.0139535001532,97
2024-09-20 15:10:48.894,431.054808762887,98
2024-09-20 15:10:48.904,431.0561238736538,1000
2024-09-20 15:10:48.931,431.0977424660846,8
2024-09-20 15:10:48.953,431.0377309292021,100
2024-09-20 15:10:48.957,431.0404627278791,97
2024-09-20 15:10:48.993,431.0789374669757,14
2024-09-20 15:10:49.070,431.0018805476008,1000
2024-09-20 15:10:49.126,430.96767202478645,101
2024-09-20 15:10:49.170,431.0040162368207,8
2024-09-20 15:10:49.243,430.971643221448,99
2024-09-20 15:10:49.281,430.9601220336431,101
2024-09-20 15:10:49.295,430.9783873884634,7
2024-09-20 15:10:49.302,430.9635487207691,1002
2024-09-20 15:10:49.351,431.02123966963904,995
2024-09-20 15:10:49.438,430.9705503019376,11
2024-09-20 15:10:49.475,430.9715306677275,996
2024-09-20 15:10:49.524,430.977999569208,998
2024-09-20 15:10:49.543,431.0095711823749,999
2024-09-20 15:10:49.615,430.991155227998,6
2024-09-20 15:10:49.621,430.9836270410023,999
2024-09-20 15:10:49.660,430.9841754038775,15
2024-09-20 15:10:49.677,430.97418605766086,6
2024-09-20 15:10:49.680,430.99141304155256,10
2024-09-20 15:10:49.717,430.9668239076044,104
2024-09-20 15:10:49.777,430.9573030116404,997
2024-09-20 15:10:49.794,430.9830685012196,15
2024-09-20 15:10:49.806,431.0098186558664,95
2024-09-20 15:10:50.050,431.0295342867965,1001
2024-09-20 15:10:50.084,431.023228333366,1001
2024-09-20 15:10:50.178,431.0400259120029,1005
2024-09-20 15:10:50.209,431.0022541202584,11
2024-09-20 15:10:50.254,431.03479490528247,96
2024-09-20 15:10:50.264,431.01485610900914,12
2024-09-20 15:10:50.281,431.0092695191765,995
2024-09-20 15:10:50.311,430.99730157510544,7
2024-09-20 15:10:50.332,431.0470851789954,14
2024-09-20 15:10:50.530,431.0129893722656,12
2024-09-20 15:10:50.531,431.0161331555786,14
2024-09-20 15:10:50.551,431.035692327594,1004
2024-09-20 15:10:50.643,431.0036344548147,1001
2024-09-20 15:10:50.692,431.0359751717155,995
2024-09-20 15:10:50.760,431.03458951062527,5
2024-09-20 15:10:50.772,431.0318888653708,96
2024-09-20 15:10:50.840,430.9818908666447,14
2024-09-20 15:10:50.848,43.10398970911476,999
2024-09-20 15:10:50.863,431.038733855976,98
2024-09-20 15:10:50.864,431.0157200612957,996
2024-09-20 15:10:50.897,431.0287138459876,1000
2024-09-20 15:10:50.919,431.0421980276798,1002
2024-09-20 15:10:50.922,430.9979566117004,998
2024-09-20 15:10:50.950,431.01568550019823,996
2024-09-20 15:10:50.989,431.0528577892468,1002
2024-09-20 15:10:50.992,431.00984214305225,12
2024-09-20 15:10:51.454,431.0298590528957,9
2024-09-20 15:10:51.761,43.10767843064751,104
2024-09-20 15:10:52.038,431.09214513692297,12
2024-09-20 15:10:52.042,431.08357204814814,8
2024-09-20 15:10:52.195,431.080060239931,13
2024-09-20 15:10:52.222,431.06588939074913,998
2024-09-20 15:10:52.256,431.0705069803337,1001
2024-09-20 15:10:52.285,431.0884774878477,13
2024-09-20 15:10:52.304,431.0943101242362,97
2024-09-20 15:10:52.321,431.0711962865435,99
2024-09-20 15:10:52.368,431.0553211275111,997
2024-09-20 15:10:52.484,431.0656896622255,10
2024-09-20 15:10:52.500,431.08780615168337,7
2024-09-20 15:10:52.501,431.07187499724415,9
2024-09-20 15:10:52.506,431.085607547042,105
2024-09-20 15:10:52.511,431.0587704478185,102
2024-09-20 15:10:52.528,431.0700959711149,6
2024-09-20 15:10:52.577,431.06740730269513,8
2024-09-20 15:10:52.593,431.0341724757652,95
2024-09-20 15:10:52.661,431.0894311200671,1003
2024-09-20 15:10:52.691,431.09015295572914,7
2024-09-20 15:10:52.691,431.0756280903989,9
2024-09-20 15:10:52.708,431.0698173075519,8
2024-09-20 15:10:52.779,431.06010506399656,996
2024-09-20 15:10:52.861,431.09516301564486,98
2024-09-20 15:10:52.866,431.06972731797913,1004
2024-09-20 15:10:52.958,431.0512743914873,11
2024-09-20 15:10:53.041,431.0627944419471,1000
2024-09-20 15:10:53.198,431.02920624175226,96
2024-09-20 15:10:53.383,431.0298580804263,7
2024-09-20 15:10:53.603,431.08026972705386,101
2024-09-20 15:10:53.698,431.0608395803234,103
2024-09-20 15:10:53.901,431.009327381816,8
2024-09-20 15:10:53.958,431.0307527473793,9
2024-09-20 15:10:54.117,431.0434869992071,1005
2024-09-20 15:10:54.211,431.05982054240354,8
2024-09-20 15:10:54.219,431.0779213906451,1002
2024-09-20 15:10:54.234,431.0571880708274,5
2024-09-20 15:10:54.330,431.0717554745143,1005
2024-09-20 15:10:54.369,431.0761246155046,99
2024-09-20 15:10:54.381,431.0502800492432,101
2024-09-20 15:10:54.391,431.0599630825025,996
2024-09-20 15:10:54.501,431.0658254274787,1003
2024-09-20 15:10:54.686,431.082712027899,6
2024-09-20 15:10:54.687,431.0555608756757,104
2024-09-20 15:10:54.691,431.0543502594453,9
2024-09-20 15:10:54.716,431.0450779525793,98
2024-09-20 15:10:54.748,431.0503789722038,10
2024-09-20 15:10:54.858,431.0601620937369,99
2024-09-20 15:10:54.894,431.0668202703682,1000
2024-09-20 15:10:55.049,431.0211371073057,1003
2024-09-20 15:10:55.175,431.0434714623708,1001
2024-09-20 15:10:55.481,431.048731331373,15
2024-09-20 15:10:55.650,431.0353675171164,1003
2024-09-20 15:10:55.784,431.05054001316216,6
2024-09-20 15:10:56.005,430.9360458446079,104
2024-09-20 15:10:56.028,430.9376420734859,103
2024-09-20 15:10:56.069,430.99073565071984,103
2024-09-20 15:10:56.396,430.9331123607922,996
2024-09-20 15:10:56.497,431.0135633617176,11
2024-09-20 15:10:56.689,431.0240275390161,6
2024-09-20 15:10:56.755,430.951279324798,7
2024-09-20 15:10:56.782,430.9881808166838,8
2024-09-20 15:10:56.818,430.9558965074562,5
2024-09-20 15:10:56.827,431.0242407916493,98
2024-09-20 15:10:56.941,431.0003553318472,9
2024-09-20 15:10:56.956,430.9286624504457,5
2024-09-20 15:10:57.053,430.95218417231007,14
2024-09-20 15:10:57.069,43.09458694799084,13
2024-09-20 15:10:57.166,430.91360612627824,12
2024-09-20 15:10:57.263,430.90559756386926,1000
2024-09-20 15:10:57.279,430.9566212589495,14
2024-09-20 15:10:57.318,430.93356538243887,105
2024-09-20 15:10:57.350,430.8838225461932,103
2024-09-20 15:10:57.436,430.9464859736029,95
2024-09-20 15:10:57.445,-430.9304766522865,997
2024-09-20 15:10:57.451,430.9500188370986,9
2024-09-20 15:10:57.558,430.88499468051583,102
2024-09-20 15:10:57.637,430.9571839475737,96
2024-09-20 15:10:57.703,430.9411611557837,11
2024-09-20 15:10:57.747,430.9050163835301,999
2024-09-20 15:10:57.900,430.94369195857433,100
2024-09-20 15:10:57.950,430.9601098818712,5
2024-09-20 15:10:57.963,430.93948241061776,98
2024-09-20 15:10:58.028,430.9011727216945,100
2024-09-20 15:10:58.043,430.8871503258943,95
2024-09-20 15:10:58.077,430.8910194917261,97
2024-09-20 15:10:58.081,430.8929742555986,997
2024-09-20 15:10:58.082,430.8839308011417,9
2024-09-20 15:10:58.158,430.8776580148837,1004
2024-09-20 15:10:58.181,-430.88488967498216,6
2024-09-20 15:10:58.204,430.8848043350156,15
2024-09-20 15:10:58.372,430.8859773095731,1005
2024-09-20 15:10:58.444,430.8792028864659,1005
2024-09-20 15:10:58.625,430.88585651079234,10
2024-09-20 15:10:58.798,430.895712813741,5
2024-09-20 15:10:58.808,430.8862900457377,100
2024-09-20 15:10:58.855,430.88970920585393,7
2024-09-20 15:10:58.952,430.8863592756542,1004
2024-09-20 15:10:59.007,430.92902935100807,101
2024-09-20 15:10:59.027,430.9356796061634,996
2024-09-20 15:10:59.109,430.886683053623,12
2024-09-20 15:10:59.166,430.9362242125076,14
2024-09-20 15:10:59.562,430.8994068240091,98
2024-09-20 15:10:59.662,,1003
2024-09-20 15:10:59.725,430.95123812037735,1005
2024-09-20 15:10:59.852,430.9089707421085,995
2024-09-20 15:10:59.929,430.9377192171283,1004
2024-09-20 15:10:59.981,430.9322358635205,8
