Timestamp,Price,Size
2024-09-16 11:26:00.069,417.5788310510703,103
2024-09-16 11:26:00.246,417.57937056288586,97
2024-09-16 11:26:00.494,417.5634945843119,97
2024-09-16 11:26:00.561,417.53782393276254,105
2024-09-16 11:26:00.700,417.5263078392576,12
2024-09-16 11:26:00.760,417.5431941515889,95
2024-09-16 11:26:00.802,417.56134412164965,1001
2024-09-16 11:26:00.851,417.5728168548154,97
2024-09-16 11:26:00.915,417.5764850721618,8
2024-09-16 11:26:00.922,417.575133444448,999
2024-09-16 11:26:00.967,417.5426604296911,95
2024-09-16 11:26:01.003,417.5961222227144,7
2024-09-16 11:26:01.020,417.6413680604709,995
2024-09-16 11:26:01.054,417.6284381550483,11
2024-09-16 11:26:01.128,417.6339421138378,96
2024-09-16 11:26:01.128,417.60358571682417,13
2024-09-16 11:26:01.144,417.5833587026603,1002
2024-09-16 11:26:01.189,417.6450286084811,100
2024-09-16 11:26:01.233,417.6184689482408,104
2024-09-16 11:26:01.263,417.57741791472966,995
2024-09-16 11:26:01.290,417.6393315059132,95
2024-09-16 11:26:01.305,417.6311194128914,995
2024-09-16 11:26:01.422,417.614506823789,99
2024-09-16 11:26:01.518,417.59881653368393,8
2024-09-16 11:26:01.555,417.6063812197799,1002
2024-09-16 11:26:01.566,417.6208404800839,96
2024-09-16 11:26:01.598,417.5931621048497,103
2024-09-16 11:26:01.631,417.5741990989322,98
2024-09-16 11:26:01.650,417.6512820810015,14
2024-09-16 11:26:01.702,417.6142020041608,97
2024-09-16 11:26:01.762,417.6185819049824,95
2024-09-16 11:26:01.764,417.6320639561902,999
2024-09-16 11:26:01.814,417.5849183508849,96
2024-09-16 11:26:01.865,417.63491300402825,1004
2024-09-16 11:26:01.892,417.6406141462261,5
2024-09-16 11:26:01.912,417.64161520570246,1004
2024-09-16 11:26:01.995,417.61786117482575,1004
2024-09-16 11:26:02.504,417.5973993663736,1001
2024-09-16 11:26:02.583,417.587936715352,997
2024-09-16 11:26:02.655,417.598982125593,13
2024-09-16 11:26:02.705,417.5867839135207,6
2024-09-16 11:26:02.841,417.5815027507659,14
2024-09-16 11:26:03.037,417.5844070766547,102
2024-09-16 11:26:03.161,417.59013017984506,13
2024-09-16 11:26:03.223,417.59824246759166,1000
2024-09-16 11:26:03.234,417.6205277773816,9
2024-09-16 11:26:03.265,417.6091666877412,97
2024-09-16 11:26:03.285,417.5692438800912,96
2024-09-16 11:26:03.314,417.5694217317179,97
2024-09-16 11:26:03.324,417.5996249251694,995
2024-09-16 11:26:03.368,417.5764279240601,1002
2024-09-16 11:26:03.395,417.6162280725048,999
2024-09-16 11:26:03.425,417.6418667237152,99
2024-09-16 11:26:03.438,417.5388779966296,14
2024-09-16 11:26:03.443,417.57046098817466,13
2024-09-16 11:26:03.483,417.6060875555145,999
2024-09-16 11:26:03.488,417.5886695104616,97
2024-09-16 11:26:03.488,417.58615907861554,10
2024-09-16 11:26:03.498,417.61845788085,102
2024-09-16 11:26:03.531,417.5853389736439,96
2024-09-16 11:26:03.555,417.6020482748746,97
2024-09-16 11:26:03.570,417.5388976021546,102
2024-09-16 11:26:03.579,417.5924369912487,102
2024-09-16 11:26:03.630,,13
2024-09-16 11:26:03.648,417.5816326859821,999
2024-09-16 11:26:03.654,417.600570122904,15
2024-09-16 11:26:03.666,417.590198420052,98
2024-09-16 11:26:03.694,417.5869006945808,15
2024-09-16 11:26:03.775,417.5719355463812,100
2024-09-16 11:26:03.777,417.5504713283342,997
2024-09-16 11:26:03.780,417.556017716882,1000
2024-09-16 11:26:03.927,417.6125128751257,104
2024-09-16 11:26:04.005,417.60268273052014,14
2024-09-16 11:26:04.632,417.5750533574056,5
2024-09-16 11:26:04.707,417.6029234352249,6
2024-09-16 11:26:04.977,417.56644098937,1001
2024-09-16 11:26:05.018,417.6317328708352,997
2024-09-16 11:26:05.096,417.64300008256015,103
2024-09-16 11:26:05.099,417.6322544274381,1005
2024-09-16 11:26:05.212,417.62284191073365,10
2024-09-16 11:26:05.254,-417.6376402104193,15
2024-09-16 11:26:05.264,417.6120363155222,12
2024-09-16 11:26:05.310,417.5977382241946,97
2024-09-16 11:26:05.358,417.62805266509537,14
2024-09-16 11:26:05.373,417.6183267699725,102
2024-09-16 11:26:05.423,417.6271505411632,8
2024-09-16 11:26:05.430,417.633229203158,1003
2024-09-16 11:26:05.451,417.6438501848472,95
2024-09-16 11:26:05.514,417.61265731127617,105
2024-09-16 11:26:05.533,,5
2024-09-16 11:26:05.589,417.6375382797219,999
2024-09-16 11:26:05.688,417.6335059844135,13
2024-09-16 11:26:05.708,417.6222492367893,9
2024-09-16 11:26:05.715,417.6241771769399,1004
2024-09-16 11:26:05.733,417.62223120572537,996
2024-09-16 11:26:05.762,417.6037640917781,11
2024-09-16 11:26:05.794,417.6145547244125,1004
2024-09-16 11:26:05.887,417.6281139700753,998
2024-09-16 11:26:06.124,417.58640740064055,997
2024-09-16 11:26:06.132,417.58668584888994,15
2024-09-16 11:26:06.181,417.5797443748503,998
2024-09-16 11:26:06.225,417.6302150005008,999
2024-09-16 11:26:06.239,417.622160865275,6
2024-09-16 11:26:06.259,417.6077540697301,97
2024-09-16 11:26:06.329,417.60347828490114,1003
2024-09-16 11:26:06.338,417.6256625740445,104
2024-09-16 11:26:06.395,417.6187568959389,102
2024-09-16 11:26:06.444,417.60901555506376,1005
2024-09-16 11:26:06.525,417.6294437346075,100
2024-09-16 11:26:06.527,417.5955097575404,98
2024-09-16 11:26:06.641,417.601864064897,15
2024-09-16 11:26:06.669,417.5926715101847,997
2024-09-16 11:26:06.679,417.63304250047696,996
2024-09-16 11:26:06.698,417.6433086421167,1004
2024-09-16 11:26:06.707,417.5762776691192,102
2024-09-16 11:26:06.707,417.58713233027913,9
2024-09-16 11:26:06.733,417.6243772054096,95
2024-09-16 11:26:06.767,417.6097252976677,99
2024-09-16 11:26:06.770,417.6384534850732,100
2024-09-16 11:26:06.781,417.6344495888177,1002
2024-09-16 11:26:06.901,417.58890653663445,1002
2024-09-16 11:26:06.948,417.6074632989241,99
2024-09-16 11:26:06.972,417.58911263684047,14
2024-09-16 11:26:06.977,417.59292714082807,97
2024-09-16 11:26:07.005,417.6364123463076,1000
2024-09-16 11:26:07.005,417.62041945973664,102
2024-09-16 11:26:07.092,417.58835883409097,10
2024-09-16 11:26:07.138,417.6271804922595,1005
2024-09-16 11:26:07.204,417.63055594137046,98
2024-09-16 11:26:07.339,417.6063781947944,10
2024-09-16 11:26:07.370,417.6069117059191,1002
2024-09-16 11:26:07.383,417.6159782720935,13
2024-09-16 11:26:07.412,417.6036675895078,1004
2024-09-16 11:26:07.421,417.602046298301,6
2024-09-16 11:26:07.448,417.61507094525865,5
2024-09-16 11:26:07.476,417.6127723986867,99
2024-09-16 11:26:07.514,417.6139892270167,97
2024-09-16 11:26:07.595,417.624375615934,100
2024-09-16 11:26:07.613,417.6157818919655,104
2024-09-16 11:26:07.634,417.6183909784671,999
2024-09-16 11:26:07.645,417.6149532249877,104
2024-09-16 11:26:07.840,417.6122968411438,102
2024-09-16 11:26:07.938,417.5789936178758,15
2024-09-16 11:26:07.996,417.6106068424036,14
2024-09-16 11:26:08.019,417.70065511383245,998
2024-09-16 11:26:08.026,417.7005646795829,10
2024-09-16 11:26:08.041,417.72532982011614,96
2024-09-16 11:26:08.046,417.6818344215346,8
2024-09-16 11:26:08.130,417.66486470859365,1004
2024-09-16 11:26:08.170,417.67209580511377,13
2024-09-16 11:26:08.259,417.6776149200919,7
2024-09-16 11:26:08.266,417.69172869642216,96
2024-09-16 11:26:08.276,417.6815345479846,12
2024-09-16 11:26:08.313,417.7168906524096,1005
2024-09-16 11:26:08.327,417.6624251744937,100
2024-09-16 11:26:08.385,417.65802978691937,95
2024-09-16 11:26:08.397,417.68387943148696,1002
2024-09-16 11:26:08.397,417.6288901160102,97
2024-09-16 11:26:08.442,417.6245141866679,6
2024-09-16 11:26:08.516,417.7026973009928,6
2024-09-16 11:26:08.555,417.6357109762292,97
2024-09-16 11:26:08.557,417.6422785864913,1004
2024-09-16 11:26:08.575,417.6309314124336,10
2024-09-16 11:26:08.641,417.7017933108336,995
2024-09-16 11:26:08.739,417.6793682411847,1001
2024-09-16 11:26:08.748,41.76438329843376,96
2024-09-16 11:26:08.791,417.7068936732691,7
2024-09-16 11:26:08.813,417.6262002524873,105
2024-09-16 11:26:08.829,417.72234442460166,13
2024-09-16 11:26:08.860,417.6985352879898,1003
2024-09-16 11:26:08.923,417.7210366440979,995
2024-09-16 11:26:08.968,417.6478873560276,1004
2024-09-16 11:26:09.046,417.6992306791667,5
2024-09-16 11:26:09.409,417.6865582982609,995
2024-09-16 11:26:10.087,417.6710363239882,7
2024-09-16 11:26:10.105,417.7090743480451,102
2024-09-16 11:26:10.148,417.7230262345309,999
2024-09-16 11:26:10.169,417.6880051936232,10
2024-09-16 11:26:10.176,417.68485302104375,15
2024-09-16 11:26:10.179,417.7266365628797,1002
2024-09-16 11:26:10.196,417.7201497031209,101
2024-09-16 11:26:10.227,417.71334276733046,1000
2024-09-16 11:26:10.235,417.7114531456489,103
2024-09-16 11:26:10.244,417.7014732567256,1002
2024-09-16 11:26:10.413,417.6564102452999,101
2024-09-16 11:26:10.419,417.65624909477896,1001
2024-09-16 11:26:10.498,417.7022292090845,995
2024-09-16 11:26:10.509,417.7350823428823,9
2024-09-16 11:26:10.532,417.6794229222537,97
2024-09-16 11:26:10.550,417.7018096387597,997
2024-09-16 11:26:10.606,417.69035357838993,15
2024-09-16 11:26:10.621,417.7064951688881,1002
2024-09-16 11:26:10.669,417.6418787750001,1003
2024-09-16 11:26:10.680,417.7113023440015,105
2024-09-16 11:26:10.694,417.696446089856,10
2024-09-16 11:26:10.738,417.6963353098846,99
2024-09-16 11:26:10.744,417.6875260938568,1004
2024-09-16 11:26:10.824,417.71758939244745,996
2024-09-16 11:26:10.897,417.7013048078466,1004
2024-09-16 11:26:10.911,417.6678782026332,999
2024-09-16 11:26:10.917,417.6941485795054,95
2024-09-16 11:26:11.491,417.70864578155846,1005
2024-09-16 11:26:11.731,417.7032175068189,1003
2024-09-16 11:26:12.063,417.7007024840501,1004
2024-09-16 11:26:12.146,417.71461099090783,13
2024-09-16 11:26:12.154,417.6894030709715,1002
2024-09-16 11:26:12.165,417.6915104320424,13
2024-09-16 11:26:12.167,417.6808646022874,1005
2024-09-16 11:26:12.373,417.7025069639949,97
2024-09-16 11:26:12.734,417.69512507680525,1003
2024-09-16 11:26:12.744,417.699894223896,13
2024-09-16 11:26:12.832,417.6956172143228,11
2024-09-16 11:26:12.838,417.69758423436406,6
2024-09-16 11:26:12.883,417.695704001746,104
2024-09-16 11:26:13.028,417.6501994209732,99
2024-09-16 11:26:13.140,417.6839493168598,10
2024-09-16 11:26:13.183,417.68639615311287,5
2024-09-16 11:26:13.290,417.7010364819859,95
2024-09-16 11:26:13.293,417.72011643060944,998
2024-09-16 11:26:13.309,417.7128388376614,9
2024-09-16 11:26:13.374,417.6474358387941,996
2024-09-16 11:26:13.434,417.6919668827599,1001
2024-09-16 11:26:13.535,417.6850078906583,12
2024-09-16 11:26:13.550,417.6756427731805,11
2024-09-16 11:26:13.660,417.6714758071032,105
2024-09-16 11:26:13.668,417.6780967901424,1002
2024-09-16 11:26:13.677,417.6705379527838,99
2024-09-16 11:26:13.679,417.7141036306155,15
2024-09-16 11:26:13.758,417.67034481440425,98
2024-09-16 11:26:13.763,417.67563594461393,104
2024-09-16 11:26:13.808,417.7146514645964,1000
2024-09-16 11:26:13.855,417.69657329293295,8
2024-09-16 11:26:13.906,417.68878890809526,1000
2024-09-16 11:26:13.929,417.66021018815474,97
2024-09-16 11:26:13.933,417.6686895235955,999
2024-09-16 11:26:14.482,417.6629753552706,95
2024-09-16 11:26:15.001,417.6015714181853,1005
2024-09-16 11:26:15.043,417.6184904287176,103
2024-09-16 11:26:15.176,417.6103057839508,104
2024-09-16 11:26:15.274,417.56222472838726,96
2024-09-16 11:26:15.322,417.5476495702113,15
2024-09-16 11:26:15.345,417.6483039982957,14
2024-09-16 11:26:15.369,417.6155028747335,1004
2024-09-16 11:26:15.406,417.61741597199887,11
2024-09-16 11:26:15.569,417.613008026712,1001
2024-09-16 11:26:15.581,417.6103185610035,6
2024-09-16 11:26:15.723,417.6226342338701,96
2024-09-16 11:26:15.738,417.5775743258981,11
2024-09-16 11:26:15.801,417.59127278919016,1001
2024-09-16 11:26:15.864,417.61757587993,1002
2024-09-16 11:26:15.967,417.5589207748235,12
2024-09-16 11:26:16.042,417.5380239311092,5
2024-09-16 11:26:16.082,417.5080515096666,13
2024-09-16 11:26:16.087,417.51260937405806,995
2024-09-16 11:26:16.090,417.5282899770268,97
2024-09-16 11:26:16.092,417.5308213350974,102
2024-09-16 11:26:16.225,417.52448833792687,105
2024-09-16 11:26:16.250,417.52529576570777,95
2024-09-16 11:26:16.257,417.532274221992,102
2024-09-16 11:26:16.273,417.5020554982418,997
2024-09-16 11:26:16.376,417.5313207183624,100
2024-09-16 11:26:16.426,417.5280542662625,1003
2024-09-16 11:26:16.552,417.5027368091276,102
2024-09-16 11:26:16.591,417.5173360801125,15
2024-09-16 11:26:16.594,417.51820492902505,1000
2024-09-16 11:26:16.630,417.5268662204528,100
2024-09-16 11:26:16.656,417.5250728908166,104
2024-09-16 11:26:16.692,417.51516190165626,1002
2024-09-16 11:26:16.751,417.5190833599611,13
2024-09-16 11:26:16.810,417.4892721842335,96
2024-09-16 11:26:16.819,417.5226973812785,100
2024-09-16 11:26:16.820,417.5052452361277,7
2024-09-16 11:26:17.030,417.51368800076966,101
2024-09-16 11:26:17.036,417.5003786770144,14
2024-09-16 11:26:17.037,417.4413437461952,6
2024-09-16 11:26:17.049,417.4064297802802,102
2024-09-16 11:26:17.050,417.44070867376416,102
2024-09-16 11:26:17.236,417.4041593818229,1005
2024-09-16 11:26:17.309,417.4266196936101,102
2024-09-16 11:26:17.325,417.3820618488781,97
2024-09-16 11:26:17.441,417.38203589602045,8
2024-09-16 11:26:17.460,417.47378244561867,101
2024-09-16 11:26:17.515,417.3940682362239,102
2024-09-16 11:26:17.558,417.43026981902585,996
2024-09-16 11:26:17.582,417.5080139630408,1001
2024-09-16 11:26:17.619,417.4458836749504,10
2024-09-16 11:26:17.623,417.37821884813576,98
2024-09-16 11:26:17.647,417.4234990516018,1002
2024-09-16 11:26:17.659,417.5032525460289,5
2024-09-16 11:26:17.683,417.40473712784376,1004
2024-09-16 11:26:17.719,417.4014015650257,6
2024-09-16 11:26:17.807,417.4360430420441,6
2024-09-16 11:26:17.815,417.40440071802425,101
2024-09-16 11:26:17.842,417.4141622821762,1004
2024-09-16 11:26:17.858,417.3937115010023,98
2024-09-16 11:26:17.919,417.3946777688938,100
2024-09-16 11:26:17.937,417.4937029036381,996
2024-09-16 11:26:17.947,417.50721967119415,7
2024-09-16 11:26:17.972,417.38906597671433,97
2024-09-16 11:26:18.071,417.3744652815094,1004
2024-09-16 11:26:18.208,417.3884427565076,99
2024-09-16 11:26:18.540,417.4041000031037,105
2024-09-16 11:26:18.612,417.3811683217003,995
2024-09-16 11:26:18.946,417.38872423418206,11
2024-09-16 11:26:19.036,417.374957758693,15
2024-09-16 11:26:19.130,417.35320321708616,95
2024-09-16 11:26:19.245,417.3798186892873,96
2024-09-16 11:26:19.604,417.3899196261752,10
2024-09-16 11:26:19.654,417.3604704817045,5
2024-09-16 11:26:19.702,417.4114898490575,1001
2024-09-16 11:26:20.019,417.3641340272817,999
2024-09-16 11:26:20.039,417.3135155478917,8
2024-09-16 11:26:20.074,417.3730516649377,14
2024-09-16 11:26:20.162,417.3136205269888,998
2024-09-16 11:26:20.245,417.3607343760392,101
2024-09-16 11:26:20.272,417.3350954911052,100
2024-09-16 11:26:20.292,417.3725682168848,999
2024-09-16 11:26:20.305,417.35333096113504,5
2024-09-16 11:26:20.315,417.3740002018392,8
2024-09-16 11:26:20.386,417.3048699170961,97
2024-09-16 11:26:20.390,417.3108786230664,14
2024-09-16 11:26:20.432,417.3190969856453,103
2024-09-16 11:26:20.572,417.3662647082476,996
2024-09-16 11:26:20.608,417.31091566902336,15
2024-09-16 11:26:20.651,417.31358368694384,15
2024-09-16 11:26:20.653,417.37087933954905,998
2024-09-16 11:26:20.673,417.3040295775602,13
2024-09-16 11:26:20.694,417.31085741525874,995
2024-09-16 11:26:20.925,417.3222990956328,9
2024-09-16 11:26:20.938,417.374379302745,11
2024-09-16 11:26:20.951,417.37033740186376,997
2024-09-16 11:26:20.988,417.30012534630777,996
2024-09-16 11:26:21.125,417.3182449553558,12
2024-09-16 11:26:21.233,417.3231375312501,7
2024-09-16 11:26:21.343,417.2931479831215,1005
2024-09-16 11:26:21.542,417.2968900006766,12
2024-09-16 11:26:21.759,417.3050511520249,98
2024-09-16 11:26:21.810,417.31585813902905,11
2024-09-16 11:26:21.883,417.3130512829591,1004
2024-09-16 11:26:22.004,417.3851898569923,96
2024-09-16 11:26:22.041,417.41337353002905,1003
2024-09-16 11:26:22.045,417.3774162587266,12
2024-09-16 11:26:22.064,417.4725309710311,101
2024-09-16 11:26:22.084,417.39379215401306,95
2024-09-16 11:26:22.152,417.50384873770304,1001
2024-09-16 11:26:22.166,417.4053620620388,10
2024-09-16 11:26:22.178,417.31382139386375,13
2024-09-16 11:26:22.301,417.4831338113911,998
2024-09-16 11:26:22.326,417.41289724054735,101
2024-09-16 11:26:22.345,417.419907591913,105
2024-09-16 11:26:22.362,417.3815510239211,996
2024-09-16 11:26:22.419,417.4262131996187,995
2024-09-16 11:26:22.430,417.38508891934345,103
2024-09-16 11:26:22.445,417.42197891963184,6
2024-09-16 11:26:22.527,417.4565449554049,5
2024-09-16 11:26:22.546,417.47500407847167,99
2024-09-16 11:26:22.581,417.4512712420061,103
2024-09-16 11:26:22.631,417.33041236793343,1000
2024-09-16 11:26:22.638,417.3769383224111,995
2024-09-16 11:26:22.690,417.3579997842669,996
2024-09-16 11:26:22.701,417.4154689468627,7
2024-09-16 11:26:22.787,41.7406164775715,1001
2024-09-16 11:26:22.833,417.3118164050177,100
2024-09-16 11:26:22.903,,13
2024-09-16 11:26:22.904,417.409622736378,7
2024-09-16 11:26:23.106,417.4459137029712,12
2024-09-16 11:26:23.187,417.4994631379028,999
2024-09-16 11:26:23.324,417.528847395436,10
2024-09-16 11:26:23.468,417.5134673717937,997
2024-09-16 11:26:23.499,417.5314575433784,7
2024-09-16 11:26:23.514,417.5248620593428,104
2024-09-16 11:26:23.524,417.4627952169487,1004
2024-09-16 11:26:23.529,417.5216754914321,98
2024-09-16 11:26:23.578,417.4701300858051,11
2024-09-16 11:26:23.585,417.4742220819591,5
2024-09-16 11:26:23.588,417.4495521875778,101
2024-09-16 11:26:23.614,417.5188903574871,100
2024-09-16 11:26:23.659,417.4975565807801,15
2024-09-16 11:26:23.677,417.5076969588432,997
2024-09-16 11:26:23.708,417.44197472349066,1001
2024-09-16 11:26:23.719,417.4829077353661,997
2024-09-16 11:26:23.739,417.4499431868192,9
2024-09-16 11:26:23.745,417.4375287093568,100
2024-09-16 11:26:23.770,417.5235833498301,997
2024-09-16 11:26:23.863,417.46013001776,103
2024-09-16 11:26:23.900,417.5209072576661,98
2024-09-16 11:26:23.925,41.745873193036935,97
2024-09-16 11:26:23.947,417.5320544988816,7
2024-09-16 11:26:23.994,417.45751875378767,104
2024-09-16 11:26:24.022,417.44586968669313,102
2024-09-16 11:26:24.050,417.4381358041191,11
2024-09-16 11:26:24.170,417.41112725358266,101
2024-09-16 11:26:24.524,417.4706136069655,9
2024-09-16 11:26:24.915,417.45878472847824,1004
2024-09-16 11:26:25.080,417.3263829311171,96
2024-09-16 11:26:25.089,417.3925677794208,996
2024-09-16 11:26:25.201,417.3593359765399,100
2024-09-16 11:26:25.500,417.3271027257157,13
2024-09-16 11:26:25.532,417.347281226162,14
2024-09-16 11:26:25.626,417.40633888861134,96
2024-09-16 11:26:25.629,417.4072725301707,105
2024-09-16 11:26:25.650,417.41145092719046,10
2024-09-16 11:26:25.801,417.3324203404157,101
2024-09-16 11:26:25.863,417.3636322412175,1003
2024-09-16 11:26:25.926,417.37886464718616,95
2024-09-16 11:26:25.967,417.3909253209839,8
2024-09-16 11:26:25.971,417.361746678254,98
2024-09-16 11:26:26.348,417.3344438890571,99
2024-09-16 11:26:26.513,417.3287189220095,96
2024-09-16 11:26:27.331,417.3652790204685,101
2024-09-16 11:26:27.360,417.3675691220249,6
2024-09-16 11:26:27.415,41.738683763860834,1005
2024-09-16 11:26:27.508,417.35015017283183,13
2024-09-16 11:26:27.530,417.3514337858129,102
2024-09-16 11:26:27.793,417.3574829679164,105
2024-09-16 11:26:27.862,417.3774148506071,103
2024-09-16 11:26:27.949,417.3818961010611,1000
2024-09-16 11:26:27.989,417.3900928259273,9
2024-09-16 11:26:28.486,417.4232708095429,104
2024-09-16 11:26:28.912,417.42154725158457,7
2024-09-16 11:26:29.007,417.4796868268538,1004
2024-09-16 11:26:29.163,417.4988485773365,14
2024-09-16 11:26:29.178,417.4652733031168,98
2024-09-16 11:26:29.188,-417.4792170144403,1002
2024-09-16 11:26:29.188,417.4542765470469,105
2024-09-16 11:26:29.227,417.4162874510832,97
2024-09-16 11:26:29.230,417.4846283557375,104
2024-09-16 11:26:29.239,417.4678654130441,99
2024-09-16 11:26:29.272,417.4128209129025,1001
2024-09-16 11:26:29.306,417.46759833005126,12
2024-09-16 11:26:29.377,417.48611171529416,9
2024-09-16 11:26:29.424,417.4861095597704,1003
2024-09-16 11:26:29.472,417.4129230270507,7
2024-09-16 11:26:29.588,417.4833925570329,102
2024-09-16 11:26:29.601,417.4876635041032,97
2024-09-16 11:26:29.613,417.4330960099754,1002
2024-09-16 11:26:29.770,417.4661825100079,6
2024-09-16 11:26:29.774,417.4215820302014,99
2024-09-16 11:26:29.876,417.4439466581616,100
2024-09-16 11:26:29.877,417.49992721963,100
2024-09-16 11:26:29.892,417.4680799251293,101
2024-09-16 11:26:29.897,417.48850336803787,996
2024-09-16 11:26:29.909,417.4799802805093,100
2024-09-16 11:26:29.916,417.4519102567879,14
2024-09-16 11:26:29.963,417.4977115756374,12
2024-09-16 11:26:29.994,417.4208719203321,101
2024-09-16 11:26:30.112,417.4224873371314,103
2024-09-16 11:26:30.444,417.39553427830094,8
2024-09-16 11:26:30.516,417.42945967952727,6
2024-09-16 11:26:30.518,417.4841012049294,96
2024-09-16 11:26:30.590,417.47116108737646,1002
2024-09-16 11:26:30.679,417.4444557502894,96
2024-09-16 11:26:30.761,-417.3910339639427,13
2024-09-16 11:26:30.780,417.3801862419621,97
2024-09-16 11:26:30.827,417.4048910831663,7
2024-09-16 11:26:30.845,417.3920864563226,999
2024-09-16 11:26:30.859,417.3872928851212,7
2024-09-16 11:26:31.111,417.3756584774866,10
2024-09-16 11:26:31.214,417.4103429571315,998
2024-09-16 11:26:31.269,417.4388441915052,105
2024-09-16 11:26:31.280,417.41475320455913,98
2024-09-16 11:26:31.324,417.393007976158,1000
2024-09-16 11:26:31.329,417.4372817082309,6
2024-09-16 11:26:31.410,417.371368442513,13
2024-09-16 11:26:31.509,417.40711056856816,14
2024-09-16 11:26:31.729,417.3975183207368,1005
2024-09-16 11:26:31.742,417.3768363979791,99
2024-09-16 11:26:31.744,417.4535464159711,1005
2024-09-16 11:26:31.767,,13
2024-09-16 11:26:31.791,417.4054282061356,15
2024-09-16 11:26:31.871,417.3791280155576,102
2024-09-16 11:26:31.945,,14
2024-09-16 11:26:31.967,417.38287542710106,101
2024-09-16 11:26:32.020,417.47350603788,99
2024-09-16 11:26:32.051,417.47444099265215,999
2024-09-16 11:26:32.056,417.4748887904808,1000
2024-09-16 11:26:32.125,417.456669837129,1001
2024-09-16 11:26:32.158,417.4529814854697,105
2024-09-16 11:26:32.162,417.448549454202,12
2024-09-16 11:26:32.188,417.4401844163573,1002
2024-09-16 11:26:32.234,417.4834306264976,11
2024-09-16 11:26:32.257,417.450516077698,9
2024-09-16 11:26:32.290,417.4661768111972,97
2024-09-16 11:26:32.321,417.4536665449896,14
2024-09-16 11:26:32.370,417.4483976757805,102
2024-09-16 11:26:32.429,417.4337141228875,9
2024-09-16 11:26:32.438,417.4325460069935,100
2024-09-16 11:26:32.524,417.4418883497361,5
2024-09-16 11:26:32.544,417.4503355207809,104
2024-09-16 11:26:32.554,417.44638684575,104
2024-09-16 11:26:32.557,417.4510194286504,996
2024-09-16 11:26:32.644,417.4628227396154,104
2024-09-16 11:26:32.666,417.4711702369714,998
2024-09-16 11:26:32.680,417.4324238090161,998
2024-09-16 11:26:32.682,417.476833112957,100
2024-09-16 11:26:32.767,417.4203460114068,103
2024-09-16 11:26:32.797,417.44261614672666,100
2024-09-16 11:26:32.862,-417.48190527358827,95
2024-09-16 11:26:32.969,417.4283700732087,102
2024-09-16 11:26:33.003,417.5067611175109,1000
2024-09-16 11:26:33.036,417.48678935675366,14
2024-09-16 11:26:33.069,417.5214834167159,996
2024-09-16 11:26:33.085,417.4827971173775,105
2024-09-16 11:26:33.110,417.4894762616164,95
2024-09-16 11:26:33.159,417.5248196814406,1001
2024-09-16 11:26:33.172,417.4689040059157,1003
2024-09-16 11:26:33.172,417.5123803953506,998
2024-09-16 11:26:33.219,417.5196518094799,99
2024-09-16 11:26:33.239,417.4918094095883,1004
2024-09-16 11:26:33.264,417.4975074338766,11
2024-09-16 11:26:33.265,417.487490938496,1001
2024-09-16 11:26:33.273,417.45968122438376,9
2024-09-16 11:26:33.348,417.50818529518494,7
2024-09-16 11:26:33.410,417.4908353842985,98
2024-09-16 11:26:33.482,417.4966206727414,1002
2024-09-16 11:26:33.487,417.4874016560324,9
2024-09-16 11:26:33.529,417.4753922621085,9
2024-09-16 11:26:33.581,417.47386154417154,97
2024-09-16 11:26:33.683,417.4988424738428,105
2024-09-16 11:26:33.726,417.5207646971373,1004
2024-09-16 11:26:33.730,417.4545085605119,10
2024-09-16 11:26:33.740,417.5143621636075,95
2024-09-16 11:26:33.808,417.52657423441343,1003
2024-09-16 11:26:33.842,417.4766146604586,997
2024-09-16 11:26:33.911,417.4954748069858,998
2024-09-16 11:26:33.943,417.4809119580776,103
2024-09-16 11:26:33.946,417.4914704018671,101
2024-09-16 11:26:33.959,417.4926073118576,995
2024-09-16 11:26:33.988,417.4621549985076,14
2024-09-16 11:26:34.003,417.5626337975634,1003
2024-09-16 11:26:34.005,417.51200987787,99
2024-09-16 11:26:34.007,417.442013346377,96
2024-09-16 11:26:34.074,417.4614320114175,1000
2024-09-16 11:26:34.086,417.5154975086496,1004
2024-09-16 11:26:34.104,417.5056660919244,1002
2024-09-16 11:26:34.202,417.55510907377936,99
2024-09-16 11:26:34.224,417.5093773229378,5
2024-09-16 11:26:34.276,417.5399846135951,5
2024-09-16 11:26:34.276,417.5290408262739,6
2024-09-16 11:26:34.349,417.46180995765775,1001
2024-09-16 11:26:34.371,417.4714340224058,8
2024-09-16 11:26:34.379,417.4901543315468,104
2024-09-16 11:26:34.385,417.4492331761318,104
2024-09-16 11:26:34.457,417.4676859207949,996
2024-09-16 11:26:34.558,417.46081298529424,11
2024-09-16 11:26:34.593,417.4532318088885,11
2024-09-16 11:26:34.602,417.5080417411905,102
2024-09-16 11:26:34.654,417.4562870722344,1004
2024-09-16 11:26:34.690,417.4595338295459,102
2024-09-16 11:26:34.757,417.4469762576206,12
2024-09-16 11:26:34.782,417.46601241596784,102
2024-09-16 11:26:34.833,417.4620002462968,11
2024-09-16 11:26:34.866,417.4457043195041,995
2024-09-16 11:26:34.873,417.4490819270773,15
2024-09-16 11:26:34.900,417.5222451110911,15
2024-09-16 11:26:34.915,417.51162646995857,99
2024-09-16 11:26:34.942,417.50507601858783,12
2024-09-16 11:26:35.003,417.5626266360088,7
2024-09-16 11:26:35.010,417.5622117322538,13
2024-09-16 11:26:35.106,417.5329485011063,1005
2024-09-16 11:26:35.226,417.5060402043201,6
2024-09-16 11:26:35.227,417.49302240533393,97
2024-09-16 11:26:35.332,417.5110240625435,103
2024-09-16 11:26:35.356,417.5338785288064,98
2024-09-16 11:26:35.389,417.5253548877001,104
2024-09-16 11:26:35.411,417.5233994346557,100
2024-09-16 11:26:35.420,417.5401417389466,103
2024-09-16 11:26:35.476,417.5469727122262,95
2024-09-16 11:26:35.499,417.5598600726759,11
2024-09-16 11:26:35.543,417.50290731327726,997
2024-09-16 11:26:35.581,417.55257914098286,6
2024-09-16 11:26:35.645,417.5877916641269,998
2024-09-16 11:26:35.673,417.4930679763091,1003
2024-09-16 11:26:35.730,417.5585539593151,996
2024-09-16 11:26:35.754,417.5043918657359,96
2024-09-16 11:26:35.825,417.5769548464344,7
2024-09-16 11:26:35.828,417.5455338391261,95
2024-09-16 11:26:35.849,417.56440105404,98
2024-09-16 11:26:35.869,417.548864359481,11
2024-09-16 11:26:35.878,417.5649097370712,104
2024-09-16 11:26:35.901,417.51303483451727,104
2024-09-16 11:26:35.927,417.596684455671,1005
2024-09-16 11:26:35.954,417.5644834906636,102
2024-09-16 11:26:35.955,417.4915283647592,996
2024-09-16 11:26:35.969,417.546914035908,95
2024-09-16 11:26:35.983,417.5116318306885,1000
2024-09-16 11:26:36.187,417.60917701858136,96
2024-09-16 11:26:36.355,417.5726416872797,997
2024-09-16 11:26:36.678,41.75906804848278,103
2024-09-16 11:26:36.808,417.5662580480597,1005
2024-09-16 11:26:37.045,417.5179197763673,95
2024-09-16 11:26:37.047,417.51679034044895,101
2024-09-16 11:26:37.055,417.5400132183928,5
2024-09-16 11:26:37.063,417.5057146543523,996
2024-09-16 11:26:37.152,417.524297330448,97
2024-09-16 11:26:37.273,,12
2024-09-16 11:26:37.357,417.5133470910805,95
2024-09-16 11:26:37.374,,96
2024-09-16 11:26:37.400,417.5148358366706,104
2024-09-16 11:26:37.406,417.5324537412597,96
2024-09-16 11:26:37.408,417.5282318337634,102
2024-09-16 11:26:37.411,417.5075125822432,12
2024-09-16 11:26:37.422,417.5252433318993,99
2024-09-16 11:26:37.425,417.4968468573401,5
2024-09-16 11:26:37.598,417.5193087284864,95
2024-09-16 11:26:37.662,417.52822493809657,998
2024-09-16 11:26:37.667,417.50697627988086,997
2024-09-16 11:26:37.670,417.49631300062777,12
2024-09-16 11:26:37.672,417.5203455671148,995
2024-09-16 11:26:37.694,417.5120214362646,5
2024-09-16 11:26:37.695,417.5087381545011,1005
2024-09-16 11:26:37.726,417.5054208512172,96
2024-09-16 11:26:37.733,417.4890215240289,95
2024-09-16 11:26:37.784,417.4923613923076,996
2024-09-16 11:26:37.801,417.5111452607199,996
2024-09-16 11:26:37.819,417.4796003192491,95
2024-09-16 11:26:37.938,417.5169450453248,10
2024-09-16 11:26:37.968,417.484801829073,15
2024-09-16 11:26:37.983,417.5492410629163,1001
2024-09-16 11:26:38.087,417.5489024321104,11
2024-09-16 11:26:38.136,417.641762353838,9
2024-09-16 11:26:38.263,417.6118749912861,104
2024-09-16 11:26:38.265,417.64167374908897,1004
2024-09-16 11:26:38.267,417.60997588582296,1003
2024-09-16 11:26:38.277,417.65497712477503,1003
2024-09-16 11:26:38.324,417.6516659834901,96
2024-09-16 11:26:38.341,417.6571736313231,995
2024-09-16 11:26:38.507,417.6351083187458,9
2024-09-16 11:26:38.525,417.5710282561354,95
2024-09-16 11:26:38.640,417.6216017104017,104
2024-09-16 11:26:38.715,417.64065083955467,99
2024-09-16 11:26:38.803,417.659354427251,105
2024-09-16 11:26:38.899,417.63599888321295,996
2024-09-16 11:26:38.913,417.663350009913,101
2024-09-16 11:26:38.926,,98
2024-09-16 11:26:38.929,417.59760130477775,102
2024-09-16 11:26:38.951,417.66232363605815,7
2024-09-16 11:26:38.995,417.5599331953041,96
2024-09-16 11:26:39.028,417.5883935047213,100
2024-09-16 11:26:39.067,417.5872991577814,999
2024-09-16 11:26:39.116,417.6031886209793,11
2024-09-16 11:26:39.174,417.5959095298741,12
2024-09-16 11:26:39.234,417.584964360112,100
2024-09-16 11:26:39.237,417.5925140749801,95
2024-09-16 11:26:39.254,417.63852074726384,104
2024-09-16 11:26:39.260,417.5733661603141,14
2024-09-16 11:26:39.329,417.6421320265333,1000
2024-09-16 11:26:39.362,417.5636524232691,103
2024-09-16 11:26:39.461,417.6028102379405,103
2024-09-16 11:26:39.493,417.6285135712195,1003
2024-09-16 11:26:39.521,417.5677237240827,998
2024-09-16 11:26:39.590,417.6088623877615,999
2024-09-16 11:26:39.696,41.7585909185633,103
2024-09-16 11:26:39.701,417.5902885218608,1004
2024-09-16 11:26:39.740,417.5886387602598,14
2024-09-16 11:26:39.760,417.5858054056294,7
2024-09-16 11:26:39.837,417.6076286943689,995
2024-09-16 11:26:39.861,417.5802448703553,104
2024-09-16 11:26:39.889,417.6281056968999,9
2024-09-16 11:26:39.943,417.6392263206903,1000
2024-09-16 11:26:39.962,417.6173950792232,98
2024-09-16 11:26:40.037,417.5443186449739,997
2024-09-16 11:26:40.055,417.5353542460289,103
2024-09-16 11:26:40.066,417.5467457287382,15
2024-09-16 11:26:40.093,417.4955884398621,6
2024-09-16 11:26:40.144,417.5616863782855,99
2024-09-16 11:26:40.163,417.55418301698495,14
2024-09-16 11:26:40.186,417.5518964834972,7
2024-09-16 11:26:40.206,417.54125312054975,103
2024-09-16 11:26:40.252,417.5583057875958,996
2024-09-16 11:26:40.289,417.5365988600597,98
2024-09-16 11:26:40.303,417.5053173316496,997
2024-09-16 11:26:40.380,417.5316905014718,13
2024-09-16 11:26:40.419,417.5289149895674,995
2024-09-16 11:26:40.426,417.54186744493,13
2024-09-16 11:26:40.502,-417.5373024909081,99
2024-09-16 11:26:40.509,417.5162339112702,104
2024-09-16 11:26:40.544,417.535586236998,99
2024-09-16 11:26:40.606,417.5450885478083,103
2024-09-16 11:26:40.641,-417.5477323330403,1001
2024-09-16 11:26:40.650,417.52831639492473,14
2024-09-16 11:26:40.716,417.5605701360556,11
2024-09-16 11:26:40.720,417.52783239817154,98
2024-09-16 11:26:40.736,417.5397032321487,99
2024-09-16 11:26:40.742,417.56737115446094,5
2024-09-16 11:26:40.756,417.5853917218413,1003
2024-09-16 11:26:40.766,417.5198027560347,15
2024-09-16 11:26:40.900,417.5283117587287,14
2024-09-16 11:26:40.956,417.5447531054545,99
2024-09-16 11:26:40.973,417.6001071433855,100
2024-09-16 11:26:40.996,417.53804364782246,8
2024-09-16 11:26:41.134,417.55695423880536,1004
2024-09-16 11:26:41.139,417.5299581915558,8
2024-09-16 11:26:41.223,417.5295618533851,13
2024-09-16 11:26:41.402,417.5586634445808,1000
2024-09-16 11:26:41.720,417.5731406866225,7
2024-09-16 11:26:41.896,,101
2024-09-16 11:26:41.914,417.5597316964231,10
2024-09-16 11:26:41.970,417.5604083757826,13
2024-09-16 11:26:42.015,417.6081378183763,1004
2024-09-16 11:26:42.046,417.5986894158182,100
2024-09-16 11:26:42.052,417.5341928851606,96
2024-09-16 11:26:42.120,417.6203332216105,998
2024-09-16 11:26:42.151,417.6142086687153,998
2024-09-16 11:26:42.152,417.6052812718259,5
2024-09-16 11:26:42.176,417.59956297678366,15
2024-09-16 11:26:42.178,417.55422348455903,1005
2024-09-16 11:26:42.179,417.5988302969616,998
2024-09-16 11:26:42.186,417.6239791194475,1000
2024-09-16 11:26:42.228,417.63593763468896,13
2024-09-16 11:26:42.325,417.55439835426193,105
2024-09-16 11:26:42.329,417.6452953578552,100
2024-09-16 11:26:42.358,417.5596847661826,98
2024-09-16 11:26:42.368,417.53015228318986,6
2024-09-16 11:26:42.434,417.6078439486043,12
2024-09-16 11:26:42.452,417.548919607843,8
2024-09-16 11:26:42.517,417.630641945482,99
2024-09-16 11:26:42.543,417.56559225749527,997
2024-09-16 11:26:42.616,417.5438663905904,11
2024-09-16 11:26:42.653,417.6112913486608,103
2024-09-16 11:26:42.684,417.5541247735568,11
2024-09-16 11:26:42.695,41.75481486552474,100
2024-09-16 11:26:42.806,417.5635097231827,998
2024-09-16 11:26:42.879,417.6110750589149,5
2024-09-16 11:26:42.933,417.6143038662965,102
2024-09-16 11:26:42.946,417.6209160330951,1004
2024-09-16 11:26:42.970,417.60602087883234,7
2024-09-16 11:26:42.991,417.6253060224103,996
2024-09-16 11:26:42.991,417.63494930485547,1001
2024-09-16 11:26:43.055,417.4983742716375,1000
2024-09-16 11:26:43.089,417.55462837680193,9
2024-09-16 11:26:43.090,417.5173024949307,12
2024-09-16 11:26:43.093,417.5259943330081,105
2024-09-16 11:26:43.188,417.5313584364607,5
2024-09-16 11:26:43.215,417.5073441243085,11
2024-09-16 11:26:43.218,417.5275636900055,7
2024-09-16 11:26:43.237,417.5142048549371,15
2024-09-16 11:26:43.264,417.5304420153278,999
2024-09-16 11:26:43.264,417.5227903935578,10
2024-09-16 11:26:43.307,417.5068977552209,99
2024-09-16 11:26:43.324,417.5078350142684,14
2024-09-16 11:26:43.365,417.52784550333206,10
2024-09-16 11:26:43.432,417.5133463096356,13
2024-09-16 11:26:43.447,417.5228455147986,15
2024-09-16 11:26:43.510,417.52132845350985,95
2024-09-16 11:26:43.562,417.51708773497467,995
2024-09-16 11:26:43.570,417.5138844655224,9
2024-09-16 11:26:43.606,417.5209260971257,6
2024-09-16 11:26:43.662,417.4798899089983,1002
2024-09-16 11:26:43.676,417.513886021009,997
2024-09-16 11:26:43.682,417.5335968749548,103
2024-09-16 11:26:43.703,417.524049476653,996
2024-09-16 11:26:43.809,417.529280673287,999
2024-09-16 11:26:43.890,417.5254205317975,1002
2024-09-16 11:26:43.896,417.51402054711417,105
2024-09-16 11:26:43.910,417.5697770577703,15
2024-09-16 11:26:43.921,-417.51115816225166,97
2024-09-16 11:26:43.990,417.5287215359094,14
2024-09-16 11:26:44.015,417.4935442709546,13
2024-09-16 11:26:44.017,417.47767759750303,6
2024-09-16 11:26:44.037,417.4683980493837,1003
2024-09-16 11:26:44.086,417.4851055835268,15
2024-09-16 11:26:44.209,417.4545377858051,102
2024-09-16 11:26:44.308,417.4878181397088,97
2024-09-16 11:26:44.353,417.4494325191134,102
2024-09-16 11:26:44.420,417.46839563670017,98
2024-09-16 11:26:44.435,417.4726609600502,97
2024-09-16 11:26:44.537,417.46397775964215,996
2024-09-16 11:26:44.541,417.4613825816636,96
2024-09-16 11:26:44.556,417.4747569973673,9
2024-09-16 11:26:44.583,417.478249515236,997
2024-09-16 11:26:44.588,417.491800108912,95
2024-09-16 11:26:44.700,417.4649348097928,103
2024-09-16 11:26:44.803,417.4693981147437,1002
2024-09-16 11:26:44.806,417.4671398761728,100
2024-09-16 11:26:44.846,417.484638372804,6
2024-09-16 11:26:44.977,417.4811878386208,103
2024-09-16 11:26:44.984,417.4844804419967,8
2024-09-16 11:26:45.110,417.5005512505677,995
2024-09-16 11:26:45.112,417.51602026297945,13
2024-09-16 11:26:45.218,417.4648253596819,101
2024-09-16 11:26:45.228,417.5135574597389,13
2024-09-16 11:26:45.261,417.5152369026319,7
2024-09-16 11:26:45.261,417.457894159221,104
2024-09-16 11:26:45.342,417.49414893943504,6
2024-09-16 11:26:45.366,417.4796323712485,14
2024-09-16 11:26:45.392,417.5040670562028,13
2024-09-16 11:26:45.541,417.5120265718258,99
2024-09-16 11:26:45.560,417.49615694867686,7
2024-09-16 11:26:45.574,417.5066861779621,104
2024-09-16 11:26:45.643,417.5089129841227,95
2024-09-16 11:26:45.667,417.4990217030251,10
2024-09-16 11:26:45.677,417.51602887187295,104
2024-09-16 11:26:45.735,417.5149043914252,105
2024-09-16 11:26:45.745,417.5215145518503,101
2024-09-16 11:26:45.787,417.4943798216549,1004
2024-09-16 11:26:45.788,417.51734755858894,1002
2024-09-16 11:26:45.820,417.52058609351786,996
2024-09-16 11:26:45.860,417.4938973062734,7
2024-09-16 11:26:45.897,417.4694494836544,97
2024-09-16 11:26:45.909,,1002
2024-09-16 11:26:45.962,417.5200142139032,1004
2024-09-16 11:26:45.991,417.5050385165665,10
2024-09-16 11:26:46.021,417.49952882621017,996
2024-09-16 11:26:46.027,417.5270918466488,98
2024-09-16 11:26:46.055,417.4918670330224,13
2024-09-16 11:26:46.065,417.5246799320107,101
2024-09-16 11:26:46.075,417.5119618982124,9
2024-09-16 11:26:46.095,417.5083626664326,999
2024-09-16 11:26:46.184,417.5027412757287,1003
2024-09-16 11:26:46.251,-417.5146771065741,15
2024-09-16 11:26:46.253,417.52194454198747,102
2024-09-16 11:26:46.286,417.5325601491359,997
2024-09-16 11:26:46.306,417.5032355325354,1002
2024-09-16 11:26:46.556,417.5298775701095,1005
2024-09-16 11:26:46.649,417.4916756710275,998
2024-09-16 11:26:46.777,417.49869803239017,101
2024-09-16 11:26:46.803,417.5398025940481,11
2024-09-16 11:26:46.862,417.5083580216344,105
2024-09-16 11:26:46.956,417.5075337865348,1004
2024-09-16 11:26:46.986,417.5105572248887,14
2024-09-16 11:26:46.994,417.4975749870521,97
2024-09-16 11:26:47.143,417.52032127847264,98
2024-09-16 11:26:47.480,417.5181439709092,1005
2024-09-16 11:26:47.619,417.52023636980937,9
2024-09-16 11:26:47.684,417.50869789804767,1005
2024-09-16 11:26:47.900,417.50945416280666,999
2024-09-16 11:26:47.996,417.5056471573748,13
2024-09-16 11:26:48.011,417.5494116072569,1002
2024-09-16 11:26:48.023,417.56465156630526,11
2024-09-16 11:26:48.026,417.574680227516,1005
2024-09-16 11:26:48.043,417.5363217256933,7
2024-09-16 11:26:48.069,417.5277429137713,7
2024-09-16 11:26:48.106,,1003
2024-09-16 11:26:48.129,417.5542365782116,10
2024-09-16 11:26:48.169,417.5385169321116,1000
2024-09-16 11:26:48.207,417.5120645229509,1002
2024-09-16 11:26:48.216,417.5335289997296,99
2024-09-16 11:26:48.240,-417.5514893475415,999
2024-09-16 11:26:48.248,417.5337622484719,104
2024-09-16 11:26:48.266,417.5313050158564,96
2024-09-16 11:26:48.388,417.55186893606975,11
2024-09-16 11:26:48.494,417.5528411246927,10
2024-09-16 11:26:48.524,417.55688288262144,105
2024-09-16 11:26:48.540,417.53298894084855,1005
2024-09-16 11:26:48.575,417.5283946369016,12
2024-09-16 11:26:48.583,417.5330799837399,6
2024-09-16 11:26:48.598,417.54558996966927,96
2024-09-16 11:26:48.655,417.5267139667332,1005
2024-09-16 11:26:48.683,417.5470124990289,97
2024-09-16 11:26:48.755,417.5132937078096,14
2024-09-16 11:26:48.787,417.5262015261266,95
2024-09-16 11:26:48.792,417.54191409162354,15
2024-09-16 11:26:48.809,417.5928318043025,1003
2024-09-16 11:26:48.834,417.55219776155593,1000
2024-09-16 11:26:48.844,417.5529842817662,14
2024-09-16 11:26:48.882,417.5634848274388,1005
2024-09-16 11:26:48.982,417.5363448782846,15
2024-09-16 11:26:49.059,417.49021858555,998
2024-09-16 11:26:49.113,417.50025118374816,103
2024-09-16 11:26:49.162,417.5313190035409,98
2024-09-16 11:26:49.191,417.5480836936041,13
2024-09-16 11:26:49.231,417.5098027541156,1001
2024-09-16 11:26:49.234,417.5566307110621,14
2024-09-16 11:26:49.268,417.5015283594196,5
2024-09-16 11:26:49.299,417.5307574232591,1005
2024-09-16 11:26:49.340,417.54705831393153,5
2024-09-16 11:26:49.392,417.5145703338446,9
2024-09-16 11:26:49.428,417.5084567915536,999
2024-09-16 11:26:49.432,417.48171722757735,5
2024-09-16 11:26:49.482,417.5308654708913,97
2024-09-16 11:26:49.521,417.55382015215855,1000
2024-09-16 11:26:49.592,417.5049267639935,1002
2024-09-16 11:26:49.633,417.5390093890061,6
2024-09-16 11:26:49.637,417.5054578296837,95
2024-09-16 11:26:49.760,417.5371905020663,9
2024-09-16 11:26:49.790,417.5026809883814,14
2024-09-16 11:26:49.795,417.5494366704233,98
2024-09-16 11:26:49.980,417.4915304839796,999
2024-09-16 11:26:50.361,417.5247420296492,98
2024-09-16 11:26:50.643,417.54020493144975,103
2024-09-16 11:26:50.763,417.548258265,1002
2024-09-16 11:26:51.032,417.5407417486364,104
2024-09-16 11:26:51.201,417.5483063535673,995
2024-09-16 11:26:51.333,417.5085339543013,1004
2024-09-16 11:26:51.353,417.5343567485468,7
2024-09-16 11:26:51.401,417.52541907400274,999
2024-09-16 11:26:51.442,417.5077906839566,8
2024-09-16 11:26:51.505,417.5464564495479,995
2024-09-16 11:26:51.537,417.5314224550467,96
2024-09-16 11:26:51.571,417.5530440117644,104
2024-09-16 11:26:51.663,417.5236053994955,9
2024-09-16 11:26:51.746,417.51758776587616,1004
2024-09-16 11:26:51.860,417.5096816287719,1001
2024-09-16 11:26:52.071,417.51172230277786,100
2024-09-16 11:26:52.179,417.4791820221383,5
2024-09-16 11:26:52.252,417.5524845245267,1003
2024-09-16 11:26:52.318,417.5113651871607,5
2024-09-16 11:26:52.348,417.51681364076455,11
2024-09-16 11:26:52.353,417.4965033117701,10
2024-09-16 11:26:52.491,417.49436979537205,996
2024-09-16 11:26:52.553,417.5438003375144,1003
2024-09-16 11:26:52.566,417.5379008910591,1003
2024-09-16 11:26:52.606,417.5423774916305,5
2024-09-16 11:26:52.873,417.4779537336459,1002
2024-09-16 11:26:52.932,417.54615913580267,6
2024-09-16 11:26:53.010,417.45957057179913,8
2024-09-16 11:26:53.034,417.43370842453294,996
2024-09-16 11:26:53.052,-417.4851745025168,5
2024-09-16 11:26:53.127,417.515481960806,12
2024-09-16 11:26:53.146,417.4610930775081,9
2024-09-16 11:26:53.159,417.4957455056285,1001
2024-09-16 11:26:53.246,417.4595304615735,8
2024-09-16 11:26:53.273,417.4922931801961,1001
2024-09-16 11:26:53.290,417.53172909563233,1000
2024-09-16 11:26:53.311,417.5445919275484,101
2024-09-16 11:26:53.343,417.5069344932791,98
2024-09-16 11:26:53.417,417.5055439181321,8
2024-09-16 11:26:53.422,417.5045915364685,5
2024-09-16 11:26:53.445,417.46512150183895,97
2024-09-16 11:26:53.455,417.52194674383503,11
2024-09-16 11:26:53.456,417.51790262272914,999
2024-09-16 11:26:53.537,417.544998933424,99
2024-09-16 11:26:53.609,-417.4594596212736,14
2024-09-16 11:26:53.611,417.4441645387583,97
2024-09-16 11:26:53.616,417.4698786442263,100
2024-09-16 11:26:53.627,417.5013612380549,997
2024-09-16 11:26:53.717,417.4552079066953,1005
2024-09-16 11:26:53.724,417.4541635274884,5
2024-09-16 11:26:53.752,417.4727511405036,7
2024-09-16 11:26:53.826,417.4717117504882,12
2024-09-16 11:26:53.891,417.4976672001287,9
2024-09-16 11:26:53.909,417.4783916537628,102
2024-09-16 11:26:53.936,417.4539923627766,1003
2024-09-16 11:26:53.937,417.5070833579042,103
2024-09-16 11:26:53.970,-417.4527431271746,14
2024-09-16 11:26:54.342,417.42583158533023,104
2024-09-16 11:26:54.458,417.4228870871782,997
2024-09-16 11:26:54.503,417.42287190677513,999
2024-09-16 11:26:54.567,417.4341789872323,998
2024-09-16 11:26:54.646,-417.399860519663,999
2024-09-16 11:26:54.676,417.4385734346728,1003
2024-09-16 11:26:54.744,417.42194222063847,997
2024-09-16 11:26:54.776,417.4135700892354,998
2024-09-16 11:26:54.844,417.4119796769063,995
2024-09-16 11:26:55.036,417.35565183776345,13
2024-09-16 11:26:55.093,417.36353005371785,6
2024-09-16 11:26:55.100,417.3512615095738,96
2024-09-16 11:26:55.148,417.3458093590943,103
2024-09-16 11:26:55.159,417.3467859645052,1003
2024-09-16 11:26:55.197,417.3891313951824,102
2024-09-16 11:26:55.324,417.3565344921182,95
2024-09-16 11:26:55.522,417.3730039878531,1005
2024-09-16 11:26:55.551,417.3528547224462,7
2024-09-16 11:26:55.704,417.38179322167474,98
2024-09-16 11:26:55.727,417.3640347059261,1000
2024-09-16 11:26:55.756,417.3602703876968,1000
2024-09-16 11:26:55.774,417.3806555786345,1002
2024-09-16 11:26:55.829,417.3584252166176,104
2024-09-16 11:26:55.844,417.3901279064292,95
2024-09-16 11:26:55.862,417.3878612876596,101
2024-09-16 11:26:55.963,417.3633689373816,1005
2024-09-16 11:26:56.230,417.3424958587245,997
2024-09-16 11:26:56.304,417.3186770914887,105
2024-09-16 11:26:56.317,417.3270840917713,15
2024-09-16 11:26:56.352,417.3232879526888,14
2024-09-16 11:26:56.374,417.3369271924146,5
2024-09-16 11:26:56.375,417.3311987379472,15
2024-09-16 11:26:56.516,417.32959147217866,6
2024-09-16 11:26:56.518,417.3485040599517,1002
2024-09-16 11:26:56.597,417.3399532397709,103
2024-09-16 11:26:56.599,417.3369674162992,1005
2024-09-16 11:26:56.604,417.317047968617,1000
2024-09-16 11:26:56.748,417.33856798624026,1003
2024-09-16 11:26:56.840,417.3415710273744,1004
2024-09-16 11:26:56.844,417.3214333963244,95
2024-09-16 11:26:56.879,417.3429162979821,103
2024-09-16 11:26:56.962,417.32054814916125,14
2024-09-16 11:26:57.015,417.3353047670841,13
2024-09-16 11:26:57.075,417.3011888700465,101
2024-09-16 11:26:57.104,417.306881829265,996
2024-09-16 11:26:57.117,417.3259372383799,97
2024-09-16 11:26:57.200,41.73293631304937,102
2024-09-16 11:26:57.217,417.3045758185088,105
2024-09-16 11:26:57.226,417.3220115340331,11
2024-09-16 11:26:57.303,417.3404240725635,8
2024-09-16 11:26:57.327,417.33621891869,98
2024-09-16 11:26:57.408,417.3471061307566,97
2024-09-16 11:26:57.592,417.3383029777049,1005
2024-09-16 11:26:57.729,417.32237768134667,5
2024-09-16 11:26:57.743,417.3064308178109,10
2024-09-16 11:26:57.790,417.337051372432,1004
2024-09-16 11:26:57.828,417.29686498365874,103
2024-09-16 11:26:57.842,417.3167197700441,7
2024-09-16 11:26:57.907,417.2948630013922,8
2024-09-16 11:26:57.971,417.3010251276612,13
2024-09-16 11:26:57.997,417.3190231927535,14
2024-09-16 11:26:58.036,417.3442785013797,15
2024-09-16 11:26:58.038,417.41536128296497,14
2024-09-16 11:26:58.070,417.4072164813989,1003
2024-09-16 11:26:58.104,417.3378973201144,99
2024-09-16 11:26:58.194,417.4066647634746,1001
2024-09-16 11:26:58.212,417.34647459386,7
2024-09-16 11:26:58.241,417.3526851587661,996
2024-09-16 11:26:58.282,417.331381256923,11
2024-09-16 11:26:58.462,417.348932556484,999
2024-09-16 11:26:58.490,417.39650234926535,8
2024-09-16 11:26:58.557,417.405727494782,15
2024-09-16 11:26:58.638,417.4039572853958,6
2024-09-16 11:26:58.795,417.3414837860447,99
2024-09-16 11:26:58.822,417.343578179046,98
2024-09-16 11:26:58.885,417.35876624950856,13
2024-09-16 11:26:58.914,417.3973004272526,1001
2024-09-16 11:26:58.935,417.4182174205634,997
2024-09-16 11:26:58.940,417.3411719855805,1000
2024-09-16 11:26:58.998,417.3777331862742,8
2024-09-16 11:26:59.168,417.3753758743863,12
2024-09-16 11:26:59.176,417.3643614359098,98
2024-09-16 11:26:59.341,417.3316714900069,11
2024-09-16 11:26:59.452,417.3310723489943,100
2024-09-16 11:26:59.549,-417.3880404247971,8
2024-09-16 11:26:59.572,417.3741704124206,98
2024-09-16 11:26:59.686,417.3512588057307,100
2024-09-16 11:26:59.697,417.39423430661816,9
2024-09-16 11:26:59.771,417.3520929547503,15
2024-09-16 11:26:59.899,417.3688808632325,101
2024-09-16 11:26:59.915,417.3777721490189,100
2024-09-16 11:26:59.992,417.3387951459072,995
