Timestamp,Price,Size
2024-09-18 09:32:00.004,407.6188396982828,98
2024-09-18 09:32:00.046,407.6675538104829,1001
2024-09-18 09:32:00.057,407.68115656668414,101
2024-09-18 09:32:00.081,407.6343087928346,14
2024-09-18 09:32:00.092,407.65452866667295,13
2024-09-18 09:32:00.098,407.6189643662765,11
2024-09-18 09:32:00.113,407.6534331584282,100
2024-09-18 09:32:00.116,407.6282633040976,95
2024-09-18 09:32:00.148,407.6574827106454,15
2024-09-18 09:32:00.191,407.650639040832,1000
2024-09-18 09:32:00.198,407.6758272715512,8
2024-09-18 09:32:00.203,407.67578201932736,9
2024-09-18 09:32:00.274,407.6695158450567,105
2024-09-18 09:32:00.410,407.6466025166674,105
2024-09-18 09:32:00.436,407.6262491277453,10
2024-09-18 09:32:00.446,407.6602276853034,103
2024-09-18 09:32:00.588,407.6539098206324,9
2024-09-18 09:32:00.602,407.6349173812537,11
2024-09-18 09:32:00.716,407.65853338925854,96
2024-09-18 09:32:00.730,407.6858775923033,98
2024-09-18 09:32:00.754,407.65053200298144,103
2024-09-18 09:32:00.762,407.6802604609328,996
2024-09-18 09:32:00.773,407.6708931729232,9
2024-09-18 09:32:00.819,407.631126160857,8
2024-09-18 09:32:00.838,407.66831322809367,13
2024-09-18 09:32:00.890,407.6700070359941,11
2024-09-18 09:32:00.896,407.6573031128217,996
2024-09-18 09:32:00.935,407.6235776897198,8
2024-09-18 09:32:00.972,407.6457452156674,5
2024-09-18 09:32:00.978,407.6455806117254,102
2024-09-18 09:32:01.128,407.726198194246,98
2024-09-18 09:32:01.179,407.70183745133977,11
2024-09-18 09:32:01.349,407.6952730633458,103
2024-09-18 09:32:01.434,407.6745408518414,100
2024-09-18 09:32:01.439,407.7139479650646,102
2024-09-18 09:32:01.471,407.7168584314779,103
2024-09-18 09:32:01.526,407.71164246200135,101
2024-09-18 09:32:01.659,407.72252522778905,9
2024-09-18 09:32:01.708,407.7134619662779,14
2024-09-18 09:32:01.776,407.6943217155088,15
2024-09-18 09:32:02.003,407.71237827597326,99
2024-09-18 09:32:02.066,407.69542712397424,8
2024-09-18 09:32:02.235,407.67384226045095,998
2024-09-18 09:32:02.261,407.6718340911127,999
2024-09-18 09:32:02.263,407.66436752867605,14
2024-09-18 09:32:02.337,407.710734570456,995
2024-09-18 09:32:02.344,407.7249558940153,8
2024-09-18 09:32:02.351,407.69963996501497,998
2024-09-18 09:32:02.386,407.72989254382486,7
2024-09-18 09:32:02.392,407.6659382219012,104
2024-09-18 09:32:02.511,407.6771740649532,102
2024-09-18 09:32:02.569,407.6501643308337,9
2024-09-18 09:32:02.618,407.71629350909313,998
2024-09-18 09:32:02.701,407.6762591681302,1001
2024-09-18 09:32:02.832,407.6927406183941,1003
2024-09-18 09:32:02.878,407.6819161689658,1000
2024-09-18 09:32:03.068,407.6819761410309,100
2024-09-18 09:32:03.089,407.6939139007085,1002
2024-09-18 09:32:03.158,407.58032611177634,105
2024-09-18 09:32:03.263,407.5571504955576,997
2024-09-18 09:32:03.266,407.6718784317744,97
2024-09-18 09:32:03.277,407.6722796239688,998
2024-09-18 09:32:03.292,-407.6821478688346,1003
2024-09-18 09:32:03.341,407.6345468375624,996
2024-09-18 09:32:03.395,407.59831320430703,12
2024-09-18 09:32:03.401,407.6513562398797,103
2024-09-18 09:32:03.407,407.6841161798474,13
2024-09-18 09:32:03.428,407.6841291082122,6
2024-09-18 09:32:03.460,407.69064778592434,14
2024-09-18 09:32:03.510,407.6377299858872,100
2024-09-18 09:32:03.515,407.68601578017785,105
2024-09-18 09:32:03.519,407.69760537934144,1003
2024-09-18 09:32:03.603,407.56398970442257,100
2024-09-18 09:32:03.667,407.5778845931553,102
2024-09-18 09:32:03.687,407.63200629627744,105
2024-09-18 09:32:03.710,407.6888156839711,996
2024-09-18 09:32:03.750,407.5707997380284,103
2024-09-18 09:32:03.772,407.5564754238012,103
2024-09-18 09:32:03.822,407.6673022638191,11
2024-09-18 09:32:03.857,407.6246829814268,97
2024-09-18 09:32:03.868,407.5991233166636,5
2024-09-18 09:32:03.919,407.55287752014704,9
2024-09-18 09:32:03.919,407.6657976962073,100
2024-09-18 09:32:04.064,407.5330381095014,14
2024-09-18 09:32:04.236,407.52341311313614,998
2024-09-18 09:32:04.301,407.4851735202228,5
2024-09-18 09:32:04.420,407.56936822703545,998
2024-09-18 09:32:04.468,407.5197018371758,1005
2024-09-18 09:32:04.490,407.52697237424746,97
2024-09-18 09:32:04.518,407.5260448311117,1003
2024-09-18 09:32:04.648,407.5054940997842,15
2024-09-18 09:32:04.751,407.5450515219743,995
2024-09-18 09:32:04.776,-407.5072835312744,103
2024-09-18 09:32:04.809,407.4884153269627,1000
2024-09-18 09:32:04.836,407.4998611443847,12
2024-09-18 09:32:04.910,407.5066173427953,8
2024-09-18 09:32:04.918,407.5135722904801,5
2024-09-18 09:32:04.925,-407.5465072079586,97
2024-09-18 09:32:05.169,407.5442787067222,997
2024-09-18 09:32:05.246,407.5646285498117,105
2024-09-18 09:32:05.408,407.5384259263221,99
2024-09-18 09:32:05.487,407.5403908222579,95
2024-09-18 09:32:05.705,407.5596648672311,99
2024-09-18 09:32:05.794,407.5439730419723,13
2024-09-18 09:32:05.976,407.5486049499031,11
2024-09-18 09:32:06.038,407.525403190952,996
2024-09-18 09:32:06.308,407.5430892993477,103
2024-09-18 09:32:06.601,407.5310921715491,1004
2024-09-18 09:32:07.226,407.5077217536576,998
2024-09-18 09:32:07.298,407.47372228107326,9
2024-09-18 09:32:07.455,407.48702983459305,997
2024-09-18 09:32:07.538,407.492392482824,7
2024-09-18 09:32:07.568,407.5191112570165,7
2024-09-18 09:32:07.925,407.5174768371792,1004
2024-09-18 09:32:07.947,407.48326380284544,998
2024-09-18 09:32:07.951,407.53100781812,15
2024-09-18 09:32:07.975,407.5166925628145,11
2024-09-18 09:32:08.061,407.4855831124978,101
2024-09-18 09:32:08.247,407.50117550644114,12
2024-09-18 09:32:08.260,407.5123265831848,998
2024-09-18 09:32:08.382,407.50236585015,101
2024-09-18 09:32:08.400,407.499330290905,6
2024-09-18 09:32:08.439,407.48052162885057,100
2024-09-18 09:32:08.517,407.5262452364275,998
2024-09-18 09:32:08.695,407.4992123016486,996
2024-09-18 09:32:08.784,407.48467813234015,999
2024-09-18 09:32:09.050,407.4881279509074,95
2024-09-18 09:32:09.054,407.48277432982064,104
2024-09-18 09:32:09.208,407.4862564960553,13
2024-09-18 09:32:09.310,407.4630582326322,11
2024-09-18 09:32:09.354,407.4580752439044,1000
2024-09-18 09:32:09.405,407.502376048721,101
2024-09-18 09:32:09.606,407.4762049801067,100
2024-09-18 09:32:09.634,407.47009679305785,104
2024-09-18 09:32:09.643,407.48791153193525,15
2024-09-18 09:32:09.666,407.4767267033344,12
2024-09-18 09:32:09.725,407.51106979149694,12
2024-09-18 09:32:09.770,407.454622100424,995
2024-09-18 09:32:09.865,407.4662924753912,101
2024-09-18 09:32:09.937,407.4623461897298,12
2024-09-18 09:32:09.973,407.4881242241224,1005
2024-09-18 09:32:10.031,407.49299182932566,12
2024-09-18 09:32:10.258,407.5195179668745,7
2024-09-18 09:32:10.289,407.4931224912442,15
2024-09-18 09:32:10.428,407.490357372892,1004
2024-09-18 09:32:10.441,407.4946747870611,998
2024-09-18 09:32:10.446,407.4868793346716,1003
2024-09-18 09:32:10.496,407.4944206757935,99
2024-09-18 09:32:10.534,407.5056065590575,995
2024-09-18 09:32:10.622,407.49933438353,1003
2024-09-18 09:32:10.675,407.51735144866944,105
2024-09-18 09:32:10.856,407.5275316661978,100
2024-09-18 09:32:11.056,407.4444383257743,997
2024-09-18 09:32:11.058,407.4681603826055,999
2024-09-18 09:32:11.079,407.5226614231286,99
2024-09-18 09:32:11.104,407.5308791994935,997
2024-09-18 09:32:11.141,407.5160827285764,95
2024-09-18 09:32:11.166,407.4977929014283,11
2024-09-18 09:32:11.203,407.4494697543015,11
2024-09-18 09:32:11.252,407.4437706606137,10
2024-09-18 09:32:11.260,407.4979083605236,11
2024-09-18 09:32:11.276,407.49854247705815,5
2024-09-18 09:32:11.281,407.4712899542144,103
2024-09-18 09:32:11.298,407.5174258833517,9
2024-09-18 09:32:11.305,407.505333841636,6
2024-09-18 09:32:11.399,407.44315472497215,10
2024-09-18 09:32:11.507,407.4384042504367,95
2024-09-18 09:32:11.591,407.4967550309106,995
2024-09-18 09:32:11.651,407.4130960683784,98
2024-09-18 09:32:11.723,407.4271268985713,995
2024-09-18 09:32:11.723,407.41272599927663,12
2024-09-18 09:32:11.893,407.42529530381614,1002
2024-09-18 09:32:11.928,407.4667171018082,12
2024-09-18 09:32:12.047,407.4328895938026,104
2024-09-18 09:32:12.912,407.43428847624193,95
2024-09-18 09:32:13.026,407.49172213364994,995
2024-09-18 09:32:13.087,407.47227519241727,1001
2024-09-18 09:32:13.116,407.51643954950254,5
2024-09-18 09:32:13.211,407.51270326733913,996
2024-09-18 09:32:13.421,407.47833981012496,98
2024-09-18 09:32:13.514,407.51655709250537,10
2024-09-18 09:32:13.702,407.4732362239792,100
2024-09-18 09:32:13.744,407.4487829095206,15
2024-09-18 09:32:13.854,407.5109015666906,9
2024-09-18 09:32:13.965,407.5116184755691,996
2024-09-18 09:32:14.060,407.5517535665722,95
2024-09-18 09:32:14.064,407.58937741265663,7
2024-09-18 09:32:14.085,407.5663860693836,103
2024-09-18 09:32:14.088,407.5823136687978,1002
2024-09-18 09:32:14.115,407.498220717087,5
2024-09-18 09:32:14.150,407.51444519449177,11
2024-09-18 09:32:14.178,407.51999025821374,1001
2024-09-18 09:32:14.284,407.5971579850014,999
2024-09-18 09:32:14.351,407.5303771529555,11
2024-09-18 09:32:14.356,407.51635194657166,95
2024-09-18 09:32:14.416,407.5557199307429,1002
2024-09-18 09:32:14.459,407.48547752253705,6
2024-09-18 09:32:14.479,407.492953958524,8
2024-09-18 09:32:14.586,407.527584016702,99
2024-09-18 09:32:14.588,407.5718038675128,103
2024-09-18 09:32:14.620,407.5232600161344,99
2024-09-18 09:32:14.711,407.5218555374979,102
2024-09-18 09:32:14.720,407.5872885874972,14
2024-09-18 09:32:14.738,407.58151546495935,1000
2024-09-18 09:32:14.798,407.5453316313732,1002
2024-09-18 09:32:14.798,407.4829238386365,11
2024-09-18 09:32:14.816,407.5008437072787,100
2024-09-18 09:32:14.816,407.5248477310929,97
2024-09-18 09:32:14.886,407.4981039719204,102
2024-09-18 09:32:14.912,407.5530951091085,1002
2024-09-18 09:32:14.939,407.5186238996059,98
2024-09-18 09:32:14.945,407.5283599845601,97
2024-09-18 09:32:14.965,407.5220609376965,1001
2024-09-18 09:32:14.982,407.5983885125663,101
2024-09-18 09:32:14.989,407.55658614924096,1003
2024-09-18 09:32:15.096,407.5626191252848,96
2024-09-18 09:32:15.099,407.5568585056752,105
2024-09-18 09:32:15.197,407.5646904024497,100
2024-09-18 09:32:15.205,407.5918002311243,996
2024-09-18 09:32:15.247,407.56519758800266,10
2024-09-18 09:32:15.285,407.5505690098736,1002
2024-09-18 09:32:15.368,407.565651563499,102
2024-09-18 09:32:15.437,407.5412059662773,1002
2024-09-18 09:32:15.529,407.5432809627704,14
2024-09-18 09:32:15.578,407.55741096457257,100
2024-09-18 09:32:15.621,407.54681098425016,11
2024-09-18 09:32:15.639,407.5523535436566,101
2024-09-18 09:32:15.687,407.5640538833898,999
2024-09-18 09:32:15.736,407.56992057409366,96
2024-09-18 09:32:15.747,407.5757285246367,13
2024-09-18 09:32:15.770,407.57657114400257,1000
2024-09-18 09:32:15.771,407.5400713935744,995
2024-09-18 09:32:15.771,407.5855469522489,13
2024-09-18 09:32:15.777,407.58106397665335,97
2024-09-18 09:32:15.831,407.5500534769246,96
2024-09-18 09:32:15.881,407.5518327678266,8
2024-09-18 09:32:15.891,407.5686334102057,9
2024-09-18 09:32:16.041,407.4488002487952,1002
2024-09-18 09:32:16.195,407.4459636719658,11
2024-09-18 09:32:16.196,407.5171442874356,10
2024-09-18 09:32:16.240,407.48283395034815,8
2024-09-18 09:32:16.302,407.5095273253908,1004
2024-09-18 09:32:16.489,407.509900040048,6
2024-09-18 09:32:16.508,407.4633882764257,1005
2024-09-18 09:32:16.644,407.4856040462879,102
2024-09-18 09:32:16.658,407.45263023805234,10
2024-09-18 09:32:16.756,407.5151989446143,102
2024-09-18 09:32:16.803,407.4508600787746,99
2024-09-18 09:32:16.880,407.5202571839399,996
2024-09-18 09:32:16.888,407.4945157311557,15
2024-09-18 09:32:16.927,407.4575730948536,1002
2024-09-18 09:32:16.989,407.4764732027265,102
2024-09-18 09:32:17.065,407.5656942324674,102
2024-09-18 09:32:17.075,407.5295123951233,11
2024-09-18 09:32:17.158,407.5078014902325,15
2024-09-18 09:32:17.204,407.504449741526,1004
2024-09-18 09:32:17.253,407.4824439576959,14
2024-09-18 09:32:17.269,407.4585040566674,5
2024-09-18 09:32:17.284,407.4874537551661,1001
2024-09-18 09:32:17.304,407.4911745727192,1000
2024-09-18 09:32:17.323,407.5290333322397,12
2024-09-18 09:32:17.376,407.4679858671345,5
2024-09-18 09:32:17.385,407.4688268703202,104
2024-09-18 09:32:17.487,407.5406154597606,100
2024-09-18 09:32:17.558,407.5467129004002,6
2024-09-18 09:32:17.564,407.4974507774439,999
2024-09-18 09:32:17.638,407.5420551976333,5
2024-09-18 09:32:17.650,407.4941498636951,1000
2024-09-18 09:32:17.701,407.5330752997298,104
2024-09-18 09:32:17.734,407.5172596118026,98
2024-09-18 09:32:17.748,407.4757524948532,7
2024-09-18 09:32:17.771,407.55160943973567,105
2024-09-18 09:32:17.956,407.478320753984,6
2024-09-18 09:32:17.960,407.5689383521499,995
2024-09-18 09:32:17.990,407.5508840617332,102
2024-09-18 09:32:18.038,407.5384736382882,103
2024-09-18 09:32:18.133,407.56213113412383,998
2024-09-18 09:32:19.049,407.59830875671184,105
2024-09-18 09:32:19.054,407.5582300021821,97
2024-09-18 09:32:19.057,407.5983547350962,95
2024-09-18 09:32:19.182,407.5786841263369,997
2024-09-18 09:32:19.252,407.6307925204019,999
2024-09-18 09:32:19.287,407.6266616947989,1001
2024-09-18 09:32:19.319,407.6217860003764,995
2024-09-18 09:32:19.347,407.5762619964996,999
2024-09-18 09:32:19.361,407.59251189733885,1003
2024-09-18 09:32:19.375,407.5849308218922,11
2024-09-18 09:32:19.429,407.5973923603776,97
2024-09-18 09:32:19.515,407.5846372379854,7
2024-09-18 09:32:19.541,407.59502332096326,100
2024-09-18 09:32:19.623,407.5892294064065,1003
2024-09-18 09:32:19.623,407.6126729277111,6
2024-09-18 09:32:19.625,407.58400159958376,104
2024-09-18 09:32:19.638,407.6187563427469,103
2024-09-18 09:32:19.664,407.5991999528093,104
2024-09-18 09:32:19.676,407.63153135221785,1001
2024-09-18 09:32:19.691,407.58278927267406,12
2024-09-18 09:32:19.765,407.5878203132075,997
2024-09-18 09:32:19.767,407.64134875523774,1002
2024-09-18 09:32:19.790,407.5974744077709,103
2024-09-18 09:32:19.868,407.5420246780349,997
2024-09-18 09:32:19.879,407.64624895192736,1003
2024-09-18 09:32:19.918,407.6104206721024,1005
2024-09-18 09:32:19.953,407.600176154734,1003
2024-09-18 09:32:20.045,407.6410019921364,96
2024-09-18 09:32:20.069,407.5693807931626,6
2024-09-18 09:32:20.120,407.6423140133302,998
2024-09-18 09:32:20.170,407.6108079975778,14
2024-09-18 09:32:20.181,407.6261747902783,13
2024-09-18 09:32:20.185,407.6092678286023,96
2024-09-18 09:32:20.301,407.6378133385376,1001
2024-09-18 09:32:20.344,407.59381273886993,11
2024-09-18 09:32:20.362,407.6212081617917,99
2024-09-18 09:32:20.471,407.6250899248944,14
2024-09-18 09:32:20.552,407.62303094767896,103
2024-09-18 09:32:20.569,407.6458981358678,11
2024-09-18 09:32:20.570,407.6283109936674,98
2024-09-18 09:32:20.636,407.6109326814863,1002
2024-09-18 09:32:20.653,407.6216924143162,97
2024-09-18 09:32:20.686,407.6388926110316,5
2024-09-18 09:32:20.724,407.63332746237865,99
2024-09-18 09:32:20.793,407.5755939951774,96
2024-09-18 09:32:20.818,407.6359428941266,95
2024-09-18 09:32:20.826,407.6248622830839,6
2024-09-18 09:32:20.840,407.5952701637949,15
2024-09-18 09:32:20.919,407.62749188538623,998
2024-09-18 09:32:20.944,407.6316034482632,1004
2024-09-18 09:32:20.982,407.6111324776252,104
2024-09-18 09:32:21.057,407.5128961763489,104
2024-09-18 09:32:21.072,407.5192809150975,999
2024-09-18 09:32:21.086,407.50035113325856,10
2024-09-18 09:32:21.374,407.5140132003034,1001
2024-09-18 09:32:21.378,407.5525301727652,14
2024-09-18 09:32:21.391,407.5039284436604,1004
2024-09-18 09:32:21.487,407.5028991605565,1003
2024-09-18 09:32:21.525,407.50307268145286,8
2024-09-18 09:32:21.768,407.5620190481627,999
2024-09-18 09:32:22.029,,101
2024-09-18 09:32:22.109,407.6174036846604,996
2024-09-18 09:32:22.109,407.53436840699726,100
2024-09-18 09:32:22.118,407.5919072755647,12
2024-09-18 09:32:22.180,407.5831876425085,98
2024-09-18 09:32:22.202,407.6065515405997,998
2024-09-18 09:32:22.287,407.5774434104896,13
2024-09-18 09:32:22.297,407.58445018357065,104
2024-09-18 09:32:22.326,407.56481578331307,1000
2024-09-18 09:32:22.327,407.5898376811589,1004
2024-09-18 09:32:22.439,407.6393691557094,7
2024-09-18 09:32:22.493,407.6015050392644,103
2024-09-18 09:32:22.494,407.63151121619205,10
2024-09-18 09:32:22.494,407.5651992539112,103
2024-09-18 09:32:22.577,407.5552773982083,100
2024-09-18 09:32:22.577,407.6414583785024,12
2024-09-18 09:32:22.588,407.59877202251,999
2024-09-18 09:32:22.617,407.57030935841146,102
2024-09-18 09:32:22.635,407.5904933863874,101
2024-09-18 09:32:22.677,407.55047305078233,98
2024-09-18 09:32:22.717,407.6066663755295,997
2024-09-18 09:32:22.769,407.5730600855305,103
2024-09-18 09:32:22.770,407.5621011154567,9
2024-09-18 09:32:22.814,407.614179162476,101
2024-09-18 09:32:22.880,407.6029546490037,11
2024-09-18 09:32:22.890,407.592254422667,997
2024-09-18 09:32:22.927,407.5813764273116,999
2024-09-18 09:32:23.014,407.65353284280224,1004
2024-09-18 09:32:23.249,407.65871892875424,101
2024-09-18 09:32:23.259,407.632837598395,11
2024-09-18 09:32:23.263,407.6553476991583,1000
2024-09-18 09:32:23.266,407.6405762545067,999
2024-09-18 09:32:23.333,407.6626910466139,7
2024-09-18 09:32:23.335,407.656754899338,100
2024-09-18 09:32:23.365,407.6225451180479,1004
2024-09-18 09:32:23.460,407.6278459042085,997
2024-09-18 09:32:23.513,407.6309471969047,999
2024-09-18 09:32:23.531,407.6390664360544,1003
2024-09-18 09:32:23.566,407.67090816047136,11
2024-09-18 09:32:23.586,407.6554081484411,1004
2024-09-18 09:32:23.630,407.65270965272816,11
2024-09-18 09:32:23.653,407.6502532234608,1001
2024-09-18 09:32:23.654,407.6290198661531,1004
2024-09-18 09:32:23.692,407.6473186925034,1005
2024-09-18 09:32:23.889,407.62821739695227,10
2024-09-18 09:32:23.934,407.62864294291154,995
2024-09-18 09:32:23.986,407.6540839397589,98
2024-09-18 09:32:24.119,407.641031676821,102
2024-09-18 09:32:24.170,407.6385751591365,98
2024-09-18 09:32:24.189,407.6578164698502,1005
2024-09-18 09:32:24.284,407.6646974151678,1003
2024-09-18 09:32:24.308,407.6409998949614,101
2024-09-18 09:32:24.518,407.6358051565375,13
2024-09-18 09:32:24.578,407.64489271135886,99
2024-09-18 09:32:24.593,407.6558351466631,97
2024-09-18 09:32:24.656,407.6632025504341,14
2024-09-18 09:32:24.706,407.6443414236815,1005
2024-09-18 09:32:24.736,407.6624988791676,97
2024-09-18 09:32:24.756,407.6640238295272,1002
2024-09-18 09:32:24.783,407.6545673125216,104
2024-09-18 09:32:24.844,407.6521861801259,99
2024-09-18 09:32:24.887,407.6457376261756,6
2024-09-18 09:32:25.080,407.62923164138607,1000
2024-09-18 09:32:25.105,407.64290821918,13
2024-09-18 09:32:25.139,407.6348384943567,1005
2024-09-18 09:32:25.145,407.63585763516176,15
2024-09-18 09:32:25.150,407.6865380543006,997
2024-09-18 09:32:25.192,407.6132586168849,8
2024-09-18 09:32:25.225,407.6433293890303,11
2024-09-18 09:32:25.232,407.61224783942777,104
2024-09-18 09:32:25.237,407.64811268813577,11
2024-09-18 09:32:25.283,407.67595494908375,96
2024-09-18 09:32:25.286,407.6141665230009,1000
2024-09-18 09:32:25.338,407.6129813886161,999
2024-09-18 09:32:25.361,407.6749542057687,1002
2024-09-18 09:32:25.402,407.6581759753928,98
2024-09-18 09:32:25.410,407.6648879742932,1005
2024-09-18 09:32:25.552,407.6699354948026,996
2024-09-18 09:32:25.552,40.76260052096506,1000
2024-09-18 09:32:25.554,407.6563508423049,103
2024-09-18 09:32:25.644,407.61411191575127,11
2024-09-18 09:32:25.646,407.6179053513464,95
2024-09-18 09:32:25.657,407.6700553716564,103
2024-09-18 09:32:25.738,407.67126629478287,15
2024-09-18 09:32:25.749,407.658431677704,1003
2024-09-18 09:32:25.895,-407.6371796969752,97
2024-09-18 09:32:25.954,407.630562425144,998
2024-09-18 09:32:26.011,407.65115711673553,105
2024-09-18 09:32:26.048,407.5828409834021,1000
2024-09-18 09:32:26.058,407.6062020841374,95
2024-09-18 09:32:26.091,407.6381735792393,14
2024-09-18 09:32:26.114,407.6683789560815,102
2024-09-18 09:32:26.118,407.60473620729726,6
2024-09-18 09:32:26.162,407.6557095175037,7
2024-09-18 09:32:26.171,407.56014014434646,96
2024-09-18 09:32:26.191,407.5912714654202,1004
2024-09-18 09:32:26.207,407.5798779169309,102
2024-09-18 09:32:26.317,407.63110778627725,7
2024-09-18 09:32:26.403,407.5976580461862,105
2024-09-18 09:32:26.438,407.6002376070937,998
2024-09-18 09:32:26.468,407.5806052639969,101
2024-09-18 09:32:26.540,407.6525542251912,1000
2024-09-18 09:32:26.549,407.6243022233669,99
2024-09-18 09:32:26.687,407.5844928177848,9
2024-09-18 09:32:26.695,407.57722151736425,104
2024-09-18 09:32:26.723,,7
2024-09-18 09:32:26.847,407.61159019160857,997
2024-09-18 09:32:26.911,407.5705974327503,103
2024-09-18 09:32:26.914,407.5895307406749,995
2024-09-18 09:32:26.926,407.595282596138,98
2024-09-18 09:32:26.942,407.5736396827758,13
2024-09-18 09:32:27.423,407.55445211564233,1001
2024-09-18 09:32:27.445,407.5725264655322,99
2024-09-18 09:32:27.491,407.5745619664237,100
2024-09-18 09:32:27.575,407.57213113962734,1003
2024-09-18 09:32:27.781,407.5802099103551,995
2024-09-18 09:32:27.812,407.5673913361119,9
2024-09-18 09:32:28.030,407.6120429632628,12
2024-09-18 09:32:28.048,407.6035532650063,11
2024-09-18 09:32:28.064,407.629720955198,102
2024-09-18 09:32:28.084,407.6253120136094,6
2024-09-18 09:32:28.101,407.62209708021953,6
2024-09-18 09:32:28.103,407.6008505984056,999
2024-09-18 09:32:28.124,407.57035082547657,13
2024-09-18 09:32:28.129,407.5963167887868,105
2024-09-18 09:32:28.230,407.5887598630071,101
2024-09-18 09:32:28.279,407.5874440649381,8
2024-09-18 09:32:28.288,407.6208687155275,12
2024-09-18 09:32:28.292,407.5894842519281,96
2024-09-18 09:32:28.341,407.56595008920937,103
2024-09-18 09:32:28.342,407.6147247333665,14
2024-09-18 09:32:28.402,407.5875812918283,998
2024-09-18 09:32:28.457,407.6153198476953,14
2024-09-18 09:32:28.466,407.5879850678757,12
2024-09-18 09:32:28.481,407.56363916917775,13
2024-09-18 09:32:28.492,407.6138854463891,1003
2024-09-18 09:32:28.509,407.5589556145488,999
2024-09-18 09:32:28.570,407.6130989554063,11
2024-09-18 09:32:28.629,407.5805237323385,997
2024-09-18 09:32:28.637,407.6089960266197,1005
2024-09-18 09:32:28.680,407.62960006253314,96
2024-09-18 09:32:28.771,407.602851569298,12
2024-09-18 09:32:28.774,407.5998058884077,13
2024-09-18 09:32:28.862,407.545113576271,13
2024-09-18 09:32:28.863,407.5671805068599,96
2024-09-18 09:32:28.925,407.5955176431082,999
2024-09-18 09:32:28.960,407.57832242561454,6
2024-09-18 09:32:29.084,407.584204100842,997
2024-09-18 09:32:29.134,407.5935068901088,10
2024-09-18 09:32:29.183,407.6138197139911,10
2024-09-18 09:32:29.192,407.5737317244518,103
2024-09-18 09:32:29.315,407.58989772507016,6
2024-09-18 09:32:29.385,407.5919532152104,100
2024-09-18 09:32:29.392,407.6184025597283,98
2024-09-18 09:32:29.435,407.6078851468785,998
2024-09-18 09:32:29.460,407.59009099831337,103
2024-09-18 09:32:29.658,407.6189816790086,103
2024-09-18 09:32:29.768,407.5804250727852,998
2024-09-18 09:32:29.837,407.5853170584703,1001
2024-09-18 09:32:29.878,407.61204760892025,1005
2024-09-18 09:32:29.898,407.62017958603775,15
2024-09-18 09:32:30.141,407.6255678603708,1005
2024-09-18 09:32:30.197,407.6213704197375,13
2024-09-18 09:32:30.288,407.6101306983229,105
2024-09-18 09:32:30.346,407.5982441903626,14
2024-09-18 09:32:30.445,407.6312750604226,14
2024-09-18 09:32:30.465,407.63796843568986,1000
2024-09-18 09:32:30.645,407.6263169665474,102
2024-09-18 09:32:30.699,407.605616718468,1003
2024-09-18 09:32:30.711,407.6197473546073,98
2024-09-18 09:32:30.772,407.631792846961,995
2024-09-18 09:32:30.775,-407.60849894062,9
2024-09-18 09:32:30.788,407.631574650329,97
2024-09-18 09:32:30.888,407.5955894389056,999
2024-09-18 09:32:30.913,407.6194246261349,105
2024-09-18 09:32:31.085,407.632860780728,7
2024-09-18 09:32:31.481,40.762779841060045,104
2024-09-18 09:32:31.695,407.6286877636096,101
2024-09-18 09:32:31.702,407.6165281886286,1001
2024-09-18 09:32:31.705,407.6353382840804,996
2024-09-18 09:32:31.712,407.6422015618598,97
2024-09-18 09:32:31.765,407.6592557255229,98
2024-09-18 09:32:31.766,407.6174702715784,1000
2024-09-18 09:32:31.804,407.6009848133728,96
2024-09-18 09:32:32.460,407.65880440154126,14
2024-09-18 09:32:32.742,407.6459638314984,100
2024-09-18 09:32:33.330,407.6487680856365,102
2024-09-18 09:32:33.699,407.6393773552192,995
2024-09-18 09:32:33.834,407.6525473347019,5
2024-09-18 09:32:33.848,407.649152070229,1000
2024-09-18 09:32:33.947,407.6410032029883,999
2024-09-18 09:32:34.029,407.729877714368,95
2024-09-18 09:32:34.039,407.7220172226892,6
2024-09-18 09:32:34.042,407.6195290803598,96
2024-09-18 09:32:34.106,,10
2024-09-18 09:32:34.188,407.7064797512925,1001
2024-09-18 09:32:34.200,-407.6660273708701,9
2024-09-18 09:32:34.245,407.652907003976,15
2024-09-18 09:32:34.277,407.6792770974621,996
2024-09-18 09:32:34.315,407.677872272294,98
2024-09-18 09:32:34.354,407.6139849102087,104
2024-09-18 09:32:34.402,407.7153276701356,11
2024-09-18 09:32:34.521,407.6298222923244,95
2024-09-18 09:32:34.570,407.6039926387507,5
2024-09-18 09:32:34.600,407.6562955985273,103
2024-09-18 09:32:34.606,407.642416711311,102
2024-09-18 09:32:34.640,407.6911301522925,15
2024-09-18 09:32:34.662,407.59308479081824,998
2024-09-18 09:32:34.760,407.6208733331438,9
2024-09-18 09:32:34.803,407.5924774553093,10
2024-09-18 09:32:34.804,407.7137247613082,10
2024-09-18 09:32:34.841,407.6874624129993,95
2024-09-18 09:32:34.849,407.60962180700216,101
2024-09-18 09:32:34.888,407.697088650811,1004
2024-09-18 09:32:34.923,407.6009444699708,6
2024-09-18 09:32:34.939,407.6608083278014,99
2024-09-18 09:32:35.031,407.7091541715399,98
2024-09-18 09:32:35.117,407.7151453499204,11
2024-09-18 09:32:35.128,407.7505642298797,1003
2024-09-18 09:32:35.166,407.7293637334322,95
2024-09-18 09:32:35.216,407.7529743855525,995
2024-09-18 09:32:35.272,407.7289516610447,1005
2024-09-18 09:32:35.347,407.7097126702973,100
2024-09-18 09:32:35.514,407.7018473428348,1002
2024-09-18 09:32:35.552,407.7336795574591,98
2024-09-18 09:32:35.560,407.7251747832663,996
2024-09-18 09:32:35.592,407.7236481908839,996
2024-09-18 09:32:35.618,407.7493949309924,13
2024-09-18 09:32:35.630,407.7220022029412,998
2024-09-18 09:32:35.833,407.7439748287106,1003
2024-09-18 09:32:35.835,407.7312852485246,995
2024-09-18 09:32:35.861,407.7500835896933,1002
2024-09-18 09:32:35.991,407.73933241730566,99
2024-09-18 09:32:36.002,407.7331462045087,1003
2024-09-18 09:32:36.019,407.74607920586,100
2024-09-18 09:32:36.086,407.7363106253265,99
2024-09-18 09:32:36.179,407.7314739166727,998
2024-09-18 09:32:36.207,407.71403487961175,105
2024-09-18 09:32:36.251,407.7263572756206,13
2024-09-18 09:32:36.281,407.6962070391908,15
2024-09-18 09:32:36.287,407.733761397337,13
2024-09-18 09:32:36.332,407.7346057306376,1002
2024-09-18 09:32:36.355,407.6990925003079,1003
2024-09-18 09:32:36.363,407.714462342436,104
2024-09-18 09:32:36.417,407.71927203671976,997
2024-09-18 09:32:36.456,407.7235334951197,1000
2024-09-18 09:32:36.502,407.7326575052775,7
2024-09-18 09:32:36.590,407.7146454583446,1000
2024-09-18 09:32:36.662,407.7360871974231,98
2024-09-18 09:32:36.879,407.7145186915498,95
2024-09-18 09:32:36.901,407.7234468851854,5
2024-09-18 09:32:36.918,407.71001932661903,15
2024-09-18 09:32:36.929,407.7407783966789,102
2024-09-18 09:32:36.970,407.7206414696493,104
2024-09-18 09:32:37.009,407.63801760569146,13
2024-09-18 09:32:37.085,407.6882615160857,13
2024-09-18 09:32:37.125,407.6898298364479,98
2024-09-18 09:32:37.141,-407.6477888277556,996
2024-09-18 09:32:37.143,407.6970401431684,6
2024-09-18 09:32:37.194,407.6399446538121,9
2024-09-18 09:32:37.197,407.6352428112801,999
2024-09-18 09:32:37.226,407.6796565706842,1005
2024-09-18 09:32:37.271,407.6652494491856,9
2024-09-18 09:32:37.310,407.6871146784952,104
2024-09-18 09:32:37.428,407.6718909856834,1000
2024-09-18 09:32:37.473,407.6581234390568,99
2024-09-18 09:32:37.482,407.6518558420022,7
2024-09-18 09:32:37.485,407.6889904273415,995
2024-09-18 09:32:37.504,407.6750909346949,9
2024-09-18 09:32:37.570,407.6396743278368,997
2024-09-18 09:32:37.571,407.6823822731622,999
2024-09-18 09:32:37.574,407.66879511668606,105
2024-09-18 09:32:37.660,407.6701539263841,100
2024-09-18 09:32:37.666,407.6436597950664,1000
2024-09-18 09:32:37.790,407.6873652804933,996
2024-09-18 09:32:37.865,-407.65003581871616,14
2024-09-18 09:32:37.881,407.6755254398215,97
2024-09-18 09:32:37.920,407.7036371226338,8
2024-09-18 09:32:37.921,407.6772965442448,98
2024-09-18 09:32:37.956,407.6475453557737,101
2024-09-18 09:32:37.977,407.6317488731404,999
2024-09-18 09:32:38.063,40.76641500292667,998
2024-09-18 09:32:38.266,407.65054302456826,1000
2024-09-18 09:32:38.472,407.67082775292806,1002
2024-09-18 09:32:38.917,407.6705565331487,1001
2024-09-18 09:32:39.084,407.68418567546433,1005
2024-09-18 09:32:39.185,407.6881193705431,95
2024-09-18 09:32:39.198,407.67427768799246,12
2024-09-18 09:32:39.371,407.6723329022729,1000
2024-09-18 09:32:39.433,407.6671289844479,999
2024-09-18 09:32:39.531,407.6989658846064,104
2024-09-18 09:32:39.609,407.6527277717638,8
2024-09-18 09:32:39.715,407.6832331093251,12
2024-09-18 09:32:39.752,407.67480845892266,999
2024-09-18 09:32:39.803,407.65951850355447,9
2024-09-18 09:32:39.865,407.6785723206229,103
2024-09-18 09:32:39.877,407.6560350522325,11
2024-09-18 09:32:39.894,-407.6750691937167,12
2024-09-18 09:32:39.903,407.6983747885005,1005
2024-09-18 09:32:39.923,407.66838690993615,14
2024-09-18 09:32:40.095,407.7214112714745,102
2024-09-18 09:32:40.166,407.7117152121867,95
2024-09-18 09:32:40.196,407.7279840365821,95
2024-09-18 09:32:40.291,407.7119098862482,7
2024-09-18 09:32:40.311,407.74036520753424,7
2024-09-18 09:32:40.313,407.7474781116121,1004
2024-09-18 09:32:40.324,407.7327877147272,1004
2024-09-18 09:32:40.442,407.71442171749095,1001
2024-09-18 09:32:40.502,407.7182586657859,15
2024-09-18 09:32:40.625,407.7232208281629,9
2024-09-18 09:32:40.628,407.7136854217288,14
2024-09-18 09:32:40.853,407.73226889557,1000
2024-09-18 09:32:41.267,407.7226596770972,5
2024-09-18 09:32:41.695,407.7136876283489,103
2024-09-18 09:32:42.009,407.7101719677675,1002
2024-09-18 09:32:42.011,407.8136354725655,105
2024-09-18 09:32:42.020,407.7541446278669,13
2024-09-18 09:32:42.113,407.7976059396711,996
2024-09-18 09:32:42.159,407.73187932082703,1001
2024-09-18 09:32:42.168,407.72105922006216,97
2024-09-18 09:32:42.193,407.8113824033048,1004
2024-09-18 09:32:42.193,407.7450377639777,13
2024-09-18 09:32:42.204,407.7699231907872,1001
2024-09-18 09:32:42.208,407.7986921026066,9
2024-09-18 09:32:42.240,407.7104947801906,6
2024-09-18 09:32:42.283,407.7140869173239,13
2024-09-18 09:32:42.371,407.7420412959989,98
2024-09-18 09:32:42.404,407.7375618672672,996
2024-09-18 09:32:42.419,407.79952397840816,9
2024-09-18 09:32:42.463,407.81519608365255,997
2024-09-18 09:32:42.500,407.7467127134055,1005
2024-09-18 09:32:42.523,407.814613605327,103
2024-09-18 09:32:42.533,407.7112573824324,98
2024-09-18 09:32:42.600,407.7228085624095,105
2024-09-18 09:32:42.630,407.7124165368125,104
2024-09-18 09:32:42.665,407.80485840135833,99
2024-09-18 09:32:42.761,407.7957855643468,995
2024-09-18 09:32:42.787,407.7405303890816,15
2024-09-18 09:32:42.890,407.7791052763697,997
2024-09-18 09:32:42.912,407.7237908627645,1002
2024-09-18 09:32:42.933,407.7450685575693,999
2024-09-18 09:32:42.948,407.700671812177,6
2024-09-18 09:32:42.977,407.8038642920716,105
2024-09-18 09:32:43.111,40.77637852855871,96
2024-09-18 09:32:43.148,407.7331720236258,1002
2024-09-18 09:32:43.237,407.74751036385726,97
2024-09-18 09:32:43.287,407.7363920268146,95
2024-09-18 09:32:43.325,407.759618653061,98
2024-09-18 09:32:43.348,407.7684384336752,100
2024-09-18 09:32:43.435,407.7341695391963,1005
2024-09-18 09:32:43.455,407.7708767205358,11
2024-09-18 09:32:43.476,407.77674437788784,8
2024-09-18 09:32:43.494,407.7596368800421,11
2024-09-18 09:32:43.619,407.7580429903341,996
2024-09-18 09:32:43.725,407.7388708078471,7
2024-09-18 09:32:43.741,-407.7885065477655,15
2024-09-18 09:32:43.826,407.7457110706197,100
2024-09-18 09:32:44.020,407.7515200937481,7
2024-09-18 09:32:44.022,-407.69144430017496,1001
2024-09-18 09:32:44.035,407.7195641560953,101
2024-09-18 09:32:44.060,407.7837610390293,10
2024-09-18 09:32:44.163,407.7786678827999,105
2024-09-18 09:32:44.254,407.7560373898541,996
2024-09-18 09:32:44.258,,11
2024-09-18 09:32:44.300,407.6916906105264,7
2024-09-18 09:32:44.317,407.7109679450251,1005
2024-09-18 09:32:44.329,407.69160237315833,5
2024-09-18 09:32:44.445,407.7529551726097,15
2024-09-18 09:32:44.496,40.77590798432752,13
2024-09-18 09:32:44.551,407.76516965506977,6
2024-09-18 09:32:44.558,407.7277602534484,995
2024-09-18 09:32:44.605,407.75664738463706,97
2024-09-18 09:32:44.649,407.68508178038417,1000
2024-09-18 09:32:44.660,407.7327090967456,1003
2024-09-18 09:32:44.667,407.77170673825646,998
2024-09-18 09:32:44.759,407.6922787274864,14
2024-09-18 09:32:44.777,407.699649691196,101
2024-09-18 09:32:44.870,407.7557288007262,1004
2024-09-18 09:32:44.894,407.7616280425978,15
2024-09-18 09:32:45.042,407.6895810409808,104
2024-09-18 09:32:45.084,407.7031387784265,14
2024-09-18 09:32:45.086,407.7156277437934,6
2024-09-18 09:32:45.092,407.6665513612766,11
2024-09-18 09:32:45.104,407.6795365410994,95
2024-09-18 09:32:45.182,407.709490302456,1002
2024-09-18 09:32:45.182,407.6839638549866,997
2024-09-18 09:32:45.205,407.66090526602017,99
2024-09-18 09:32:45.314,407.6954998845091,105
2024-09-18 09:32:45.429,407.71312960897865,1003
2024-09-18 09:32:45.435,407.6676634827422,995
2024-09-18 09:32:45.481,407.7127619139947,8
2024-09-18 09:32:45.490,407.7184315104026,15
2024-09-18 09:32:45.499,407.71886258828073,10
2024-09-18 09:32:45.515,407.6933325170384,98
2024-09-18 09:32:45.517,407.70850318841065,1000
2024-09-18 09:32:45.528,407.6775183619681,5
2024-09-18 09:32:45.558,407.7037249916641,96
2024-09-18 09:32:45.607,407.7282850288029,13
2024-09-18 09:32:45.613,407.66739599858994,103
2024-09-18 09:32:45.625,407.70545662687385,13
2024-09-18 09:32:45.739,407.6910883955454,998
2024-09-18 09:32:45.788,407.6829363846908,95
2024-09-18 09:32:45.867,407.73414179476487,13
2024-09-18 09:32:45.924,407.68479276260047,15
2024-09-18 09:32:45.967,407.7107275880618,996
2024-09-18 09:32:46.046,407.6197120447475,98
2024-09-18 09:32:46.070,407.6856369020413,102
2024-09-18 09:32:46.095,407.6359710148491,97
2024-09-18 09:32:46.148,407.6563786093493,15
2024-09-18 09:32:46.297,407.6284301504005,99
2024-09-18 09:32:46.313,407.6411493265032,996
2024-09-18 09:32:46.330,407.6930060992631,96
2024-09-18 09:32:46.381,407.65695179963,104
2024-09-18 09:32:46.425,407.66104446854695,9
2024-09-18 09:32:46.489,407.6537639298143,8
2024-09-18 09:32:46.529,407.6164060235208,105
2024-09-18 09:32:46.536,407.6659016660229,5
2024-09-18 09:32:46.562,40.76385968120496,11
2024-09-18 09:32:46.596,407.6416052851678,14
2024-09-18 09:32:46.723,407.6392947014088,6
2024-09-18 09:32:46.732,407.71308355574274,101
2024-09-18 09:32:46.771,407.6613359075422,13
2024-09-18 09:32:46.940,407.61615728258033,995
2024-09-18 09:32:46.950,407.6627777960755,12
2024-09-18 09:32:47.002,407.6539952090772,105
2024-09-18 09:32:47.037,407.7470208012784,1001
2024-09-18 09:32:47.038,407.6932071615172,995
2024-09-18 09:32:47.039,407.7418809835609,8
2024-09-18 09:32:47.044,407.6666246702016,5
2024-09-18 09:32:47.070,407.7091599561516,15
2024-09-18 09:32:47.082,407.694688905984,96
2024-09-18 09:32:47.091,407.6714554099256,104
2024-09-18 09:32:47.129,407.6686229207297,10
2024-09-18 09:32:47.227,407.6675177485165,98
2024-09-18 09:32:47.252,407.7343406499924,5
2024-09-18 09:32:47.312,407.6947096931309,1002
2024-09-18 09:32:47.458,407.68860697957246,99
2024-09-18 09:32:47.524,407.6666592141106,8
2024-09-18 09:32:47.561,407.72238057062265,1005
2024-09-18 09:32:47.572,407.7397365263461,6
2024-09-18 09:32:47.596,407.7330850964611,102
2024-09-18 09:32:47.599,407.7075353270547,997
2024-09-18 09:32:47.605,407.7082821151662,103
2024-09-18 09:32:47.660,407.7225870060025,5
2024-09-18 09:32:47.672,407.72767994035,101
2024-09-18 09:32:47.678,407.7188800191842,1000
2024-09-18 09:32:47.685,407.65905187670967,999
2024-09-18 09:32:47.833,,98
2024-09-18 09:32:47.886,407.6871894843831,5
2024-09-18 09:32:47.951,407.674978356686,998
2024-09-18 09:32:48.088,407.6901241293924,995
2024-09-18 09:32:48.145,407.7007405205903,95
2024-09-18 09:32:48.168,407.6965945210131,95
2024-09-18 09:32:48.174,,103
2024-09-18 09:32:48.196,407.65680360960704,103
2024-09-18 09:32:48.228,407.6955991109362,14
2024-09-18 09:32:48.238,407.65362056180754,8
2024-09-18 09:32:48.279,407.6907072702616,97
2024-09-18 09:32:48.289,407.687936190831,103
2024-09-18 09:32:48.360,407.6529472432118,1005
2024-09-18 09:32:48.504,407.6696120092396,105
2024-09-18 09:32:48.556,407.6642130030052,6
2024-09-18 09:32:48.559,407.69874695873375,12
2024-09-18 09:32:48.576,407.6990504345481,13
2024-09-18 09:32:48.586,407.6444681127516,12
2024-09-18 09:32:48.626,407.6984165199229,97
2024-09-18 09:32:48.748,407.6708528212776,1004
2024-09-18 09:32:48.791,407.70545253304846,9
2024-09-18 09:32:48.794,407.6651883003662,1000
2024-09-18 09:32:48.830,407.6195153913478,14
2024-09-18 09:32:48.870,407.6584377773115,100
2024-09-18 09:32:48.879,407.69738944752703,1003
2024-09-18 09:32:48.894,407.7092671085284,102
2024-09-18 09:32:48.937,407.6897678160248,102
2024-09-18 09:32:48.941,407.67980766972346,14
2024-09-18 09:32:48.996,407.6640521141508,96
2024-09-18 09:32:48.997,407.6406815552472,999
2024-09-18 09:32:48.997,407.6810290735767,1004
2024-09-18 09:32:49.022,407.68316377011394,15
2024-09-18 09:32:49.456,407.66329535046594,7
2024-09-18 09:32:49.508,407.6673304777755,998
2024-09-18 09:32:49.822,407.67960934773066,6
2024-09-18 09:32:49.893,407.6752366985384,103
2024-09-18 09:32:50.002,407.6724239381472,9
2024-09-18 09:32:50.025,407.6751191455212,1000
2024-09-18 09:32:50.043,407.686848920869,104
2024-09-18 09:32:50.106,407.7067966067737,1005
2024-09-18 09:32:50.116,407.6862251185645,99
2024-09-18 09:32:50.148,407.7108140058225,1004
2024-09-18 09:32:50.157,407.68349836728765,104
2024-09-18 09:32:50.184,407.6677176589524,105
2024-09-18 09:32:50.246,407.6882414198242,101
2024-09-18 09:32:50.288,407.6831672641726,11
2024-09-18 09:32:50.336,407.6820148830862,102
2024-09-18 09:32:50.362,407.68213427168615,15
2024-09-18 09:32:50.460,407.6831133489285,8
2024-09-18 09:32:50.610,407.6764633473976,8
2024-09-18 09:32:50.635,407.6963220140323,11
2024-09-18 09:32:50.709,407.6736816723594,103
2024-09-18 09:32:50.721,407.7002499734026,104
2024-09-18 09:32:50.738,407.6935170567554,105
2024-09-18 09:32:50.760,407.6928130459578,995
2024-09-18 09:32:50.780,407.6663455468509,1002
2024-09-18 09:32:50.844,407.7045366907817,998
2024-09-18 09:32:50.924,407.6723757494767,995
2024-09-18 09:32:50.975,407.6753522479013,14
2024-09-18 09:32:50.989,407.68036427381736,1001
2024-09-18 09:32:51.011,407.60159222727,1003
2024-09-18 09:32:51.192,407.62022979782745,98
2024-09-18 09:32:51.252,407.65270638986266,998
2024-09-18 09:32:51.258,407.6274957837455,104
2024-09-18 09:32:51.274,407.6632951917165,8
2024-09-18 09:32:51.286,407.70673231904,14
2024-09-18 09:32:51.401,407.59768266769936,1005
2024-09-18 09:32:51.420,407.6569619162109,104
2024-09-18 09:32:51.444,407.6326804035679,13
2024-09-18 09:32:51.448,407.6511087721659,13
2024-09-18 09:32:51.502,407.6597448228695,1003
2024-09-18 09:32:51.532,407.67371420970494,12
2024-09-18 09:32:51.546,407.6837728930535,11
2024-09-18 09:32:51.614,407.5994209077334,100
2024-09-18 09:32:51.654,407.6065963371009,14
2024-09-18 09:32:51.671,407.62697911343946,95
2024-09-18 09:32:51.696,407.6019943331417,15
2024-09-18 09:32:51.733,407.6067945437477,97
2024-09-18 09:32:51.809,407.6674831979003,102
2024-09-18 09:32:51.816,407.6345347248054,998
2024-09-18 09:32:51.822,407.6572703883039,998
2024-09-18 09:32:51.840,407.6533117657336,7
2024-09-18 09:32:51.856,407.642582049582,7
2024-09-18 09:32:51.861,407.64974152561433,97
2024-09-18 09:32:51.975,407.6192580118768,998
2024-09-18 09:32:51.990,407.61092291597953,103
2024-09-18 09:32:51.998,407.6353634264314,105
2024-09-18 09:32:52.060,407.6159619009673,9
2024-09-18 09:32:52.086,407.69173283609393,997
2024-09-18 09:32:52.104,407.7031393000159,101
2024-09-18 09:32:52.138,407.6878531638308,7
2024-09-18 09:32:52.171,407.5833695637066,997
2024-09-18 09:32:52.241,407.6353502841762,97
2024-09-18 09:32:52.252,407.6935050906466,12
2024-09-18 09:32:52.264,407.6647292334344,998
2024-09-18 09:32:52.293,407.6972519184528,105
2024-09-18 09:32:52.341,407.6927734538997,10
2024-09-18 09:32:52.389,-407.6135610317861,10
2024-09-18 09:32:52.416,407.6621179032581,1005
2024-09-18 09:32:52.511,407.6929063833473,996
2024-09-18 09:32:52.569,407.6256527653169,15
2024-09-18 09:32:52.573,407.6920159411496,1002
2024-09-18 09:32:52.603,407.6864316924297,9
2024-09-18 09:32:52.683,407.7105296773438,97
2024-09-18 09:32:52.733,407.6961319007208,14
2024-09-18 09:32:52.745,407.6010611391961,96
2024-09-18 09:32:52.762,407.6960053893416,14
2024-09-18 09:32:52.792,407.6694490709489,97
2024-09-18 09:32:52.808,407.6165362049706,14
2024-09-18 09:32:52.848,407.67563714213054,7
2024-09-18 09:32:52.863,407.63371177873074,995
2024-09-18 09:32:52.867,407.6877144178251,95
2024-09-18 09:32:52.868,407.7112095850536,102
2024-09-18 09:32:52.891,407.7169387108458,96
2024-09-18 09:32:52.909,407.7107202503129,105
2024-09-18 09:32:52.912,407.6918437441044,8
2024-09-18 09:32:53.004,407.6886390119275,996
2024-09-18 09:32:53.073,407.6714009055472,99
2024-09-18 09:32:53.103,407.6913193959069,5
2024-09-18 09:32:53.131,407.697066241888,998
2024-09-18 09:32:53.148,407.6630166180385,14
2024-09-18 09:32:53.154,407.6378551565447,7
2024-09-18 09:32:53.207,407.6488397930114,8
2024-09-18 09:32:53.285,407.65605217023256,100
2024-09-18 09:32:53.302,407.6961107628635,13
2024-09-18 09:32:53.334,407.6644584029811,7
2024-09-18 09:32:53.476,407.64092834683225,100
2024-09-18 09:32:53.539,407.6891777442512,96
2024-09-18 09:32:53.610,407.6701849452662,13
2024-09-18 09:32:53.710,407.6735509866984,95
2024-09-18 09:32:53.716,407.6860229921008,105
2024-09-18 09:32:53.736,407.69271505533743,100
2024-09-18 09:32:53.807,407.6473112745389,995
2024-09-18 09:32:53.849,407.6290605315806,6
2024-09-18 09:32:53.853,407.6885038110951,95
2024-09-18 09:32:53.954,407.67137732674905,15
2024-09-18 09:32:53.980,407.6597476440929,6
2024-09-18 09:32:54.147,407.7231647875524,6
2024-09-18 09:32:54.360,407.7076260165088,10
2024-09-18 09:32:54.468,407.708223682544,100
2024-09-18 09:32:55.043,407.7468334716588,98
2024-09-18 09:32:55.060,407.7674783113054,11
2024-09-18 09:32:55.228,407.74493001528793,1001
2024-09-18 09:32:55.268,407.6810268043203,9
2024-09-18 09:32:55.281,407.73112575223337,1003
2024-09-18 09:32:55.295,407.7643016567532,997
2024-09-18 09:32:55.338,407.6679909130474,95
2024-09-18 09:32:55.347,407.6868444612154,10
2024-09-18 09:32:55.401,407.7269617239357,8
2024-09-18 09:32:55.401,407.7524891308018,1001
2024-09-18 09:32:55.458,407.770564927065,1004
2024-09-18 09:32:55.526,407.68011678340696,7
2024-09-18 09:32:55.658,407.6669434360545,8
2024-09-18 09:32:55.945,407.71449967166814,13
2024-09-18 09:32:56.109,407.6848186478494,7
2024-09-18 09:32:56.124,407.6403224527355,5
2024-09-18 09:32:56.236,407.6080735892191,13
2024-09-18 09:32:56.359,40.76597306538845,99
2024-09-18 09:32:56.421,407.655871253928,101
2024-09-18 09:32:56.486,407.6468896473309,10
2024-09-18 09:32:56.516,407.615967798268,95
2024-09-18 09:32:56.571,407.6462000517741,7
2024-09-18 09:32:56.611,407.64376597224674,101
2024-09-18 09:32:56.634,407.64756918676784,995
2024-09-18 09:32:56.678,-407.68418796859015,101
2024-09-18 09:32:56.707,407.6493160221109,14
2024-09-18 09:32:56.753,40.76171650631736,9
2024-09-18 09:32:56.762,407.69473348087286,14
2024-09-18 09:32:56.803,407.6113924703413,996
2024-09-18 09:32:56.809,407.6858629489066,1002
2024-09-18 09:32:56.809,407.6487278422759,105
2024-09-18 09:32:56.865,407.6943744397168,1000
2024-09-18 09:32:56.867,407.61948864445424,1000
2024-09-18 09:32:56.896,407.6540020717444,14
2024-09-18 09:32:56.921,407.636098340379,14
2024-09-18 09:32:56.927,407.6618327694879,7
2024-09-18 09:32:56.927,407.6859333025485,1002
2024-09-18 09:32:56.982,407.6818281406502,6
2024-09-18 09:32:57.001,407.7878965037433,98
2024-09-18 09:32:57.010,407.8076914729828,102
2024-09-18 09:32:57.010,407.77836571814174,10
2024-09-18 09:32:57.022,407.7910164497411,104
2024-09-18 09:32:57.111,407.7812497019705,9
2024-09-18 09:32:57.123,407.7742318989279,14
2024-09-18 09:32:57.127,407.7242626281139,10
2024-09-18 09:32:57.197,407.727477202727,5
2024-09-18 09:32:57.329,407.7849201702472,1005
2024-09-18 09:32:57.363,407.7215637986963,1004
2024-09-18 09:32:57.384,407.72684920053626,97
2024-09-18 09:32:57.387,407.78775543395966,96
2024-09-18 09:32:57.390,407.7649416097164,14
2024-09-18 09:32:57.403,407.7914365593654,1000
2024-09-18 09:32:57.454,407.7702746860649,5
2024-09-18 09:32:57.467,407.7956147129879,5
2024-09-18 09:32:57.506,407.707703540744,105
2024-09-18 09:32:57.519,407.7602520685063,9
2024-09-18 09:32:57.528,407.7142843471392,9
2024-09-18 09:32:57.600,407.7109367677978,99
2024-09-18 09:32:57.628,407.7758620561958,99
2024-09-18 09:32:57.691,407.8244975240424,12
2024-09-18 09:32:57.752,407.7165851475241,999
2024-09-18 09:32:57.769,407.7562554751512,101
2024-09-18 09:32:57.781,407.7813425642596,13
2024-09-18 09:32:57.825,407.79685382905024,13
2024-09-18 09:32:57.854,407.7329869404371,98
2024-09-18 09:32:57.948,407.7818388843178,9
2024-09-18 09:32:57.997,407.78234561104966,99
2024-09-18 09:32:58.017,407.7990410861397,8
2024-09-18 09:32:58.040,407.7042836630077,1001
2024-09-18 09:32:58.172,-407.68366148907967,98
2024-09-18 09:32:58.174,407.6649918930992,998
2024-09-18 09:32:58.190,407.7258465960609,100
2024-09-18 09:32:58.245,407.7535412911754,999
2024-09-18 09:32:58.279,407.7904621144909,998
2024-09-18 09:32:58.294,407.75780399176506,1003
2024-09-18 09:32:58.362,407.8089597390439,996
2024-09-18 09:32:58.392,407.6839733401707,1001
2024-09-18 09:32:58.431,407.74008521087706,10
2024-09-18 09:32:58.818,407.80202321200665,6
2024-09-18 09:32:58.842,407.6962673517004,100
2024-09-18 09:32:58.851,407.7886325181647,1003
2024-09-18 09:32:58.933,,13
2024-09-18 09:32:58.967,407.7957607812205,101
2024-09-18 09:32:58.989,407.8050375378226,999
2024-09-18 09:32:59.100,407.6862487683524,13
2024-09-18 09:32:59.114,407.6806405175994,5
2024-09-18 09:32:59.230,407.679273046056,97
2024-09-18 09:32:59.353,-407.67180021983694,8
2024-09-18 09:32:59.411,407.6803221832479,11
2024-09-18 09:32:59.753,407.66857720219576,1002
2024-09-18 09:32:59.876,407.6725353381029,14
2024-09-18 09:32:59.958,407.6934005544891,5
