Timestamp,Price,Size
2024-09-19 12:13:00.105,422.4969669667378,1003
2024-09-19 12:13:00.158,422.47847247535856,9
2024-09-19 12:13:00.260,422.4686773227343,15
2024-09-19 12:13:00.344,422.4838444137936,995
2024-09-19 12:13:00.403,422.4804436490261,999
2024-09-19 12:13:00.463,422.4743673090597,101
2024-09-19 12:13:00.729,422.4858952142216,9
2024-09-19 12:13:00.756,422.4909224290757,1004
2024-09-19 12:13:00.906,422.4836532870767,999
2024-09-19 12:13:00.937,422.4837849712304,12
2024-09-19 12:13:00.983,422.4878325962397,6
2024-09-19 12:13:01.017,422.44353603053,100
2024-09-19 12:13:01.028,422.4629418906605,98
2024-09-19 12:13:01.114,42.24455116156137,102
2024-09-19 12:13:01.171,422.45339749695984,1004
2024-09-19 12:13:01.182,422.44373598488767,98
2024-09-19 12:13:01.295,422.449851296794,998
2024-09-19 12:13:01.356,422.4652479199678,10
2024-09-19 12:13:01.522,422.4705278199181,101
2024-09-19 12:13:01.528,422.472232677958,1002
2024-09-19 12:13:01.550,422.46755155986807,103
2024-09-19 12:13:01.563,422.4542522167585,104
2024-09-19 12:13:01.583,422.4808305594293,1004
2024-09-19 12:13:01.615,422.46695821546257,97
2024-09-19 12:13:01.615,422.4806104376444,99
2024-09-19 12:13:01.617,422.4603528830351,12
2024-09-19 12:13:01.692,422.4562559595512,6
2024-09-19 12:13:01.728,422.4636716487544,14
2024-09-19 12:13:01.777,422.473546645416,97
2024-09-19 12:13:01.818,422.4556424442261,1000
2024-09-19 12:13:01.848,422.4459645869634,102
2024-09-19 12:13:01.933,422.4356339500381,96
2024-09-19 12:13:01.960,422.47261754155664,105
2024-09-19 12:13:02.281,422.4630203356932,101
2024-09-19 12:13:02.389,422.4628320775421,101
2024-09-19 12:13:02.626,422.4638966533694,1004
2024-09-19 12:13:03.091,422.5124514202303,1003
2024-09-19 12:13:03.101,422.4773865406208,14
2024-09-19 12:13:03.157,422.5247553839018,10
2024-09-19 12:13:03.213,422.5063249471138,5
2024-09-19 12:13:03.271,422.5285968879988,97
2024-09-19 12:13:03.279,422.51814259150666,1005
2024-09-19 12:13:03.347,422.5160526284223,100
2024-09-19 12:13:03.399,422.49869509699926,99
2024-09-19 12:13:03.399,422.5616165798346,96
2024-09-19 12:13:03.582,422.52621477209925,1005
2024-09-19 12:13:03.601,422.4755529666083,999
2024-09-19 12:13:03.613,422.4967280413846,999
2024-09-19 12:13:03.635,422.5337696887564,996
2024-09-19 12:13:03.681,422.5332075091434,97
2024-09-19 12:13:03.716,422.53616468390686,1004
2024-09-19 12:13:03.749,422.4724878964462,5
2024-09-19 12:13:03.754,422.5301542184184,1002
2024-09-19 12:13:03.767,422.5249393313555,98
2024-09-19 12:13:03.801,422.5197444106024,101
2024-09-19 12:13:03.905,422.49244222639794,5
2024-09-19 12:13:03.925,422.5418094857713,98
2024-09-19 12:13:03.931,422.4989372030684,9
2024-09-19 12:13:03.951,422.4677710271576,6
2024-09-19 12:13:03.959,422.4843264298724,99
2024-09-19 12:13:04.013,422.5174336224266,7
2024-09-19 12:13:04.174,422.5106098398944,999
2024-09-19 12:13:04.190,422.511289018446,100
2024-09-19 12:13:04.203,422.48825490776926,1004
2024-09-19 12:13:04.336,422.4923111226703,100
2024-09-19 12:13:04.399,422.51606240274367,6
2024-09-19 12:13:04.499,422.4986140890419,12
2024-09-19 12:13:04.525,422.4923983265721,1001
2024-09-19 12:13:04.547,422.51082061589295,995
2024-09-19 12:13:04.652,422.5110892646208,95
2024-09-19 12:13:04.914,422.5244658216074,104
2024-09-19 12:13:05.020,422.4747706931397,102
2024-09-19 12:13:05.213,422.4922109729584,11
2024-09-19 12:13:05.219,422.4614167660766,8
2024-09-19 12:13:05.224,422.4855977785504,96
2024-09-19 12:13:05.382,422.4773247137088,9
2024-09-19 12:13:05.411,422.48593098386544,1001
2024-09-19 12:13:05.444,422.4242949150162,104
2024-09-19 12:13:05.501,422.45312378031366,998
2024-09-19 12:13:05.576,-422.4561448065485,1004
2024-09-19 12:13:05.626,422.4194454593584,9
2024-09-19 12:13:05.645,422.458363440754,104
2024-09-19 12:13:05.652,422.428834114477,15
2024-09-19 12:13:05.656,422.414419259579,7
2024-09-19 12:13:05.684,422.4552014895703,97
2024-09-19 12:13:05.690,422.4575413631316,99
2024-09-19 12:13:05.735,422.4238015040359,1002
2024-09-19 12:13:05.750,422.45606462556526,1002
2024-09-19 12:13:05.805,422.4452339554169,999
2024-09-19 12:13:05.885,422.4839239173604,105
2024-09-19 12:13:05.999,422.4547166337431,6
2024-09-19 12:13:06.035,422.3857943297452,1005
2024-09-19 12:13:06.065,422.3248146737132,103
2024-09-19 12:13:06.120,422.3316941217013,99
2024-09-19 12:13:06.218,422.4106173273539,11
2024-09-19 12:13:06.324,422.3763481719285,102
2024-09-19 12:13:06.346,422.40662783856186,101
2024-09-19 12:13:06.385,422.32252741113945,10
2024-09-19 12:13:06.396,422.3925020668908,12
2024-09-19 12:13:06.417,422.335808913012,105
2024-09-19 12:13:06.493,422.348867224769,15
2024-09-19 12:13:06.525,422.325746909553,999
2024-09-19 12:13:06.667,422.37564586594345,10
2024-09-19 12:13:06.834,422.3908888471064,8
2024-09-19 12:13:06.897,422.3841199458474,96
2024-09-19 12:13:06.913,422.3737429139617,6
2024-09-19 12:13:06.933,422.3216489657396,995
2024-09-19 12:13:07.045,422.4278551743324,998
2024-09-19 12:13:07.058,422.3246630781046,103
2024-09-19 12:13:07.163,422.41485100425535,9
2024-09-19 12:13:07.209,422.3431375632314,15
2024-09-19 12:13:07.259,422.3377267846224,15
2024-09-19 12:13:07.277,422.40884463040015,103
2024-09-19 12:13:07.300,422.3983886463349,7
2024-09-19 12:13:07.326,422.3185988730475,12
2024-09-19 12:13:07.330,422.3939858350839,9
2024-09-19 12:13:07.413,422.3573950982888,1000
2024-09-19 12:13:07.427,422.3865532269451,6
2024-09-19 12:13:07.434,422.3954030972019,11
2024-09-19 12:13:07.456,422.3260263611122,100
2024-09-19 12:13:07.607,422.40004912287895,9
2024-09-19 12:13:07.618,422.4364791300088,997
2024-09-19 12:13:07.619,422.343876131208,100
2024-09-19 12:13:07.638,422.415635274035,102
2024-09-19 12:13:07.675,422.386898954844,9
2024-09-19 12:13:07.711,422.38630997240216,996
2024-09-19 12:13:07.714,422.4084981222487,15
2024-09-19 12:13:07.737,422.3926945792521,12
2024-09-19 12:13:07.765,422.3598830761025,1003
2024-09-19 12:13:07.795,422.4307214533728,6
2024-09-19 12:13:07.818,422.4155113074933,1003
2024-09-19 12:13:07.912,422.400429279414,105
2024-09-19 12:13:07.928,422.4251406432148,98
2024-09-19 12:13:07.929,422.4055700689482,11
2024-09-19 12:13:07.938,422.3945567959378,996
2024-09-19 12:13:08.176,422.44548084542953,100
2024-09-19 12:13:08.297,422.4135916251788,7
2024-09-19 12:13:08.418,422.4379097794404,5
2024-09-19 12:13:08.425,422.430511489012,96
2024-09-19 12:13:08.426,422.4496122522819,5
2024-09-19 12:13:08.514,422.43127477009415,997
2024-09-19 12:13:08.523,422.4347257718626,997
2024-09-19 12:13:08.526,422.418280420669,105
2024-09-19 12:13:08.678,422.42311007603377,9
2024-09-19 12:13:08.689,422.459896069778,100
2024-09-19 12:13:08.774,422.421803180209,999
2024-09-19 12:13:08.792,422.455162100811,97
2024-09-19 12:13:08.842,422.4410536811636,97
2024-09-19 12:13:08.875,422.42811488189705,12
2024-09-19 12:13:08.897,422.4383750603308,1004
2024-09-19 12:13:08.942,422.4148941512318,1001
2024-09-19 12:13:08.994,422.4657261452717,101
2024-09-19 12:13:09.022,422.4959525414202,1004
2024-09-19 12:13:09.058,422.5178723036721,995
2024-09-19 12:13:09.072,422.4845912766261,1004
2024-09-19 12:13:09.120,422.4825669276608,7
2024-09-19 12:13:09.307,422.5023763455627,999
2024-09-19 12:13:09.397,422.4997276816173,99
2024-09-19 12:13:09.454,422.50363561849406,998
2024-09-19 12:13:09.536,422.48910996800686,100
2024-09-19 12:13:09.552,422.50213244808,998
2024-09-19 12:13:09.589,422.5138801372222,1003
2024-09-19 12:13:09.903,422.5167582602994,105
2024-09-19 12:13:09.936,422.5049745027941,1004
2024-09-19 12:13:09.938,422.4698110357012,96
2024-09-19 12:13:09.950,422.4879538642059,11
2024-09-19 12:13:09.995,422.5013286258998,1004
2024-09-19 12:13:10.000,422.4541465596059,996
2024-09-19 12:13:10.123,422.48128725510014,11
2024-09-19 12:13:10.126,422.4660463275724,1003
2024-09-19 12:13:10.197,422.46591847237687,101
2024-09-19 12:13:10.247,422.4560613671104,104
2024-09-19 12:13:10.257,422.4907071161607,1001
2024-09-19 12:13:10.260,422.4840456672823,103
2024-09-19 12:13:10.406,422.47297256636216,98
2024-09-19 12:13:10.457,422.4584833566428,102
2024-09-19 12:13:10.561,422.50070465848273,1001
2024-09-19 12:13:10.647,422.49007289917455,97
2024-09-19 12:13:10.653,422.46847769620734,95
2024-09-19 12:13:10.695,422.4905100075629,996
2024-09-19 12:13:10.725,422.4715223743141,105
2024-09-19 12:13:10.880,422.47153534171247,10
2024-09-19 12:13:10.943,422.4609639227773,998
2024-09-19 12:13:10.955,422.462191557016,103
2024-09-19 12:13:11.288,422.4769437207681,105
2024-09-19 12:13:11.370,422.4624352622952,103
2024-09-19 12:13:11.507,422.4556617273516,105
2024-09-19 12:13:11.591,422.4487436722831,14
2024-09-19 12:13:11.962,422.48153831128207,96
2024-09-19 12:13:12.130,422.5011788001907,7
2024-09-19 12:13:12.234,422.4633552632192,6
2024-09-19 12:13:12.303,422.4978047939873,1004
2024-09-19 12:13:12.411,422.4800315183709,6
2024-09-19 12:13:12.420,422.5043405892944,1001
2024-09-19 12:13:12.557,422.4878096229125,998
2024-09-19 12:13:12.666,422.4596920332213,96
2024-09-19 12:13:12.677,422.473695488252,1003
2024-09-19 12:13:13.074,422.5011403301476,15
2024-09-19 12:13:13.134,422.4821069470645,8
2024-09-19 12:13:13.210,422.47336071940447,10
2024-09-19 12:13:13.250,422.4751250934573,95
2024-09-19 12:13:13.275,422.4649181538682,101
2024-09-19 12:13:13.277,422.4908939672328,97
2024-09-19 12:13:13.280,422.4788532687488,96
2024-09-19 12:13:13.310,422.48015135075167,995
2024-09-19 12:13:13.317,422.4819789497234,15
2024-09-19 12:13:13.400,422.4733105112621,102
2024-09-19 12:13:13.450,422.4545701520205,101
2024-09-19 12:13:13.456,422.4620138347312,1000
2024-09-19 12:13:13.573,422.48277131156703,11
2024-09-19 12:13:13.583,422.48764980325785,999
2024-09-19 12:13:13.584,422.4742125648469,997
2024-09-19 12:13:13.607,422.4580286746757,13
2024-09-19 12:13:13.660,422.46837473123696,15
2024-09-19 12:13:13.690,422.4889492121196,105
2024-09-19 12:13:13.764,422.4866987853409,100
2024-09-19 12:13:13.793,422.4853099454084,1001
2024-09-19 12:13:13.803,422.4820155098234,96
2024-09-19 12:13:13.895,422.4767889902666,12
2024-09-19 12:13:13.912,422.4570991363676,12
2024-09-19 12:13:13.930,422.4836481694096,11
2024-09-19 12:13:13.998,422.4761840840646,96
2024-09-19 12:13:14.000,422.4963493139533,11
2024-09-19 12:13:14.003,422.5198273640411,95
2024-09-19 12:13:14.072,422.5067350341909,99
2024-09-19 12:13:14.229,422.4925348386501,9
2024-09-19 12:13:14.279,422.4868476742817,12
2024-09-19 12:13:14.367,422.5187201200485,12
2024-09-19 12:13:14.381,422.4997936635403,104
2024-09-19 12:13:14.420,422.4717522769985,7
2024-09-19 12:13:14.499,422.50883278109205,1005
2024-09-19 12:13:14.527,422.520490035535,103
2024-09-19 12:13:14.654,422.4847324121845,998
2024-09-19 12:13:14.659,422.5200672818577,999
2024-09-19 12:13:14.672,422.519073351618,101
2024-09-19 12:13:14.687,422.5167467493242,1005
2024-09-19 12:13:14.757,422.49207640063065,1004
2024-09-19 12:13:14.860,422.49869847031687,1004
2024-09-19 12:13:14.863,422.5043986905831,1005
2024-09-19 12:13:14.994,422.48375304637017,12
2024-09-19 12:13:15.013,422.4663124170854,1000
2024-09-19 12:13:15.104,422.4918976213603,99
2024-09-19 12:13:15.131,422.4708872951592,99
2024-09-19 12:13:15.173,422.4848995594375,1002
2024-09-19 12:13:15.304,422.4737616838892,13
2024-09-19 12:13:15.313,422.4697376810632,1004
2024-09-19 12:13:15.332,422.483613590005,1001
2024-09-19 12:13:15.428,422.49085052300194,12
2024-09-19 12:13:15.452,422.476787674414,1005
2024-09-19 12:13:15.656,422.49888958489765,5
2024-09-19 12:13:15.832,422.4693199642125,8
2024-09-19 12:13:16.082,422.5040717030697,13
2024-09-19 12:13:16.093,422.4872662613445,99
2024-09-19 12:13:16.130,422.484747039996,997
2024-09-19 12:13:16.171,422.4827890906307,98
2024-09-19 12:13:16.371,422.5003481022811,996
2024-09-19 12:13:16.457,422.4929497191201,998
2024-09-19 12:13:16.475,422.47178089171535,103
2024-09-19 12:13:16.673,422.4984083742528,95
2024-09-19 12:13:16.796,422.4906256383864,14
2024-09-19 12:13:16.857,422.513008812621,95
2024-09-19 12:13:17.057,-422.4655403015928,12
2024-09-19 12:13:17.106,422.407694718071,96
2024-09-19 12:13:17.129,422.48535741330335,14
2024-09-19 12:13:17.134,422.38160852770056,996
2024-09-19 12:13:17.155,422.44511203404255,101
2024-09-19 12:13:17.166,422.489577737587,10
2024-09-19 12:13:17.185,422.5060382209091,100
2024-09-19 12:13:17.245,,7
2024-09-19 12:13:17.246,422.41148683073885,5
2024-09-19 12:13:17.263,422.4653157726573,15
2024-09-19 12:13:17.455,422.45941725116967,997
2024-09-19 12:13:17.458,422.4263445272192,6
2024-09-19 12:13:17.526,422.4620562984707,105
2024-09-19 12:13:17.529,422.4297919925919,99
2024-09-19 12:13:17.536,422.4312204339686,997
2024-09-19 12:13:17.595,422.4176820777544,1004
2024-09-19 12:13:17.666,422.4357735460664,6
2024-09-19 12:13:17.729,422.424103560833,1003
2024-09-19 12:13:17.738,422.43434620362126,103
2024-09-19 12:13:17.805,422.4856470479357,1001
2024-09-19 12:13:17.812,422.40424373921854,5
2024-09-19 12:13:17.835,422.48820554050815,104
2024-09-19 12:13:17.860,422.4063369588432,998
2024-09-19 12:13:17.877,422.416821403073,999
2024-09-19 12:13:17.919,422.417218901916,1004
2024-09-19 12:13:17.952,422.4150833724771,96
2024-09-19 12:13:17.984,422.4291758367899,1001
2024-09-19 12:13:18.054,422.4854564190474,100
2024-09-19 12:13:18.058,422.5064943120922,1002
2024-09-19 12:13:18.098,422.4859912831924,102
2024-09-19 12:13:18.192,422.4983071030839,9
2024-09-19 12:13:18.258,422.5067299770198,1001
2024-09-19 12:13:18.306,422.5047747822679,97
2024-09-19 12:13:18.383,422.5062956235117,1001
2024-09-19 12:13:18.392,422.4964528193965,13
2024-09-19 12:13:18.572,422.45218487994913,100
2024-09-19 12:13:18.592,422.5076444330901,102
2024-09-19 12:13:18.660,422.4730411052391,997
2024-09-19 12:13:18.667,42.24920542647877,1004
2024-09-19 12:13:18.683,422.4990860686791,996
2024-09-19 12:13:18.787,422.458851653221,100
2024-09-19 12:13:18.949,422.49866876787377,97
2024-09-19 12:13:19.614,422.503427457354,100
2024-09-19 12:13:20.040,422.4714105004913,999
2024-09-19 12:13:20.049,422.4601971838348,13
2024-09-19 12:13:20.270,422.50359651481233,996
2024-09-19 12:13:20.334,422.4986880817158,7
2024-09-19 12:13:20.355,422.4672607630571,105
2024-09-19 12:13:20.405,422.4659735740062,104
2024-09-19 12:13:20.459,422.5170056439093,98
2024-09-19 12:13:20.644,422.4657285053803,5
2024-09-19 12:13:20.660,422.506366700455,95
2024-09-19 12:13:20.689,422.4745377986017,100
2024-09-19 12:13:20.740,422.5007931628668,103
2024-09-19 12:13:20.764,422.48807566365855,1000
2024-09-19 12:13:20.891,422.47839816706494,10
2024-09-19 12:13:20.943,422.4676351664488,7
2024-09-19 12:13:20.977,422.5014499522192,1000
2024-09-19 12:13:20.993,422.50377688842167,98
2024-09-19 12:13:21.013,422.5048453279579,998
2024-09-19 12:13:21.049,422.501904666971,15
2024-09-19 12:13:21.053,422.5046464086677,10
2024-09-19 12:13:21.058,422.52517975425314,10
2024-09-19 12:13:21.076,422.52610097141167,1003
2024-09-19 12:13:21.101,422.50189833762425,997
2024-09-19 12:13:21.104,422.4983508706158,1001
2024-09-19 12:13:21.184,422.51387875922666,7
2024-09-19 12:13:21.208,,1001
2024-09-19 12:13:21.220,422.5276629720226,1000
2024-09-19 12:13:21.244,422.5010307664776,997
2024-09-19 12:13:21.271,422.5129084502121,1003
2024-09-19 12:13:21.309,422.52265030233593,1001
2024-09-19 12:13:21.334,422.5074526781241,998
2024-09-19 12:13:21.355,422.511612267963,103
2024-09-19 12:13:21.388,422.52592722337215,997
2024-09-19 12:13:21.538,422.5221913430422,997
2024-09-19 12:13:21.671,422.5104736589983,1000
2024-09-19 12:13:21.735,422.4862711299244,100
2024-09-19 12:13:21.749,422.5229238966851,996
2024-09-19 12:13:21.772,422.4792304034471,105
2024-09-19 12:13:21.772,422.525615613665,15
2024-09-19 12:13:21.774,422.5192835717123,96
2024-09-19 12:13:21.853,422.5072547704683,12
2024-09-19 12:13:21.924,422.5184556021191,1003
2024-09-19 12:13:21.925,422.53048280731815,12
2024-09-19 12:13:21.959,422.5047149928652,5
2024-09-19 12:13:21.985,422.5308156914653,1002
2024-09-19 12:13:21.991,422.4934885242964,10
2024-09-19 12:13:22.059,422.53319799550616,99
2024-09-19 12:13:22.142,422.5109483016904,995
2024-09-19 12:13:22.437,422.5184891491006,6
2024-09-19 12:13:22.493,422.50054068633193,104
2024-09-19 12:13:22.543,422.5347756156431,14
2024-09-19 12:13:23.025,422.5256587486752,98
2024-09-19 12:13:23.081,422.5175394318738,997
2024-09-19 12:13:23.091,422.5330430879749,1001
2024-09-19 12:13:23.215,422.525614652073,11
2024-09-19 12:13:23.217,422.503080181835,102
2024-09-19 12:13:23.222,422.4903767574957,13
2024-09-19 12:13:23.305,422.545354891225,1003
2024-09-19 12:13:23.421,422.5355873011935,97
2024-09-19 12:13:23.457,422.5344512031661,6
2024-09-19 12:13:23.482,422.5133913452461,1003
2024-09-19 12:13:23.503,422.5347449903136,1003
2024-09-19 12:13:23.546,422.5249086606048,14
2024-09-19 12:13:23.578,422.5192685238079,998
2024-09-19 12:13:23.580,422.5213123856817,1005
2024-09-19 12:13:23.635,422.5456193889386,102
2024-09-19 12:13:23.636,422.5344291356056,95
2024-09-19 12:13:23.694,422.5455174939768,13
2024-09-19 12:13:23.710,422.544706168889,101
2024-09-19 12:13:23.742,422.481033985457,996
2024-09-19 12:13:23.803,422.5285619872819,995
2024-09-19 12:13:23.909,422.52870451797867,1001
2024-09-19 12:13:23.917,422.5155058458342,102
2024-09-19 12:13:23.953,422.4916524252661,105
2024-09-19 12:13:23.970,422.4893834015936,97
2024-09-19 12:13:23.985,422.5465888497851,996
2024-09-19 12:13:24.049,422.5698557790666,15
2024-09-19 12:13:24.074,422.5052738240916,1002
2024-09-19 12:13:24.136,422.5571740923909,1003
2024-09-19 12:13:24.173,422.5619119788376,7
2024-09-19 12:13:24.210,422.5208028020958,12
2024-09-19 12:13:24.268,42.25428799774896,97
2024-09-19 12:13:24.286,422.53992179533833,104
2024-09-19 12:13:24.375,422.5022064369344,6
2024-09-19 12:13:24.392,422.585291013476,95
2024-09-19 12:13:24.399,422.54062622561673,97
2024-09-19 12:13:24.426,422.6199188929038,101
2024-09-19 12:13:24.454,422.553392910236,98
2024-09-19 12:13:24.474,422.5840464918505,995
2024-09-19 12:13:24.730,422.6076844783517,104
2024-09-19 12:13:24.850,422.61394271539575,8
2024-09-19 12:13:24.853,422.57793523522616,15
2024-09-19 12:13:24.888,422.5359129678354,996
2024-09-19 12:13:24.923,422.5487183998629,995
2024-09-19 12:13:24.923,422.5354114602248,98
2024-09-19 12:13:24.978,422.5659512439725,1003
2024-09-19 12:13:25.273,422.47870911927663,105
2024-09-19 12:13:25.836,422.4612056799319,13
2024-09-19 12:13:25.945,422.4739546299983,1004
2024-09-19 12:13:25.980,422.47216773081465,9
2024-09-19 12:13:26.017,422.4286201796676,998
2024-09-19 12:13:26.071,422.41661771066936,995
2024-09-19 12:13:26.163,422.42941566440805,12
2024-09-19 12:13:26.262,422.4260421069943,96
2024-09-19 12:13:26.614,422.4192219597024,5
2024-09-19 12:13:26.656,422.4545699853644,1000
2024-09-19 12:13:26.722,422.420058419501,999
2024-09-19 12:13:26.917,422.4632206693797,999
2024-09-19 12:13:27.011,422.4567778565101,103
2024-09-19 12:13:27.075,422.5296334326048,5
2024-09-19 12:13:27.192,422.5179181276528,998
2024-09-19 12:13:27.219,422.4925821475005,11
2024-09-19 12:13:27.256,422.4803756334102,105
2024-09-19 12:13:27.332,422.47564799218014,9
2024-09-19 12:13:27.382,422.475267692703,997
2024-09-19 12:13:27.557,422.47222119390767,1004
2024-09-19 12:13:27.733,422.4455779806592,99
2024-09-19 12:13:27.838,422.49845467373865,95
2024-09-19 12:13:27.883,422.46681924460137,996
2024-09-19 12:13:27.885,422.5039887639173,11
2024-09-19 12:13:28.078,422.5487428111117,1000
2024-09-19 12:13:28.333,422.54196666177074,103
2024-09-19 12:13:28.517,422.5553717903915,100
2024-09-19 12:13:28.604,422.5349111453602,11
2024-09-19 12:13:28.861,422.5426224457772,995
2024-09-19 12:13:28.878,-422.5493345474574,100
2024-09-19 12:13:29.013,422.5339563254136,999
2024-09-19 12:13:29.049,422.5213796794309,995
2024-09-19 12:13:29.113,422.5204665646712,12
2024-09-19 12:13:29.149,422.5160748986637,5
2024-09-19 12:13:29.236,422.54344251940006,8
2024-09-19 12:13:29.262,422.5558223601612,102
2024-09-19 12:13:29.370,422.558710242613,99
2024-09-19 12:13:29.385,422.530703968938,5
2024-09-19 12:13:29.400,422.547200897245,997
2024-09-19 12:13:29.419,422.519375476604,1001
2024-09-19 12:13:29.446,422.5220943748167,99
2024-09-19 12:13:29.498,422.5129902147099,11
2024-09-19 12:13:29.650,422.512854702436,8
2024-09-19 12:13:29.671,422.52971335988985,101
2024-09-19 12:13:29.674,422.5157068191411,1002
2024-09-19 12:13:29.680,422.5130061006241,9
2024-09-19 12:13:29.683,422.507333643604,97
2024-09-19 12:13:29.800,422.5257717544688,6
2024-09-19 12:13:29.802,422.5306313666611,103
2024-09-19 12:13:29.887,422.5373233173008,998
2024-09-19 12:13:29.921,422.5234854286254,996
2024-09-19 12:13:29.976,422.558860372599,997
2024-09-19 12:13:30.030,422.5354979218008,1004
2024-09-19 12:13:30.050,422.52834666291056,1004
2024-09-19 12:13:30.066,422.5148057395086,997
2024-09-19 12:13:30.237,422.5147523082292,99
2024-09-19 12:13:30.291,422.5281145152464,996
2024-09-19 12:13:30.293,422.5113073206781,100
2024-09-19 12:13:30.302,422.5359971864327,14
2024-09-19 12:13:30.328,422.5529093084897,13
2024-09-19 12:13:30.353,422.546689661361,5
2024-09-19 12:13:30.401,422.5350933651946,995
2024-09-19 12:13:30.407,422.5319196991625,15
2024-09-19 12:13:30.481,422.5380778759021,1003
2024-09-19 12:13:30.485,422.531592522722,8
2024-09-19 12:13:30.495,422.5382738332369,997
2024-09-19 12:13:30.557,422.5401845541462,1001
2024-09-19 12:13:30.591,422.5270468974221,100
2024-09-19 12:13:30.595,422.511212169025,103
2024-09-19 12:13:30.659,422.5347160838489,99
2024-09-19 12:13:30.673,422.5217554841612,14
2024-09-19 12:13:30.715,422.5448524746684,10
2024-09-19 12:13:30.732,422.5509199248564,1004
2024-09-19 12:13:30.742,422.5163460411584,15
2024-09-19 12:13:30.754,422.532603839299,998
2024-09-19 12:13:30.929,422.5025760223039,12
2024-09-19 12:13:30.963,422.5382388805257,103
2024-09-19 12:13:30.971,422.5412499572607,102
2024-09-19 12:13:31.026,422.6142504760466,999
2024-09-19 12:13:31.049,422.5466700336345,5
2024-09-19 12:13:31.049,422.5823940032925,1005
2024-09-19 12:13:31.067,422.58048074271255,1005
2024-09-19 12:13:31.113,422.6083185225515,99
2024-09-19 12:13:31.118,422.6212326130401,10
2024-09-19 12:13:31.121,422.5809484642973,996
2024-09-19 12:13:31.136,422.5617506046405,996
2024-09-19 12:13:31.144,422.56302107775934,6
2024-09-19 12:13:31.318,422.57002331445466,9
2024-09-19 12:13:31.346,422.5836266529903,13
2024-09-19 12:13:31.366,422.5384024831945,998
2024-09-19 12:13:31.382,422.5932206793993,15
2024-09-19 12:13:31.441,422.601388306853,98
2024-09-19 12:13:31.446,422.6077669273578,1001
2024-09-19 12:13:31.471,422.57358874147445,13
2024-09-19 12:13:31.489,422.5973848423167,100
2024-09-19 12:13:31.494,422.564163783912,101
2024-09-19 12:13:31.508,422.5587767405038,11
2024-09-19 12:13:31.734,422.5833717637995,1003
2024-09-19 12:13:31.773,422.5889482084103,1000
2024-09-19 12:13:31.773,422.5246713963036,10
2024-09-19 12:13:31.792,422.59988503717045,1002
2024-09-19 12:13:31.811,422.5629088883025,12
2024-09-19 12:13:31.837,422.5402081122233,11
2024-09-19 12:13:31.861,422.6199581655428,1000
2024-09-19 12:13:31.870,422.60957195698313,12
2024-09-19 12:13:31.981,422.59434050703385,11
2024-09-19 12:13:31.990,422.5917969745885,1002
2024-09-19 12:13:31.993,422.5904858726879,102
2024-09-19 12:13:33.105,422.6276066068212,995
2024-09-19 12:13:33.355,422.6456362068843,997
2024-09-19 12:13:33.370,422.6122136785789,100
2024-09-19 12:13:33.467,422.5748047830099,15
2024-09-19 12:13:33.491,422.61179050315945,1002
2024-09-19 12:13:33.672,422.6298238585616,10
2024-09-19 12:13:33.689,422.5862462319125,1003
2024-09-19 12:13:33.709,422.64428826709553,998
2024-09-19 12:13:33.953,422.6385250970175,102
2024-09-19 12:13:34.002,422.6105937960045,1003
2024-09-19 12:13:34.031,422.620572056692,14
2024-09-19 12:13:34.137,422.6569817712296,103
2024-09-19 12:13:34.169,422.6415513009205,97
2024-09-19 12:13:34.175,422.6430067591064,105
2024-09-19 12:13:34.293,422.6288216888685,14
2024-09-19 12:13:34.327,422.6489844685227,101
2024-09-19 12:13:34.353,422.6570350901509,101
2024-09-19 12:13:34.412,422.637045611866,95
2024-09-19 12:13:34.442,422.6007398782348,11
2024-09-19 12:13:34.457,422.61872813256656,1002
2024-09-19 12:13:34.481,422.6276533790349,95
2024-09-19 12:13:34.503,422.6307679383164,12
2024-09-19 12:13:34.554,,15
2024-09-19 12:13:34.563,422.6214902671304,1001
2024-09-19 12:13:34.591,422.6477771066532,1000
2024-09-19 12:13:34.630,422.60775970960185,1000
2024-09-19 12:13:34.638,422.5977749347764,10
2024-09-19 12:13:34.647,422.6370693354352,995
2024-09-19 12:13:34.654,422.6077064571117,102
2024-09-19 12:13:34.718,422.6164763732258,999
2024-09-19 12:13:34.808,422.62228411463406,9
2024-09-19 12:13:34.837,422.6253910876856,103
2024-09-19 12:13:34.871,422.60049013458206,104
2024-09-19 12:13:34.935,-422.6231176930789,7
2024-09-19 12:13:35.071,42.272916419328766,9
2024-09-19 12:13:35.227,422.74091613943017,103
2024-09-19 12:13:35.265,422.7058490151082,102
2024-09-19 12:13:35.281,422.6711105642046,998
2024-09-19 12:13:35.305,422.6610757623168,101
2024-09-19 12:13:35.320,422.7145232282655,1000
2024-09-19 12:13:35.370,422.7194670454887,999
2024-09-19 12:13:35.390,422.7091019092365,96
2024-09-19 12:13:35.451,422.70947273890056,12
2024-09-19 12:13:35.516,422.7162848332543,96
2024-09-19 12:13:35.563,422.6942531728648,104
2024-09-19 12:13:35.655,422.6758009826737,1000
2024-09-19 12:13:35.713,422.6975057820864,12
2024-09-19 12:13:35.718,422.7228053836103,105
2024-09-19 12:13:35.827,422.6778703256064,102
2024-09-19 12:13:35.914,422.7034613899912,1000
2024-09-19 12:13:35.958,422.6899556589908,1000
2024-09-19 12:13:36.187,422.7770956028787,1003
2024-09-19 12:13:36.334,422.7655614070857,103
2024-09-19 12:13:36.365,422.7401889978637,1003
2024-09-19 12:13:36.522,422.73280575918153,95
2024-09-19 12:13:36.572,422.7368993108856,1002
2024-09-19 12:13:36.668,422.7507679747986,97
2024-09-19 12:13:36.699,422.74655845052337,101
2024-09-19 12:13:36.743,422.7799995632244,1003
2024-09-19 12:13:36.794,422.74784406420576,96
2024-09-19 12:13:36.831,422.7419646299186,995
2024-09-19 12:13:36.909,422.7521836313625,1001
2024-09-19 12:13:37.511,422.78765485784055,11
2024-09-19 12:13:37.935,422.7719906822689,1004
2024-09-19 12:13:38.213,422.7753221709877,99
2024-09-19 12:13:38.481,422.7548769996323,97
2024-09-19 12:13:38.573,422.7271996275642,105
2024-09-19 12:13:38.798,422.76434485552977,1002
2024-09-19 12:13:39.049,422.7668493446232,97
2024-09-19 12:13:39.060,422.7712539001509,999
2024-09-19 12:13:39.138,422.7879977530922,95
2024-09-19 12:13:39.237,422.7873069168868,96
2024-09-19 12:13:39.256,422.779841150163,12
2024-09-19 12:13:39.365,422.7779637456188,103
2024-09-19 12:13:39.427,422.7859531384798,96
2024-09-19 12:13:39.651,422.72605641313686,1005
2024-09-19 12:13:39.728,422.77383451875824,9
2024-09-19 12:13:39.746,422.7804761237216,10
2024-09-19 12:13:39.781,422.7519951102476,100
2024-09-19 12:13:39.957,422.7747520187048,997
2024-09-19 12:13:39.989,422.7787327166726,8
2024-09-19 12:13:40.063,422.71769166716575,97
2024-09-19 12:13:40.120,422.7387695903056,13
2024-09-19 12:13:40.199,422.738437770768,12
2024-09-19 12:13:40.255,422.7334502348477,1004
2024-09-19 12:13:40.286,422.7056004672277,97
2024-09-19 12:13:40.293,422.7380311441813,1001
2024-09-19 12:13:40.300,422.7912852004714,101
2024-09-19 12:13:40.341,422.7451447517338,14
2024-09-19 12:13:40.369,422.7450660382859,1001
2024-09-19 12:13:40.387,422.786165824861,1004
2024-09-19 12:13:40.396,422.7100700320661,12
2024-09-19 12:13:40.459,422.7671825496514,998
2024-09-19 12:13:40.492,422.7454655933987,13
2024-09-19 12:13:40.514,422.74588472957817,1000
2024-09-19 12:13:40.529,422.7348041889992,98
2024-09-19 12:13:40.610,422.74776823159056,9
2024-09-19 12:13:40.644,422.7691266487673,15
2024-09-19 12:13:40.725,422.76211046977295,105
2024-09-19 12:13:40.804,422.7219543830708,997
2024-09-19 12:13:40.823,422.7530341124759,99
2024-09-19 12:13:40.866,422.7355358548214,1000
2024-09-19 12:13:40.881,422.7168847920415,100
2024-09-19 12:13:40.891,422.7575318971964,98
2024-09-19 12:13:40.905,422.7837601251413,104
2024-09-19 12:13:40.907,422.7426442891494,1002
2024-09-19 12:13:40.961,422.7466447732066,103
2024-09-19 12:13:41.008,422.7861189221449,102
2024-09-19 12:13:41.061,422.7706145063947,100
2024-09-19 12:13:41.166,422.78855429267577,1000
2024-09-19 12:13:41.335,422.7782609051319,98
2024-09-19 12:13:41.385,422.7782249017602,100
2024-09-19 12:13:41.423,422.76994697199694,9
2024-09-19 12:13:41.512,422.7722852060013,96
2024-09-19 12:13:41.537,422.7778091179306,9
2024-09-19 12:13:41.620,422.786698724532,15
2024-09-19 12:13:41.685,422.7725998495733,1000
2024-09-19 12:13:41.729,422.7674796610148,1002
2024-09-19 12:13:41.740,422.7643611571914,1001
2024-09-19 12:13:41.916,422.77838065089793,15
2024-09-19 12:13:41.979,422.771868419882,7
2024-09-19 12:13:42.013,422.77489727374,1003
2024-09-19 12:13:42.017,422.79796109667353,5
2024-09-19 12:13:42.065,422.7889214846021,101
2024-09-19 12:13:42.148,422.7697987172882,1005
2024-09-19 12:13:42.341,422.7816170772582,1000
2024-09-19 12:13:42.537,,103
2024-09-19 12:13:42.548,422.7806434763875,105
2024-09-19 12:13:42.676,422.7908520973482,100
2024-09-19 12:13:42.762,422.79705233349966,11
2024-09-19 12:13:42.775,422.7786348771555,101
2024-09-19 12:13:42.790,422.7640709367129,1001
2024-09-19 12:13:43.566,42.278592595954734,995
2024-09-19 12:13:43.795,422.7918147918585,95
2024-09-19 12:13:43.891,422.78735849155765,95
2024-09-19 12:13:44.003,422.7711340511309,99
2024-09-19 12:13:44.047,422.7978224504108,5
2024-09-19 12:13:44.050,422.74000639014383,6
2024-09-19 12:13:44.072,422.7577910881457,7
2024-09-19 12:13:44.084,422.78234334220434,9
2024-09-19 12:13:44.152,422.79280818458193,999
2024-09-19 12:13:44.169,422.7814982441429,995
2024-09-19 12:13:44.181,422.764169592059,1001
2024-09-19 12:13:44.330,422.77330617297935,1000
2024-09-19 12:13:44.346,422.7996390490685,7
2024-09-19 12:13:44.362,422.7556286620172,1000
2024-09-19 12:13:44.394,422.7606844552187,96
2024-09-19 12:13:44.424,422.7846351311741,101
2024-09-19 12:13:44.455,422.8010908729989,997
2024-09-19 12:13:44.495,422.7874941708399,101
2024-09-19 12:13:44.555,422.7751297614087,8
2024-09-19 12:13:44.641,422.76356026635017,13
2024-09-19 12:13:44.707,422.7775290732087,5
2024-09-19 12:13:44.772,422.7480247444972,13
2024-09-19 12:13:44.799,422.8056374895319,1005
2024-09-19 12:13:44.799,422.76065956705406,5
2024-09-19 12:13:44.870,422.7797160266842,95
2024-09-19 12:13:44.942,422.7756494374487,102
2024-09-19 12:13:45.105,422.8119085389092,1003
2024-09-19 12:13:45.111,422.80998999141127,102
2024-09-19 12:13:45.111,422.850649244872,1001
2024-09-19 12:13:45.121,422.8051845892885,103
2024-09-19 12:13:45.159,422.8510055316249,9
2024-09-19 12:13:45.183,422.857709703138,8
2024-09-19 12:13:45.288,422.85443482239714,101
2024-09-19 12:13:45.385,422.841878542916,13
2024-09-19 12:13:45.718,422.8523442781253,101
2024-09-19 12:13:45.728,422.8054772697676,15
2024-09-19 12:13:45.767,422.85643158347705,101
2024-09-19 12:13:45.833,422.86107013075787,104
2024-09-19 12:13:45.851,422.8247863925374,11
2024-09-19 12:13:45.912,422.8792360962954,99
2024-09-19 12:13:45.948,422.8499494038635,9
2024-09-19 12:13:46.102,422.9555283423581,14
2024-09-19 12:13:46.226,422.9282375883658,97
2024-09-19 12:13:46.359,422.9731709536896,7
2024-09-19 12:13:46.441,422.99385434439415,97
2024-09-19 12:13:46.451,422.9172863951754,95
2024-09-19 12:13:46.454,422.9643214677224,1004
2024-09-19 12:13:46.465,422.8956039141269,1005
2024-09-19 12:13:46.513,422.90832643806,100
2024-09-19 12:13:46.573,422.9916807209483,99
2024-09-19 12:13:46.718,422.9305957924549,13
2024-09-19 12:13:47.306,423.0205565452524,98
2024-09-19 12:13:47.787,423.0445565950543,999
2024-09-19 12:13:47.802,423.0027210501191,1000
2024-09-19 12:13:48.084,423.0303217236724,12
2024-09-19 12:13:48.529,423.0317318956613,6
2024-09-19 12:13:48.643,423.0418763086863,1005
2024-09-19 12:13:48.663,423.0218320748878,6
2024-09-19 12:13:48.883,423.033041069333,7
2024-09-19 12:13:49.063,423.0474256559476,95
2024-09-19 12:13:49.066,422.9742686423395,7
2024-09-19 12:13:49.135,423.014552319192,6
2024-09-19 12:13:49.138,423.0351522869269,11
2024-09-19 12:13:49.165,423.0259178210519,97
2024-09-19 12:13:49.195,422.9716896557316,96
2024-09-19 12:13:49.267,423.01408286275984,996
2024-09-19 12:13:49.269,423.048312740198,13
2024-09-19 12:13:49.285,422.9898156943218,103
2024-09-19 12:13:49.332,422.9930551999469,13
2024-09-19 12:13:49.343,423.00172653662895,101
2024-09-19 12:13:49.351,423.0267867604483,998
2024-09-19 12:13:49.579,422.96269526929433,102
2024-09-19 12:13:49.599,422.9536590645242,105
2024-09-19 12:13:49.634,422.9912184693661,997
2024-09-19 12:13:49.645,422.9785433196227,99
2024-09-19 12:13:49.672,423.0004057668065,14
2024-09-19 12:13:49.676,422.9496974939552,15
2024-09-19 12:13:49.689,422.9896286253594,7
2024-09-19 12:13:49.705,423.0482292474307,1005
2024-09-19 12:13:49.762,423.0128009155323,11
2024-09-19 12:13:49.839,423.02931582647005,11
2024-09-19 12:13:49.891,422.9807216963207,14
2024-09-19 12:13:50.006,422.91423629081214,99
2024-09-19 12:13:50.027,423.0075395628264,1002
2024-09-19 12:13:50.083,422.9919668131352,1002
2024-09-19 12:13:50.110,422.9390116701021,15
2024-09-19 12:13:50.135,422.9668454461431,7
2024-09-19 12:13:50.420,422.91011951404863,10
2024-09-19 12:13:50.426,422.9731766645522,1002
2024-09-19 12:13:50.471,423.0158412836833,13
2024-09-19 12:13:50.507,423.0105207757933,7
2024-09-19 12:13:50.557,422.9768948197138,6
2024-09-19 12:13:50.616,422.94136281989086,998
2024-09-19 12:13:50.751,422.987114933017,1000
2024-09-19 12:13:50.789,422.9487558564364,99
2024-09-19 12:13:50.791,422.9812074171453,100
2024-09-19 12:13:50.801,422.9072129150784,95
2024-09-19 12:13:51.277,422.92302935169056,1002
2024-09-19 12:13:52.062,422.8465319748155,103
2024-09-19 12:13:52.107,42.28312923894083,99
2024-09-19 12:13:52.124,422.8528862698488,100
2024-09-19 12:13:52.303,422.8613022993523,11
2024-09-19 12:13:52.325,422.8648212038308,105
2024-09-19 12:13:52.359,422.90159107543457,102
2024-09-19 12:13:52.370,422.8405023390329,104
2024-09-19 12:13:52.474,422.8701669867893,12
2024-09-19 12:13:52.476,422.8538127322394,1000
2024-09-19 12:13:52.591,422.8470994976551,101
2024-09-19 12:13:52.729,422.8414319991884,103
2024-09-19 12:13:52.848,422.8885374706456,97
2024-09-19 12:13:53.007,422.8078345278274,999
2024-09-19 12:13:53.373,422.8216194608926,98
2024-09-19 12:13:53.430,422.803938511776,1005
2024-09-19 12:13:53.448,422.8497091044816,6
2024-09-19 12:13:53.652,422.8374218218565,998
2024-09-19 12:13:53.790,422.82539736217217,96
2024-09-19 12:13:53.980,422.8239784943208,1003
2024-09-19 12:13:54.068,422.8207897824847,102
2024-09-19 12:13:54.163,422.8154413459923,998
2024-09-19 12:13:54.373,422.834359348214,8
2024-09-19 12:13:54.420,422.8260179682053,103
2024-09-19 12:13:54.452,422.81832965380846,103
2024-09-19 12:13:54.504,422.8224336576299,998
2024-09-19 12:13:54.576,422.82692272307537,97
2024-09-19 12:13:54.601,422.8103662879877,1001
2024-09-19 12:13:54.721,422.8401832995439,11
2024-09-19 12:13:54.896,422.7791594617207,8
2024-09-19 12:13:54.983,422.8447672076824,14
2024-09-19 12:13:55.016,422.7903537662891,996
2024-09-19 12:13:55.069,422.7907424687672,9
2024-09-19 12:13:55.099,422.8571116741029,996
2024-09-19 12:13:55.115,422.8406873671115,5
2024-09-19 12:13:55.121,422.7763587521454,996
2024-09-19 12:13:55.212,422.8503434622707,11
2024-09-19 12:13:55.236,422.7924435804049,101
2024-09-19 12:13:55.274,422.8405451016631,1005
2024-09-19 12:13:55.333,422.8503116011429,8
2024-09-19 12:13:55.336,422.8010766885354,105
2024-09-19 12:13:55.400,422.8346755914767,105
2024-09-19 12:13:55.502,422.8519944136611,13
2024-09-19 12:13:55.547,422.8167296983127,97
2024-09-19 12:13:55.687,422.7828046245035,95
2024-09-19 12:13:55.691,422.8518955763468,1002
2024-09-19 12:13:55.707,422.77345749784814,15
2024-09-19 12:13:55.747,422.81872551230447,9
2024-09-19 12:13:55.804,422.8307347131859,15
2024-09-19 12:13:55.848,422.8675507856917,100
2024-09-19 12:13:55.950,422.8455704023691,9
2024-09-19 12:13:56.011,422.8768373191414,14
2024-09-19 12:13:56.081,422.8330371192906,96
2024-09-19 12:13:56.102,422.8695539533015,104
2024-09-19 12:13:56.121,422.8615853479714,98
2024-09-19 12:13:56.217,422.8773368001409,8
2024-09-19 12:13:56.313,422.86391793601047,97
2024-09-19 12:13:56.403,422.83630766283454,7
2024-09-19 12:13:56.433,422.8379924652061,6
2024-09-19 12:13:56.440,422.8609151183174,99
2024-09-19 12:13:56.445,422.8825133196834,9
2024-09-19 12:13:56.460,422.871780740995,996
2024-09-19 12:13:56.603,422.8621313418831,10
2024-09-19 12:13:56.679,422.8332444314233,11
2024-09-19 12:13:56.701,422.8624061275757,7
2024-09-19 12:13:56.709,422.85070797588617,105
2024-09-19 12:13:56.730,422.8669481990112,10
2024-09-19 12:13:56.764,422.8606956116844,9
2024-09-19 12:13:56.777,422.8536841485841,6
2024-09-19 12:13:56.803,422.8403212599605,100
2024-09-19 12:13:56.924,422.85284622856346,15
2024-09-19 12:13:56.943,422.8667348517973,997
2024-09-19 12:13:56.944,422.8539302394015,100
2024-09-19 12:13:56.963,422.8688279433011,13
2024-09-19 12:13:56.993,422.8699814716187,1003
2024-09-19 12:13:57.017,422.8343881126756,995
2024-09-19 12:13:57.066,422.8161164021262,1003
2024-09-19 12:13:57.182,422.8217104880159,13
2024-09-19 12:13:57.261,422.8305697069745,102
2024-09-19 12:13:57.499,422.8463243261255,1001
2024-09-19 12:13:58.573,422.830162471066,10
2024-09-19 12:13:58.882,422.8440375960851,1002
2024-09-19 12:13:59.002,422.9256073075638,13
2024-09-19 12:13:59.004,422.8504052818417,15
2024-09-19 12:13:59.081,422.8465928785541,12
2024-09-19 12:13:59.084,422.8669876602575,996
2024-09-19 12:13:59.118,422.9241761799534,96
2024-09-19 12:13:59.148,422.8778766940122,11
2024-09-19 12:13:59.251,422.85309379540433,13
2024-09-19 12:13:59.280,422.9433538918594,1001
2024-09-19 12:13:59.384,422.876202029663,99
2024-09-19 12:13:59.398,422.9034159106443,14
2024-09-19 12:13:59.688,422.85697312601246,8
2024-09-19 12:13:59.783,422.9293713842442,98
2024-09-19 12:13:59.852,422.9360785604633,12
2024-09-19 12:13:59.967,422.8651829837863,12
