Timestamp,Price,Size
2024-09-20 10:35:00.081,422.3916096678278,1002
2024-09-20 10:35:00.182,422.4095524272067,14
2024-09-20 10:35:00.222,422.4234993519805,1004
2024-09-20 10:35:00.351,422.39587658978127,9
2024-09-20 10:35:00.549,422.38568119751017,12
2024-09-20 10:35:00.734,422.39940197754544,13
2024-09-20 10:35:00.768,422.393705473266,6
2024-09-20 10:35:00.780,422.4142151337999,999
2024-09-20 10:35:00.835,422.4008957657511,10
2024-09-20 10:35:01.085,422.3591130367542,11
2024-09-20 10:35:02.049,422.4261352158838,1005
2024-09-20 10:35:02.122,422.3681894441818,99
2024-09-20 10:35:02.185,422.4384522834253,997
2024-09-20 10:35:02.197,422.38874329493854,5
2024-09-20 10:35:02.224,422.40529716927074,1005
2024-09-20 10:35:02.320,422.4281319689997,1004
2024-09-20 10:35:02.324,422.3937396630984,1001
2024-09-20 10:35:02.343,422.3810451919562,15
2024-09-20 10:35:02.345,422.4238610306581,15
2024-09-20 10:35:02.517,422.4127474991007,9
2024-09-20 10:35:02.577,422.4251918855479,99
2024-09-20 10:35:02.599,422.43687085850667,100
2024-09-20 10:35:02.677,422.42958271709887,1000
2024-09-20 10:35:02.689,422.3948333551732,103
2024-09-20 10:35:02.707,422.4227991754388,9
2024-09-20 10:35:02.765,422.41833581259766,97
2024-09-20 10:35:02.798,422.4342745138917,998
2024-09-20 10:35:02.813,422.40031097938606,105
2024-09-20 10:35:02.946,422.3902785660497,96
2024-09-20 10:35:03.059,422.4764723121815,99
2024-09-20 10:35:03.131,422.4616968744814,15
2024-09-20 10:35:03.180,422.4726705215285,99
2024-09-20 10:35:03.196,422.43167039600206,1004
2024-09-20 10:35:03.215,422.49322854632953,997
2024-09-20 10:35:03.223,422.4796196848136,6
2024-09-20 10:35:03.242,422.47087284041805,1005
2024-09-20 10:35:03.243,422.46053308694655,11
2024-09-20 10:35:03.347,422.4510178362788,998
2024-09-20 10:35:03.358,422.4264030069836,8
2024-09-20 10:35:03.534,422.48847119848347,11
2024-09-20 10:35:03.548,422.4875451745232,11
2024-09-20 10:35:03.585,422.49212278977785,997
2024-09-20 10:35:03.625,422.4477920596062,996
2024-09-20 10:35:03.660,422.48047608522,1003
2024-09-20 10:35:03.729,422.4497998749159,999
2024-09-20 10:35:03.894,422.47284973909615,10
2024-09-20 10:35:03.901,422.4539452188161,14
2024-09-20 10:35:03.911,422.4215121019128,6
2024-09-20 10:35:03.965,422.4777238409592,100
2024-09-20 10:35:04.046,422.4598639461492,10
2024-09-20 10:35:04.059,422.48061288529567,1002
2024-09-20 10:35:04.094,422.5178058007021,95
2024-09-20 10:35:04.100,422.4889536279848,7
2024-09-20 10:35:04.136,422.4814073720644,14
2024-09-20 10:35:04.150,422.4823158181568,96
2024-09-20 10:35:04.162,422.4500580698577,998
2024-09-20 10:35:04.199,422.4485948673079,13
2024-09-20 10:35:04.201,422.43256507870063,995
2024-09-20 10:35:04.255,422.48209345844754,8
2024-09-20 10:35:04.268,422.40392291117575,99
2024-09-20 10:35:04.273,422.40979359336114,12
2024-09-20 10:35:04.368,422.5132277129537,7
2024-09-20 10:35:04.376,422.4186853322076,1000
2024-09-20 10:35:04.399,422.4671234592852,105
2024-09-20 10:35:04.416,422.4012018244957,14
2024-09-20 10:35:04.437,422.5028438378483,6
2024-09-20 10:35:04.463,422.4798202282177,1005
2024-09-20 10:35:04.472,422.4516429091411,97
2024-09-20 10:35:04.489,422.45942178641616,1000
2024-09-20 10:35:04.542,422.4749868107697,100
2024-09-20 10:35:04.587,422.4602622329536,1002
2024-09-20 10:35:04.656,422.5006792442893,96
2024-09-20 10:35:04.746,422.5133963083208,12
2024-09-20 10:35:04.844,422.4699926453879,9
2024-09-20 10:35:04.921,422.4733468770637,105
2024-09-20 10:35:04.934,422.5298325491757,10
2024-09-20 10:35:04.977,422.4137239216217,8
2024-09-20 10:35:05.204,422.41546861122856,12
2024-09-20 10:35:05.207,422.4108076893429,14
2024-09-20 10:35:05.605,422.4357620690722,1004
2024-09-20 10:35:05.782,422.40066828572265,96
2024-09-20 10:35:05.848,422.44061545493736,1000
2024-09-20 10:35:06.011,-422.44080896395167,105
2024-09-20 10:35:06.026,422.44604218686777,6
2024-09-20 10:35:06.096,422.4399472491844,9
2024-09-20 10:35:06.154,422.4456528211372,1000
2024-09-20 10:35:06.249,422.458888089846,1002
2024-09-20 10:35:06.264,422.4435055473041,10
2024-09-20 10:35:06.280,422.49137511973385,1003
2024-09-20 10:35:06.357,422.4774045191306,12
2024-09-20 10:35:06.382,422.4332619657032,11
2024-09-20 10:35:06.776,422.4305640970869,1004
2024-09-20 10:35:06.814,422.42981828489206,11
2024-09-20 10:35:06.826,422.4808373653233,997
2024-09-20 10:35:06.967,422.4447907178655,99
2024-09-20 10:35:07.065,-422.4737791785548,105
2024-09-20 10:35:07.082,422.4711004244243,102
2024-09-20 10:35:07.089,422.5009201721948,100
2024-09-20 10:35:07.091,422.4986949590719,998
2024-09-20 10:35:07.203,422.5069830875749,95
2024-09-20 10:35:07.212,422.4505300958319,12
2024-09-20 10:35:07.243,422.4559071458383,1001
2024-09-20 10:35:07.288,422.468001650792,10
2024-09-20 10:35:07.299,422.4747898418592,995
2024-09-20 10:35:07.319,422.3792299718002,7
2024-09-20 10:35:07.471,422.4912108110755,105
2024-09-20 10:35:07.568,422.3905812501164,9
2024-09-20 10:35:07.578,422.4806895779143,999
2024-09-20 10:35:07.580,422.4293108299283,100
2024-09-20 10:35:07.587,422.3962572254268,8
2024-09-20 10:35:07.612,422.4711878613733,105
2024-09-20 10:35:07.613,422.5048829668255,105
2024-09-20 10:35:07.684,422.4844197191836,104
2024-09-20 10:35:07.741,422.495089620973,1005
2024-09-20 10:35:07.769,422.4837363366552,12
2024-09-20 10:35:07.860,422.484082956913,996
2024-09-20 10:35:07.872,422.426374281692,98
2024-09-20 10:35:07.886,422.4519681103615,98
2024-09-20 10:35:07.929,422.3814587206237,95
2024-09-20 10:35:07.950,422.40040537623423,95
2024-09-20 10:35:07.965,422.4721824943909,100
2024-09-20 10:35:08.057,422.3647598635933,9
2024-09-20 10:35:08.130,422.4020876768032,6
2024-09-20 10:35:08.142,422.37834042824267,100
2024-09-20 10:35:08.157,422.312340609249,999
2024-09-20 10:35:08.159,422.4030047379875,102
2024-09-20 10:35:08.168,422.35870470927006,6
2024-09-20 10:35:08.216,422.364294368541,8
2024-09-20 10:35:08.221,422.2969529836189,103
2024-09-20 10:35:08.237,422.3721817859833,97
2024-09-20 10:35:08.355,422.3117537683004,12
2024-09-20 10:35:08.438,422.2932740684456,998
2024-09-20 10:35:08.454,422.3928438507422,14
2024-09-20 10:35:08.457,422.4188993429176,999
2024-09-20 10:35:08.518,422.3821444174532,103
2024-09-20 10:35:08.538,422.34975257262414,97
2024-09-20 10:35:08.589,422.39740120011095,12
2024-09-20 10:35:08.599,422.33696267717113,12
2024-09-20 10:35:08.604,422.3661019059157,5
2024-09-20 10:35:08.635,422.4072564505344,1003
2024-09-20 10:35:08.702,422.3800921499935,99
2024-09-20 10:35:08.863,422.4233861262648,96
2024-09-20 10:35:08.883,422.2974125218699,98
2024-09-20 10:35:08.941,422.3209905830155,98
2024-09-20 10:35:08.958,422.3032567145511,999
2024-09-20 10:35:09.057,422.2781891013765,13
2024-09-20 10:35:09.090,422.3080892538031,99
2024-09-20 10:35:09.204,422.24997585895926,1003
2024-09-20 10:35:09.274,422.2731496420349,995
2024-09-20 10:35:09.279,422.293090547532,98
2024-09-20 10:35:09.301,422.2577979736489,14
2024-09-20 10:35:09.387,422.30438089156814,1004
2024-09-20 10:35:09.388,422.32310465546607,997
2024-09-20 10:35:09.427,422.284617087991,11
2024-09-20 10:35:09.471,422.27271764922745,5
2024-09-20 10:35:09.556,422.3015951024296,7
2024-09-20 10:35:09.619,422.284276836374,1000
2024-09-20 10:35:09.647,422.2796902154498,96
2024-09-20 10:35:09.704,422.28162890062754,105
2024-09-20 10:35:09.737,422.3079723871325,1001
2024-09-20 10:35:09.785,422.3009176941461,997
2024-09-20 10:35:09.804,422.29892121428026,1005
2024-09-20 10:35:09.837,422.296030099933,996
2024-09-20 10:35:09.907,-422.2649874674405,1002
2024-09-20 10:35:09.952,422.2810497233806,1000
2024-09-20 10:35:09.956,422.2670422528132,6
2024-09-20 10:35:09.963,422.2734924260857,8
2024-09-20 10:35:09.986,422.3011167815327,997
2024-09-20 10:35:10.117,422.26224187910697,14
2024-09-20 10:35:10.515,422.28395879904224,103
2024-09-20 10:35:10.576,422.2707828889602,15
2024-09-20 10:35:10.751,422.2570743107812,12
2024-09-20 10:35:11.009,422.285627632886,995
2024-09-20 10:35:11.132,422.278300801713,100
2024-09-20 10:35:11.164,422.3156562722682,8
2024-09-20 10:35:11.182,422.2686658710344,96
2024-09-20 10:35:11.243,422.2921971412337,6
2024-09-20 10:35:11.252,422.30730005906895,100
2024-09-20 10:35:11.258,422.3031845894684,11
2024-09-20 10:35:11.279,422.2610297087304,999
2024-09-20 10:35:11.298,422.29605795880025,99
2024-09-20 10:35:11.354,422.279771884668,12
2024-09-20 10:35:11.386,422.2685537295524,103
2024-09-20 10:35:11.456,422.27641270412266,102
2024-09-20 10:35:11.472,422.26934002671896,1000
2024-09-20 10:35:11.501,422.3140037065001,8
2024-09-20 10:35:11.554,422.2820368192929,95
2024-09-20 10:35:11.584,422.2974003262886,8
2024-09-20 10:35:11.610,422.3034610999894,1004
2024-09-20 10:35:11.636,422.3052760480159,999
2024-09-20 10:35:11.733,422.30031600476383,104
2024-09-20 10:35:11.808,422.272192783361,13
2024-09-20 10:35:11.822,422.3132830032253,11
2024-09-20 10:35:11.913,422.2774884054905,14
2024-09-20 10:35:11.948,422.2700940471869,14
2024-09-20 10:35:11.956,422.2807812928531,1004
2024-09-20 10:35:11.983,422.2937548296625,101
2024-09-20 10:35:12.060,422.29026765873215,102
2024-09-20 10:35:12.092,422.3194481980072,998
2024-09-20 10:35:12.147,422.2542550987631,105
2024-09-20 10:35:12.202,422.28600520813615,999
2024-09-20 10:35:12.211,422.27220145678535,1002
2024-09-20 10:35:12.251,422.33764265264114,102
2024-09-20 10:35:12.348,422.2448406741864,11
2024-09-20 10:35:12.405,422.2546326362327,1002
2024-09-20 10:35:12.410,422.27430209242846,7
2024-09-20 10:35:12.446,422.26495766620496,103
2024-09-20 10:35:12.723,422.2944771300888,1005
2024-09-20 10:35:12.800,422.2668524246627,1003
2024-09-20 10:35:12.815,422.2886772048515,10
2024-09-20 10:35:12.826,-422.296910494985,1005
2024-09-20 10:35:12.828,422.2766994040943,105
2024-09-20 10:35:12.836,422.33401731051526,11
2024-09-20 10:35:12.885,422.28530863172114,101
2024-09-20 10:35:12.978,422.27336689991455,12
2024-09-20 10:35:13.142,422.3238455322661,998
2024-09-20 10:35:13.166,422.34841985159306,96
2024-09-20 10:35:13.221,422.3377550252631,97
2024-09-20 10:35:13.236,422.3258257966717,8
2024-09-20 10:35:13.327,422.2960538494993,5
2024-09-20 10:35:13.352,422.3232738056494,996
2024-09-20 10:35:13.385,422.3771605727271,101
2024-09-20 10:35:13.413,422.3451373718121,103
2024-09-20 10:35:13.495,422.36492903874944,104
2024-09-20 10:35:13.508,422.33681575259305,1001
2024-09-20 10:35:13.533,422.3061388834696,9
2024-09-20 10:35:13.548,422.2963492323503,995
2024-09-20 10:35:13.567,422.3276659021385,997
2024-09-20 10:35:13.589,422.3167078272411,97
2024-09-20 10:35:13.590,422.33371381233457,103
2024-09-20 10:35:13.642,422.3177501568006,100
2024-09-20 10:35:13.696,422.3189770059837,997
2024-09-20 10:35:13.763,422.30902915888674,998
2024-09-20 10:35:13.972,422.34082596245145,103
2024-09-20 10:35:14.022,422.41633893279777,95
2024-09-20 10:35:14.030,422.35769449317854,12
2024-09-20 10:35:14.079,422.3771961435562,103
2024-09-20 10:35:14.087,422.4103825282521,1003
2024-09-20 10:35:14.104,422.3443658501524,99
2024-09-20 10:35:14.121,422.3246783352936,1005
2024-09-20 10:35:14.121,422.370490690788,1001
2024-09-20 10:35:14.130,422.3747973912354,105
2024-09-20 10:35:14.136,422.392606551065,101
2024-09-20 10:35:14.138,422.352740759861,6
2024-09-20 10:35:14.141,422.37398929486966,98
2024-09-20 10:35:14.212,422.3688651166973,100
2024-09-20 10:35:14.234,422.3486836454751,1000
2024-09-20 10:35:14.237,422.369704421334,1003
2024-09-20 10:35:14.337,422.3451627895101,10
2024-09-20 10:35:14.356,422.3548636685904,12
2024-09-20 10:35:14.466,422.37808063748895,104
2024-09-20 10:35:14.517,422.3710099019232,12
2024-09-20 10:35:14.547,422.3776715654019,104
2024-09-20 10:35:14.601,422.3483544755493,1003
2024-09-20 10:35:14.724,422.3678090037108,1005
2024-09-20 10:35:14.735,422.35334895255374,1004
2024-09-20 10:35:14.775,422.3589740201522,1005
2024-09-20 10:35:14.783,422.3542685818509,14
2024-09-20 10:35:14.846,422.3764361628399,9
2024-09-20 10:35:14.906,422.3956602962112,10
2024-09-20 10:35:14.917,422.3711181911895,998
2024-09-20 10:35:14.942,422.3326129856831,105
2024-09-20 10:35:14.977,422.39050161061846,996
2024-09-20 10:35:15.044,422.3165121822461,9
2024-09-20 10:35:15.060,422.3426720305988,10
2024-09-20 10:35:15.103,42.23710726451549,1003
2024-09-20 10:35:15.164,422.34727635267575,7
2024-09-20 10:35:15.180,422.3520147829103,999
2024-09-20 10:35:15.230,422.2792264651241,7
2024-09-20 10:35:15.231,422.3768651904438,99
2024-09-20 10:35:15.263,422.3512089411013,96
2024-09-20 10:35:15.268,422.38765144672647,11
2024-09-20 10:35:15.404,422.2527747266192,15
2024-09-20 10:35:15.425,422.2970529506353,11
2024-09-20 10:35:15.579,422.3761993810307,999
2024-09-20 10:35:15.590,422.271027292142,13
2024-09-20 10:35:15.707,422.3353035680741,996
2024-09-20 10:35:15.713,,9
2024-09-20 10:35:15.826,422.2942282669002,104
2024-09-20 10:35:15.865,422.3114738248582,12
2024-09-20 10:35:15.890,422.3830571973456,1000
2024-09-20 10:35:15.960,422.38196441992346,96
2024-09-20 10:35:16.062,422.2629501294496,998
2024-09-20 10:35:16.064,422.2909712083616,11
2024-09-20 10:35:16.160,422.2456270248251,100
2024-09-20 10:35:16.180,422.2645929168117,95
2024-09-20 10:35:16.225,422.2427123996808,13
2024-09-20 10:35:16.267,422.2675894586088,5
2024-09-20 10:35:16.404,422.2743280332722,11
2024-09-20 10:35:16.415,422.2889486893235,997
2024-09-20 10:35:16.457,422.24861854420544,99
2024-09-20 10:35:16.539,422.2442530318316,97
2024-09-20 10:35:16.713,422.2985387231589,7
2024-09-20 10:35:16.764,422.2602263419,14
2024-09-20 10:35:16.923,422.29952596629926,995
2024-09-20 10:35:16.948,422.2602242636562,95
2024-09-20 10:35:17.025,422.3225365147956,96
2024-09-20 10:35:17.065,422.3546694823586,996
2024-09-20 10:35:17.300,422.3228176584407,1002
2024-09-20 10:35:17.309,422.3971366630068,6
2024-09-20 10:35:17.360,422.3040850783261,100
2024-09-20 10:35:17.537,422.3756911813073,996
2024-09-20 10:35:17.572,422.3649324955014,97
2024-09-20 10:35:17.671,422.3305660294752,7
2024-09-20 10:35:17.691,422.3615331775112,98
2024-09-20 10:35:17.722,422.3287261622377,9
2024-09-20 10:35:17.753,422.3741872596379,7
2024-09-20 10:35:17.782,422.3595514337656,998
2024-09-20 10:35:17.856,422.3816869473216,102
2024-09-20 10:35:17.869,422.3904805791589,99
2024-09-20 10:35:17.939,422.3445199822589,104
2024-09-20 10:35:17.982,422.336544472412,999
2024-09-20 10:35:18.063,422.4462688102328,102
2024-09-20 10:35:18.108,422.369910493022,104
2024-09-20 10:35:18.121,422.3972408381188,14
2024-09-20 10:35:18.182,422.4665680694316,1005
2024-09-20 10:35:18.198,422.3983554708692,14
2024-09-20 10:35:18.266,422.3987585679048,15
2024-09-20 10:35:18.287,422.3946565060451,7
2024-09-20 10:35:18.322,422.46414103214767,10
2024-09-20 10:35:18.341,422.3945289326262,95
2024-09-20 10:35:18.374,422.4121654555259,95
2024-09-20 10:35:18.380,422.3923968865994,1002
2024-09-20 10:35:18.459,422.4659154837739,5
2024-09-20 10:35:18.536,422.391640028546,10
2024-09-20 10:35:18.546,422.4818473665897,14
2024-09-20 10:35:18.576,422.4175998144466,101
2024-09-20 10:35:18.588,422.3868478291175,10
2024-09-20 10:35:18.599,422.4073844478506,11
2024-09-20 10:35:18.602,422.4153067157077,98
2024-09-20 10:35:18.602,422.4451976502767,7
2024-09-20 10:35:18.635,422.4133873157329,96
2024-09-20 10:35:18.672,422.4432200672095,103
2024-09-20 10:35:18.683,422.3850089492889,998
2024-09-20 10:35:18.734,422.38621133263854,101
2024-09-20 10:35:18.778,422.3961967325395,96
2024-09-20 10:35:18.782,422.4101788504571,1003
2024-09-20 10:35:18.910,422.4181556538988,7
2024-09-20 10:35:18.927,422.4017023541693,7
2024-09-20 10:35:18.983,422.4391211686406,1002
2024-09-20 10:35:19.004,422.4699539039236,99
2024-09-20 10:35:19.015,422.4329982728008,12
2024-09-20 10:35:19.026,422.460737996947,5
2024-09-20 10:35:19.073,422.427213319188,12
2024-09-20 10:35:19.349,422.4339310802373,1004
2024-09-20 10:35:19.470,422.4679328618328,15
2024-09-20 10:35:19.531,422.4417382584626,6
2024-09-20 10:35:19.565,-422.4191819094713,104
2024-09-20 10:35:19.970,42.24095444466852,13
2024-09-20 10:35:19.977,422.4393287135026,10
2024-09-20 10:35:20.062,422.4821461117101,5
2024-09-20 10:35:20.077,422.4378546096655,999
2024-09-20 10:35:20.135,422.46281103048193,1005
2024-09-20 10:35:20.273,422.4891444125862,14
2024-09-20 10:35:20.323,422.45733309499263,10
2024-09-20 10:35:20.330,422.4862780655959,105
2024-09-20 10:35:20.337,422.4342786190233,95
2024-09-20 10:35:20.379,422.4751194024778,1001
2024-09-20 10:35:20.392,422.5095772090422,8
2024-09-20 10:35:20.459,422.4892228932656,100
2024-09-20 10:35:20.479,422.46704134546576,100
2024-09-20 10:35:20.519,422.4647745282693,99
2024-09-20 10:35:20.522,422.47583872925935,96
2024-09-20 10:35:20.567,422.4933375924589,101
2024-09-20 10:35:20.718,422.4926789070292,7
2024-09-20 10:35:20.734,422.5117561971806,1002
2024-09-20 10:35:20.751,422.48666427338566,12
2024-09-20 10:35:20.753,422.436531423298,13
2024-09-20 10:35:20.841,422.4863188355704,7
2024-09-20 10:35:20.870,422.5061230326568,999
2024-09-20 10:35:20.921,422.49426809368265,104
2024-09-20 10:35:20.922,422.48559738681854,6
2024-09-20 10:35:20.956,422.4605397386099,999
2024-09-20 10:35:20.976,422.4825693494544,10
2024-09-20 10:35:21.237,,97
2024-09-20 10:35:21.281,422.4556259334702,95
2024-09-20 10:35:21.416,422.44247579690057,1001
2024-09-20 10:35:21.452,422.4598697652027,96
2024-09-20 10:35:21.496,422.45324472726736,1004
2024-09-20 10:35:21.580,422.4529250768388,1005
2024-09-20 10:35:21.621,422.4555605614256,8
2024-09-20 10:35:21.714,422.4593351849834,997
2024-09-20 10:35:21.861,422.4633883097064,999
2024-09-20 10:35:21.888,422.4440987828369,96
2024-09-20 10:35:21.986,422.4597585962519,103
2024-09-20 10:35:22.048,422.40731370297175,996
2024-09-20 10:35:22.055,422.4336554691253,6
2024-09-20 10:35:22.058,422.3800900838351,14
2024-09-20 10:35:22.075,422.4039756684752,14
2024-09-20 10:35:22.127,422.4388094616603,6
2024-09-20 10:35:22.181,422.4398591673839,13
2024-09-20 10:35:22.189,422.3899913602913,95
2024-09-20 10:35:22.227,422.44141608770553,101
2024-09-20 10:35:22.281,422.44598885264617,1002
2024-09-20 10:35:22.294,422.3712426801567,101
2024-09-20 10:35:22.353,422.4310257247595,15
2024-09-20 10:35:22.380,422.46199601487626,95
2024-09-20 10:35:22.521,422.4483808547844,96
2024-09-20 10:35:22.581,422.39731230708446,998
2024-09-20 10:35:22.688,422.452308680716,13
2024-09-20 10:35:22.758,422.46524695027233,7
2024-09-20 10:35:22.885,422.42084317739193,9
2024-09-20 10:35:22.924,422.3996910861888,6
2024-09-20 10:35:23.003,422.3692423141694,996
2024-09-20 10:35:23.013,422.3983272212385,996
2024-09-20 10:35:23.022,422.3648633424003,13
2024-09-20 10:35:23.097,422.4085156391757,8
2024-09-20 10:35:23.130,422.4023592742475,999
2024-09-20 10:35:23.170,422.4230580756525,12
2024-09-20 10:35:23.182,422.4089408771468,10
2024-09-20 10:35:23.246,422.4190568069157,11
2024-09-20 10:35:23.285,422.4075965640416,98
2024-09-20 10:35:23.333,422.4011141225728,105
2024-09-20 10:35:23.337,422.3825356581163,102
2024-09-20 10:35:23.388,422.4192861027916,9
2024-09-20 10:35:23.429,422.4118979146039,101
2024-09-20 10:35:23.575,422.4219266447699,102
2024-09-20 10:35:23.614,422.41476517449007,12
2024-09-20 10:35:23.640,422.3951305617804,995
2024-09-20 10:35:23.685,422.40710085684543,997
2024-09-20 10:35:23.739,422.3753479102916,14
2024-09-20 10:35:23.778,422.4163002981478,996
2024-09-20 10:35:23.852,422.4160625800647,6
2024-09-20 10:35:23.934,422.3983958716568,100
2024-09-20 10:35:23.976,422.3814261073514,1004
2024-09-20 10:35:24.007,422.3583809904309,12
2024-09-20 10:35:24.083,422.3697222145607,95
2024-09-20 10:35:24.108,422.3725057029055,11
2024-09-20 10:35:24.127,422.3808458917141,1000
2024-09-20 10:35:24.175,422.3582212078803,1000
2024-09-20 10:35:24.177,422.3560401411896,1005
2024-09-20 10:35:24.189,422.3514992158883,9
2024-09-20 10:35:24.210,422.4047236784061,96
2024-09-20 10:35:24.354,422.4003417741022,996
2024-09-20 10:35:24.360,422.35905760125627,1005
2024-09-20 10:35:24.493,422.4051914762969,1003
2024-09-20 10:35:24.560,-422.3610118981535,13
2024-09-20 10:35:24.608,422.3955775970704,7
2024-09-20 10:35:24.643,422.3955451249709,9
2024-09-20 10:35:24.718,422.366869953681,13
2024-09-20 10:35:24.733,422.3607772575179,102
2024-09-20 10:35:24.831,422.3650077396023,99
2024-09-20 10:35:24.836,422.3766546794478,104
2024-09-20 10:35:24.907,422.3794490926725,14
2024-09-20 10:35:24.992,422.4100667209144,101
2024-09-20 10:35:25.080,422.3719135217713,999
2024-09-20 10:35:25.202,422.40243565560434,996
2024-09-20 10:35:25.388,422.41668225427753,13
2024-09-20 10:35:25.429,422.4115681002102,998
2024-09-20 10:35:25.440,422.3619404485101,9
2024-09-20 10:35:25.452,422.4068590501252,13
2024-09-20 10:35:25.498,422.37033659012303,5
2024-09-20 10:35:25.499,422.403521939546,105
2024-09-20 10:35:25.554,422.4056885967926,1001
2024-09-20 10:35:25.603,422.4167964876193,5
2024-09-20 10:35:25.631,422.3580328268153,102
2024-09-20 10:35:25.728,422.3987094989311,99
2024-09-20 10:35:25.744,422.3948295403241,996
2024-09-20 10:35:25.987,422.3791104963192,104
2024-09-20 10:35:26.021,422.3424136602154,104
2024-09-20 10:35:26.050,422.32828414972346,11
2024-09-20 10:35:26.102,422.3294324214462,98
2024-09-20 10:35:26.112,422.3202178932143,15
2024-09-20 10:35:26.174,422.3547885546477,10
2024-09-20 10:35:26.199,422.3582609441216,101
2024-09-20 10:35:26.299,422.37622047311527,997
2024-09-20 10:35:26.389,422.3312194193603,1003
2024-09-20 10:35:26.436,422.3753335735185,100
2024-09-20 10:35:26.487,422.3681445118712,998
2024-09-20 10:35:26.605,422.36869883159966,99
2024-09-20 10:35:26.672,422.35933842568056,1004
2024-09-20 10:35:26.766,422.3491250697367,15
2024-09-20 10:35:26.879,422.3561801529472,999
2024-09-20 10:35:27.095,422.3621311865367,9
2024-09-20 10:35:27.201,422.3337080610242,8
2024-09-20 10:35:27.250,422.3505840299292,996
2024-09-20 10:35:27.351,422.31062241262856,7
2024-09-20 10:35:27.428,422.31625611012544,13
2024-09-20 10:35:27.538,422.33685917869656,99
2024-09-20 10:35:27.656,422.3205437769206,103
2024-09-20 10:35:27.716,422.3560347486374,104
2024-09-20 10:35:27.718,422.348594175246,11
2024-09-20 10:35:27.864,422.3735440943785,996
2024-09-20 10:35:28.196,422.3870815520469,9
2024-09-20 10:35:28.201,422.3915482495252,101
2024-09-20 10:35:28.376,422.38188145710456,996
2024-09-20 10:35:28.819,422.38175973652073,1000
2024-09-20 10:35:29.018,422.3755230868691,995
2024-09-20 10:35:29.050,422.35221397888034,1000
2024-09-20 10:35:29.058,422.3287305089865,10
2024-09-20 10:35:29.090,422.3577535741501,13
2024-09-20 10:35:29.102,422.343730130613,11
2024-09-20 10:35:29.114,422.3539356057869,8
2024-09-20 10:35:29.143,422.29084366367374,995
2024-09-20 10:35:29.163,422.3538829168895,101
2024-09-20 10:35:29.230,422.3588670941144,8
2024-09-20 10:35:29.267,422.361911230674,997
2024-09-20 10:35:29.275,422.3151979190545,103
2024-09-20 10:35:29.288,422.3734511385693,101
2024-09-20 10:35:29.298,422.36304594564814,101
2024-09-20 10:35:29.373,422.3677487394472,998
2024-09-20 10:35:29.432,,9
2024-09-20 10:35:29.454,422.3555987070227,14
2024-09-20 10:35:29.479,422.3585150260885,1000
2024-09-20 10:35:29.512,-422.36639411097485,95
2024-09-20 10:35:29.537,422.36570598353,5
2024-09-20 10:35:29.545,422.3604418209297,104
2024-09-20 10:35:29.573,422.37298095928537,5
2024-09-20 10:35:29.580,422.3685061945637,999
2024-09-20 10:35:29.640,422.3443351188406,1005
2024-09-20 10:35:29.646,422.3602053575898,104
2024-09-20 10:35:29.866,422.3109562065925,15
2024-09-20 10:35:29.926,422.3629507472624,6
2024-09-20 10:35:29.929,422.3645042986851,10
2024-09-20 10:35:29.969,422.3625562826617,95
2024-09-20 10:35:29.973,422.3797497668628,15
2024-09-20 10:35:30.008,422.261858976163,15
2024-09-20 10:35:30.021,422.30035034809,998
2024-09-20 10:35:30.048,422.3275739781742,12
2024-09-20 10:35:30.124,422.337193253075,97
2024-09-20 10:35:30.141,422.2675143493898,1003
2024-09-20 10:35:30.145,422.24988523740143,12
2024-09-20 10:35:30.208,422.3211218118981,96
2024-09-20 10:35:30.229,422.3143442504853,98
2024-09-20 10:35:30.294,422.33214484362446,1004
2024-09-20 10:35:30.314,422.2968411158464,12
2024-09-20 10:35:30.316,422.2835470333964,1002
2024-09-20 10:35:30.380,422.2715088314234,999
2024-09-20 10:35:30.411,422.2862729990436,99
2024-09-20 10:35:30.434,422.2701826160354,1003
2024-09-20 10:35:30.472,422.2555364479336,995
2024-09-20 10:35:30.527,422.300501338436,5
2024-09-20 10:35:30.552,422.2921586427224,10
2024-09-20 10:35:30.607,422.2579072717329,98
2024-09-20 10:35:30.685,422.2447256654916,996
2024-09-20 10:35:30.703,422.2623224732265,14
2024-09-20 10:35:30.772,422.2988943451936,997
2024-09-20 10:35:30.786,422.34542424975456,1001
2024-09-20 10:35:30.795,422.30446513324426,11
2024-09-20 10:35:30.882,422.2661927348687,995
2024-09-20 10:35:30.910,422.29057667387485,7
2024-09-20 10:35:30.911,422.26882668331865,10
2024-09-20 10:35:30.989,422.33687731446537,103
2024-09-20 10:35:31.027,422.331356977501,98
2024-09-20 10:35:31.035,422.34984093719225,14
2024-09-20 10:35:31.081,422.3173665127505,14
2024-09-20 10:35:31.081,422.3321493589722,100
2024-09-20 10:35:31.093,422.33591806414114,99
2024-09-20 10:35:31.126,422.3314866153453,102
2024-09-20 10:35:31.250,422.3236374545012,96
2024-09-20 10:35:31.292,422.3307344620665,10
2024-09-20 10:35:31.367,422.34190500069786,11
2024-09-20 10:35:31.420,422.3461100803389,1001
2024-09-20 10:35:31.423,422.3274517418433,101
2024-09-20 10:35:31.619,422.34945125825175,1001
2024-09-20 10:35:31.685,422.3400888584165,1000
2024-09-20 10:35:31.778,422.34080516439553,105
2024-09-20 10:35:31.870,422.3325702902237,104
2024-09-20 10:35:31.975,422.34513135481313,99
2024-09-20 10:35:31.983,,103
2024-09-20 10:35:32.006,422.23921664977615,105
2024-09-20 10:35:32.031,422.1575550297189,96
2024-09-20 10:35:32.046,422.11887212288855,104
2024-09-20 10:35:32.074,422.2131552392749,13
2024-09-20 10:35:32.163,422.1131269259928,102
2024-09-20 10:35:32.189,42.216252409453176,996
2024-09-20 10:35:32.311,422.2830707300948,1001
2024-09-20 10:35:32.340,422.14081071210177,14
2024-09-20 10:35:32.458,422.2975101180844,99
2024-09-20 10:35:32.471,422.2173280959533,100
2024-09-20 10:35:32.484,422.2904366689301,995
2024-09-20 10:35:32.635,422.3083003967538,997
2024-09-20 10:35:32.703,422.1366924606041,9
2024-09-20 10:35:32.709,422.26124520932046,105
2024-09-20 10:35:32.751,422.1594864470285,5
2024-09-20 10:35:32.776,422.2680843402596,999
2024-09-20 10:35:32.783,422.134237977888,98
2024-09-20 10:35:32.838,422.2261429767068,98
2024-09-20 10:35:32.842,422.2140282190733,103
2024-09-20 10:35:32.871,422.3084335896921,101
2024-09-20 10:35:32.883,422.1096985024502,1005
2024-09-20 10:35:32.927,422.1805599600549,1002
2024-09-20 10:35:32.986,422.2140867125163,10
2024-09-20 10:35:33.011,422.067747478266,9
2024-09-20 10:35:33.023,422.0922846040815,5
2024-09-20 10:35:33.035,422.07405737686105,1004
2024-09-20 10:35:33.059,422.1441059019265,1002
2024-09-20 10:35:33.085,422.0921799878325,8
2024-09-20 10:35:33.137,422.0707802604787,6
2024-09-20 10:35:33.148,,7
2024-09-20 10:35:33.194,422.1223955896394,996
2024-09-20 10:35:33.289,422.0567848436982,12
2024-09-20 10:35:33.309,422.115028466741,99
2024-09-20 10:35:33.354,422.0788854092506,12
2024-09-20 10:35:33.390,422.1124501072939,1001
2024-09-20 10:35:33.445,422.07067742922993,13
2024-09-20 10:35:33.508,422.1100233641673,1003
2024-09-20 10:35:33.541,422.1247228334372,15
2024-09-20 10:35:33.546,422.0778976022112,12
2024-09-20 10:35:33.557,422.0747255623339,14
2024-09-20 10:35:33.561,422.07118733520286,104
2024-09-20 10:35:33.612,422.0995756010953,10
2024-09-20 10:35:33.667,422.0941252974857,14
2024-09-20 10:35:33.680,422.1337175622545,95
2024-09-20 10:35:33.759,422.0821809198012,102
2024-09-20 10:35:33.773,422.0670215104513,10
2024-09-20 10:35:33.846,422.0807208097309,97
2024-09-20 10:35:33.872,422.1120895314479,101
2024-09-20 10:35:33.900,422.1196145158903,15
2024-09-20 10:35:33.919,422.0675724502749,10
2024-09-20 10:35:34.000,422.069341585966,1003
2024-09-20 10:35:34.040,422.0617820884809,10
2024-09-20 10:35:34.265,-422.066199765974,5
2024-09-20 10:35:34.359,,11
2024-09-20 10:35:34.391,422.0451099205833,14
2024-09-20 10:35:34.446,422.0711637786063,96
2024-09-20 10:35:34.601,422.0500362268788,100
2024-09-20 10:35:34.605,422.0456077544502,95
2024-09-20 10:35:34.684,422.0637552375371,14
2024-09-20 10:35:34.799,422.0652454320504,95
2024-09-20 10:35:34.867,422.0561123758184,8
2024-09-20 10:35:34.995,422.0578016527959,15
2024-09-20 10:35:35.020,422.0337055268403,99
2024-09-20 10:35:35.062,421.98666417219823,1002
2024-09-20 10:35:35.085,422.0320708639565,13
2024-09-20 10:35:35.161,422.01685522156737,7
2024-09-20 10:35:35.467,422.0349578377025,997
2024-09-20 10:35:35.563,422.03338703143146,97
2024-09-20 10:35:35.825,422.026170982071,10
2024-09-20 10:35:35.863,422.02117022750576,999
2024-09-20 10:35:35.964,422.038482009369,95
2024-09-20 10:35:35.994,422.0209505947337,5
2024-09-20 10:35:36.026,421.9578509496486,103
2024-09-20 10:35:36.075,422.0011760245964,12
2024-09-20 10:35:36.132,421.9681288319948,104
2024-09-20 10:35:36.444,421.9849892626803,996
2024-09-20 10:35:36.450,422.01417179516255,14
2024-09-20 10:35:36.482,421.9980845559562,14
2024-09-20 10:35:36.662,421.99457128106513,101
2024-09-20 10:35:36.715,421.99478024462826,105
2024-09-20 10:35:36.952,421.9945163951296,104
2024-09-20 10:35:37.130,421.94677974108856,1001
2024-09-20 10:35:37.191,421.927309030387,99
2024-09-20 10:35:37.353,421.9469003935251,998
2024-09-20 10:35:37.391,421.95006010304905,998
2024-09-20 10:35:37.476,421.9519765845698,13
2024-09-20 10:35:37.544,421.94505603136366,1000
2024-09-20 10:35:37.565,421.9441984804381,995
2024-09-20 10:35:37.778,421.9459718767897,9
2024-09-20 10:35:37.807,-421.9405020156543,14
2024-09-20 10:35:37.839,421.9529863625583,15
2024-09-20 10:35:37.915,421.9214808816959,998
2024-09-20 10:35:37.933,421.9268820207018,9
2024-09-20 10:35:37.936,421.9361905192208,1004
2024-09-20 10:35:37.947,421.9361610326695,10
2024-09-20 10:35:38.082,421.95873007786906,8
2024-09-20 10:35:38.422,421.958277749537,100
2024-09-20 10:35:38.551,421.9529556806087,101
2024-09-20 10:35:38.578,421.9505588467834,12
2024-09-20 10:35:38.772,421.9250768307508,14
2024-09-20 10:35:38.989,421.9424041591452,96
2024-09-20 10:35:39.137,422.0066940718846,1002
2024-09-20 10:35:39.169,421.9979542303335,13
2024-09-20 10:35:39.188,421.9884658255789,998
2024-09-20 10:35:39.243,422.0285851957189,1001
2024-09-20 10:35:39.252,421.9786226554602,11
2024-09-20 10:35:39.260,421.99294188554825,995
2024-09-20 10:35:39.288,422.0146571958941,99
2024-09-20 10:35:39.335,421.9978322265126,1003
2024-09-20 10:35:39.335,422.0012800846569,998
2024-09-20 10:35:39.347,421.9939541244679,96
2024-09-20 10:35:39.397,422.0125787014223,13
2024-09-20 10:35:39.461,421.9543192753249,12
2024-09-20 10:35:39.487,421.9873797551232,10
2024-09-20 10:35:39.521,421.9879573560094,1005
2024-09-20 10:35:39.542,422.0138685499873,97
2024-09-20 10:35:39.579,421.995658988179,7
2024-09-20 10:35:39.584,421.9964341618763,105
2024-09-20 10:35:39.597,421.9896848712614,998
2024-09-20 10:35:39.625,422.0177349419539,105
2024-09-20 10:35:39.638,422.00280971953066,11
2024-09-20 10:35:39.740,422.0030899674969,5
2024-09-20 10:35:39.760,421.9656469585876,998
2024-09-20 10:35:39.808,421.9896688971924,5
2024-09-20 10:35:39.814,422.0018860132874,9
2024-09-20 10:35:39.856,422.0115386708931,99
2024-09-20 10:35:39.872,421.9999493492989,997
2024-09-20 10:35:39.890,421.9919932748441,7
2024-09-20 10:35:39.955,422.0194254856019,1000
2024-09-20 10:35:39.968,421.9878037284271,5
2024-09-20 10:35:40.031,422.0145154138419,997
2024-09-20 10:35:40.072,422.0065834114625,999
2024-09-20 10:35:40.114,421.997855341732,101
2024-09-20 10:35:40.367,422.0247895606561,105
2024-09-20 10:35:40.410,422.0123257681512,12
2024-09-20 10:35:40.503,422.0281014388502,100
2024-09-20 10:35:40.752,422.0257140551752,104
2024-09-20 10:35:40.808,422.0350860816995,11
2024-09-20 10:35:40.881,422.0120087703297,99
2024-09-20 10:35:40.937,422.01143416731287,1002
2024-09-20 10:35:41.022,421.96989357825134,1005
2024-09-20 10:35:41.036,421.9470761197717,1000
2024-09-20 10:35:41.264,421.9731044808294,10
2024-09-20 10:35:41.266,421.98099736111976,995
2024-09-20 10:35:41.401,421.9510447230177,1000
2024-09-20 10:35:41.416,421.9679108059776,1005
2024-09-20 10:35:41.426,421.969459782854,13
2024-09-20 10:35:41.481,421.9804061278523,1005
2024-09-20 10:35:41.489,421.9672293094287,9
2024-09-20 10:35:41.494,421.9710218758924,15
2024-09-20 10:35:41.593,421.988707733282,7
2024-09-20 10:35:41.637,421.9622158287786,9
2024-09-20 10:35:41.717,42.19438182857982,1004
2024-09-20 10:35:41.769,421.9800680356264,96
2024-09-20 10:35:41.800,421.9580405705666,14
2024-09-20 10:35:41.859,421.9491677569658,995
2024-09-20 10:35:41.875,421.9998459286492,996
2024-09-20 10:35:42.001,421.9512042002589,6
2024-09-20 10:35:42.056,421.975324463613,15
2024-09-20 10:35:42.103,421.9796553050175,100
2024-09-20 10:35:42.152,421.964282593551,15
2024-09-20 10:35:42.266,421.9924943201645,97
2024-09-20 10:35:42.288,421.9827542026232,96
2024-09-20 10:35:42.404,421.94566437735295,101
2024-09-20 10:35:42.407,421.9563979057127,9
2024-09-20 10:35:42.418,421.9882915322208,103
2024-09-20 10:35:42.457,421.96319539638665,105
2024-09-20 10:35:42.463,421.9894615512521,96
2024-09-20 10:35:42.464,421.9678105794509,1003
2024-09-20 10:35:42.465,421.96515714109785,99
2024-09-20 10:35:42.474,421.953962062012,6
2024-09-20 10:35:42.499,421.939046978903,12
2024-09-20 10:35:42.601,421.9522158508464,10
2024-09-20 10:35:42.621,421.96043944960286,1003
2024-09-20 10:35:42.622,421.98237915082495,999
2024-09-20 10:35:42.715,421.9628516698734,9
2024-09-20 10:35:42.782,421.9598841725364,97
2024-09-20 10:35:42.790,421.98743768877273,13
2024-09-20 10:35:42.809,421.97278781983977,102
2024-09-20 10:35:42.902,421.9543117684594,14
2024-09-20 10:35:42.948,421.9774825154642,104
2024-09-20 10:35:42.949,421.9579330713466,9
2024-09-20 10:35:43.106,421.93170933473215,6
2024-09-20 10:35:43.465,421.9260748128417,12
2024-09-20 10:35:43.698,421.91227754364286,96
2024-09-20 10:35:43.854,421.9449152642412,1002
2024-09-20 10:35:43.886,421.9417725243726,98
2024-09-20 10:35:44.244,421.9078788092128,5
2024-09-20 10:35:44.337,421.8974596801151,100
2024-09-20 10:35:44.345,421.9011553127002,104
2024-09-20 10:35:44.442,421.9021753011273,1000
2024-09-20 10:35:44.450,421.9166646387286,105
2024-09-20 10:35:44.750,421.9079987863322,95
2024-09-20 10:35:44.902,421.9044103962121,95
2024-09-20 10:35:44.918,421.8984397725933,105
2024-09-20 10:35:45.006,421.9241196950486,14
2024-09-20 10:35:45.042,421.9297092398048,15
2024-09-20 10:35:45.049,421.9680849682788,5
2024-09-20 10:35:45.149,421.987989174347,7
2024-09-20 10:35:45.185,421.9720844101642,104
2024-09-20 10:35:45.257,421.93844291174753,995
2024-09-20 10:35:45.328,421.9829378702517,102
2024-09-20 10:35:45.351,421.9647323648552,999
2024-09-20 10:35:45.533,421.9317332743505,1000
2024-09-20 10:35:45.637,421.9844624968145,5
2024-09-20 10:35:45.681,421.92475766299344,1005
2024-09-20 10:35:45.834,421.93837587873816,5
2024-09-20 10:35:45.838,421.9635178512264,96
2024-09-20 10:35:45.846,421.97466889104834,998
2024-09-20 10:35:45.970,421.9671250156326,996
2024-09-20 10:35:46.075,421.9244422049807,997
2024-09-20 10:35:46.108,421.924694449297,1001
2024-09-20 10:35:46.249,421.9470859793514,996
2024-09-20 10:35:46.368,421.9327996426509,101
2024-09-20 10:35:46.842,421.9103282390826,996
2024-09-20 10:35:46.966,421.9231924901484,98
2024-09-20 10:35:46.996,421.9327179375596,995
2024-09-20 10:35:47.025,421.9441894613545,103
2024-09-20 10:35:47.103,42.19479962550671,1005
2024-09-20 10:35:47.132,421.96367148365925,1001
2024-09-20 10:35:47.198,421.9313610898037,1004
2024-09-20 10:35:47.219,421.934511833018,95
2024-09-20 10:35:47.282,421.9378320030591,13
2024-09-20 10:35:47.296,421.9453154406344,101
2024-09-20 10:35:47.349,421.9945583413109,101
2024-09-20 10:35:47.358,421.9819099091634,14
2024-09-20 10:35:47.359,421.939532350205,1000
2024-09-20 10:35:47.375,421.9986650568501,1000
2024-09-20 10:35:47.385,422.0207890179017,98
2024-09-20 10:35:47.419,422.0194820728525,1002
2024-09-20 10:35:47.449,421.9552103391238,11
2024-09-20 10:35:47.527,422.02622617611655,1003
2024-09-20 10:35:47.536,421.94675786035737,6
2024-09-20 10:35:47.561,421.95131952144817,7
2024-09-20 10:35:47.564,421.92994433977697,998
2024-09-20 10:35:47.593,422.0073764244222,1002
2024-09-20 10:35:47.647,421.943904611512,15
2024-09-20 10:35:47.664,422.0365544850369,12
2024-09-20 10:35:47.705,421.9382359677624,6
2024-09-20 10:35:47.724,421.9591820897667,104
2024-09-20 10:35:47.849,421.92901852708303,1005
2024-09-20 10:35:47.983,421.94240094904376,5
2024-09-20 10:35:48.053,422.0379720458543,12
2024-09-20 10:35:48.103,422.0062842348199,14
2024-09-20 10:35:48.309,422.0140371588661,1004
2024-09-20 10:35:48.607,422.0236037701354,13
2024-09-20 10:35:48.788,422.0437917731919,1004
2024-09-20 10:35:48.805,422.0430838989071,105
2024-09-20 10:35:48.812,422.0415051586816,12
2024-09-20 10:35:48.827,422.0427561543386,5
2024-09-20 10:35:48.913,422.0314781495073,100
2024-09-20 10:35:48.926,422.0148294904451,11
2024-09-20 10:35:48.962,422.0296430717692,13
2024-09-20 10:35:49.041,422.0321676963888,11
2024-09-20 10:35:49.113,422.036537384739,8
2024-09-20 10:35:49.172,422.0369326569008,14
2024-09-20 10:35:49.274,422.0230056533953,997
2024-09-20 10:35:49.301,422.05452703013145,14
2024-09-20 10:35:49.364,422.0653519461678,7
2024-09-20 10:35:49.398,422.1079071298914,998
2024-09-20 10:35:49.409,422.0523874453478,101
2024-09-20 10:35:49.490,422.0458886765399,8
2024-09-20 10:35:49.510,422.07359249763374,101
2024-09-20 10:35:49.571,422.0934872854786,10
2024-09-20 10:35:49.607,422.0485513786242,1002
2024-09-20 10:35:49.814,422.0712364986743,102
2024-09-20 10:35:49.904,422.0895450060662,10
2024-09-20 10:35:49.956,422.0407945832538,105
2024-09-20 10:35:49.964,422.0759001988383,11
2024-09-20 10:35:49.969,422.0734996732284,105
2024-09-20 10:35:49.997,422.05063905280497,1002
2024-09-20 10:35:50.116,422.22025662262166,1000
2024-09-20 10:35:50.317,422.1265724693252,10
2024-09-20 10:35:50.334,422.1099711273315,1000
2024-09-20 10:35:50.355,422.1452692032764,1002
2024-09-20 10:35:50.365,422.1193506640562,1001
2024-09-20 10:35:50.370,422.1152115666228,95
2024-09-20 10:35:50.374,422.1790967065725,997
2024-09-20 10:35:50.438,422.1322262957257,99
2024-09-20 10:35:50.513,422.1194850016816,102
2024-09-20 10:35:50.579,422.1323558218237,96
2024-09-20 10:35:50.601,422.18862257204006,7
2024-09-20 10:35:50.673,422.16373681162514,1002
2024-09-20 10:35:50.715,422.1442722104379,997
2024-09-20 10:35:50.729,422.2005138791891,1001
2024-09-20 10:35:50.743,422.1660705589851,997
2024-09-20 10:35:50.796,422.1346977204606,103
2024-09-20 10:35:50.804,-422.1626149508687,13
2024-09-20 10:35:50.823,422.1864065068642,1003
2024-09-20 10:35:50.838,422.1712784500846,1004
2024-09-20 10:35:50.888,422.1317601975665,998
2024-09-20 10:35:50.949,422.2213438510369,103
2024-09-20 10:35:50.959,422.1308332076373,103
2024-09-20 10:35:51.023,422.2744148514638,96
2024-09-20 10:35:51.028,,5
2024-09-20 10:35:51.041,422.26574643010576,10
2024-09-20 10:35:51.063,422.2403183549316,14
2024-09-20 10:35:51.183,422.25920635046015,1002
2024-09-20 10:35:51.334,422.2009448000825,96
2024-09-20 10:35:51.600,,997
2024-09-20 10:35:51.640,422.2326288555043,8
2024-09-20 10:35:51.644,422.2555735955508,1001
2024-09-20 10:35:51.700,422.2565038305289,11
2024-09-20 10:35:51.741,422.2220296983165,10
2024-09-20 10:35:51.801,422.2543659380162,98
2024-09-20 10:35:51.815,422.2693301333914,996
2024-09-20 10:35:51.907,422.214627429792,98
2024-09-20 10:35:51.914,422.2528162945206,100
2024-09-20 10:35:52.093,422.2710837995673,98
2024-09-20 10:35:52.903,422.268463620638,98
2024-09-20 10:35:52.984,422.2700430702103,6
2024-09-20 10:35:53.050,422.3501931482709,5
2024-09-20 10:35:53.117,422.3671557082481,102
2024-09-20 10:35:53.169,422.3167941293704,105
2024-09-20 10:35:53.186,422.39060708969424,8
2024-09-20 10:35:53.211,422.2994247318522,1005
2024-09-20 10:35:53.232,422.3864007899999,997
2024-09-20 10:35:53.248,422.39168098722746,1001
2024-09-20 10:35:53.258,422.376198761191,14
2024-09-20 10:35:53.341,422.385843679008,100
2024-09-20 10:35:53.373,422.3020504186554,1003
2024-09-20 10:35:53.431,,999
2024-09-20 10:35:53.471,422.3918438611814,1001
2024-09-20 10:35:53.502,422.365754742359,6
2024-09-20 10:35:53.507,422.3275499359705,12
2024-09-20 10:35:53.525,422.3858562158897,13
2024-09-20 10:35:53.530,422.3864598119037,96
2024-09-20 10:35:53.578,422.3601374972499,997
2024-09-20 10:35:53.650,422.371104455814,104
2024-09-20 10:35:53.651,422.2832541526301,100
2024-09-20 10:35:53.663,422.2971683315103,8
2024-09-20 10:35:53.666,422.3712580170954,99
2024-09-20 10:35:53.820,422.3773976248352,13
2024-09-20 10:35:53.875,422.2937132644674,995
2024-09-20 10:35:53.928,422.3063818464049,1002
2024-09-20 10:35:53.934,422.3690849489881,99
2024-09-20 10:35:53.958,422.3782649802086,999
2024-09-20 10:35:54.018,422.402434504034,96
2024-09-20 10:35:54.047,422.40643043479935,9
2024-09-20 10:35:54.075,422.366541858555,102
2024-09-20 10:35:54.109,422.4043723780408,10
2024-09-20 10:35:54.233,422.3902539873649,11
2024-09-20 10:35:54.306,422.40759875602265,101
2024-09-20 10:35:54.311,422.3603884052491,96
2024-09-20 10:35:54.372,422.3641897278782,103
2024-09-20 10:35:54.455,422.4277329524817,13
2024-09-20 10:35:54.529,422.4121108487843,10
2024-09-20 10:35:54.537,-422.39794563865314,6
2024-09-20 10:35:54.585,422.4265278332197,99
2024-09-20 10:35:54.603,422.40303799741855,102
2024-09-20 10:35:54.607,422.4278495717312,10
2024-09-20 10:35:54.630,422.40211540007925,1003
2024-09-20 10:35:54.705,422.4050258449681,105
2024-09-20 10:35:54.858,422.3919002539507,1002
2024-09-20 10:35:54.922,422.40104696113934,99
2024-09-20 10:35:54.946,422.387884286002,1002
2024-09-20 10:35:55.001,422.38433557694407,1005
2024-09-20 10:35:55.084,422.41578753525073,8
2024-09-20 10:35:55.086,422.4192672339434,15
2024-09-20 10:35:55.105,422.4166966243099,998
2024-09-20 10:35:55.174,422.4056323322256,6
2024-09-20 10:35:55.287,422.3955780749676,1004
2024-09-20 10:35:55.298,422.3931997413957,9
2024-09-20 10:35:55.304,422.4126831600981,6
2024-09-20 10:35:55.513,422.40738484775846,1004
2024-09-20 10:35:55.633,422.412146353862,102
2024-09-20 10:35:55.658,422.3915824938789,101
2024-09-20 10:35:55.669,422.4136589799485,998
2024-09-20 10:35:55.809,422.40423547560766,104
2024-09-20 10:35:55.819,422.3909819520763,95
2024-09-20 10:35:55.979,422.4045906324812,9
2024-09-20 10:35:56.021,422.4303307114807,1001
2024-09-20 10:35:56.471,422.4502352115288,1002
2024-09-20 10:35:56.586,422.4315870838433,999
2024-09-20 10:35:56.614,422.42163419042606,997
2024-09-20 10:35:56.683,422.4270423377991,105
2024-09-20 10:35:56.883,422.4295109704101,105
2024-09-20 10:35:57.036,422.4618434151833,997
2024-09-20 10:35:57.036,422.4889080096471,95
2024-09-20 10:35:57.078,422.4786685290112,1003
2024-09-20 10:35:57.085,422.5057159751121,997
2024-09-20 10:35:57.114,422.4790504550917,5
2024-09-20 10:35:57.172,422.4840692581533,103
2024-09-20 10:35:57.173,422.5348179856863,14
2024-09-20 10:35:57.196,422.4576154479558,10
2024-09-20 10:35:57.203,422.4726723800768,1004
2024-09-20 10:35:57.207,422.5083403998071,1000
2024-09-20 10:35:57.320,422.5128605690484,13
2024-09-20 10:35:57.344,422.46179569806566,995
2024-09-20 10:35:57.402,422.4694228588488,8
2024-09-20 10:35:57.618,422.4681955340847,13
2024-09-20 10:35:57.664,422.4543211038354,996
2024-09-20 10:35:57.715,422.51639803871126,11
2024-09-20 10:35:57.734,422.5269023733376,95
2024-09-20 10:35:57.767,422.4793190849348,5
2024-09-20 10:35:57.774,422.48082729331446,996
2024-09-20 10:35:57.779,422.4745650028204,98
2024-09-20 10:35:57.827,422.5201081779256,6
2024-09-20 10:35:57.884,422.5017231826926,12
2024-09-20 10:35:57.891,422.4632624536009,996
2024-09-20 10:35:57.904,422.4563873006312,1000
2024-09-20 10:35:57.925,422.4772602090017,1000
2024-09-20 10:35:57.928,422.47831038079744,998
2024-09-20 10:35:58.058,422.519498877276,5
2024-09-20 10:35:58.089,422.5437086284805,997
2024-09-20 10:35:58.104,422.4782419437549,5
2024-09-20 10:35:58.200,422.4613833936094,1003
2024-09-20 10:35:58.248,422.4652487298229,15
2024-09-20 10:35:58.250,422.53480033547856,999
2024-09-20 10:35:58.270,422.5338440561667,995
2024-09-20 10:35:58.331,422.472511909839,9
2024-09-20 10:35:58.339,422.5357438297951,5
2024-09-20 10:35:58.372,422.444710229087,96
2024-09-20 10:35:58.437,422.5383455701504,14
2024-09-20 10:35:58.487,422.5347667227597,101
2024-09-20 10:35:58.516,422.4156669457938,14
2024-09-20 10:35:58.565,422.4840674927165,13
2024-09-20 10:35:58.585,422.53739381587246,96
2024-09-20 10:35:58.655,422.5450735689648,998
2024-09-20 10:35:58.704,422.4887990138874,97
2024-09-20 10:35:58.729,422.5166624167853,13
2024-09-20 10:35:58.736,422.4818142802581,995
2024-09-20 10:35:58.743,422.4388937797804,998
2024-09-20 10:35:58.750,422.52841653537297,12
2024-09-20 10:35:58.763,422.55090509718497,95
2024-09-20 10:35:58.785,422.4740321496123,14
2024-09-20 10:35:58.828,422.5453533217637,1000
2024-09-20 10:35:58.846,422.5209054314765,6
2024-09-20 10:35:58.846,422.43717556131776,104
2024-09-20 10:35:58.904,422.5250536988255,95
2024-09-20 10:35:58.908,422.5061078943272,15
2024-09-20 10:35:58.938,422.4953483380521,8
2024-09-20 10:35:59.100,422.4803824022558,1003
2024-09-20 10:35:59.212,422.4803513070117,102
2024-09-20 10:35:59.492,422.5010844853467,11
2024-09-20 10:35:59.550,422.46916914237113,1001
2024-09-20 10:35:59.645,422.4967060227406,15
2024-09-20 10:35:59.684,422.4767004471829,97
2024-09-20 10:35:59.756,422.4919385823923,998
2024-09-20 10:35:59.764,422.5068907864362,997
2024-09-20 10:35:59.819,422.4663851873674,103
2024-09-20 10:35:59.873,422.471182272078,101
2024-09-20 10:35:59.905,422.48562025022727,7
2024-09-20 10:35:59.928,422.4952532413388,998
