Timestamp,Price,Size
2024-09-16 12:38:00.011,416.4905681675021,997
2024-09-16 12:38:00.061,416.5261224381677,1005
2024-09-16 12:38:00.107,416.51361633577295,1001
2024-09-16 12:38:00.110,416.5708466439382,5
2024-09-16 12:38:00.134,416.4789703164188,96
2024-09-16 12:38:00.231,416.51385943514913,998
2024-09-16 12:38:00.234,416.4995664508481,101
2024-09-16 12:38:00.304,416.5069830598756,1003
2024-09-16 12:38:00.383,416.48312372000464,103
2024-09-16 12:38:00.417,-416.5711400047276,13
2024-09-16 12:38:00.500,-416.4733870023264,97
2024-09-16 12:38:00.502,416.5024897284948,11
2024-09-16 12:38:00.557,416.5522738852492,98
2024-09-16 12:38:00.558,416.5351370638384,1005
2024-09-16 12:38:00.584,416.490518368565,102
2024-09-16 12:38:00.672,416.4767690245646,998
2024-09-16 12:38:00.725,416.5281528054082,1005
2024-09-16 12:38:00.787,416.4726865194176,5
2024-09-16 12:38:00.798,416.4572095115325,12
2024-09-16 12:38:00.870,416.49754938223856,97
2024-09-16 12:38:00.910,416.50548281110105,997
2024-09-16 12:38:00.942,416.5519832095819,105
2024-09-16 12:38:00.960,416.4796169231517,10
2024-09-16 12:38:01.097,416.6048788953556,5
2024-09-16 12:38:01.187,416.60550660126177,1001
2024-09-16 12:38:01.206,416.5981738293808,105
2024-09-16 12:38:01.296,416.6241416618839,14
2024-09-16 12:38:01.328,416.59542511561233,14
2024-09-16 12:38:01.520,416.5899126752703,97
2024-09-16 12:38:01.587,416.59095535897137,12
2024-09-16 12:38:01.652,416.5954447366044,103
2024-09-16 12:38:01.963,416.5988075576346,105
2024-09-16 12:38:01.990,416.5910836449231,10
2024-09-16 12:38:02.018,416.57258278618855,8
2024-09-16 12:38:02.020,416.6052595261926,997
2024-09-16 12:38:02.064,41.659329428603,10
2024-09-16 12:38:02.080,416.5827158878842,996
2024-09-16 12:38:02.082,416.5653400234595,101
2024-09-16 12:38:02.099,416.6122230452257,998
2024-09-16 12:38:02.179,416.52889456229593,13
2024-09-16 12:38:02.211,416.5948439149731,98
2024-09-16 12:38:02.249,416.5288922501815,99
2024-09-16 12:38:02.260,416.5510875883168,13
2024-09-16 12:38:02.405,416.5741967997563,1002
2024-09-16 12:38:02.453,416.5846572625434,11
2024-09-16 12:38:02.463,416.5574840846218,1004
2024-09-16 12:38:02.516,416.5484818961951,105
2024-09-16 12:38:02.539,416.5780583604122,102
2024-09-16 12:38:02.609,416.5861873632741,100
2024-09-16 12:38:02.634,416.57433160226174,996
2024-09-16 12:38:02.639,416.5760055103244,98
2024-09-16 12:38:02.732,416.58524592399897,1003
2024-09-16 12:38:02.767,416.53436578860345,103
2024-09-16 12:38:02.779,416.5649748327895,97
2024-09-16 12:38:02.782,416.5326026550223,995
2024-09-16 12:38:02.841,416.6135734886928,96
2024-09-16 12:38:02.902,416.5545013091193,96
2024-09-16 12:38:02.908,416.5894692799868,1000
2024-09-16 12:38:02.909,416.5973593566394,101
2024-09-16 12:38:02.935,416.6058575765485,97
2024-09-16 12:38:02.969,416.5939712234807,998
2024-09-16 12:38:02.982,416.59401541796655,101
2024-09-16 12:38:02.990,416.6003536035698,102
2024-09-16 12:38:03.016,416.5543681535014,98
2024-09-16 12:38:03.070,416.5595959477321,97
2024-09-16 12:38:03.079,416.5500286097378,104
2024-09-16 12:38:03.131,416.50998949025023,9
2024-09-16 12:38:03.169,416.5340823590532,5
2024-09-16 12:38:03.188,416.5126011249137,101
2024-09-16 12:38:03.203,416.5215529127733,101
2024-09-16 12:38:03.235,416.5501110027064,99
2024-09-16 12:38:03.345,416.5232880627118,13
2024-09-16 12:38:03.366,416.5446759575079,996
2024-09-16 12:38:03.445,416.51924748481673,101
2024-09-16 12:38:03.466,416.50868906650845,997
2024-09-16 12:38:03.487,416.5430884628676,1004
2024-09-16 12:38:03.496,416.5424223328128,96
2024-09-16 12:38:03.544,416.5276591598397,98
2024-09-16 12:38:03.551,416.50187477141617,99
2024-09-16 12:38:03.576,416.54352124532215,996
2024-09-16 12:38:03.626,416.5786191717504,998
2024-09-16 12:38:03.724,416.5447894974408,1000
2024-09-16 12:38:03.777,416.5642045139227,103
2024-09-16 12:38:03.794,416.56147860169625,15
2024-09-16 12:38:03.826,416.5062090549152,7
2024-09-16 12:38:03.885,416.58811392366607,998
2024-09-16 12:38:03.948,416.5065027936308,103
2024-09-16 12:38:04.219,416.5398869628845,1005
2024-09-16 12:38:05.057,416.5373458255018,15
2024-09-16 12:38:05.181,416.5429586006604,95
2024-09-16 12:38:05.486,416.5419395325995,105
2024-09-16 12:38:05.605,416.5543146385549,7
2024-09-16 12:38:06.058,416.4877796894829,1002
2024-09-16 12:38:06.100,416.520624108614,105
2024-09-16 12:38:06.117,416.52064185949257,11
2024-09-16 12:38:06.123,416.5562951938903,1000
2024-09-16 12:38:06.132,416.5295103556136,8
2024-09-16 12:38:06.176,416.5106657498694,1003
2024-09-16 12:38:06.211,416.5324152638713,5
2024-09-16 12:38:06.267,416.5004214477031,13
2024-09-16 12:38:06.308,416.5448995955737,12
2024-09-16 12:38:06.330,416.5532641697861,1004
2024-09-16 12:38:06.357,416.512465696158,996
2024-09-16 12:38:06.386,416.5139606428136,11
2024-09-16 12:38:06.413,416.5232140930533,103
2024-09-16 12:38:06.434,416.5265162291171,1000
2024-09-16 12:38:06.449,416.5003154540075,13
2024-09-16 12:38:06.555,416.4872651251477,98
2024-09-16 12:38:06.559,416.50895667099167,996
2024-09-16 12:38:06.641,416.5102875741754,97
2024-09-16 12:38:06.686,416.49444730957714,1003
2024-09-16 12:38:06.704,416.5178552060841,7
2024-09-16 12:38:06.716,416.51593701146976,1005
2024-09-16 12:38:06.762,416.4907823155965,1004
2024-09-16 12:38:06.809,416.51468642919593,102
2024-09-16 12:38:06.822,416.5129924079024,1005
2024-09-16 12:38:06.823,416.5684173111269,104
2024-09-16 12:38:06.886,416.5338067473703,11
2024-09-16 12:38:06.951,416.4892652635394,7
2024-09-16 12:38:06.971,416.5796848470398,1003
2024-09-16 12:38:06.990,416.5448595678458,105
2024-09-16 12:38:07.066,416.530256530588,100
2024-09-16 12:38:07.149,416.5742449871064,104
2024-09-16 12:38:07.308,416.5529581037079,95
2024-09-16 12:38:07.506,416.54998989250345,6
2024-09-16 12:38:07.821,416.5836026167681,999
2024-09-16 12:38:07.861,416.5488721366922,1001
2024-09-16 12:38:08.043,416.5305707459017,1004
2024-09-16 12:38:08.060,416.6111410282113,7
2024-09-16 12:38:08.148,416.62001645275353,6
2024-09-16 12:38:08.172,416.5224021214426,1003
2024-09-16 12:38:08.183,416.60039706390006,15
2024-09-16 12:38:08.193,416.51432569081294,5
2024-09-16 12:38:08.201,-416.5878982994336,7
2024-09-16 12:38:08.256,416.60514131514816,6
2024-09-16 12:38:08.339,416.5698603513261,14
2024-09-16 12:38:08.399,416.5098066449078,14
2024-09-16 12:38:08.416,416.5375629880079,14
2024-09-16 12:38:08.448,416.49951235779486,11
2024-09-16 12:38:08.457,416.58470155902114,6
2024-09-16 12:38:08.493,416.5812309152892,1002
2024-09-16 12:38:08.511,416.5914574092429,10
2024-09-16 12:38:08.526,416.523653409719,12
2024-09-16 12:38:08.544,416.6013787590941,7
2024-09-16 12:38:08.547,416.5961627873887,96
2024-09-16 12:38:08.589,,14
2024-09-16 12:38:08.618,-416.5956215996747,105
2024-09-16 12:38:08.636,416.5971452250651,1000
2024-09-16 12:38:08.700,,995
2024-09-16 12:38:08.752,416.6058803337116,1001
2024-09-16 12:38:08.764,416.5898585490641,15
2024-09-16 12:38:08.828,416.5946612767752,14
2024-09-16 12:38:08.830,416.58625482972496,15
2024-09-16 12:38:08.862,416.539124676824,98
2024-09-16 12:38:08.902,416.5397864384395,12
2024-09-16 12:38:08.984,416.59104662352695,14
2024-09-16 12:38:08.995,416.5153275923693,99
2024-09-16 12:38:09.101,416.5513716749503,5
2024-09-16 12:38:09.554,416.56795042280913,1000
2024-09-16 12:38:09.720,416.5757952167888,102
2024-09-16 12:38:09.910,416.5479239762258,103
2024-09-16 12:38:10.014,416.5690059708475,13
2024-09-16 12:38:10.043,416.5923572049127,1004
2024-09-16 12:38:10.109,416.5639247892931,101
2024-09-16 12:38:10.120,416.5632237067828,97
2024-09-16 12:38:10.162,416.5533335509774,1002
2024-09-16 12:38:10.172,416.5548834277754,5
2024-09-16 12:38:10.180,416.5512087348352,999
2024-09-16 12:38:10.241,416.56264702605495,105
2024-09-16 12:38:10.246,416.5758720670017,6
2024-09-16 12:38:10.311,416.5784194939908,105
2024-09-16 12:38:10.523,416.5551816195023,998
2024-09-16 12:38:10.547,416.57045914338295,999
2024-09-16 12:38:10.584,416.576832062168,14
2024-09-16 12:38:10.741,416.5624968273249,1003
2024-09-16 12:38:10.743,416.55069849480975,99
2024-09-16 12:38:10.750,416.5442501666439,105
2024-09-16 12:38:10.752,416.5619486672902,6
2024-09-16 12:38:10.813,416.57228775502,99
2024-09-16 12:38:10.821,416.5540645248119,5
2024-09-16 12:38:10.842,416.5517881748695,104
2024-09-16 12:38:10.929,416.5740035654358,1004
2024-09-16 12:38:11.026,416.538372504006,8
2024-09-16 12:38:11.048,416.54296121404826,1004
2024-09-16 12:38:11.064,416.5159828340337,14
2024-09-16 12:38:11.064,416.529381821294,998
2024-09-16 12:38:11.142,416.5607901836504,102
2024-09-16 12:38:11.253,416.5360725451373,98
2024-09-16 12:38:11.275,416.51354377319046,102
2024-09-16 12:38:11.314,416.52113467709165,998
2024-09-16 12:38:11.399,416.525782172353,105
2024-09-16 12:38:11.409,416.520168660841,13
2024-09-16 12:38:11.465,416.525890981921,8
2024-09-16 12:38:11.468,416.5167087587661,8
2024-09-16 12:38:11.476,416.5617949309768,10
2024-09-16 12:38:11.522,416.5724344025162,999
2024-09-16 12:38:11.596,416.55400317120007,5
2024-09-16 12:38:11.599,416.5559229886324,97
2024-09-16 12:38:11.716,416.5381488529906,997
2024-09-16 12:38:11.762,416.5335538120346,1001
2024-09-16 12:38:11.770,416.5646425453071,103
2024-09-16 12:38:11.856,416.56568958623353,14
2024-09-16 12:38:11.864,416.5584908561932,13
2024-09-16 12:38:11.971,416.5227235627584,102
2024-09-16 12:38:12.181,416.5067376343377,101
2024-09-16 12:38:12.331,416.49828048325867,11
2024-09-16 12:38:13.028,416.4541775043569,105
2024-09-16 12:38:13.216,416.4651717895231,1002
2024-09-16 12:38:13.259,416.49074013289874,1002
2024-09-16 12:38:13.260,416.43385413765,99
2024-09-16 12:38:13.447,416.4543936419104,8
2024-09-16 12:38:13.575,416.4437114833119,1005
2024-09-16 12:38:13.601,416.4440950529288,8
2024-09-16 12:38:13.641,416.4502514907558,998
2024-09-16 12:38:13.641,416.45504538336,97
2024-09-16 12:38:13.658,416.46553147963465,13
2024-09-16 12:38:13.704,416.4722014974064,10
2024-09-16 12:38:13.734,416.4578837920392,6
2024-09-16 12:38:14.531,416.4564624402752,11
2024-09-16 12:38:14.569,416.4564973304861,996
2024-09-16 12:38:15.008,416.4446422399192,14
2024-09-16 12:38:15.017,416.48126989604685,100
2024-09-16 12:38:15.079,416.4218630037176,1005
2024-09-16 12:38:15.087,416.4580501051689,995
2024-09-16 12:38:15.192,-416.4246658642937,12
2024-09-16 12:38:15.226,416.4588227629104,97
2024-09-16 12:38:15.290,416.4207966468091,997
2024-09-16 12:38:15.318,416.4873981697031,1001
2024-09-16 12:38:15.396,416.4767931163064,11
2024-09-16 12:38:15.398,416.4740379832306,96
2024-09-16 12:38:15.399,416.4692413845268,6
2024-09-16 12:38:15.419,416.4237187896309,14
2024-09-16 12:38:15.459,416.4712130058324,1001
2024-09-16 12:38:15.512,416.4582086542773,102
2024-09-16 12:38:15.580,416.4652359273934,100
2024-09-16 12:38:15.620,41.64312864057434,7
2024-09-16 12:38:15.627,416.4779782650055,105
2024-09-16 12:38:15.710,416.4664722286731,997
2024-09-16 12:38:15.811,416.4347170357116,998
2024-09-16 12:38:15.816,416.45457651340007,97
2024-09-16 12:38:15.831,416.4637659281902,12
2024-09-16 12:38:15.889,416.456929184709,998
2024-09-16 12:38:15.896,416.4572230380202,100
2024-09-16 12:38:15.899,416.49233809486446,998
2024-09-16 12:38:15.951,416.4655535957839,101
2024-09-16 12:38:16.009,416.4308793187672,1005
2024-09-16 12:38:16.014,,1005
2024-09-16 12:38:16.035,416.411247825884,999
2024-09-16 12:38:16.077,416.4207377304458,997
2024-09-16 12:38:16.127,416.4266301306996,1000
2024-09-16 12:38:16.137,416.4432718522248,99
2024-09-16 12:38:16.227,416.4380175655274,998
2024-09-16 12:38:16.272,416.4247021201459,97
2024-09-16 12:38:16.292,416.4257560854069,1004
2024-09-16 12:38:16.323,416.44511505791127,6
2024-09-16 12:38:16.475,416.4149246220436,96
2024-09-16 12:38:16.503,416.4166200164395,997
2024-09-16 12:38:16.526,416.4347821860258,95
2024-09-16 12:38:16.546,416.4045279892823,6
2024-09-16 12:38:16.553,416.4043143739348,5
2024-09-16 12:38:16.556,416.39775746537794,103
2024-09-16 12:38:16.628,416.4419121304738,998
2024-09-16 12:38:16.672,416.4398212824284,103
2024-09-16 12:38:16.730,416.3916897801408,100
2024-09-16 12:38:16.821,416.40561902956097,8
2024-09-16 12:38:16.860,416.44578878109945,10
2024-09-16 12:38:16.909,416.4342222246768,11
2024-09-16 12:38:16.977,416.4459806711186,1005
2024-09-16 12:38:16.979,416.4404701991799,98
2024-09-16 12:38:17.001,416.4871300441829,14
2024-09-16 12:38:17.006,416.4900408519328,105
2024-09-16 12:38:17.016,416.42213493162296,9
2024-09-16 12:38:17.054,416.41883044095454,7
2024-09-16 12:38:17.081,416.4349075932024,5
2024-09-16 12:38:17.138,416.4833218438234,104
2024-09-16 12:38:17.149,416.419867534682,105
2024-09-16 12:38:17.177,416.39839814046167,1005
2024-09-16 12:38:17.194,416.41445353478906,101
2024-09-16 12:38:17.280,416.5050188705995,1002
2024-09-16 12:38:17.281,416.45112569819,5
2024-09-16 12:38:17.300,416.4880136255128,1002
2024-09-16 12:38:17.361,416.4028440488517,1004
2024-09-16 12:38:17.392,416.44788578064873,14
2024-09-16 12:38:17.393,416.42454775652993,96
2024-09-16 12:38:17.460,416.4493411803811,9
2024-09-16 12:38:17.480,416.46202843250666,9
2024-09-16 12:38:17.499,416.4460491525247,996
2024-09-16 12:38:17.525,416.4551341719708,101
2024-09-16 12:38:17.529,416.4813369937701,15
2024-09-16 12:38:17.586,416.4527817584415,12
2024-09-16 12:38:17.588,416.4714870575916,104
2024-09-16 12:38:17.591,41.649132525377496,1005
2024-09-16 12:38:17.624,416.4155433116438,14
2024-09-16 12:38:17.688,416.42701084282703,105
2024-09-16 12:38:17.766,416.48357152540655,998
2024-09-16 12:38:17.940,416.4260538672244,999
2024-09-16 12:38:17.989,416.4811834238225,100
2024-09-16 12:38:17.994,416.5019806553283,1002
2024-09-16 12:38:18.101,416.5787519062105,1004
2024-09-16 12:38:18.208,416.5539094361399,103
2024-09-16 12:38:18.210,416.5450846083754,99
2024-09-16 12:38:18.283,416.55438274280766,96
2024-09-16 12:38:18.322,416.5530136480776,101
2024-09-16 12:38:18.355,416.5315323561212,102
2024-09-16 12:38:18.396,416.5467496921816,98
2024-09-16 12:38:18.397,416.5037556251514,997
2024-09-16 12:38:18.415,416.4999446527792,999
2024-09-16 12:38:18.455,416.5207435982695,1000
2024-09-16 12:38:18.488,416.520046856849,7
2024-09-16 12:38:18.501,416.51046673982864,11
2024-09-16 12:38:18.509,416.5624969083843,998
2024-09-16 12:38:18.510,416.54296230922,104
2024-09-16 12:38:18.573,416.5036448599224,995
2024-09-16 12:38:18.627,416.5038443208283,96
2024-09-16 12:38:18.697,416.5250992941081,1004
2024-09-16 12:38:18.720,416.5081628395279,998
2024-09-16 12:38:18.824,416.49247014320406,99
2024-09-16 12:38:18.842,416.487595007043,999
2024-09-16 12:38:18.854,416.4878272242769,101
2024-09-16 12:38:18.883,416.4902519077045,1005
2024-09-16 12:38:18.986,416.5365118769432,9
2024-09-16 12:38:19.074,416.56467292957217,997
2024-09-16 12:38:19.081,416.5912648292574,100
2024-09-16 12:38:19.136,416.5825828293384,101
2024-09-16 12:38:19.166,416.58854397443895,104
2024-09-16 12:38:19.242,416.594496889304,101
2024-09-16 12:38:19.284,416.579883712676,99
2024-09-16 12:38:19.371,416.5883183567437,1001
2024-09-16 12:38:19.432,416.57951703502806,14
2024-09-16 12:38:19.441,416.58331348051024,101
2024-09-16 12:38:19.464,416.6023386486384,12
2024-09-16 12:38:19.467,416.5837737134819,995
2024-09-16 12:38:19.542,416.5685557617464,1004
2024-09-16 12:38:19.575,416.5831662312792,97
2024-09-16 12:38:19.705,416.5500359646401,10
2024-09-16 12:38:19.744,416.55383329002206,998
2024-09-16 12:38:19.758,416.5853485871075,995
2024-09-16 12:38:19.780,416.5913076288878,1003
2024-09-16 12:38:19.797,416.5529174492493,5
2024-09-16 12:38:19.929,416.584259663862,1003
2024-09-16 12:38:20.191,416.59408080968615,15
2024-09-16 12:38:20.403,416.5845992211143,13
2024-09-16 12:38:20.571,416.6076481485795,995
2024-09-16 12:38:20.583,416.6047893076399,105
2024-09-16 12:38:20.820,416.5811590469184,10
2024-09-16 12:38:21.064,416.6318283062182,6
2024-09-16 12:38:21.192,416.6234938294931,13
2024-09-16 12:38:21.308,416.6020986706236,95
2024-09-16 12:38:21.353,416.6167773842516,1004
2024-09-16 12:38:21.353,416.6033700234129,1000
2024-09-16 12:38:21.618,416.6165557101021,95
2024-09-16 12:38:21.821,416.62129443997406,1002
2024-09-16 12:38:21.862,416.6235489004061,105
2024-09-16 12:38:21.937,416.6185866714794,103
2024-09-16 12:38:22.026,416.6504210734938,98
2024-09-16 12:38:22.029,416.640856617238,1001
2024-09-16 12:38:22.052,416.62977034936193,13
2024-09-16 12:38:22.076,416.6846524538319,13
2024-09-16 12:38:22.099,416.63589174244805,998
2024-09-16 12:38:22.101,416.63761466768784,98
2024-09-16 12:38:22.122,416.67117440727617,6
2024-09-16 12:38:22.184,416.6647840976619,14
2024-09-16 12:38:22.215,416.6698100876394,100
2024-09-16 12:38:22.265,416.6578467335229,14
2024-09-16 12:38:22.267,416.6542486931726,98
2024-09-16 12:38:22.305,416.6388840111612,14
2024-09-16 12:38:22.335,416.6726150547289,8
2024-09-16 12:38:22.375,416.6704895398333,996
2024-09-16 12:38:22.389,416.6320717361483,1001
2024-09-16 12:38:22.392,416.6486189887633,10
2024-09-16 12:38:22.392,416.6746064947611,998
2024-09-16 12:38:22.401,416.6406322127586,101
2024-09-16 12:38:22.413,416.6487515720359,14
2024-09-16 12:38:22.526,416.6449437488196,96
2024-09-16 12:38:22.679,416.6269716160821,998
2024-09-16 12:38:22.689,416.6286834235077,104
2024-09-16 12:38:22.704,416.65394437645057,1003
2024-09-16 12:38:22.795,416.6223052122011,104
2024-09-16 12:38:22.814,416.6636348976528,15
2024-09-16 12:38:22.919,416.6549126482551,98
2024-09-16 12:38:22.995,416.672610169092,997
2024-09-16 12:38:23.071,416.6484717740841,104
2024-09-16 12:38:23.107,416.5913819471162,1003
2024-09-16 12:38:23.175,416.5991086132857,9
2024-09-16 12:38:23.187,416.5914397711833,997
2024-09-16 12:38:23.204,416.5989050923503,7
2024-09-16 12:38:23.236,416.6213738954402,103
2024-09-16 12:38:23.319,416.58482440318375,1000
2024-09-16 12:38:23.321,416.6113094737483,95
2024-09-16 12:38:23.333,416.6389079496876,9
2024-09-16 12:38:23.403,416.5963288073886,98
2024-09-16 12:38:23.412,416.62189058984654,9
2024-09-16 12:38:23.442,416.5958969892137,97
2024-09-16 12:38:23.461,416.63914687471015,998
2024-09-16 12:38:23.470,416.5887844113315,97
2024-09-16 12:38:23.534,416.5965797663063,98
2024-09-16 12:38:23.595,416.6183943011049,12
2024-09-16 12:38:23.740,416.607566376878,1000
2024-09-16 12:38:23.748,416.5975591540857,15
2024-09-16 12:38:23.767,416.6117278163082,9
2024-09-16 12:38:23.790,416.6055344759862,1004
2024-09-16 12:38:23.824,416.5809135570717,15
2024-09-16 12:38:23.868,416.6060796787458,96
2024-09-16 12:38:23.883,416.6054791635162,995
2024-09-16 12:38:23.929,416.62341939073633,1005
2024-09-16 12:38:23.997,416.5944856465171,7
2024-09-16 12:38:24.105,416.5756973920846,15
2024-09-16 12:38:24.132,416.5756167159327,104
2024-09-16 12:38:24.180,416.57537461289,102
2024-09-16 12:38:24.291,416.5608893501203,5
2024-09-16 12:38:24.303,416.58838302703583,1005
2024-09-16 12:38:24.312,416.5896175880272,999
2024-09-16 12:38:24.328,416.6060677127052,6
2024-09-16 12:38:24.336,416.5813151479875,1005
2024-09-16 12:38:24.421,416.5944088899394,1001
2024-09-16 12:38:24.513,416.5746677987504,999
2024-09-16 12:38:24.560,416.5875913725227,99
2024-09-16 12:38:24.584,416.58695684340825,12
2024-09-16 12:38:24.676,416.5917856150171,13
2024-09-16 12:38:24.925,-416.5589404651079,14
2024-09-16 12:38:24.972,416.5832648372594,103
2024-09-16 12:38:24.994,416.5896399814549,101
2024-09-16 12:38:25.035,41.65835805583916,998
2024-09-16 12:38:25.332,416.6082658687978,95
2024-09-16 12:38:25.531,416.586275787856,9
2024-09-16 12:38:25.586,416.6057107430443,95
2024-09-16 12:38:25.710,416.59480822047294,96
2024-09-16 12:38:25.726,416.57056405432047,15
2024-09-16 12:38:25.924,416.5775254178109,5
2024-09-16 12:38:25.989,416.5733243163674,103
2024-09-16 12:38:26.017,416.61493954369615,8
2024-09-16 12:38:26.112,416.6113343222263,1000
2024-09-16 12:38:26.208,416.6366832935444,9
2024-09-16 12:38:26.212,416.6269437364027,995
2024-09-16 12:38:26.316,416.62085485494936,997
2024-09-16 12:38:26.439,416.6208730823356,105
2024-09-16 12:38:26.601,416.6225947597226,98
2024-09-16 12:38:26.709,416.6203174286545,98
2024-09-16 12:38:26.828,416.6354464902895,99
2024-09-16 12:38:26.839,416.62336604209423,101
2024-09-16 12:38:26.841,416.6235399266788,1005
2024-09-16 12:38:27.032,416.5794887076556,100
2024-09-16 12:38:27.045,416.6620353444296,12
2024-09-16 12:38:27.114,416.6531676997231,1000
2024-09-16 12:38:27.122,416.6416679125934,995
2024-09-16 12:38:27.350,416.62559934514,13
2024-09-16 12:38:27.451,416.6367748489735,999
2024-09-16 12:38:27.470,416.6190011756023,1000
2024-09-16 12:38:27.497,416.64961535257765,11
2024-09-16 12:38:27.560,416.6135714563805,1004
2024-09-16 12:38:27.630,416.63434022880335,1003
2024-09-16 12:38:27.730,416.6373651394889,104
2024-09-16 12:38:27.749,416.5998966717327,105
2024-09-16 12:38:27.752,416.6379740617328,105
2024-09-16 12:38:27.803,416.5968689141991,1005
2024-09-16 12:38:27.876,416.6273050555251,1004
2024-09-16 12:38:27.955,416.6380373596634,102
2024-09-16 12:38:28.101,416.608796127973,995
2024-09-16 12:38:28.438,416.6112085357574,10
2024-09-16 12:38:28.955,416.6061364687727,1002
2024-09-16 12:38:29.841,416.6084409172631,1003
2024-09-16 12:38:30.033,416.6306573850269,15
2024-09-16 12:38:30.074,416.62259434271664,105
2024-09-16 12:38:30.080,416.6190093968796,14
2024-09-16 12:38:30.138,416.6352918647636,103
2024-09-16 12:38:30.257,416.6418230943492,5
2024-09-16 12:38:30.331,416.6386096436176,999
2024-09-16 12:38:30.388,416.6471229892372,13
2024-09-16 12:38:30.510,416.6140916568983,8
2024-09-16 12:38:30.602,416.6234888386549,998
2024-09-16 12:38:30.912,416.6237997121199,1001
2024-09-16 12:38:31.060,416.6345241111605,1001
2024-09-16 12:38:31.325,416.6217830987341,6
2024-09-16 12:38:31.346,416.6280077842161,15
2024-09-16 12:38:31.487,416.6024604610642,1002
2024-09-16 12:38:31.534,416.62102704033,15
2024-09-16 12:38:31.718,416.6096653350813,15
2024-09-16 12:38:32.730,416.60547556115546,11
2024-09-16 12:38:33.016,416.5912884279584,997
2024-09-16 12:38:33.030,416.5497427915242,12
2024-09-16 12:38:33.035,416.5823144244588,15
2024-09-16 12:38:33.039,416.55824947834986,1005
2024-09-16 12:38:33.076,416.5660578677754,96
2024-09-16 12:38:33.098,416.5767982374239,995
2024-09-16 12:38:33.126,416.5747899241596,96
2024-09-16 12:38:33.212,416.5567022475461,6
2024-09-16 12:38:33.251,416.5715295955952,1001
2024-09-16 12:38:33.277,416.5558255066381,102
2024-09-16 12:38:33.320,416.5493797027126,996
2024-09-16 12:38:33.325,416.58631753920776,997
2024-09-16 12:38:33.329,416.5949606594649,7
2024-09-16 12:38:33.347,416.593275729096,7
2024-09-16 12:38:33.410,416.5714097237524,100
2024-09-16 12:38:33.497,416.58718196456334,6
2024-09-16 12:38:33.549,41.65700298342849,11
2024-09-16 12:38:33.552,416.5721002594703,12
2024-09-16 12:38:33.638,416.5840920145383,104
2024-09-16 12:38:33.832,416.5633897313109,97
2024-09-16 12:38:33.838,416.60651114510233,15
2024-09-16 12:38:33.848,416.5812680837207,97
2024-09-16 12:38:33.955,416.5688779593044,997
2024-09-16 12:38:33.995,416.560585878683,96
2024-09-16 12:38:34.074,416.5585370449072,5
2024-09-16 12:38:34.161,416.526071888869,98
2024-09-16 12:38:34.176,416.5509380537399,95
2024-09-16 12:38:34.179,416.5422404470245,12
2024-09-16 12:38:34.255,416.506197437204,1001
2024-09-16 12:38:34.277,416.5621929764212,96
2024-09-16 12:38:34.308,416.5174654507851,100
2024-09-16 12:38:34.440,416.5370549826308,1003
2024-09-16 12:38:34.470,416.5530013654626,997
2024-09-16 12:38:34.490,416.5324841984068,11
2024-09-16 12:38:34.584,416.52364558314537,12
2024-09-16 12:38:34.626,416.50314570531424,1005
2024-09-16 12:38:34.644,416.5423306590052,105
2024-09-16 12:38:34.649,416.53413494413417,99
2024-09-16 12:38:34.725,416.5226998061528,95
2024-09-16 12:38:34.766,416.51533063050897,103
2024-09-16 12:38:34.848,416.5256565109256,102
2024-09-16 12:38:35.039,416.5600403794775,1005
2024-09-16 12:38:35.045,416.5373968010539,103
2024-09-16 12:38:35.054,416.5145876794402,1004
2024-09-16 12:38:35.072,416.4990834119865,5
2024-09-16 12:38:35.148,416.5014094955379,995
2024-09-16 12:38:35.201,416.5655861586606,997
2024-09-16 12:38:35.213,416.5685605052107,1005
2024-09-16 12:38:35.236,416.54150447841,999
2024-09-16 12:38:35.268,416.5176763487098,10
2024-09-16 12:38:35.302,416.4745663422374,996
2024-09-16 12:38:35.329,416.5131546318016,7
2024-09-16 12:38:35.591,416.50538733719776,6
2024-09-16 12:38:35.608,416.4848297475664,1003
2024-09-16 12:38:35.656,416.5018065556179,99
2024-09-16 12:38:35.704,416.5513022619663,104
2024-09-16 12:38:35.705,416.4952253750069,100
2024-09-16 12:38:35.747,416.58748413142223,12
2024-09-16 12:38:35.779,416.4984736206736,997
2024-09-16 12:38:35.803,416.5032078180927,995
2024-09-16 12:38:35.928,416.5059466448751,9
2024-09-16 12:38:36.440,416.5502781115062,8
2024-09-16 12:38:36.805,416.5151812822433,7
2024-09-16 12:38:36.943,416.5690508864295,1000
2024-09-16 12:38:37.051,416.5992029987767,8
2024-09-16 12:38:37.107,416.5708255710133,995
2024-09-16 12:38:37.114,416.571294411053,1001
2024-09-16 12:38:37.816,416.537248594268,99
2024-09-16 12:38:37.884,416.59428498441486,9
2024-09-16 12:38:37.887,416.5689827809791,6
2024-09-16 12:38:37.935,416.5355705943572,13
2024-09-16 12:38:38.007,416.5437498388674,9
2024-09-16 12:38:38.084,416.55278714729553,100
2024-09-16 12:38:38.213,416.5814090477084,103
2024-09-16 12:38:38.237,416.61335093650985,101
2024-09-16 12:38:38.395,416.5692743490853,101
2024-09-16 12:38:38.396,416.6078577559149,997
2024-09-16 12:38:38.425,416.58910628728654,11
2024-09-16 12:38:38.450,416.53049701156885,105
2024-09-16 12:38:38.451,416.54142863838354,12
2024-09-16 12:38:38.477,416.5408450911893,12
2024-09-16 12:38:38.576,416.6218866579429,1000
2024-09-16 12:38:38.593,416.5703832630064,101
2024-09-16 12:38:38.599,416.61807469509534,98
2024-09-16 12:38:38.629,416.60338231791934,97
2024-09-16 12:38:38.769,416.5186016672745,97
2024-09-16 12:38:38.803,416.59839235777264,102
2024-09-16 12:38:38.835,416.53182210050073,15
2024-09-16 12:38:38.835,41.65360091264276,996
2024-09-16 12:38:38.927,416.5946565651169,1004
2024-09-16 12:38:39.155,416.53123764057307,1000
2024-09-16 12:38:39.243,416.54602742747625,8
2024-09-16 12:38:39.329,416.5363770289283,8
2024-09-16 12:38:39.431,416.5572259823955,1003
2024-09-16 12:38:39.447,416.5774832183354,98
2024-09-16 12:38:39.604,416.5537332344734,1004
2024-09-16 12:38:39.661,41.65680409003629,999
2024-09-16 12:38:39.668,416.5318013473155,7
2024-09-16 12:38:39.694,416.5317796503971,996
2024-09-16 12:38:39.697,416.5355994922165,999
2024-09-16 12:38:39.861,416.5530526197932,1002
2024-09-16 12:38:39.928,416.557587570282,1001
2024-09-16 12:38:39.951,416.5528848284093,998
2024-09-16 12:38:40.063,416.5709430686993,995
2024-09-16 12:38:40.220,416.5719585427488,9
2024-09-16 12:38:40.292,416.5854457606005,11
2024-09-16 12:38:40.302,416.5763481458408,97
2024-09-16 12:38:40.524,416.5942845493311,13
2024-09-16 12:38:40.570,416.58062724587165,12
2024-09-16 12:38:40.578,416.5563024505638,996
2024-09-16 12:38:40.581,416.5857796354701,101
2024-09-16 12:38:40.770,416.5639247280359,97
2024-09-16 12:38:40.841,416.56801139901006,9
2024-09-16 12:38:40.974,41.65718782616924,8
2024-09-16 12:38:41.016,416.5195984143815,105
2024-09-16 12:38:41.042,416.5338364849331,101
2024-09-16 12:38:41.054,416.52821863302194,100
2024-09-16 12:38:41.117,416.5628551326853,7
2024-09-16 12:38:41.233,416.5659476675523,1000
2024-09-16 12:38:41.234,416.54560307235727,13
2024-09-16 12:38:41.295,416.5270095038191,97
2024-09-16 12:38:41.351,416.5515763649608,1003
2024-09-16 12:38:41.429,416.5552665357179,999
2024-09-16 12:38:41.441,416.5519743172559,10
2024-09-16 12:38:41.444,416.5185111605791,996
2024-09-16 12:38:41.469,416.5396688156035,13
2024-09-16 12:38:41.507,416.53678154301286,996
2024-09-16 12:38:41.700,416.5148785662197,95
2024-09-16 12:38:41.703,416.5424227104751,14
2024-09-16 12:38:41.708,416.5473141266257,999
2024-09-16 12:38:41.725,416.5290764122456,96
2024-09-16 12:38:41.741,416.5530681219476,98
2024-09-16 12:38:41.754,416.527286657168,1003
2024-09-16 12:38:41.894,416.562587767614,97
2024-09-16 12:38:41.897,416.5281884037552,14
2024-09-16 12:38:42.249,416.5201166919263,105
2024-09-16 12:38:42.257,416.52115718099634,995
2024-09-16 12:38:42.282,416.54875039267614,97
2024-09-16 12:38:42.288,416.5445818380661,1003
2024-09-16 12:38:42.398,416.5089371113105,104
2024-09-16 12:38:42.531,416.4935303788289,11
2024-09-16 12:38:42.542,416.52219583610673,8
2024-09-16 12:38:42.608,416.54393235686655,105
2024-09-16 12:38:42.702,416.53295159082944,95
2024-09-16 12:38:42.793,416.55682840843417,95
2024-09-16 12:38:42.804,416.48399498841553,102
2024-09-16 12:38:42.806,416.5033641268092,995
2024-09-16 12:38:42.811,416.5108460323197,999
2024-09-16 12:38:42.813,416.5108088932504,1000
2024-09-16 12:38:42.829,416.5601367645992,997
2024-09-16 12:38:42.848,,97
2024-09-16 12:38:42.853,416.5668223966333,98
2024-09-16 12:38:42.878,416.5054674242786,13
2024-09-16 12:38:42.900,416.51643894839873,14
2024-09-16 12:38:42.986,-416.5186926531199,996
2024-09-16 12:38:43.074,416.488231510248,102
2024-09-16 12:38:43.112,416.4895960400361,100
2024-09-16 12:38:43.128,416.50040927236256,996
2024-09-16 12:38:43.134,416.5069189703384,998
2024-09-16 12:38:43.186,416.507914679552,100
2024-09-16 12:38:43.235,416.4695982343595,6
2024-09-16 12:38:43.271,416.4577624148495,10
2024-09-16 12:38:43.360,416.489262395679,1000
2024-09-16 12:38:43.364,416.5030481009508,1002
2024-09-16 12:38:43.365,416.5001683446446,104
2024-09-16 12:38:43.374,416.51359527404736,5
2024-09-16 12:38:43.377,41.6475443066079,12
2024-09-16 12:38:43.377,416.5288460955398,1000
2024-09-16 12:38:43.390,416.48438090250215,95
2024-09-16 12:38:43.392,-416.5139260468529,13
2024-09-16 12:38:43.435,416.4932900726771,95
2024-09-16 12:38:43.475,416.4952165579922,997
2024-09-16 12:38:43.550,416.5001086079973,11
2024-09-16 12:38:43.561,416.51309888362647,1004
2024-09-16 12:38:43.662,416.49460567621566,996
2024-09-16 12:38:43.884,416.4870793032056,105
2024-09-16 12:38:43.889,416.4672920744486,14
2024-09-16 12:38:43.913,416.4877388127398,96
2024-09-16 12:38:43.933,416.5008957641591,15
2024-09-16 12:38:43.966,416.5322183211654,6
2024-09-16 12:38:44.045,416.45174507181537,998
2024-09-16 12:38:44.068,416.4463990850916,8
2024-09-16 12:38:44.111,416.4585077596976,14
2024-09-16 12:38:44.120,416.4369115605294,1002
2024-09-16 12:38:44.193,416.4521128392008,102
2024-09-16 12:38:44.198,416.42379406055176,7
2024-09-16 12:38:44.216,416.4472811495481,14
2024-09-16 12:38:44.325,416.4288616733263,998
2024-09-16 12:38:44.352,416.4654071563126,8
2024-09-16 12:38:44.369,-416.4218941931589,14
2024-09-16 12:38:44.371,416.4406203960812,9
2024-09-16 12:38:44.374,416.44403085101527,11
2024-09-16 12:38:44.400,416.4223798373077,97
2024-09-16 12:38:44.472,416.4425112585538,98
2024-09-16 12:38:44.516,416.4563402073342,995
2024-09-16 12:38:44.605,416.43904606317074,14
2024-09-16 12:38:44.626,416.4650975281367,998
2024-09-16 12:38:44.639,-416.4334514236773,1004
2024-09-16 12:38:44.653,416.451865180734,103
2024-09-16 12:38:44.683,416.4067679285404,5
2024-09-16 12:38:44.707,416.46196571191433,101
2024-09-16 12:38:44.715,416.4254737484973,6
2024-09-16 12:38:44.735,416.4594641087295,14
2024-09-16 12:38:44.739,416.43601671483975,96
2024-09-16 12:38:44.810,416.4331311914642,999
2024-09-16 12:38:44.843,416.4258059265618,1004
2024-09-16 12:38:44.951,416.4220369263211,96
2024-09-16 12:38:44.978,416.46485754562894,11
2024-09-16 12:38:45.042,416.4464411526543,1002
2024-09-16 12:38:45.059,416.4483957343282,12
2024-09-16 12:38:45.200,416.40876090059913,1005
2024-09-16 12:38:45.207,416.4431732334111,14
2024-09-16 12:38:45.256,416.4473228761301,8
2024-09-16 12:38:45.260,416.40845918810777,101
2024-09-16 12:38:45.280,-416.4201921986775,1004
2024-09-16 12:38:45.295,416.4302616850387,1002
2024-09-16 12:38:45.344,416.4196395210569,15
2024-09-16 12:38:45.364,416.4319367666632,10
2024-09-16 12:38:45.399,416.4218618091752,15
2024-09-16 12:38:45.423,416.4413794176216,99
2024-09-16 12:38:45.833,416.4597860687255,103
2024-09-16 12:38:45.886,416.41795565461,102
2024-09-16 12:38:45.894,416.4260107570501,1003
2024-09-16 12:38:45.898,416.4246133968176,1003
2024-09-16 12:38:45.983,416.45022349016506,998
2024-09-16 12:38:46.218,416.4151367131972,1001
2024-09-16 12:38:46.229,416.4409623584776,5
2024-09-16 12:38:46.337,,9
2024-09-16 12:38:46.365,416.4074759086095,997
2024-09-16 12:38:46.503,416.3990971924019,98
2024-09-16 12:38:46.572,416.41236078505807,14
2024-09-16 12:38:46.648,416.4187711763708,100
2024-09-16 12:38:46.722,416.3989336159604,12
2024-09-16 12:38:46.763,416.4231308051484,998
2024-09-16 12:38:46.884,416.4105948001813,102
2024-09-16 12:38:47.029,416.46704348491386,97
2024-09-16 12:38:47.056,416.32924267350313,96
2024-09-16 12:38:47.084,416.4545811967101,10
2024-09-16 12:38:47.141,416.4010002403191,6
2024-09-16 12:38:47.185,416.4059142723702,1005
2024-09-16 12:38:47.228,416.34828076062735,1004
2024-09-16 12:38:47.253,416.45298171124847,12
2024-09-16 12:38:47.263,416.4718805896785,1005
2024-09-16 12:38:47.337,416.4486504403535,103
2024-09-16 12:38:47.364,416.42539742363954,998
2024-09-16 12:38:47.401,416.4353104600282,995
2024-09-16 12:38:47.452,416.4600811462384,998
2024-09-16 12:38:47.532,416.4454389294675,98
2024-09-16 12:38:47.539,416.4618379329057,104
2024-09-16 12:38:47.581,416.4478668657505,1000
2024-09-16 12:38:47.632,416.42327213217294,102
2024-09-16 12:38:47.638,416.4549989072377,999
2024-09-16 12:38:47.644,416.3390994224519,15
2024-09-16 12:38:47.693,416.3691934608212,1001
2024-09-16 12:38:47.726,416.4467453117052,1002
2024-09-16 12:38:47.735,416.4047144624705,1004
2024-09-16 12:38:47.747,416.4411588917864,9
2024-09-16 12:38:47.820,416.37934774049626,104
2024-09-16 12:38:47.848,416.4639830996081,996
2024-09-16 12:38:47.868,416.4405750670146,99
2024-09-16 12:38:47.884,416.4349784020676,1004
2024-09-16 12:38:47.905,416.4499166043004,101
2024-09-16 12:38:47.947,416.4489253733269,1005
2024-09-16 12:38:47.979,416.3851276594284,997
2024-09-16 12:38:47.996,416.4649636084784,97
2024-09-16 12:38:48.034,416.33051017445337,10
2024-09-16 12:38:48.037,416.2770176906074,1000
2024-09-16 12:38:48.042,416.29717134693976,96
2024-09-16 12:38:48.140,416.2925878216297,1004
2024-09-16 12:38:48.192,416.3252582627096,1005
2024-09-16 12:38:48.194,416.2725797369008,100
2024-09-16 12:38:48.206,416.2808698415696,14
2024-09-16 12:38:48.268,416.2927785647203,6
2024-09-16 12:38:48.321,416.2848774608738,999
2024-09-16 12:38:48.341,416.3464448490086,6
2024-09-16 12:38:48.399,416.2589965827944,8
2024-09-16 12:38:48.451,416.3014638336592,11
2024-09-16 12:38:48.458,416.33052296209104,95
2024-09-16 12:38:48.463,416.2837969392922,1003
2024-09-16 12:38:48.479,416.3580249418023,1001
2024-09-16 12:38:48.479,416.31583940626535,1000
2024-09-16 12:38:48.537,416.3405601085231,103
2024-09-16 12:38:48.550,416.2749282844254,11
2024-09-16 12:38:48.553,416.2573669443184,995
2024-09-16 12:38:48.671,416.32245952528746,996
2024-09-16 12:38:48.674,416.3396155873881,1005
2024-09-16 12:38:48.702,416.3367100136541,1001
2024-09-16 12:38:48.718,416.2806966655457,995
2024-09-16 12:38:48.801,416.2972068599773,7
2024-09-16 12:38:48.903,416.34956325674176,102
2024-09-16 12:38:48.984,416.3441790322428,1004
2024-09-16 12:38:48.995,416.2836825428845,996
2024-09-16 12:38:48.996,416.2967534622665,98
2024-09-16 12:38:49.073,416.2678439139277,100
2024-09-16 12:38:49.140,416.24209960463776,13
2024-09-16 12:38:49.148,416.2627140819288,99
2024-09-16 12:38:49.182,416.2593918480535,8
2024-09-16 12:38:49.226,416.2198628595926,1001
2024-09-16 12:38:49.233,416.2446202696436,102
2024-09-16 12:38:49.245,416.2220991810173,14
2024-09-16 12:38:49.247,416.2173185634666,5
2024-09-16 12:38:49.250,416.24656144487534,9
2024-09-16 12:38:49.291,416.2723010925677,97
2024-09-16 12:38:49.358,416.2753369561827,7
2024-09-16 12:38:49.368,416.26952534612775,102
2024-09-16 12:38:49.472,416.2181494603537,100
2024-09-16 12:38:49.559,416.2572335362855,10
2024-09-16 12:38:49.584,416.23394055146537,96
2024-09-16 12:38:49.591,416.2697890406666,9
2024-09-16 12:38:49.645,416.2858833242644,96
2024-09-16 12:38:49.655,416.2275569582643,7
2024-09-16 12:38:49.733,416.2782370908794,999
2024-09-16 12:38:49.767,416.23996124956267,1002
2024-09-16 12:38:49.818,416.2361822069876,100
2024-09-16 12:38:49.821,416.2626990494789,105
2024-09-16 12:38:49.825,416.2486503589904,103
2024-09-16 12:38:49.858,416.2549475544363,8
2024-09-16 12:38:49.858,416.27129100066753,100
2024-09-16 12:38:49.921,416.25954137248056,101
2024-09-16 12:38:49.990,416.21964618402615,9
2024-09-16 12:38:50.071,416.2784195480344,15
2024-09-16 12:38:50.081,416.2708816837721,995
2024-09-16 12:38:50.092,416.27376930473946,997
2024-09-16 12:38:50.141,416.2924211675567,997
2024-09-16 12:38:50.166,416.2822819597541,995
2024-09-16 12:38:50.170,416.28809652578127,7
2024-09-16 12:38:50.233,416.3165516363544,98
2024-09-16 12:38:50.237,416.2958592608301,14
2024-09-16 12:38:50.239,416.29144191685566,97
2024-09-16 12:38:50.260,416.2941356285472,7
2024-09-16 12:38:50.261,416.3012147553817,10
2024-09-16 12:38:50.329,416.2875687186645,10
2024-09-16 12:38:50.352,416.2877912749349,11
2024-09-16 12:38:50.368,416.2873138152524,102
2024-09-16 12:38:50.425,416.2903245006051,95
2024-09-16 12:38:50.453,416.28106408175023,99
2024-09-16 12:38:50.470,416.32589780534346,98
2024-09-16 12:38:50.507,416.2912081184812,997
2024-09-16 12:38:50.519,416.2691617235592,96
2024-09-16 12:38:50.522,416.2695236501576,99
2024-09-16 12:38:50.549,416.3062846343436,98
2024-09-16 12:38:50.566,416.26847252608815,9
2024-09-16 12:38:50.591,416.29043986818783,1003
2024-09-16 12:38:50.594,416.2694608362887,95
2024-09-16 12:38:50.622,416.2829335649396,104
2024-09-16 12:38:50.732,416.26785699383146,97
2024-09-16 12:38:50.854,416.3052396325877,1003
2024-09-16 12:38:50.937,416.29441582715566,12
2024-09-16 12:38:51.161,41.629600794211925,6
2024-09-16 12:38:51.221,416.2980354932778,13
2024-09-16 12:38:51.298,416.3255014258572,101
2024-09-16 12:38:51.337,416.3555052434848,100
2024-09-16 12:38:51.515,416.3464362732897,1001
2024-09-16 12:38:51.783,416.3282082579236,97
2024-09-16 12:38:51.820,416.3638179564277,8
2024-09-16 12:38:52.101,416.3486755949424,999
2024-09-16 12:38:53.037,416.3855053768037,999
2024-09-16 12:38:53.055,416.4069921482,101
2024-09-16 12:38:53.108,-416.35017539841687,14
2024-09-16 12:38:53.113,416.4594781264448,100
2024-09-16 12:38:53.122,416.3964653067279,999
2024-09-16 12:38:53.138,416.4318614365623,996
2024-09-16 12:38:53.165,416.369289538593,13
2024-09-16 12:38:53.203,416.4815441273811,13
2024-09-16 12:38:53.258,416.5000858336701,9
2024-09-16 12:38:53.272,416.4064647877027,9
2024-09-16 12:38:53.284,416.3924973706742,14
2024-09-16 12:38:53.299,416.5060221031004,10
2024-09-16 12:38:53.423,416.3350286882117,1005
2024-09-16 12:38:53.434,416.3938579155434,1001
2024-09-16 12:38:53.458,416.52425655440175,95
2024-09-16 12:38:53.585,416.5319843571182,97
2024-09-16 12:38:53.602,416.4144136546837,13
2024-09-16 12:38:53.608,416.44892755911405,11
2024-09-16 12:38:53.830,416.4561696202011,98
2024-09-16 12:38:53.854,416.53139110807945,1004
2024-09-16 12:38:53.884,416.4699421299925,6
2024-09-16 12:38:53.903,416.4791520836037,12
2024-09-16 12:38:53.956,416.3777405864765,101
2024-09-16 12:38:53.968,416.38531917156047,95
2024-09-16 12:38:54.025,416.4354521210591,14
2024-09-16 12:38:54.142,416.4358967894342,15
2024-09-16 12:38:54.249,416.4345719114604,96
2024-09-16 12:38:54.262,416.4466487310467,95
2024-09-16 12:38:54.297,416.4635731714743,999
2024-09-16 12:38:54.351,416.4268881006867,5
2024-09-16 12:38:54.409,416.5175209864555,1004
2024-09-16 12:38:54.432,416.451129606494,996
2024-09-16 12:38:54.656,416.47157704351287,1005
2024-09-16 12:38:54.673,416.5075387467406,15
2024-09-16 12:38:54.730,416.4477141051091,101
2024-09-16 12:38:54.865,416.48170311570334,100
2024-09-16 12:38:54.910,416.5224116611699,999
2024-09-16 12:38:54.957,416.4979399734384,102
2024-09-16 12:38:55.255,416.4286244355608,104
2024-09-16 12:38:55.471,416.4198258483828,7
2024-09-16 12:38:55.802,416.4212807699996,103
2024-09-16 12:38:55.829,416.4220723847709,98
2024-09-16 12:38:55.913,416.4326725171615,96
2024-09-16 12:38:55.933,416.4412735105208,10
2024-09-16 12:38:55.950,416.4342620445828,98
2024-09-16 12:38:55.980,416.41945925500806,15
2024-09-16 12:38:56.000,416.4485054443005,97
2024-09-16 12:38:56.033,416.4528755894276,14
2024-09-16 12:38:56.088,416.46544867609697,998
2024-09-16 12:38:56.144,416.463469112191,1000
2024-09-16 12:38:56.207,416.4508083361526,12
2024-09-16 12:38:56.446,416.4687308331651,999
2024-09-16 12:38:56.626,416.45632800891855,95
2024-09-16 12:38:56.646,416.45307309586417,102
2024-09-16 12:38:56.662,416.4627110510871,11
2024-09-16 12:38:56.722,416.4402392075236,100
2024-09-16 12:38:56.802,416.445721224889,995
2024-09-16 12:38:56.821,416.4668999148972,998
2024-09-16 12:38:56.853,416.4742907612057,97
2024-09-16 12:38:56.879,416.4331281919109,1001
2024-09-16 12:38:56.903,416.4458015766358,10
2024-09-16 12:38:56.903,416.4297037923751,12
2024-09-16 12:38:56.918,416.4394098995255,15
2024-09-16 12:38:56.999,416.45475903373625,1000
2024-09-16 12:38:57.074,416.4783821566455,995
2024-09-16 12:38:57.090,416.4701120385824,998
2024-09-16 12:38:57.292,416.471128881098,95
2024-09-16 12:38:57.373,416.4870532885477,997
2024-09-16 12:38:57.451,416.4606422390519,14
2024-09-16 12:38:57.512,416.4619311629252,99
2024-09-16 12:38:57.514,416.4897855429689,99
2024-09-16 12:38:57.653,416.4590907918388,12
2024-09-16 12:38:57.717,416.4842606899239,105
2024-09-16 12:38:57.760,416.4819182089115,1005
2024-09-16 12:38:57.775,416.4698265269454,10
2024-09-16 12:38:57.776,416.45215326569695,5
2024-09-16 12:38:57.785,416.47552544415305,996
2024-09-16 12:38:57.817,416.457728448717,12
2024-09-16 12:38:57.828,416.4790365609639,10
2024-09-16 12:38:57.886,416.4619859838321,102
2024-09-16 12:38:57.888,416.47870370568745,95
2024-09-16 12:38:57.891,416.4536278441301,6
2024-09-16 12:38:57.952,416.4654927925827,15
2024-09-16 12:38:58.217,416.4634850941232,100
2024-09-16 12:38:58.364,416.4195177909959,15
2024-09-16 12:38:58.422,416.4295368990015,99
2024-09-16 12:38:58.622,416.45747197516965,1000
2024-09-16 12:38:58.822,416.42779825190206,5
2024-09-16 12:38:58.904,416.41542290230217,997
2024-09-16 12:38:58.994,416.4452628196645,1001
2024-09-16 12:38:59.020,416.39866613144926,12
2024-09-16 12:38:59.070,416.3785642016484,95
2024-09-16 12:38:59.083,416.3288213233091,14
2024-09-16 12:38:59.150,416.3128632136516,104
2024-09-16 12:38:59.162,416.3192041273399,96
2024-09-16 12:38:59.177,416.3631583854997,6
2024-09-16 12:38:59.223,416.3908262514521,1004
2024-09-16 12:38:59.246,416.3405592690737,1000
2024-09-16 12:38:59.303,416.30316196985234,97
2024-09-16 12:38:59.351,416.3223580704167,6
2024-09-16 12:38:59.365,416.4033360857909,8
2024-09-16 12:38:59.372,416.318302962942,12
2024-09-16 12:38:59.374,416.2895164504429,1000
2024-09-16 12:38:59.384,416.3206577828289,98
2024-09-16 12:38:59.399,416.3767167888316,95
2024-09-16 12:38:59.415,416.364257042358,102
2024-09-16 12:38:59.455,416.40263887237865,14
2024-09-16 12:38:59.457,416.328645508713,1003
2024-09-16 12:38:59.570,416.3989675295464,8
2024-09-16 12:38:59.607,416.3556939855225,1004
2024-09-16 12:38:59.611,,103
2024-09-16 12:38:59.670,416.28690432085074,1000
2024-09-16 12:38:59.810,416.4158482272691,1002
2024-09-16 12:38:59.966,416.2885880975842,1003
