Timestamp,Price,Size
2024-09-18 12:54:00.163,417.3819522931652,95
2024-09-18 12:54:00.810,417.3951011184241,998
2024-09-18 12:54:00.864,417.3559498375643,6
2024-09-18 12:54:00.884,417.3853895474697,1004
2024-09-18 12:54:01.095,417.36452285411065,96
2024-09-18 12:54:01.120,417.3645428838129,7
2024-09-18 12:54:01.155,417.34025077003446,1005
2024-09-18 12:54:01.515,417.3543113069887,104
2024-09-18 12:54:01.614,417.36262831554967,9
2024-09-18 12:54:01.630,417.3622242565584,6
2024-09-18 12:54:01.708,417.39124903515193,104
2024-09-18 12:54:02.016,417.4062255645166,105
2024-09-18 12:54:02.060,417.3828063951877,97
2024-09-18 12:54:02.064,417.34460939167536,1000
2024-09-18 12:54:02.144,417.3503197601265,998
2024-09-18 12:54:02.173,417.44863380439466,101
2024-09-18 12:54:02.249,417.3672089895289,999
2024-09-18 12:54:02.307,417.42886387680295,1004
2024-09-18 12:54:02.385,417.42227917772175,99
2024-09-18 12:54:02.388,417.37188004792,13
2024-09-18 12:54:02.485,417.3684617604564,7
2024-09-18 12:54:02.501,417.36714005687855,12
2024-09-18 12:54:02.526,417.3445412625538,14
2024-09-18 12:54:02.647,417.3551409441877,998
2024-09-18 12:54:02.720,417.4444056196013,105
2024-09-18 12:54:02.735,417.4468063963765,6
2024-09-18 12:54:02.811,417.4509616353775,1005
2024-09-18 12:54:02.952,417.4420844278511,97
2024-09-18 12:54:02.956,417.36920694376056,102
2024-09-18 12:54:03.016,417.48361826669947,97
2024-09-18 12:54:03.020,417.488582507419,13
2024-09-18 12:54:03.071,417.4694666876366,103
2024-09-18 12:54:03.098,417.5052059683273,103
2024-09-18 12:54:03.100,417.5538129554282,96
2024-09-18 12:54:03.104,417.468693493791,103
2024-09-18 12:54:03.134,417.4536826148184,6
2024-09-18 12:54:03.264,417.4692430832284,101
2024-09-18 12:54:03.291,417.4859125623453,996
2024-09-18 12:54:03.408,417.5676727545732,1004
2024-09-18 12:54:03.451,417.4903949101606,97
2024-09-18 12:54:03.511,417.4983116576881,1000
2024-09-18 12:54:03.632,417.5163362409339,1003
2024-09-18 12:54:03.649,417.4968364358812,15
2024-09-18 12:54:03.708,417.4797463102424,998
2024-09-18 12:54:03.709,417.5338819070472,104
2024-09-18 12:54:03.752,417.496731862947,996
2024-09-18 12:54:03.778,417.47337885165086,15
2024-09-18 12:54:03.918,417.4696924690205,1002
2024-09-18 12:54:03.936,417.5149857206603,99
2024-09-18 12:54:04.027,417.57355061660905,97
2024-09-18 12:54:04.235,417.5883500423255,1003
2024-09-18 12:54:04.244,417.5839018069287,998
2024-09-18 12:54:04.257,417.60027146701657,15
2024-09-18 12:54:04.425,417.5616593228589,8
2024-09-18 12:54:04.645,417.5641607507563,99
2024-09-18 12:54:04.864,417.5855997895962,996
2024-09-18 12:54:04.928,417.5718009460019,98
2024-09-18 12:54:05.766,417.6100114721856,9
2024-09-18 12:54:06.020,-417.603555132757,5
2024-09-18 12:54:06.039,417.6044412837367,98
2024-09-18 12:54:06.197,417.6087519948659,104
2024-09-18 12:54:06.424,417.5781319474328,1002
2024-09-18 12:54:06.443,417.5264328702427,1000
2024-09-18 12:54:06.545,417.6189978676868,10
2024-09-18 12:54:06.624,417.5791044053586,14
2024-09-18 12:54:06.651,417.51340964844127,996
2024-09-18 12:54:06.693,417.5320550439074,100
2024-09-18 12:54:06.740,417.5088285847107,8
2024-09-18 12:54:06.855,417.5485396319239,105
2024-09-18 12:54:06.929,417.626623091464,1002
2024-09-18 12:54:06.945,417.5373982773821,98
2024-09-18 12:54:06.959,417.5227504224649,100
2024-09-18 12:54:07.032,417.511711260895,95
2024-09-18 12:54:07.306,417.5319185464155,12
2024-09-18 12:54:07.346,417.5169594727124,1005
2024-09-18 12:54:07.373,417.5595852832394,14
2024-09-18 12:54:07.602,417.5378011520534,15
2024-09-18 12:54:07.913,417.54084368653554,1000
2024-09-18 12:54:07.965,417.5258917277488,5
2024-09-18 12:54:08.108,417.5538028784012,100
2024-09-18 12:54:08.170,417.5508360975474,95
2024-09-18 12:54:08.217,417.5504438983316,1002
2024-09-18 12:54:08.231,417.5454042366735,12
2024-09-18 12:54:08.368,417.5552354612741,104
2024-09-18 12:54:08.614,417.5493856763412,1003
2024-09-18 12:54:08.668,417.56309245568025,100
2024-09-18 12:54:08.787,417.5501995810004,102
2024-09-18 12:54:08.998,417.5422666101525,100
2024-09-18 12:54:09.025,417.5447790658811,1004
2024-09-18 12:54:09.049,417.54176465935177,105
2024-09-18 12:54:09.229,417.5480035523932,6
2024-09-18 12:54:09.333,417.53675891466736,11
2024-09-18 12:54:09.595,417.5424600400864,95
2024-09-18 12:54:10.012,417.4702050559422,998
2024-09-18 12:54:10.012,417.48198082725264,995
2024-09-18 12:54:10.192,417.4830262390191,97
2024-09-18 12:54:10.237,417.52049382213846,97
2024-09-18 12:54:10.255,417.46107255467456,996
2024-09-18 12:54:10.288,417.46124484915896,103
2024-09-18 12:54:10.312,417.453959972028,5
2024-09-18 12:54:10.321,417.54211025778864,15
2024-09-18 12:54:10.347,417.49975741988,1000
2024-09-18 12:54:10.430,417.46791060254304,1005
2024-09-18 12:54:10.442,417.46588239285785,101
2024-09-18 12:54:10.654,417.49875600225727,996
2024-09-18 12:54:10.772,417.4731641867037,100
2024-09-18 12:54:10.780,417.4415125527967,1001
2024-09-18 12:54:10.783,417.4485899487721,102
2024-09-18 12:54:10.829,417.4671621653124,101
2024-09-18 12:54:10.839,417.4582897739736,15
2024-09-18 12:54:10.981,417.4812692056353,105
2024-09-18 12:54:12.025,417.4672088747,10
2024-09-18 12:54:12.042,417.46400667362747,997
2024-09-18 12:54:12.147,417.5002302412372,1003
2024-09-18 12:54:12.161,417.5104473978028,96
2024-09-18 12:54:12.164,417.4449331104258,5
2024-09-18 12:54:12.179,417.489515453323,97
2024-09-18 12:54:12.240,417.4963622480437,5
2024-09-18 12:54:12.281,417.4624552438496,1005
2024-09-18 12:54:12.330,417.4719851814932,1004
2024-09-18 12:54:12.386,417.4766580983367,100
2024-09-18 12:54:12.432,417.48795569798347,1002
2024-09-18 12:54:12.474,417.4572048150767,9
2024-09-18 12:54:12.580,417.4894463185838,10
2024-09-18 12:54:12.622,417.4871020110873,12
2024-09-18 12:54:12.711,417.4610967021764,1003
2024-09-18 12:54:12.830,417.4520501745171,104
2024-09-18 12:54:12.864,417.48969274594725,1002
2024-09-18 12:54:12.880,417.46714159631097,1005
2024-09-18 12:54:12.888,,13
2024-09-18 12:54:12.917,417.4648992534994,14
2024-09-18 12:54:12.974,417.4618511524534,1003
2024-09-18 12:54:13.339,417.4773012019076,1002
2024-09-18 12:54:14.398,417.49363075844303,10
2024-09-18 12:54:14.819,417.4767177501684,1001
2024-09-18 12:54:15.047,417.46092385088,98
2024-09-18 12:54:15.050,417.4789880607041,998
2024-09-18 12:54:15.087,417.47023837865527,996
2024-09-18 12:54:15.099,417.4681057488703,1001
2024-09-18 12:54:15.159,417.48205720753424,13
2024-09-18 12:54:15.234,417.4830837587228,10
2024-09-18 12:54:15.268,417.4908262116885,1004
2024-09-18 12:54:15.299,417.4586192647852,96
2024-09-18 12:54:15.314,417.4724926977637,97
2024-09-18 12:54:15.369,417.4554841051311,995
2024-09-18 12:54:15.381,417.4487841645464,103
2024-09-18 12:54:15.469,417.4646012049794,96
2024-09-18 12:54:15.484,417.4838541194043,12
2024-09-18 12:54:15.535,417.4503770933688,5
2024-09-18 12:54:15.556,417.4639053449681,97
2024-09-18 12:54:15.581,417.47661857876,1000
2024-09-18 12:54:15.627,417.45389223234486,1000
2024-09-18 12:54:15.734,417.4563975978916,96
2024-09-18 12:54:15.743,417.4820646231713,998
2024-09-18 12:54:15.746,417.4801253739669,1002
2024-09-18 12:54:15.770,417.45734057675696,9
2024-09-18 12:54:15.884,-417.4541098299685,100
2024-09-18 12:54:15.929,417.4647309638763,102
2024-09-18 12:54:15.943,417.47638073366,100
2024-09-18 12:54:15.963,417.468846133855,999
2024-09-18 12:54:15.969,417.455838603441,999
2024-09-18 12:54:16.057,417.5140565362469,1001
2024-09-18 12:54:16.130,417.5198477476741,6
2024-09-18 12:54:16.190,417.50953545276985,11
2024-09-18 12:54:16.293,417.5312269833925,97
2024-09-18 12:54:16.309,417.5221985269477,996
2024-09-18 12:54:16.397,417.5157472085819,101
2024-09-18 12:54:16.407,417.5386897501381,15
2024-09-18 12:54:16.440,417.5185400059297,105
2024-09-18 12:54:16.626,417.52379377063806,13
2024-09-18 12:54:16.685,417.52756805926606,8
2024-09-18 12:54:16.818,417.549487022095,998
2024-09-18 12:54:16.855,417.5272940622357,6
2024-09-18 12:54:16.972,417.5420489904975,999
2024-09-18 12:54:17.214,417.5190299501002,9
2024-09-18 12:54:17.276,417.5595199211951,99
2024-09-18 12:54:17.374,417.63242033534686,998
2024-09-18 12:54:17.519,417.5197313602253,10
2024-09-18 12:54:17.535,417.6250390543048,9
2024-09-18 12:54:17.541,417.6413289948861,99
2024-09-18 12:54:17.547,417.5628164403369,6
2024-09-18 12:54:17.587,417.5815995565573,105
2024-09-18 12:54:17.624,417.51919424478274,101
2024-09-18 12:54:17.655,417.5572226631353,996
2024-09-18 12:54:17.680,417.6023477841736,102
2024-09-18 12:54:17.715,417.5710847219744,1003
2024-09-18 12:54:17.771,417.5395333871139,997
2024-09-18 12:54:17.993,417.515069567405,9
2024-09-18 12:54:18.036,417.6309495962002,101
2024-09-18 12:54:18.070,417.56040597392496,100
2024-09-18 12:54:18.116,417.57337170993566,99
2024-09-18 12:54:18.206,417.543248418132,102
2024-09-18 12:54:18.228,417.5488640808978,10
2024-09-18 12:54:18.238,417.5557762213573,1004
2024-09-18 12:54:18.284,417.62803776713713,96
2024-09-18 12:54:18.287,417.550651584511,7
2024-09-18 12:54:18.288,417.64505510785847,1000
2024-09-18 12:54:18.321,417.5281148122514,995
2024-09-18 12:54:18.362,417.57864861312606,998
2024-09-18 12:54:18.377,417.5495110106563,1004
2024-09-18 12:54:18.638,417.5644389336394,11
2024-09-18 12:54:18.652,417.57821780734247,1000
2024-09-18 12:54:18.686,417.6236771012325,1000
2024-09-18 12:54:18.726,417.567591762179,1002
2024-09-18 12:54:18.768,417.6386781033437,103
2024-09-18 12:54:18.787,417.64239444398095,10
2024-09-18 12:54:18.811,417.6171728107112,999
2024-09-18 12:54:18.874,417.5949973968594,8
2024-09-18 12:54:19.015,-417.5413188556417,10
2024-09-18 12:54:19.016,417.56595636003823,103
2024-09-18 12:54:19.137,417.5392438873635,10
2024-09-18 12:54:19.373,417.52863907629865,104
2024-09-18 12:54:19.377,417.5428000731835,9
2024-09-18 12:54:19.629,417.55708861315054,99
2024-09-18 12:54:19.649,417.5623170782557,1001
2024-09-18 12:54:19.785,417.4945670914232,104
2024-09-18 12:54:19.805,417.5136901641905,8
2024-09-18 12:54:19.852,417.5488692778763,103
2024-09-18 12:54:19.865,417.5220013766431,96
2024-09-18 12:54:19.892,417.5412424177918,97
2024-09-18 12:54:19.952,417.56047221305136,6
2024-09-18 12:54:20.044,417.5520690614399,95
2024-09-18 12:54:20.046,417.54232515710254,102
2024-09-18 12:54:20.070,417.59224686343225,99
2024-09-18 12:54:20.083,417.5512182641599,995
2024-09-18 12:54:20.145,417.55173656741385,999
2024-09-18 12:54:20.192,417.5890203084057,1004
2024-09-18 12:54:20.213,417.55034618733504,995
2024-09-18 12:54:20.218,417.5546384174826,14
2024-09-18 12:54:20.252,417.5382823230087,8
2024-09-18 12:54:20.259,417.55195322424674,1000
2024-09-18 12:54:20.305,417.5052820582905,102
2024-09-18 12:54:20.388,417.569222482416,1003
2024-09-18 12:54:20.584,417.5660760485328,1002
2024-09-18 12:54:20.598,417.5383871813638,8
2024-09-18 12:54:20.658,417.5505375049893,995
2024-09-18 12:54:20.708,417.5566934299668,7
2024-09-18 12:54:20.782,417.5372039049624,997
2024-09-18 12:54:20.797,417.55282499426977,1000
2024-09-18 12:54:20.856,417.5432411678067,995
2024-09-18 12:54:20.860,417.53627775633305,15
2024-09-18 12:54:20.874,417.5648861265558,5
2024-09-18 12:54:20.884,417.5648088627984,8
2024-09-18 12:54:20.906,417.54345731256575,995
2024-09-18 12:54:20.929,417.54526644089015,10
2024-09-18 12:54:20.930,417.5385589023321,8
2024-09-18 12:54:20.985,417.5429677666914,13
2024-09-18 12:54:21.256,417.5000927943276,95
2024-09-18 12:54:21.273,417.5238726902419,15
2024-09-18 12:54:21.413,417.5376155534148,7
2024-09-18 12:54:21.548,417.5075285337385,12
2024-09-18 12:54:21.631,417.5312394747013,10
2024-09-18 12:54:21.898,417.5156948936112,5
2024-09-18 12:54:21.915,417.54003453756457,1001
2024-09-18 12:54:22.050,417.44340054527913,98
2024-09-18 12:54:22.064,417.408065171848,1004
2024-09-18 12:54:22.064,417.4442663842334,1000
2024-09-18 12:54:22.102,417.42915500086974,96
2024-09-18 12:54:22.138,417.4388658004357,103
2024-09-18 12:54:22.148,417.4773944928987,995
2024-09-18 12:54:22.255,417.427776089596,997
2024-09-18 12:54:22.387,417.442081916532,8
2024-09-18 12:54:22.494,417.4733834094919,996
2024-09-18 12:54:22.541,417.469558172649,8
2024-09-18 12:54:22.660,417.4546365628627,103
2024-09-18 12:54:22.831,417.46944582193913,100
2024-09-18 12:54:22.885,417.4613988684439,9
2024-09-18 12:54:22.896,417.4063745654655,99
2024-09-18 12:54:22.913,417.40380821675103,96
2024-09-18 12:54:22.944,417.42777839926765,999
2024-09-18 12:54:23.071,417.352824855896,104
2024-09-18 12:54:23.116,417.34500188412267,104
2024-09-18 12:54:23.148,417.3498242959592,996
2024-09-18 12:54:23.259,417.36687492098497,996
2024-09-18 12:54:23.269,417.34501514399966,6
2024-09-18 12:54:23.301,417.36542335755615,5
2024-09-18 12:54:23.320,417.3453435642524,1000
2024-09-18 12:54:23.327,417.3677835689772,102
2024-09-18 12:54:23.335,417.3620062025141,7
2024-09-18 12:54:23.342,417.35880919852366,14
2024-09-18 12:54:23.378,417.340758805324,99
2024-09-18 12:54:23.418,417.3571486469656,1004
2024-09-18 12:54:23.430,417.3611511075836,101
2024-09-18 12:54:23.447,417.3413904816104,7
2024-09-18 12:54:23.456,417.3590132779075,105
2024-09-18 12:54:23.542,417.3531847214729,7
2024-09-18 12:54:23.723,417.3303346865705,97
2024-09-18 12:54:23.732,417.3550903896341,104
2024-09-18 12:54:23.783,417.3663514058816,12
2024-09-18 12:54:23.817,417.35106088746943,998
2024-09-18 12:54:23.824,417.3673652340639,103
2024-09-18 12:54:24.001,417.3467855086453,101
2024-09-18 12:54:24.068,417.36036734982855,1003
2024-09-18 12:54:24.089,417.3789701964569,996
2024-09-18 12:54:24.114,417.3635713548218,11
2024-09-18 12:54:24.167,417.3536177928638,1005
2024-09-18 12:54:24.197,417.36619858051927,101
2024-09-18 12:54:24.303,417.3720057603008,13
2024-09-18 12:54:24.305,417.3735977994404,12
2024-09-18 12:54:24.353,417.37266119435554,6
2024-09-18 12:54:24.363,417.3523895117805,8
2024-09-18 12:54:24.480,417.3563222519583,8
2024-09-18 12:54:24.563,417.3723948457734,104
2024-09-18 12:54:24.675,417.36233733099846,97
2024-09-18 12:54:24.676,417.3750643302957,7
2024-09-18 12:54:24.738,417.3754818138247,101
2024-09-18 12:54:24.869,417.34276518844143,12
2024-09-18 12:54:25.176,417.3950938371962,1004
2024-09-18 12:54:25.233,417.3866251959041,98
2024-09-18 12:54:25.451,417.38615707190417,999
2024-09-18 12:54:25.606,417.397382564045,7
2024-09-18 12:54:25.635,417.3883644111773,10
2024-09-18 12:54:25.897,417.4051416182122,5
2024-09-18 12:54:26.143,417.4119571211749,997
2024-09-18 12:54:26.181,417.394413754612,1004
2024-09-18 12:54:26.230,417.3980824101882,995
2024-09-18 12:54:26.257,417.4011670095636,105
2024-09-18 12:54:26.322,417.37482754909536,8
2024-09-18 12:54:26.357,417.4259725798352,98
2024-09-18 12:54:26.362,417.4205073596642,98
2024-09-18 12:54:26.436,417.4098405169643,14
2024-09-18 12:54:26.448,417.3965713584407,1005
2024-09-18 12:54:26.475,417.4223485998562,6
2024-09-18 12:54:26.483,417.4364765019274,998
2024-09-18 12:54:26.515,417.392918270821,1002
2024-09-18 12:54:26.538,417.40563114079697,995
2024-09-18 12:54:26.603,417.3986176975432,8
2024-09-18 12:54:26.724,417.4022652194445,105
2024-09-18 12:54:26.866,417.4021350393029,1000
2024-09-18 12:54:26.868,417.40029142786346,6
2024-09-18 12:54:26.928,417.38760175924506,101
2024-09-18 12:54:26.951,417.4151272881133,97
2024-09-18 12:54:28.515,417.4464025617344,14
2024-09-18 12:54:28.543,417.4230819141456,998
2024-09-18 12:54:28.560,417.4482854197068,98
2024-09-18 12:54:28.596,417.4101742711785,11
2024-09-18 12:54:28.648,417.4152601393865,996
2024-09-18 12:54:28.669,417.4170932972376,105
2024-09-18 12:54:28.840,417.4579847896202,10
2024-09-18 12:54:28.889,417.4204722765902,997
2024-09-18 12:54:29.069,417.41431648985446,7
2024-09-18 12:54:29.090,417.4061233186917,13
2024-09-18 12:54:29.403,417.4190108356587,99
2024-09-18 12:54:29.416,417.3931604388269,101
2024-09-18 12:54:29.725,417.4030113932355,96
2024-09-18 12:54:29.749,417.40002751930257,96
2024-09-18 12:54:29.866,417.400673490292,96
2024-09-18 12:54:29.942,417.4151663357968,15
2024-09-18 12:54:30.012,417.4313963062479,6
2024-09-18 12:54:30.162,417.3700228590328,5
2024-09-18 12:54:30.179,417.42842111863945,1002
2024-09-18 12:54:30.240,41.74430339174424,15
2024-09-18 12:54:30.264,417.4296197831666,15
2024-09-18 12:54:30.359,417.4061662278721,1002
2024-09-18 12:54:30.417,417.3948958481211,99
2024-09-18 12:54:30.431,417.4061869236286,96
2024-09-18 12:54:30.524,417.3831591854998,1000
2024-09-18 12:54:30.569,417.4022940917912,13
2024-09-18 12:54:31.028,417.3373314686667,13
2024-09-18 12:54:31.161,417.3401319509609,1000
2024-09-18 12:54:31.174,417.35005020749605,11
2024-09-18 12:54:31.209,417.3392267983594,1003
2024-09-18 12:54:31.216,417.3350886126904,7
2024-09-18 12:54:31.219,417.3454039756912,100
2024-09-18 12:54:31.293,417.3434278081085,99
2024-09-18 12:54:31.335,,8
2024-09-18 12:54:31.361,417.346656906966,1005
2024-09-18 12:54:31.396,417.3562074564564,999
2024-09-18 12:54:31.560,417.33801000567576,1002
2024-09-18 12:54:31.709,417.3394325886465,100
2024-09-18 12:54:31.728,417.33775677804925,11
2024-09-18 12:54:31.729,417.351664972873,99
2024-09-18 12:54:31.889,417.3661181528959,98
2024-09-18 12:54:31.895,417.3322466602127,997
2024-09-18 12:54:31.917,417.35141600312267,999
2024-09-18 12:54:31.924,417.3523356196564,103
2024-09-18 12:54:32.267,417.3415685300381,997
2024-09-18 12:54:32.580,417.3393426612295,101
2024-09-18 12:54:32.625,417.34293907957056,96
2024-09-18 12:54:32.686,417.3396393737839,15
2024-09-18 12:54:32.695,417.3480740478144,104
2024-09-18 12:54:33.190,417.3181191982297,98
2024-09-18 12:54:33.334,417.2714839697621,1000
2024-09-18 12:54:33.456,417.27034589524015,7
2024-09-18 12:54:33.553,417.2929288210034,5
2024-09-18 12:54:33.615,417.29091013250405,999
2024-09-18 12:54:33.813,417.2585433598949,6
2024-09-18 12:54:34.063,417.2950546401532,1002
2024-09-18 12:54:34.073,417.30000547152815,13
2024-09-18 12:54:34.092,417.3128906368227,11
2024-09-18 12:54:34.108,417.3091397611226,99
2024-09-18 12:54:34.117,417.3132105302335,103
2024-09-18 12:54:34.120,417.2878727917102,97
2024-09-18 12:54:34.139,417.3002800792455,15
2024-09-18 12:54:34.150,417.2454288227742,8
2024-09-18 12:54:34.239,417.28479193423647,1001
2024-09-18 12:54:34.282,417.3365554159682,997
2024-09-18 12:54:34.321,417.2944271981684,14
2024-09-18 12:54:34.349,417.2685343064569,995
2024-09-18 12:54:34.349,417.31137782817353,995
2024-09-18 12:54:34.498,417.31521719837946,5
2024-09-18 12:54:34.560,417.2899396610952,1002
2024-09-18 12:54:34.572,417.3159179095202,998
2024-09-18 12:54:34.621,417.30490387346,103
2024-09-18 12:54:34.645,417.30874965202673,997
2024-09-18 12:54:34.733,417.3128613257813,997
2024-09-18 12:54:34.748,417.2991538217525,95
2024-09-18 12:54:34.791,417.319571949963,98
2024-09-18 12:54:34.804,417.2770855176629,998
2024-09-18 12:54:34.814,417.26427420124514,5
2024-09-18 12:54:34.846,417.2552483587067,15
2024-09-18 12:54:34.905,417.2622620245704,11
2024-09-18 12:54:34.988,417.3107585601879,8
2024-09-18 12:54:34.992,417.2776872301353,1000
2024-09-18 12:54:34.996,417.3082053601926,12
2024-09-18 12:54:35.003,417.32251895669486,6
2024-09-18 12:54:35.063,417.325445269102,1002
2024-09-18 12:54:35.085,417.33251105737,995
2024-09-18 12:54:35.144,417.3162281584101,998
2024-09-18 12:54:35.340,417.31399707330667,8
2024-09-18 12:54:35.393,417.3126838833039,996
2024-09-18 12:54:35.439,417.306809168357,9
2024-09-18 12:54:35.465,417.3439921676227,104
2024-09-18 12:54:35.516,417.3321031669471,103
2024-09-18 12:54:35.538,417.32618954377216,5
2024-09-18 12:54:35.580,417.32595701294593,101
2024-09-18 12:54:35.679,417.33034167802185,101
2024-09-18 12:54:35.813,417.33013648362936,1002
2024-09-18 12:54:35.856,417.3310047218942,998
2024-09-18 12:54:36.057,417.224339425948,14
2024-09-18 12:54:36.076,417.2445216285182,100
2024-09-18 12:54:36.081,417.2746903906303,15
2024-09-18 12:54:36.101,417.2561612998158,10
2024-09-18 12:54:36.107,417.2584681948648,11
2024-09-18 12:54:36.134,417.2383147049425,100
2024-09-18 12:54:36.211,417.2605812778224,96
2024-09-18 12:54:36.229,417.2509638237931,97
2024-09-18 12:54:36.410,417.2490004236692,1000
2024-09-18 12:54:36.550,417.2527595991253,999
2024-09-18 12:54:36.602,417.2417050863533,101
2024-09-18 12:54:36.636,417.2250643863842,9
2024-09-18 12:54:36.662,417.3062088368886,1000
2024-09-18 12:54:36.683,417.24803579438094,1004
2024-09-18 12:54:36.696,417.2454549512378,995
2024-09-18 12:54:36.853,417.3018020942928,14
2024-09-18 12:54:36.934,417.2361176224324,1005
2024-09-18 12:54:36.976,-417.2486814362504,99
2024-09-18 12:54:36.992,417.25620407995984,11
2024-09-18 12:54:37.025,417.2730587563951,15
2024-09-18 12:54:37.267,417.2670350760234,95
2024-09-18 12:54:37.461,417.25793422265576,995
2024-09-18 12:54:37.617,417.2767448736296,6
2024-09-18 12:54:37.989,417.2573652238223,7
2024-09-18 12:54:38.039,417.26306607330616,101
2024-09-18 12:54:38.094,417.2718917079321,102
2024-09-18 12:54:38.150,417.259826166274,97
2024-09-18 12:54:38.258,417.2358230940658,1002
2024-09-18 12:54:38.434,417.2538054191376,1002
2024-09-18 12:54:38.605,417.25304595003286,9
2024-09-18 12:54:38.630,417.2357297188034,99
2024-09-18 12:54:38.655,417.263414789554,6
2024-09-18 12:54:39.001,417.26193866614256,1000
2024-09-18 12:54:39.001,417.2378738037619,7
2024-09-18 12:54:39.011,417.2505103673849,10
2024-09-18 12:54:39.023,417.2345294474851,11
2024-09-18 12:54:39.052,417.25978607327886,995
2024-09-18 12:54:39.064,417.2385584682533,10
2024-09-18 12:54:39.066,417.2373510869932,998
2024-09-18 12:54:39.077,417.2696060002291,105
2024-09-18 12:54:39.213,417.2687614519797,1004
2024-09-18 12:54:39.245,417.2736681758465,1000
2024-09-18 12:54:39.274,417.3262534336333,104
2024-09-18 12:54:39.289,417.2969078654159,101
2024-09-18 12:54:39.303,417.31832108025054,1001
2024-09-18 12:54:39.328,417.2780388169704,10
2024-09-18 12:54:39.354,417.2449764380192,6
2024-09-18 12:54:39.467,417.27791947978,1005
2024-09-18 12:54:39.491,417.2418773639226,10
2024-09-18 12:54:39.523,417.2697268069388,995
2024-09-18 12:54:39.580,417.2550903327337,7
2024-09-18 12:54:39.597,417.2945573495742,5
2024-09-18 12:54:39.659,417.2578210619026,10
2024-09-18 12:54:39.670,417.2374134048006,1000
2024-09-18 12:54:39.688,417.2494291316578,1001
2024-09-18 12:54:39.705,417.2815036178185,103
2024-09-18 12:54:39.736,417.2338423907203,105
2024-09-18 12:54:39.849,417.28323220906265,7
2024-09-18 12:54:39.862,417.2711255781985,104
2024-09-18 12:54:39.939,417.2708721253341,15
2024-09-18 12:54:39.944,417.2562752101307,6
2024-09-18 12:54:40.006,417.3400064970364,1004
2024-09-18 12:54:40.129,417.35745871903504,98
2024-09-18 12:54:40.140,417.34109327876297,1001
2024-09-18 12:54:40.149,417.33120064415095,1002
2024-09-18 12:54:40.187,417.3264463075561,100
2024-09-18 12:54:40.260,417.3423093866081,96
2024-09-18 12:54:40.263,,1001
2024-09-18 12:54:40.334,417.3311164589803,101
2024-09-18 12:54:40.340,417.34158715700426,1000
2024-09-18 12:54:40.426,417.3285732653114,102
2024-09-18 12:54:40.624,417.3476457258473,14
2024-09-18 12:54:40.678,417.33294448966495,99
2024-09-18 12:54:40.852,417.3232967881284,100
2024-09-18 12:54:40.945,417.3552522932504,1003
2024-09-18 12:54:41.047,,12
2024-09-18 12:54:41.063,417.26006788273736,6
2024-09-18 12:54:41.077,417.28629595166353,997
2024-09-18 12:54:41.123,417.2496616845447,100
2024-09-18 12:54:41.132,417.3470277036688,12
2024-09-18 12:54:41.134,417.26146875287606,15
2024-09-18 12:54:41.150,417.30203278778896,100
2024-09-18 12:54:41.211,417.3120589406478,98
2024-09-18 12:54:41.229,417.2524758024759,6
2024-09-18 12:54:41.353,417.2880959026275,1000
2024-09-18 12:54:41.380,417.28739331614855,101
2024-09-18 12:54:41.383,417.2312939840572,999
2024-09-18 12:54:41.441,417.2631049425773,99
2024-09-18 12:54:41.561,417.25329318201335,1005
2024-09-18 12:54:41.566,417.2736994520658,1000
2024-09-18 12:54:41.581,417.31771092253234,95
2024-09-18 12:54:41.635,417.288131740049,996
2024-09-18 12:54:41.665,417.2975869622952,1000
2024-09-18 12:54:41.730,417.3191352302457,10
2024-09-18 12:54:41.755,417.2791609292617,10
2024-09-18 12:54:41.785,417.3044907200485,1002
2024-09-18 12:54:41.864,417.3035376531824,15
2024-09-18 12:54:41.870,417.3119495121134,10
2024-09-18 12:54:41.892,417.25668179782224,1004
2024-09-18 12:54:42.018,417.2542732208122,14
2024-09-18 12:54:42.019,417.2858499052656,1001
2024-09-18 12:54:42.028,417.3003778484088,1004
2024-09-18 12:54:42.049,417.2986697058959,101
2024-09-18 12:54:42.086,417.288138903366,100
2024-09-18 12:54:42.172,417.2871663106706,96
2024-09-18 12:54:42.190,417.28146327145055,1002
2024-09-18 12:54:42.193,417.2479086299885,997
2024-09-18 12:54:42.310,417.3206026861852,10
2024-09-18 12:54:42.326,417.2508291256297,5
2024-09-18 12:54:42.369,417.25899121649314,12
2024-09-18 12:54:42.474,417.2497219372013,96
2024-09-18 12:54:42.519,417.3151643994892,10
2024-09-18 12:54:42.565,417.3029955932808,7
2024-09-18 12:54:42.566,417.31508372901664,99
2024-09-18 12:54:42.573,417.2737548763698,14
2024-09-18 12:54:42.744,417.3066144943849,5
2024-09-18 12:54:42.750,417.2292351612615,101
2024-09-18 12:54:42.912,417.30819023288353,998
2024-09-18 12:54:42.955,417.2511910141079,1003
2024-09-18 12:54:42.996,417.30203756713,999
2024-09-18 12:54:43.027,417.25921181685015,999
2024-09-18 12:54:43.038,417.2380163906079,96
2024-09-18 12:54:43.067,417.2342501548409,96
2024-09-18 12:54:43.078,417.2205134110698,14
2024-09-18 12:54:43.080,417.2345288379305,103
2024-09-18 12:54:43.143,417.24026865555777,7
2024-09-18 12:54:43.321,417.20383227016106,11
2024-09-18 12:54:43.356,417.2170827523641,95
2024-09-18 12:54:43.370,-417.2899752268792,103
2024-09-18 12:54:43.371,417.20122792314766,997
2024-09-18 12:54:43.462,417.23238498066,98
2024-09-18 12:54:43.468,41.73086651546032,1004
2024-09-18 12:54:43.506,417.21074520907325,997
2024-09-18 12:54:43.542,417.2877344170018,96
2024-09-18 12:54:43.575,417.2401878827649,1002
2024-09-18 12:54:43.580,417.28100666571135,99
2024-09-18 12:54:43.632,417.2501774851041,7
2024-09-18 12:54:43.667,417.2395529146115,11
2024-09-18 12:54:43.723,417.2921189341751,999
2024-09-18 12:54:43.748,417.2289058588104,7
2024-09-18 12:54:43.773,417.23877879997184,995
2024-09-18 12:54:43.777,417.2109639915019,102
2024-09-18 12:54:44.234,417.1816574762832,97
2024-09-18 12:54:44.239,417.1761700184335,97
2024-09-18 12:54:44.293,417.1766496014695,102
2024-09-18 12:54:44.315,417.1695971762691,104
2024-09-18 12:54:44.992,417.1610568714984,102
2024-09-18 12:54:45.064,417.1887369404293,10
2024-09-18 12:54:45.098,417.1907896152987,8
2024-09-18 12:54:45.307,417.1903700255663,101
2024-09-18 12:54:45.550,417.19309856667513,99
2024-09-18 12:54:45.735,417.2010938585688,12
2024-09-18 12:54:45.908,417.1880942608308,99
2024-09-18 12:54:46.078,417.1875365743954,8
2024-09-18 12:54:46.126,417.1228470718988,999
2024-09-18 12:54:46.167,417.1416426619196,995
2024-09-18 12:54:46.197,417.1155960367217,999
2024-09-18 12:54:46.237,417.1122595993207,101
2024-09-18 12:54:46.341,417.1239649306818,100
2024-09-18 12:54:46.346,417.1282913031338,999
2024-09-18 12:54:46.375,417.1511315160589,13
2024-09-18 12:54:46.442,417.166820376715,998
2024-09-18 12:54:46.450,417.1037039868506,97
2024-09-18 12:54:46.467,417.1766531303657,998
2024-09-18 12:54:46.545,417.1475101676056,7
2024-09-18 12:54:46.575,417.1354993808495,1005
2024-09-18 12:54:46.778,417.12813863004766,5
2024-09-18 12:54:46.808,417.149387238044,995
2024-09-18 12:54:46.935,417.10056106661074,103
2024-09-18 12:54:47.037,417.1578435880638,99
2024-09-18 12:54:47.351,417.1495102646982,98
2024-09-18 12:54:47.431,417.1330441517383,98
2024-09-18 12:54:47.683,417.13280107092055,15
2024-09-18 12:54:47.897,417.13177235077694,996
2024-09-18 12:54:48.073,417.13112793192215,996
2024-09-18 12:54:48.079,417.14640876915104,11
2024-09-18 12:54:48.117,417.1391037492153,1003
2024-09-18 12:54:48.131,417.12069742086726,9
2024-09-18 12:54:48.142,417.1522023534496,15
2024-09-18 12:54:48.154,417.12916860420097,105
2024-09-18 12:54:48.159,417.0966148319648,998
2024-09-18 12:54:48.173,417.1382767508763,97
2024-09-18 12:54:48.262,41.712140358330345,10
2024-09-18 12:54:48.275,417.1615747646379,995
2024-09-18 12:54:48.351,417.1104120332922,1003
2024-09-18 12:54:48.457,417.1502369692326,95
2024-09-18 12:54:48.472,417.1336888933945,6
2024-09-18 12:54:48.481,417.1565988984146,997
2024-09-18 12:54:48.513,417.1692035422088,10
2024-09-18 12:54:48.608,417.11440375517685,103
2024-09-18 12:54:48.645,417.1509766746644,100
2024-09-18 12:54:48.694,417.1333696389338,1002
2024-09-18 12:54:48.814,417.1226953296779,98
2024-09-18 12:54:48.825,417.1388712970111,1005
2024-09-18 12:54:48.826,417.12087649664113,12
2024-09-18 12:54:48.888,417.14368166695937,15
2024-09-18 12:54:48.923,417.1158739591997,105
2024-09-18 12:54:48.959,417.185774799989,96
2024-09-18 12:54:48.968,417.1520771219566,95
2024-09-18 12:54:48.975,417.1443395148795,1005
2024-09-18 12:54:49.049,417.1494830498589,1002
2024-09-18 12:54:49.377,417.1671025494285,998
2024-09-18 12:54:49.382,417.1627146243793,997
2024-09-18 12:54:49.483,417.15253948710114,997
2024-09-18 12:54:49.567,417.1579688520633,104
2024-09-18 12:54:49.708,417.1688304477201,101
2024-09-18 12:54:49.887,417.1489863618997,998
2024-09-18 12:54:49.979,,10
2024-09-18 12:54:50.001,417.13980413384417,996
2024-09-18 12:54:50.009,417.1684628010058,6
2024-09-18 12:54:50.048,417.16501558625504,13
2024-09-18 12:54:50.102,417.15768854392894,103
2024-09-18 12:54:50.125,417.1390410768636,14
2024-09-18 12:54:50.159,417.1438558880626,105
2024-09-18 12:54:50.246,417.1322371892515,103
2024-09-18 12:54:50.274,417.15596831339695,1005
2024-09-18 12:54:50.276,417.14987203222944,98
2024-09-18 12:54:50.305,417.1366064592368,1003
2024-09-18 12:54:50.318,417.13340642194186,999
2024-09-18 12:54:50.412,417.1341048774106,99
2024-09-18 12:54:50.494,41.7152734692534,999
2024-09-18 12:54:50.528,417.1818109893982,95
2024-09-18 12:54:50.532,417.1573576144956,102
2024-09-18 12:54:50.602,417.1312196677149,997
2024-09-18 12:54:50.610,417.1554497764277,101
2024-09-18 12:54:50.623,417.1386293787861,10
2024-09-18 12:54:50.635,417.1851301335084,1000
2024-09-18 12:54:50.647,417.1395511906709,13
2024-09-18 12:54:50.716,417.1544967487784,13
2024-09-18 12:54:50.763,-417.1694109431772,1001
2024-09-18 12:54:50.807,417.1695821068799,99
2024-09-18 12:54:50.819,417.158431856146,97
2024-09-18 12:54:50.865,417.16041479517946,100
2024-09-18 12:54:50.999,417.1621953746797,1001
2024-09-18 12:54:51.507,417.1037120886383,15
2024-09-18 12:54:51.774,417.1047587046865,97
2024-09-18 12:54:52.041,417.1292652276332,1004
2024-09-18 12:54:52.056,417.1082367045936,13
2024-09-18 12:54:52.081,417.1328691029689,1001
2024-09-18 12:54:52.081,417.1250238598537,1004
2024-09-18 12:54:52.112,417.1074809281647,1004
2024-09-18 12:54:52.156,417.1200110998837,10
2024-09-18 12:54:52.460,417.1277951835343,5
2024-09-18 12:54:52.631,417.1358192909087,1005
2024-09-18 12:54:52.693,417.09678305169945,6
2024-09-18 12:54:52.753,417.1239196550963,15
2024-09-18 12:54:52.774,417.1184889949115,97
2024-09-18 12:54:52.847,417.1094171632071,995
2024-09-18 12:54:52.925,417.1153846927767,999
2024-09-18 12:54:53.047,417.150069171675,1004
2024-09-18 12:54:53.156,417.1192557546332,1003
2024-09-18 12:54:53.288,417.15934581737486,998
2024-09-18 12:54:53.537,417.1118070309128,15
2024-09-18 12:54:53.551,417.1055846622573,95
2024-09-18 12:54:54.355,417.1621531776789,103
2024-09-18 12:54:54.627,417.1725905582804,1002
2024-09-18 12:54:54.791,417.1549233991175,998
2024-09-18 12:54:55.015,417.1340543985746,6
2024-09-18 12:54:55.202,417.1274878802623,11
2024-09-18 12:54:55.280,417.12568460084935,997
2024-09-18 12:54:55.362,417.1425840263535,1001
2024-09-18 12:54:55.525,417.14144506504016,996
2024-09-18 12:54:55.566,417.1271982761984,99
2024-09-18 12:54:55.572,417.1178851403591,14
2024-09-18 12:54:55.617,417.1198533022505,9
2024-09-18 12:54:55.626,417.1141746386596,1002
2024-09-18 12:54:55.652,417.118345386442,9
2024-09-18 12:54:55.698,417.15554362567656,104
2024-09-18 12:54:55.800,417.16134002527264,8
2024-09-18 12:54:55.904,417.1401103364119,96
2024-09-18 12:54:55.916,417.1606677669231,999
2024-09-18 12:54:55.916,417.1369480808529,1005
2024-09-18 12:54:56.030,417.08924391433663,14
2024-09-18 12:54:56.071,417.1158745879014,9
2024-09-18 12:54:56.138,417.0741100923272,99
2024-09-18 12:54:56.148,417.0392250802466,101
2024-09-18 12:54:56.180,417.1008508419037,104
2024-09-18 12:54:56.208,417.1153736459052,99
2024-09-18 12:54:56.404,417.11313595887617,95
2024-09-18 12:54:56.435,417.1007257418837,103
2024-09-18 12:54:56.439,417.0775434437091,1001
2024-09-18 12:54:56.546,417.10826992055945,1003
2024-09-18 12:54:56.605,417.134047864314,7
2024-09-18 12:54:56.673,417.1061371461087,995
2024-09-18 12:54:56.740,417.100837943422,1005
2024-09-18 12:54:56.844,417.1021015271056,100
2024-09-18 12:54:56.851,417.1013172344572,6
2024-09-18 12:54:56.915,417.0925570747281,11
2024-09-18 12:54:56.919,417.08539527093103,15
2024-09-18 12:54:56.940,417.0920282235333,1000
2024-09-18 12:54:56.942,417.13310246043625,100
2024-09-18 12:54:56.947,417.109101630035,1004
2024-09-18 12:54:56.976,417.0946617373512,104
2024-09-18 12:54:56.979,417.0765001268803,100
2024-09-18 12:54:57.004,417.0450637789918,1001
2024-09-18 12:54:57.011,417.0802393779827,1004
2024-09-18 12:54:57.084,417.0444290302133,96
2024-09-18 12:54:57.135,417.06395396506656,15
2024-09-18 12:54:57.178,417.0486158491447,100
2024-09-18 12:54:57.261,417.052007728685,11
2024-09-18 12:54:57.266,417.03828182844575,995
2024-09-18 12:54:57.373,417.0579975943634,99
2024-09-18 12:54:57.385,417.0581469864253,8
2024-09-18 12:54:57.576,,10
2024-09-18 12:54:57.624,417.05688529958553,8
2024-09-18 12:54:57.644,417.0495918552752,7
2024-09-18 12:54:57.677,417.062742331339,13
2024-09-18 12:54:57.678,417.0625264213584,11
2024-09-18 12:54:57.750,417.0551147205338,1003
2024-09-18 12:54:58.131,417.04110872058186,1000
2024-09-18 12:54:58.136,417.0189729062019,100
2024-09-18 12:54:58.227,417.0269902704628,997
2024-09-18 12:54:58.232,417.0072778168196,95
2024-09-18 12:54:58.495,417.01652005581377,12
2024-09-18 12:54:58.507,417.0461210389167,9
2024-09-18 12:54:58.549,417.0355572455385,1005
2024-09-18 12:54:58.618,417.0378396474081,105
2024-09-18 12:54:58.629,417.0459025160283,997
2024-09-18 12:54:58.640,417.00482270202434,8
2024-09-18 12:54:58.645,417.0208495240216,10
2024-09-18 12:54:58.650,417.0425360558239,1002
2024-09-18 12:54:58.713,,95
2024-09-18 12:54:58.767,417.0290408309948,98
2024-09-18 12:54:58.785,417.0188571499704,8
2024-09-18 12:54:58.796,417.0421626346224,1004
2024-09-18 12:54:58.861,417.0194498564583,996
2024-09-18 12:54:58.887,41.70147994945294,100
2024-09-18 12:54:58.900,417.0479257419021,998
2024-09-18 12:54:58.924,417.0500058481726,11
2024-09-18 12:54:58.951,417.0299139568623,104
2024-09-18 12:54:58.980,417.0290807258981,7
2024-09-18 12:54:59.002,417.0568082921925,98
2024-09-18 12:54:59.007,417.02991290595895,6
2024-09-18 12:54:59.032,417.044480956893,97
2024-09-18 12:54:59.044,417.0422396221768,12
2024-09-18 12:54:59.073,417.0317697272399,1002
2024-09-18 12:54:59.084,417.02358653598,98
2024-09-18 12:54:59.091,417.0074653420466,11
2024-09-18 12:54:59.121,417.03420059568015,102
2024-09-18 12:54:59.130,417.0141551662067,15
2024-09-18 12:54:59.162,417.0261564982438,102
2024-09-18 12:54:59.295,417.04964288445154,13
2024-09-18 12:54:59.300,417.0511407228519,1002
2024-09-18 12:54:59.322,417.0449492531002,102
2024-09-18 12:54:59.393,417.0292322627593,995
2024-09-18 12:54:59.513,417.0546041761477,5
2024-09-18 12:54:59.530,417.0210828121639,103
2024-09-18 12:54:59.690,41.703540829521295,14
2024-09-18 12:54:59.700,417.0301738308692,1000
2024-09-18 12:54:59.737,417.02855578289297,95
2024-09-18 12:54:59.817,417.0355572534151,1003
2024-09-18 12:54:59.821,417.0348483963329,102
2024-09-18 12:54:59.827,417.03355828101786,100
2024-09-18 12:54:59.853,417.0570371147349,104
2024-09-18 12:54:59.863,417.004054788565,100
2024-09-18 12:54:59.877,417.0178766922944,95
2024-09-18 12:54:59.974,417.0216621938666,100
2024-09-18 12:54:59.983,417.03013826374274,11
2024-09-18 12:54:59.987,417.0218142892372,10
