Timestamp,Price,Size
2024-09-20 14:11:00.053,429.3514803835941,9
2024-09-20 14:11:00.090,429.3442163466736,96
2024-09-20 14:11:00.203,429.34501483237824,104
2024-09-20 14:11:00.246,429.3175916940297,6
2024-09-20 14:11:00.254,429.3162653370526,1003
2024-09-20 14:11:00.271,429.30361637635866,1002
2024-09-20 14:11:00.272,429.3513040664659,104
2024-09-20 14:11:00.334,429.344018841249,105
2024-09-20 14:11:00.359,429.3358467886495,105
2024-09-20 14:11:00.362,429.3221651061344,7
2024-09-20 14:11:00.369,429.3829050815908,101
2024-09-20 14:11:00.370,429.3361562126337,1001
2024-09-20 14:11:00.379,429.3949478235872,103
2024-09-20 14:11:00.402,429.3114212070837,96
2024-09-20 14:11:00.426,429.3393908556991,15
2024-09-20 14:11:00.447,429.3212138865224,996
2024-09-20 14:11:00.487,429.3704443013697,1001
2024-09-20 14:11:00.535,429.3308910101409,8
2024-09-20 14:11:00.633,429.353027694104,1003
2024-09-20 14:11:00.656,-429.3051243378645,101
2024-09-20 14:11:00.701,429.3946603367277,12
2024-09-20 14:11:00.716,429.3511166308745,102
2024-09-20 14:11:00.763,429.321227512691,99
2024-09-20 14:11:00.852,429.3163164330605,8
2024-09-20 14:11:00.853,429.3328424027708,8
2024-09-20 14:11:00.859,429.3793231518333,95
2024-09-20 14:11:00.952,429.3069367106352,5
2024-09-20 14:11:01.120,429.3204871415156,1005
2024-09-20 14:11:01.127,429.37502084651,15
2024-09-20 14:11:01.164,429.3116117555372,1001
2024-09-20 14:11:01.245,429.3442720166201,13
2024-09-20 14:11:01.333,429.3434746691935,1003
2024-09-20 14:11:01.556,429.3430568544552,1002
2024-09-20 14:11:01.580,429.2966523950097,100
2024-09-20 14:11:01.642,429.32587589511616,5
2024-09-20 14:11:01.703,429.35790883145006,995
2024-09-20 14:11:01.729,429.3338048113301,5
2024-09-20 14:11:01.730,429.3340398759369,1002
2024-09-20 14:11:01.817,429.3099578840077,7
2024-09-20 14:11:01.915,429.34720868717056,7
2024-09-20 14:11:01.919,429.3427464671328,1005
2024-09-20 14:11:01.937,429.3412242518594,996
2024-09-20 14:11:01.951,429.36714968108487,14
2024-09-20 14:11:01.993,429.3798423126131,995
2024-09-20 14:11:02.099,429.3609843420911,10
2024-09-20 14:11:02.137,429.39298461106125,998
2024-09-20 14:11:02.320,429.3856556670881,12
2024-09-20 14:11:02.383,429.347861985647,99
2024-09-20 14:11:02.429,429.364447684676,102
2024-09-20 14:11:02.437,429.3804823031205,15
2024-09-20 14:11:02.469,429.34921850560175,103
2024-09-20 14:11:02.548,429.36123942486046,101
2024-09-20 14:11:02.612,429.3814978626274,11
2024-09-20 14:11:02.703,429.3685266530552,1005
2024-09-20 14:11:02.751,429.3347370632476,99
2024-09-20 14:11:02.808,429.39753533920725,97
2024-09-20 14:11:03.229,429.340418589923,101
2024-09-20 14:11:03.333,429.3390204701125,1002
2024-09-20 14:11:03.382,429.3299793553211,14
2024-09-20 14:11:03.535,429.3259745808834,97
2024-09-20 14:11:03.537,429.3403526314273,998
2024-09-20 14:11:03.689,429.33162502866986,11
2024-09-20 14:11:03.725,429.3472072224801,6
2024-09-20 14:11:03.771,-429.33532119117126,96
2024-09-20 14:11:03.798,429.31311491167,13
2024-09-20 14:11:04.018,429.3463643445363,5
2024-09-20 14:11:04.108,429.291725686716,7
2024-09-20 14:11:04.312,429.3408906442115,102
2024-09-20 14:11:04.510,429.3088776804444,99
2024-09-20 14:11:04.515,429.31201024209497,1002
2024-09-20 14:11:04.683,429.32662567608577,7
2024-09-20 14:11:04.688,429.3470786657244,9
2024-09-20 14:11:04.778,429.2979305270557,8
2024-09-20 14:11:04.927,429.3420846687919,101
2024-09-20 14:11:05.149,429.34520649329744,1003
2024-09-20 14:11:05.668,429.3239554578813,98
2024-09-20 14:11:05.874,429.3367970527359,13
2024-09-20 14:11:06.012,429.362084757154,97
2024-09-20 14:11:06.033,429.3809844316352,1003
2024-09-20 14:11:06.046,429.4213184047732,12
2024-09-20 14:11:06.058,429.4295213130825,15
2024-09-20 14:11:06.063,429.3727847128926,5
2024-09-20 14:11:06.069,429.4212025547069,1001
2024-09-20 14:11:06.077,429.3872681337264,97
2024-09-20 14:11:06.090,429.3786991280828,98
2024-09-20 14:11:06.136,429.35868016295154,104
2024-09-20 14:11:06.141,42.93719285502622,100
2024-09-20 14:11:06.153,429.39230077492704,998
2024-09-20 14:11:06.199,429.3489143168179,1003
2024-09-20 14:11:06.213,429.3521326135669,97
2024-09-20 14:11:06.324,429.3684375880481,104
2024-09-20 14:11:06.375,429.36027862041817,997
2024-09-20 14:11:06.389,429.35214586532544,102
2024-09-20 14:11:06.433,429.4210187839379,999
2024-09-20 14:11:06.453,429.3711866534256,97
2024-09-20 14:11:06.544,429.36875270793104,999
2024-09-20 14:11:06.557,,97
2024-09-20 14:11:06.559,429.3308370017834,996
2024-09-20 14:11:06.569,429.38074217191735,9
2024-09-20 14:11:06.590,429.4113372985913,1002
2024-09-20 14:11:06.713,429.43282427120994,102
2024-09-20 14:11:06.743,429.3352312690995,99
2024-09-20 14:11:06.794,429.3979614332946,10
2024-09-20 14:11:06.895,429.37242157613406,10
2024-09-20 14:11:06.986,429.4330423859586,6
2024-09-20 14:11:06.997,429.3846303603734,11
2024-09-20 14:11:07.072,429.38410840875616,100
2024-09-20 14:11:07.191,429.34986251171046,97
2024-09-20 14:11:07.194,429.3950764985567,14
2024-09-20 14:11:07.196,429.3419045164777,95
2024-09-20 14:11:07.205,429.37866537309776,996
2024-09-20 14:11:07.281,429.3501790972201,101
2024-09-20 14:11:07.331,429.3912061983357,101
2024-09-20 14:11:07.400,429.3377830411745,1001
2024-09-20 14:11:07.440,429.37767574443615,10
2024-09-20 14:11:07.466,429.3632999544904,101
2024-09-20 14:11:07.650,429.3296160679664,9
2024-09-20 14:11:07.655,429.34658735481537,1004
2024-09-20 14:11:07.678,429.32665926775576,97
2024-09-20 14:11:07.681,429.3253267946828,12
2024-09-20 14:11:07.695,429.3318912357344,996
2024-09-20 14:11:07.824,429.3356648124698,11
2024-09-20 14:11:07.860,429.3767686005462,104
2024-09-20 14:11:07.938,429.3731832383976,5
2024-09-20 14:11:07.978,429.400386860662,104
2024-09-20 14:11:08.584,429.3489477579277,1002
2024-09-20 14:11:08.722,429.3452694104352,99
2024-09-20 14:11:08.819,429.3327012792584,99
2024-09-20 14:11:08.992,429.3537781536661,8
2024-09-20 14:11:09.079,429.4705286462887,103
2024-09-20 14:11:09.092,429.3658033160917,7
2024-09-20 14:11:09.101,429.3250869835275,12
2024-09-20 14:11:09.172,429.50353351106185,999
2024-09-20 14:11:09.207,429.36561501136816,101
2024-09-20 14:11:09.222,429.4263361373422,13
2024-09-20 14:11:09.238,429.3321640180631,14
2024-09-20 14:11:09.245,429.3617524546559,996
2024-09-20 14:11:09.265,429.4196347231036,1004
2024-09-20 14:11:09.286,429.3437145100378,1000
2024-09-20 14:11:09.294,429.4944832470081,1002
2024-09-20 14:11:09.324,429.3310296253218,101
2024-09-20 14:11:09.380,429.331569426044,1003
2024-09-20 14:11:09.387,429.5120443849993,1003
2024-09-20 14:11:09.397,429.3829525189013,13
2024-09-20 14:11:09.409,429.3908151956023,103
2024-09-20 14:11:09.435,429.4800061496199,995
2024-09-20 14:11:09.436,429.3309647058626,13
2024-09-20 14:11:09.485,429.4653187121508,95
2024-09-20 14:11:09.553,429.46002924809954,97
2024-09-20 14:11:09.571,429.4154998400441,998
2024-09-20 14:11:09.571,429.3750787405496,103
2024-09-20 14:11:09.614,429.3953876313471,1003
2024-09-20 14:11:09.809,429.4595453871682,5
2024-09-20 14:11:09.847,429.3863645096063,13
2024-09-20 14:11:09.922,429.37333733980887,7
2024-09-20 14:11:09.947,429.3687519400531,14
2024-09-20 14:11:09.956,429.4214849860659,1004
2024-09-20 14:11:09.966,429.4713255345349,995
2024-09-20 14:11:09.982,429.51542411001935,11
2024-09-20 14:11:10.010,429.5196733221696,1001
2024-09-20 14:11:10.052,429.4975519647396,95
2024-09-20 14:11:10.068,429.48995166587815,103
2024-09-20 14:11:10.072,429.5019530525759,103
2024-09-20 14:11:10.148,429.4855298559837,5
2024-09-20 14:11:10.153,429.4671044522032,13
2024-09-20 14:11:10.201,429.510583601438,999
2024-09-20 14:11:10.323,429.5280086202452,7
2024-09-20 14:11:10.356,429.5158526934361,104
2024-09-20 14:11:10.372,429.475497577363,13
2024-09-20 14:11:10.474,429.4952137303886,1000
2024-09-20 14:11:10.500,429.53096987549054,1005
2024-09-20 14:11:10.508,429.46289132061753,1001
2024-09-20 14:11:10.545,429.512303980644,8
2024-09-20 14:11:10.628,429.4824531771356,102
2024-09-20 14:11:10.650,429.49580011043406,97
2024-09-20 14:11:10.675,-429.51530599860615,99
2024-09-20 14:11:10.842,429.4951142735934,1003
2024-09-20 14:11:10.848,429.5237933054564,1001
2024-09-20 14:11:10.937,429.510263739636,99
2024-09-20 14:11:10.979,429.49409691815504,1005
2024-09-20 14:11:12.007,429.4961540444081,9
2024-09-20 14:11:12.046,429.5000671821995,996
2024-09-20 14:11:12.174,429.5045322441454,99
2024-09-20 14:11:12.223,42.95035366589105,100
2024-09-20 14:11:12.287,429.5132886286789,1000
2024-09-20 14:11:12.595,429.50196776780297,999
2024-09-20 14:11:12.616,429.5299814232045,996
2024-09-20 14:11:12.686,429.5298137825076,95
2024-09-20 14:11:12.713,429.5173741359376,5
2024-09-20 14:11:12.759,429.50992402501873,104
2024-09-20 14:11:12.818,429.49856900309857,1000
2024-09-20 14:11:12.990,429.5021008678667,995
2024-09-20 14:11:13.005,429.5204053476945,7
2024-09-20 14:11:13.073,429.5484395435953,9
2024-09-20 14:11:13.079,429.5792605650073,10
2024-09-20 14:11:13.118,429.5820451012421,9
2024-09-20 14:11:13.392,429.542820463968,96
2024-09-20 14:11:13.397,429.5724518375655,998
2024-09-20 14:11:13.489,429.5591377384719,101
2024-09-20 14:11:13.791,429.5335670258761,102
2024-09-20 14:11:13.859,429.56545483937407,1001
2024-09-20 14:11:13.914,429.58172404987295,999
2024-09-20 14:11:13.982,429.5566587530179,11
2024-09-20 14:11:13.990,429.5519496270472,95
2024-09-20 14:11:13.994,429.5771597799935,1004
2024-09-20 14:11:14.016,429.566641688551,100
2024-09-20 14:11:14.081,429.60728119859925,996
2024-09-20 14:11:14.084,429.6283531792002,999
2024-09-20 14:11:14.087,42.95993329924691,96
2024-09-20 14:11:14.089,429.5833116513156,1000
2024-09-20 14:11:14.105,429.5646456230978,96
2024-09-20 14:11:14.127,429.5626143127926,15
2024-09-20 14:11:14.151,429.603178513328,996
2024-09-20 14:11:14.192,429.59688902549175,998
2024-09-20 14:11:14.215,429.5981190178062,11
2024-09-20 14:11:14.301,429.5838407129602,99
2024-09-20 14:11:14.335,429.5981321474953,1000
2024-09-20 14:11:14.341,429.5736569747122,6
2024-09-20 14:11:14.437,429.5666316893802,996
2024-09-20 14:11:14.488,429.6104734321607,6
2024-09-20 14:11:14.553,429.6168618434396,996
2024-09-20 14:11:14.594,429.5979097582035,105
2024-09-20 14:11:14.640,429.6018516454106,999
2024-09-20 14:11:14.806,429.593493302616,998
2024-09-20 14:11:14.842,429.5827153319978,12
2024-09-20 14:11:14.918,429.60062123585055,104
2024-09-20 14:11:15.043,42.954661560513,1003
2024-09-20 14:11:15.085,429.55417266921495,999
2024-09-20 14:11:15.091,429.5587748512928,101
2024-09-20 14:11:15.102,429.5066875961131,95
2024-09-20 14:11:15.180,429.58191644540807,98
2024-09-20 14:11:15.379,429.5859206058065,10
2024-09-20 14:11:15.502,429.58934903104233,7
2024-09-20 14:11:15.590,429.5435903477502,1005
2024-09-20 14:11:15.592,429.5815914474917,95
2024-09-20 14:11:15.658,429.50677608763226,5
2024-09-20 14:11:15.768,429.5213095558378,13
2024-09-20 14:11:15.779,429.5487414006203,998
2024-09-20 14:11:15.896,429.50135265850014,105
2024-09-20 14:11:15.924,429.56327287367736,105
2024-09-20 14:11:15.937,429.56967668409146,12
2024-09-20 14:11:16.031,429.4625104210984,103
2024-09-20 14:11:16.289,429.4661356145602,105
2024-09-20 14:11:16.478,429.4740469411733,97
2024-09-20 14:11:16.495,429.46743266073696,105
2024-09-20 14:11:16.673,429.501736993865,99
2024-09-20 14:11:16.678,429.4772350628649,99
2024-09-20 14:11:16.781,429.4777915585671,103
2024-09-20 14:11:16.785,429.48674511187625,7
2024-09-20 14:11:16.789,429.5022720231723,97
2024-09-20 14:11:16.801,429.4593417593807,98
2024-09-20 14:11:16.865,429.4568311886607,9
2024-09-20 14:11:16.892,429.45649037674025,102
2024-09-20 14:11:17.059,429.4609007782434,101
2024-09-20 14:11:17.082,429.4741007445464,100
2024-09-20 14:11:17.090,429.46210364255217,96
2024-09-20 14:11:17.181,429.4699306492117,995
2024-09-20 14:11:17.191,429.4550209185471,103
2024-09-20 14:11:17.229,429.4587957809312,11
2024-09-20 14:11:17.231,429.4742037342705,12
2024-09-20 14:11:17.287,429.4660568746572,998
2024-09-20 14:11:17.332,429.4706076998176,103
2024-09-20 14:11:17.554,429.46784573977385,1001
2024-09-20 14:11:17.583,429.461885515416,96
2024-09-20 14:11:17.584,429.4750253378535,1004
2024-09-20 14:11:17.665,429.4732329283526,5
2024-09-20 14:11:17.687,429.4655162349514,6
2024-09-20 14:11:18.014,429.4774126236358,10
2024-09-20 14:11:18.138,429.5008130659873,11
2024-09-20 14:11:18.410,429.4969937991924,999
2024-09-20 14:11:18.602,429.4666652992428,1000
2024-09-20 14:11:18.640,429.4699793650677,9
2024-09-20 14:11:18.653,429.4620528933159,13
2024-09-20 14:11:18.733,429.5089380399942,997
2024-09-20 14:11:18.758,429.512909297588,13
2024-09-20 14:11:19.508,429.4879531561318,101
2024-09-20 14:11:19.838,429.49998743326296,95
2024-09-20 14:11:20.471,429.4808800928335,1002
2024-09-20 14:11:21.054,429.4859256739714,999
2024-09-20 14:11:21.097,429.4931702573464,1001
2024-09-20 14:11:21.177,429.4542426259879,995
2024-09-20 14:11:21.396,429.43985732822864,11
2024-09-20 14:11:21.434,429.4817673634114,13
2024-09-20 14:11:21.452,429.448913503677,13
2024-09-20 14:11:21.589,429.4899460560447,10
2024-09-20 14:11:21.641,42.945885670754194,996
2024-09-20 14:11:21.644,429.4744673763423,1003
2024-09-20 14:11:21.744,429.4558874892585,104
2024-09-20 14:11:21.930,429.44613575692927,100
2024-09-20 14:11:22.023,429.5269678140372,1004
2024-09-20 14:11:22.126,429.53530996607526,999
2024-09-20 14:11:22.147,429.51629769006735,99
2024-09-20 14:11:22.156,429.51113265874193,6
2024-09-20 14:11:22.208,429.5358132284282,103
2024-09-20 14:11:22.300,429.5215448732832,11
2024-09-20 14:11:22.304,429.49962913873446,8
2024-09-20 14:11:22.427,429.5109561393117,99
2024-09-20 14:11:22.471,429.53622629546777,15
2024-09-20 14:11:22.476,429.5262866723734,96
2024-09-20 14:11:22.481,429.5191393768058,5
2024-09-20 14:11:22.500,429.52764440981576,998
2024-09-20 14:11:22.505,429.5017824433913,1002
2024-09-20 14:11:22.559,429.5023623999076,12
2024-09-20 14:11:22.562,429.52172484107183,99
2024-09-20 14:11:22.596,429.5378739969369,95
2024-09-20 14:11:22.690,429.5033742566941,13
2024-09-20 14:11:22.881,429.52257748498215,104
2024-09-20 14:11:22.890,429.5313634314887,10
2024-09-20 14:11:22.962,429.507048142451,995
2024-09-20 14:11:22.967,429.528259992238,99
2024-09-20 14:11:22.968,429.49150654041296,99
2024-09-20 14:11:22.998,429.51343956564097,1000
2024-09-20 14:11:23.106,429.53235960575125,1001
2024-09-20 14:11:23.163,429.5929509129068,98
2024-09-20 14:11:23.249,429.6063270664867,11
2024-09-20 14:11:23.537,429.5870292081081,98
2024-09-20 14:11:23.603,429.53517495894994,1003
2024-09-20 14:11:23.605,429.57252654980607,12
2024-09-20 14:11:23.615,429.6133034642342,101
2024-09-20 14:11:23.626,429.60817658235527,101
2024-09-20 14:11:23.699,429.5174087540422,1000
2024-09-20 14:11:23.700,429.574458325399,102
2024-09-20 14:11:23.723,429.53527177673095,103
2024-09-20 14:11:23.730,429.51091148806313,1004
2024-09-20 14:11:23.734,429.5792611051229,104
2024-09-20 14:11:23.789,-429.5982131545373,96
2024-09-20 14:11:23.834,429.5666181562922,12
2024-09-20 14:11:23.839,429.5713279382463,1001
2024-09-20 14:11:23.969,429.5359376122424,5
2024-09-20 14:11:24.006,429.60820092276657,995
2024-09-20 14:11:24.008,429.6187693213954,999
2024-09-20 14:11:24.024,429.62485579587855,101
2024-09-20 14:11:24.044,429.6257067371802,97
2024-09-20 14:11:24.126,429.6132070707535,11
2024-09-20 14:11:24.149,42.96245568006157,100
2024-09-20 14:11:24.203,429.6156856553181,103
2024-09-20 14:11:24.260,-429.62796952723977,998
2024-09-20 14:11:24.275,429.6316011774025,95
2024-09-20 14:11:24.315,429.6348398519743,104
2024-09-20 14:11:24.461,429.626806635603,1001
2024-09-20 14:11:24.472,429.6337622381354,1001
2024-09-20 14:11:24.481,429.6323122805297,5
2024-09-20 14:11:24.506,429.6127093800328,1002
2024-09-20 14:11:24.520,429.6088377844648,100
2024-09-20 14:11:24.588,429.6019440584462,5
2024-09-20 14:11:24.604,429.6081055234284,7
2024-09-20 14:11:24.699,429.6144931172627,10
2024-09-20 14:11:24.764,429.6364013696653,98
2024-09-20 14:11:24.867,429.62517129088593,6
2024-09-20 14:11:24.960,429.6267660618996,95
2024-09-20 14:11:24.983,429.62202940448674,12
2024-09-20 14:11:24.999,429.5919152731102,101
2024-09-20 14:11:25.032,429.5444820292454,996
2024-09-20 14:11:25.073,429.55436548322166,10
2024-09-20 14:11:25.175,429.5851312330544,999
2024-09-20 14:11:25.211,429.4593696332401,100
2024-09-20 14:11:25.247,429.5033411419547,10
2024-09-20 14:11:25.265,429.5787354028582,1001
2024-09-20 14:11:25.291,429.4989436332354,5
2024-09-20 14:11:25.304,429.61340335313656,1001
2024-09-20 14:11:25.344,429.5014155640257,95
2024-09-20 14:11:25.349,429.59386871378257,105
2024-09-20 14:11:25.361,-429.5000364559774,96
2024-09-20 14:11:25.487,429.50849034114646,1003
2024-09-20 14:11:25.548,429.5102002886912,12
2024-09-20 14:11:25.571,429.5004858751719,98
2024-09-20 14:11:25.620,,10
2024-09-20 14:11:25.623,429.4523912400976,104
2024-09-20 14:11:25.645,429.5138356643192,9
2024-09-20 14:11:25.741,429.46507913608485,15
2024-09-20 14:11:25.754,429.48138142275,95
2024-09-20 14:11:25.767,429.5310912868738,998
2024-09-20 14:11:25.777,429.53417828270887,1003
2024-09-20 14:11:25.788,429.5520454670121,999
2024-09-20 14:11:25.808,429.5183907530379,9
2024-09-20 14:11:25.924,429.5656593057548,996
2024-09-20 14:11:25.948,429.5738625953013,97
2024-09-20 14:11:26.667,429.4813000343191,14
2024-09-20 14:11:26.694,429.4692401881424,98
2024-09-20 14:11:27.010,429.47420903244506,995
2024-09-20 14:11:27.093,429.4895386747068,11
2024-09-20 14:11:27.126,429.4781992327552,96
2024-09-20 14:11:27.185,429.4892809800341,12
2024-09-20 14:11:27.189,429.4621234297465,997
2024-09-20 14:11:27.226,429.4864323747499,5
2024-09-20 14:11:27.251,429.49106856021655,998
2024-09-20 14:11:27.253,429.4687567114793,8
2024-09-20 14:11:27.264,429.4777443912128,105
2024-09-20 14:11:27.303,429.4996669104061,998
2024-09-20 14:11:27.331,429.47273693161975,1003
2024-09-20 14:11:27.365,429.4623351517937,1004
2024-09-20 14:11:27.421,429.47709175507146,998
2024-09-20 14:11:27.441,429.4927724620727,13
2024-09-20 14:11:27.526,429.4590460741492,995
2024-09-20 14:11:27.537,429.4812295893847,101
2024-09-20 14:11:27.562,429.4743331066429,97
2024-09-20 14:11:27.664,429.47167792648656,96
2024-09-20 14:11:27.686,429.4960392960714,9
2024-09-20 14:11:27.727,429.4840760793979,15
2024-09-20 14:11:27.729,429.4789000317842,998
2024-09-20 14:11:27.776,429.4886751464313,1005
2024-09-20 14:11:27.783,429.47665142164,995
2024-09-20 14:11:27.956,429.4633174270243,1000
2024-09-20 14:11:28.048,429.600469231625,1004
2024-09-20 14:11:28.174,429.611293999126,101
2024-09-20 14:11:28.207,429.5985999263115,1002
2024-09-20 14:11:28.254,429.6127227014852,995
2024-09-20 14:11:28.269,429.6238238325676,999
2024-09-20 14:11:28.283,429.6067290988729,1000
2024-09-20 14:11:28.333,429.6034082653333,13
2024-09-20 14:11:28.357,429.5615505556811,995
2024-09-20 14:11:28.379,429.4826306089881,10
2024-09-20 14:11:28.435,429.4788574082042,5
2024-09-20 14:11:28.436,429.5254586138928,95
2024-09-20 14:11:28.481,429.6042040155602,97
2024-09-20 14:11:28.586,429.606629388891,105
2024-09-20 14:11:28.648,429.57957595120905,1004
2024-09-20 14:11:28.767,429.5483590929213,105
2024-09-20 14:11:28.781,429.6016044960288,5
2024-09-20 14:11:28.808,429.4815514105251,14
2024-09-20 14:11:28.896,429.5471221281135,1004
2024-09-20 14:11:28.980,429.51317654303193,103
2024-09-20 14:11:29.224,429.682416548492,12
2024-09-20 14:11:29.272,429.6308075402628,998
2024-09-20 14:11:29.279,429.7236840791344,1005
2024-09-20 14:11:29.315,429.70203634101097,104
2024-09-20 14:11:29.325,429.6299517242281,998
2024-09-20 14:11:29.362,429.6625066358382,13
2024-09-20 14:11:29.387,429.73782786854673,105
2024-09-20 14:11:29.390,429.7020178540938,105
2024-09-20 14:11:29.438,429.6604540593744,14
2024-09-20 14:11:29.554,429.6186992457336,5
2024-09-20 14:11:29.641,429.7159390712361,15
2024-09-20 14:11:29.667,429.73793332271663,995
2024-09-20 14:11:29.672,429.6329236601121,100
2024-09-20 14:11:29.980,429.707648517342,10
2024-09-20 14:11:31.006,429.733182094978,103
2024-09-20 14:11:31.064,429.7352796968729,11
2024-09-20 14:11:31.165,429.7052450736729,9
2024-09-20 14:11:31.181,429.7347161928485,13
2024-09-20 14:11:31.190,429.70489668782193,105
2024-09-20 14:11:31.474,429.7068427826999,1002
2024-09-20 14:11:31.637,429.7292919168693,96
2024-09-20 14:11:32.077,429.83977750025576,995
2024-09-20 14:11:32.089,429.8472135716503,1000
2024-09-20 14:11:32.156,429.7550902872433,14
2024-09-20 14:11:32.247,429.78681621774746,1000
2024-09-20 14:11:32.252,429.7237979038616,9
2024-09-20 14:11:32.285,429.7990710985444,1002
2024-09-20 14:11:32.308,429.837836260334,1001
2024-09-20 14:11:32.378,429.8429401667758,12
2024-09-20 14:11:32.458,429.8384099683973,1003
2024-09-20 14:11:32.482,429.7639932749758,95
2024-09-20 14:11:32.494,429.75846787508647,8
2024-09-20 14:11:32.550,429.8097890070821,13
2024-09-20 14:11:32.591,429.824605819423,1004
2024-09-20 14:11:32.799,429.73709189727606,8
2024-09-20 14:11:32.960,429.72381434658473,999
2024-09-20 14:11:32.997,429.829898883783,10
2024-09-20 14:11:33.261,429.8191361172802,999
2024-09-20 14:11:33.648,429.8351009910564,1001
2024-09-20 14:11:33.724,429.8271415282643,14
2024-09-20 14:11:34.279,429.7892481272932,102
2024-09-20 14:11:34.339,429.7935565589173,14
2024-09-20 14:11:34.418,429.7914697167871,1000
2024-09-20 14:11:34.477,429.8238162085528,12
2024-09-20 14:11:34.697,,999
2024-09-20 14:11:35.475,429.7876247029565,999
2024-09-20 14:11:35.488,429.7663858540224,97
2024-09-20 14:11:36.006,429.8251833743244,103
2024-09-20 14:11:36.040,429.838083632098,5
2024-09-20 14:11:36.281,429.80927890015965,15
2024-09-20 14:11:36.451,429.7932342274471,7
2024-09-20 14:11:36.518,429.8387490634176,1004
2024-09-20 14:11:37.061,429.8806157254247,1002
2024-09-20 14:11:37.119,429.8214148364148,95
2024-09-20 14:11:37.256,429.8140848802723,98
2024-09-20 14:11:37.370,429.8360982332006,105
2024-09-20 14:11:37.411,429.8629321309334,999
2024-09-20 14:11:37.562,429.80522384128994,999
2024-09-20 14:11:37.620,429.81828853722845,1000
2024-09-20 14:11:37.663,429.7973473852661,104
2024-09-20 14:11:37.694,429.7890738503877,13
2024-09-20 14:11:37.750,429.8076966106819,997
2024-09-20 14:11:37.922,429.8043017390434,103
2024-09-20 14:11:37.999,429.82001691070815,1005
2024-09-20 14:11:38.004,429.88337824127296,6
2024-09-20 14:11:38.015,429.9066150434511,12
2024-09-20 14:11:38.040,429.8829038412144,14
2024-09-20 14:11:38.077,429.906292705801,1005
2024-09-20 14:11:38.135,429.9105968160806,95
2024-09-20 14:11:38.172,429.8747719472736,7
2024-09-20 14:11:38.267,429.8912526496049,104
2024-09-20 14:11:38.302,429.9287559662623,104
2024-09-20 14:11:38.580,429.9112297862403,103
2024-09-20 14:11:38.625,429.88887152414594,99
2024-09-20 14:11:38.671,429.8828539481518,10
2024-09-20 14:11:38.737,429.9066319719717,999
2024-09-20 14:11:38.778,429.9126272355907,103
2024-09-20 14:11:38.827,429.91338568051424,103
2024-09-20 14:11:38.830,429.9207971003044,101
2024-09-20 14:11:39.006,429.8494176802321,1004
2024-09-20 14:11:39.016,429.84483654741337,96
2024-09-20 14:11:39.035,429.8780812208887,5
2024-09-20 14:11:39.085,429.8618697574888,1000
2024-09-20 14:11:39.119,429.8774878031526,995
2024-09-20 14:11:39.149,429.86415676333536,13
2024-09-20 14:11:39.181,429.8925987983288,96
2024-09-20 14:11:39.212,429.8299232367335,10
2024-09-20 14:11:39.265,429.8813914561785,1004
2024-09-20 14:11:39.313,429.8766827357677,6
2024-09-20 14:11:39.338,429.8868982109655,1005
2024-09-20 14:11:39.384,429.8709252961372,99
2024-09-20 14:11:39.397,429.86954862806766,9
2024-09-20 14:11:39.457,429.89496838695976,1002
2024-09-20 14:11:39.544,429.8856299955383,995
2024-09-20 14:11:39.683,429.8917845254775,12
2024-09-20 14:11:39.685,429.8745099906443,12
2024-09-20 14:11:39.757,429.8798594733453,7
2024-09-20 14:11:39.799,429.8902852935934,14
2024-09-20 14:11:39.870,429.8514106066047,1000
2024-09-20 14:11:39.891,429.8745429237297,6
2024-09-20 14:11:39.964,429.8518538694453,997
2024-09-20 14:11:39.967,429.8818635693675,1002
2024-09-20 14:11:39.997,429.8544595006825,1004
2024-09-20 14:11:40.096,429.896083771153,12
2024-09-20 14:11:40.116,429.8866683403915,101
2024-09-20 14:11:40.203,429.8872994830128,7
2024-09-20 14:11:40.299,429.9131112160305,96
2024-09-20 14:11:40.311,429.87499041865306,100
2024-09-20 14:11:40.484,429.9154879872231,95
2024-09-20 14:11:40.570,429.9066571270238,8
2024-09-20 14:11:40.576,429.90074517434505,13
2024-09-20 14:11:40.594,429.9021202245589,1003
2024-09-20 14:11:40.654,429.8970351466297,995
2024-09-20 14:11:40.750,429.8837982065868,103
2024-09-20 14:11:40.754,429.909269981492,12
2024-09-20 14:11:40.810,429.9165884894168,96
2024-09-20 14:11:40.857,429.8990109776323,99
2024-09-20 14:11:40.885,429.9158060049361,995
2024-09-20 14:11:40.968,429.8928617623412,1003
2024-09-20 14:11:41.000,429.9134022106608,105
2024-09-20 14:11:41.215,429.8944599983393,11
2024-09-20 14:11:41.251,429.8941441090684,997
2024-09-20 14:11:41.624,429.9236735286652,99
2024-09-20 14:11:41.774,429.899682989877,98
2024-09-20 14:11:42.048,429.9555086392064,101
2024-09-20 14:11:42.109,429.98598097204007,7
2024-09-20 14:11:42.172,429.9746936406282,13
2024-09-20 14:11:42.179,429.9373081712237,104
2024-09-20 14:11:42.183,429.933476144282,1004
2024-09-20 14:11:42.228,429.9459207102572,98
2024-09-20 14:11:42.264,429.9637819549037,13
2024-09-20 14:11:42.284,429.91557340357247,104
2024-09-20 14:11:42.310,429.9709066207227,15
2024-09-20 14:11:42.376,429.9481596623346,1005
2024-09-20 14:11:42.410,429.9625474757176,1004
2024-09-20 14:11:42.436,429.96140722136863,11
2024-09-20 14:11:42.560,429.9374890411273,9
2024-09-20 14:11:42.590,429.94379479875937,98
2024-09-20 14:11:42.626,429.9717545214887,1001
2024-09-20 14:11:42.668,429.9503280079752,995
2024-09-20 14:11:42.675,429.94205605741934,98
2024-09-20 14:11:42.690,429.9475110267588,100
2024-09-20 14:11:42.691,429.9371994959283,6
2024-09-20 14:11:42.733,429.92003782630974,8
2024-09-20 14:11:42.757,429.9321195092494,10
2024-09-20 14:11:42.758,429.93599139677735,997
2024-09-20 14:11:42.763,429.98182101537583,1000
2024-09-20 14:11:42.787,429.9093196599605,999
2024-09-20 14:11:42.834,429.931875879207,11
2024-09-20 14:11:42.884,429.9152745087724,13
2024-09-20 14:11:42.904,429.9470977056977,96
2024-09-20 14:11:42.932,429.9503898602628,7
2024-09-20 14:11:42.969,429.9738550744733,995
2024-09-20 14:11:43.060,429.9512208140005,96
2024-09-20 14:11:43.150,429.962863638102,95
2024-09-20 14:11:43.193,429.9630672256321,1005
2024-09-20 14:11:43.535,429.9957051244573,1005
2024-09-20 14:11:44.296,429.9864108284748,100
2024-09-20 14:11:44.381,-430.0106510688428,8
2024-09-20 14:11:44.435,429.9421350235773,11
2024-09-20 14:11:44.440,429.9999156238076,99
2024-09-20 14:11:44.447,430.010768775288,10
2024-09-20 14:11:44.489,429.9809383349687,103
2024-09-20 14:11:44.493,430.0073972944511,1002
2024-09-20 14:11:44.497,429.9674323041869,101
2024-09-20 14:11:44.549,430.0015251638973,10
2024-09-20 14:11:44.640,429.9309576147389,12
2024-09-20 14:11:44.709,429.9576822126115,99
2024-09-20 14:11:44.843,430.00298162110175,996
2024-09-20 14:11:44.852,430.032875420228,1005
2024-09-20 14:11:44.897,429.986870429464,1005
2024-09-20 14:11:44.903,42.993370649129616,95
2024-09-20 14:11:44.905,429.9739801758512,103
2024-09-20 14:11:44.922,429.9695139505165,97
2024-09-20 14:11:45.080,430.0077673928894,8
2024-09-20 14:11:45.528,430.009179084052,102
2024-09-20 14:11:45.656,430.0220142884824,5
2024-09-20 14:11:46.193,430.0163225993461,97
2024-09-20 14:11:46.207,429.956622915225,1000
2024-09-20 14:11:46.223,430.0186485172912,12
2024-09-20 14:11:46.373,430.0041669883207,101
2024-09-20 14:11:46.508,,13
2024-09-20 14:11:46.612,429.9843310940223,1004
2024-09-20 14:11:46.636,429.9797819225761,102
2024-09-20 14:11:46.683,429.9544188749312,105
2024-09-20 14:11:46.747,429.9853966249547,99
2024-09-20 14:11:46.769,429.9698467573735,1000
2024-09-20 14:11:46.965,430.0057018116215,7
2024-09-20 14:11:47.012,430.0094422953458,1001
2024-09-20 14:11:47.047,430.02689724366417,96
2024-09-20 14:11:47.048,430.01713522016,999
2024-09-20 14:11:47.110,429.9988878375714,13
2024-09-20 14:11:47.136,429.98746143384335,101
2024-09-20 14:11:47.203,429.967226129593,15
2024-09-20 14:11:47.204,429.9997092608847,102
2024-09-20 14:11:47.245,430.0068622004092,1003
2024-09-20 14:11:47.301,429.9645887706818,96
2024-09-20 14:11:47.322,429.99902186875227,1005
2024-09-20 14:11:47.461,430.0248829474756,6
2024-09-20 14:11:47.485,429.954696022375,101
2024-09-20 14:11:47.516,429.96470541789085,7
2024-09-20 14:11:47.563,429.9996407481675,95
2024-09-20 14:11:47.568,429.96055928087264,1005
2024-09-20 14:11:47.625,429.951040524099,996
2024-09-20 14:11:47.649,430.017004893063,1005
2024-09-20 14:11:47.676,429.9974723990096,14
2024-09-20 14:11:47.738,429.9781206672095,103
2024-09-20 14:11:47.739,430.0226428313709,1000
2024-09-20 14:11:47.797,430.0007784752221,99
2024-09-20 14:11:47.824,429.99695829056105,9
2024-09-20 14:11:47.839,429.9937372265096,9
2024-09-20 14:11:47.850,429.97096741177256,10
2024-09-20 14:11:47.851,429.99610585674577,1000
2024-09-20 14:11:47.906,430.0009433005745,96
2024-09-20 14:11:47.912,430.00092502240966,995
2024-09-20 14:11:48.032,430.0389813855054,1003
2024-09-20 14:11:48.225,430.0691470925714,1000
2024-09-20 14:11:48.230,430.0186752269639,996
2024-09-20 14:11:48.254,430.0381486210812,1001
2024-09-20 14:11:48.266,430.06894852554,14
2024-09-20 14:11:48.318,430.0425247798759,997
2024-09-20 14:11:48.354,430.03032971163503,12
2024-09-20 14:11:48.407,430.0372040007488,1000
2024-09-20 14:11:48.546,430.0524177356913,13
2024-09-20 14:11:48.581,430.0351407435176,5
2024-09-20 14:11:48.628,430.05372557512857,998
2024-09-20 14:11:48.647,430.0435865337946,100
2024-09-20 14:11:48.659,430.028612314765,98
2024-09-20 14:11:48.854,430.0357671079143,104
2024-09-20 14:11:48.981,430.0665583930803,997
2024-09-20 14:11:49.275,430.0424569567188,998
2024-09-20 14:11:49.357,,11
2024-09-20 14:11:49.463,430.04119133659145,96
2024-09-20 14:11:49.513,429.9885206486807,1003
2024-09-20 14:11:49.591,430.01949689716616,1003
2024-09-20 14:11:49.715,429.9925216196463,101
2024-09-20 14:11:49.758,430.025617470371,995
2024-09-20 14:11:49.816,430.0250093108507,105
2024-09-20 14:11:49.846,430.0353296843045,999
2024-09-20 14:11:49.981,430.04395670238944,997
2024-09-20 14:11:50.038,429.9611049583593,95
2024-09-20 14:11:50.047,430.00757435065583,104
2024-09-20 14:11:50.114,430.0127926805825,997
2024-09-20 14:11:50.139,430.00090515644473,998
2024-09-20 14:11:50.162,,9
2024-09-20 14:11:50.214,429.9459181203749,6
2024-09-20 14:11:50.249,429.9417312079764,98
2024-09-20 14:11:50.254,430.0173461773432,1000
2024-09-20 14:11:50.320,429.9277727919842,996
2024-09-20 14:11:50.335,429.97143259577393,1004
2024-09-20 14:11:50.345,429.9334886840421,996
2024-09-20 14:11:50.397,430.01249725229,995
2024-09-20 14:11:50.413,429.95584617233175,9
2024-09-20 14:11:50.505,429.9224718459929,99
2024-09-20 14:11:50.508,430.01216725043975,1003
2024-09-20 14:11:50.524,429.9987689791061,995
2024-09-20 14:11:50.577,430.00549108383376,1003
2024-09-20 14:11:50.580,429.9442929137966,13
2024-09-20 14:11:50.675,429.9958091009074,7
2024-09-20 14:11:50.703,429.9357160946575,12
2024-09-20 14:11:50.727,429.9575156837244,104
2024-09-20 14:11:50.743,429.93348271145794,1000
2024-09-20 14:11:50.753,429.9208491380441,998
2024-09-20 14:11:50.774,429.9999318213908,13
2024-09-20 14:11:50.790,429.9383576637318,12
2024-09-20 14:11:50.817,429.9560677947842,101
2024-09-20 14:11:50.925,429.9834941031804,96
2024-09-20 14:11:51.070,430.0268616336447,15
2024-09-20 14:11:51.169,430.00901432463473,1003
2024-09-20 14:11:51.252,429.991721655234,15
2024-09-20 14:11:51.292,430.0029249076956,10
2024-09-20 14:11:51.333,430.0222991221219,997
2024-09-20 14:11:51.376,430.0142007570786,11
2024-09-20 14:11:51.418,430.0155781563987,6
2024-09-20 14:11:51.420,430.011769294958,104
2024-09-20 14:11:51.445,429.999456379658,1004
2024-09-20 14:11:51.445,430.00153298079954,15
2024-09-20 14:11:51.472,430.0045302259422,996
2024-09-20 14:11:51.506,430.0187616603069,998
2024-09-20 14:11:51.541,430.0013637715426,14
2024-09-20 14:11:51.546,430.0032178815296,15
2024-09-20 14:11:51.553,429.9991702339163,997
2024-09-20 14:11:51.569,430.0171057867898,1003
2024-09-20 14:11:51.648,430.0224029154646,98
2024-09-20 14:11:51.722,430.01817529925614,5
2024-09-20 14:11:51.802,430.01925345099227,104
2024-09-20 14:11:51.836,429.98893365210057,104
2024-09-20 14:11:51.840,430.01487031111856,15
2024-09-20 14:11:51.849,430.00171401109,1000
2024-09-20 14:11:51.910,429.9953611337651,13
2024-09-20 14:11:51.917,430.03147391658496,7
2024-09-20 14:11:51.968,430.0175654763854,999
2024-09-20 14:11:51.995,429.9893440553673,99
2024-09-20 14:11:52.124,430.043341419137,6
2024-09-20 14:11:52.144,430.053414840373,6
2024-09-20 14:11:52.195,430.0323844126368,9
2024-09-20 14:11:52.205,430.0179481425472,998
2024-09-20 14:11:52.360,430.0394351354528,1000
2024-09-20 14:11:52.512,-430.03337378134313,12
2024-09-20 14:11:52.615,430.0236421774549,998
2024-09-20 14:11:52.632,430.0323992028912,1002
2024-09-20 14:11:52.703,430.0407844575913,97
2024-09-20 14:11:52.914,430.0447885650457,1005
2024-09-20 14:11:53.077,429.9968956883968,105
2024-09-20 14:11:53.157,430.0000575535776,1004
2024-09-20 14:11:53.216,,1003
2024-09-20 14:11:53.243,430.0113657900951,1004
2024-09-20 14:11:53.340,430.0018938923085,95
2024-09-20 14:11:53.390,430.0540562830727,15
2024-09-20 14:11:53.449,429.99912850396623,1005
2024-09-20 14:11:53.456,430.0079144607393,13
2024-09-20 14:11:53.497,429.987017308617,995
2024-09-20 14:11:53.600,430.0107827996865,100
2024-09-20 14:11:53.605,430.016575725666,99
2024-09-20 14:11:53.712,430.010351480877,102
2024-09-20 14:11:53.755,430.0320387116451,15
2024-09-20 14:11:53.770,430.0501975247328,103
2024-09-20 14:11:53.793,430.0474288601179,997
2024-09-20 14:11:53.819,430.01056293278737,11
2024-09-20 14:11:53.830,430.0166322603458,103
2024-09-20 14:11:53.835,429.9874643255363,998
2024-09-20 14:11:53.879,430.0355977190849,10
2024-09-20 14:11:53.921,430.02851930795146,997
2024-09-20 14:11:53.923,430.02295475245165,102
2024-09-20 14:11:53.954,430.0083041909012,996
2024-09-20 14:11:54.303,430.0126319207514,97
2024-09-20 14:11:54.383,429.9968429497608,12
2024-09-20 14:11:54.549,430.0060721827452,11
2024-09-20 14:11:54.702,429.9995760089864,13
2024-09-20 14:11:54.717,429.9985882903391,995
2024-09-20 14:11:55.021,429.9071362025622,99
2024-09-20 14:11:55.035,430.00189811178666,96
2024-09-20 14:11:55.042,429.9902382283115,105
2024-09-20 14:11:55.148,430.0020260228447,95
2024-09-20 14:11:55.153,429.88024147952376,998
2024-09-20 14:11:55.271,429.84923588279497,15
2024-09-20 14:11:55.324,429.9476664036975,102
2024-09-20 14:11:55.328,429.9856351481744,6
2024-09-20 14:11:55.394,429.92102674357983,998
2024-09-20 14:11:55.398,429.99219414560656,8
2024-09-20 14:11:55.421,429.88763487992856,15
2024-09-20 14:11:55.441,429.9986364635277,995
2024-09-20 14:11:55.504,429.8649143276183,1003
2024-09-20 14:11:55.525,429.9585098264764,1003
2024-09-20 14:11:55.546,429.89152325767895,103
2024-09-20 14:11:55.550,430.0070434105415,999
2024-09-20 14:11:55.560,429.954329097779,1000
2024-09-20 14:11:55.617,429.9920642345401,9
2024-09-20 14:11:55.706,429.8611593117183,8
2024-09-20 14:11:55.774,429.92582835565935,996
2024-09-20 14:11:55.866,,6
2024-09-20 14:11:55.877,429.9261944329807,9
2024-09-20 14:11:55.904,429.8999294653684,97
2024-09-20 14:11:55.932,429.8398873126797,7
2024-09-20 14:11:55.942,429.99750820327375,1003
2024-09-20 14:11:55.966,430.0123346552007,105
2024-09-20 14:11:56.003,429.86349365602246,7
2024-09-20 14:11:56.114,429.8860883906244,995
2024-09-20 14:11:56.160,429.8436839590816,99
2024-09-20 14:11:56.161,429.9030064584773,97
2024-09-20 14:11:56.171,429.9157789809928,8
2024-09-20 14:11:56.173,429.8658084608777,98
2024-09-20 14:11:56.229,429.8725833810503,99
2024-09-20 14:11:56.291,429.908245841745,97
2024-09-20 14:11:56.300,429.9048689958398,1001
2024-09-20 14:11:56.365,429.8355767771377,995
2024-09-20 14:11:56.450,429.9009140763288,96
2024-09-20 14:11:56.457,429.9087644569523,6
2024-09-20 14:11:56.522,429.91403910987566,104
2024-09-20 14:11:56.530,429.8588575301504,6
2024-09-20 14:11:56.560,429.9392761493618,996
2024-09-20 14:11:56.585,429.8979720551728,998
2024-09-20 14:11:56.590,429.88896219837017,5
2024-09-20 14:11:56.598,429.8857763391413,9
2024-09-20 14:11:56.608,429.88717257666417,100
2024-09-20 14:11:56.608,429.918245131104,5
2024-09-20 14:11:56.695,429.8969039659567,12
2024-09-20 14:11:56.731,429.8920007706094,105
2024-09-20 14:11:56.875,429.8790995811388,5
2024-09-20 14:11:56.989,429.9205287320227,998
2024-09-20 14:11:56.999,429.8408091560577,103
2024-09-20 14:11:57.129,429.8939678275695,97
2024-09-20 14:11:57.145,429.9464873061941,101
2024-09-20 14:11:57.268,429.935178778612,1005
2024-09-20 14:11:57.271,429.9510340145829,102
2024-09-20 14:11:57.291,429.9355782710572,14
2024-09-20 14:11:57.434,429.9356989976181,103
2024-09-20 14:11:57.471,429.9041430288218,103
2024-09-20 14:11:57.549,429.9126059155855,998
2024-09-20 14:11:57.673,429.9243067993556,997
2024-09-20 14:11:57.680,429.9222397403077,1001
2024-09-20 14:11:57.728,429.9667936741941,1001
2024-09-20 14:11:57.747,42.99432479687802,999
2024-09-20 14:11:57.866,429.9122707815346,7
2024-09-20 14:11:57.920,429.93971765730777,9
2024-09-20 14:11:57.945,429.9677779317951,100
2024-09-20 14:11:58.173,42.987830786348965,995
2024-09-20 14:11:58.234,429.8759496981402,105
2024-09-20 14:11:58.246,429.8755324721028,5
2024-09-20 14:11:58.413,429.9011784650592,8
2024-09-20 14:11:58.871,429.8636059474502,13
2024-09-20 14:11:59.000,429.8556209761164,15
2024-09-20 14:11:59.160,429.85479749128496,13
2024-09-20 14:11:59.488,429.84540570498245,12
2024-09-20 14:11:59.731,429.83403244089993,97
2024-09-20 14:11:59.733,429.8565901778045,96
2024-09-20 14:11:59.743,429.8578424279577,1005
2024-09-20 14:11:59.793,429.85442967171554,997
2024-09-20 14:11:59.944,429.851436810437,1001
