Timestamp,Price,Size
2024-09-18 10:20:00.115,410.9503050715591,98
2024-09-18 10:20:00.390,410.9521846650957,100
2024-09-18 10:20:00.414,410.9616315134582,8
2024-09-18 10:20:00.882,410.96739368835847,14
2024-09-18 10:20:00.985,410.9671629188052,6
2024-09-18 10:20:01.033,410.95005953796976,103
2024-09-18 10:20:01.048,410.97277901214926,11
2024-09-18 10:20:01.050,410.9575438737581,103
2024-09-18 10:20:01.325,410.9606601486069,13
2024-09-18 10:20:01.462,410.9425271968539,14
2024-09-18 10:20:01.532,410.9808639577486,14
2024-09-18 10:20:01.595,410.98530827775016,11
2024-09-18 10:20:01.927,410.96787046525424,103
2024-09-18 10:20:01.981,410.97020381274695,105
2024-09-18 10:20:01.983,410.9666249557204,15
2024-09-18 10:20:02.040,410.94380630468186,998
2024-09-18 10:20:02.040,410.8869226508097,14
2024-09-18 10:20:02.097,410.97433698358526,9
2024-09-18 10:20:02.106,410.9359755594835,15
2024-09-18 10:20:02.108,410.87637354055374,101
2024-09-18 10:20:02.176,410.9192862958056,5
2024-09-18 10:20:02.186,410.92832813597306,5
2024-09-18 10:20:02.206,410.9584964262012,98
2024-09-18 10:20:02.263,410.9306715496116,97
2024-09-18 10:20:02.272,410.88314628926656,95
2024-09-18 10:20:02.293,410.9302256724176,5
2024-09-18 10:20:02.309,410.9078495406416,998
2024-09-18 10:20:02.368,410.9951170297576,5
2024-09-18 10:20:02.402,410.92729992915065,5
2024-09-18 10:20:02.440,410.9606231278634,99
2024-09-18 10:20:02.491,410.8992910841263,100
2024-09-18 10:20:02.567,410.9065268413317,11
2024-09-18 10:20:02.585,410.96783716060617,1001
2024-09-18 10:20:02.618,410.9459761626566,14
2024-09-18 10:20:02.823,410.9052801000197,998
2024-09-18 10:20:02.851,410.9233927121859,100
2024-09-18 10:20:02.860,410.9199925624292,1002
2024-09-18 10:20:02.867,410.910185790565,9
2024-09-18 10:20:02.887,410.9624294955135,7
2024-09-18 10:20:02.910,410.9788729544348,14
2024-09-18 10:20:02.949,410.9305667093287,97
2024-09-18 10:20:02.984,410.8866918298383,1003
2024-09-18 10:20:03.028,410.96142736932217,9
2024-09-18 10:20:03.174,410.9775447411256,100
2024-09-18 10:20:03.318,410.9828479283981,1001
2024-09-18 10:20:03.324,410.96634007912365,1001
2024-09-18 10:20:03.380,410.9775554165238,100
2024-09-18 10:20:03.464,410.9568402020668,1002
2024-09-18 10:20:03.616,410.97090342244513,104
2024-09-18 10:20:03.893,410.9756979291992,7
2024-09-18 10:20:03.971,410.9595302049395,8
2024-09-18 10:20:03.980,410.9628152900061,96
2024-09-18 10:20:04.005,410.9415371341513,10
2024-09-18 10:20:04.077,410.91987702440406,1000
2024-09-18 10:20:04.172,410.9562255056902,10
2024-09-18 10:20:04.192,410.9338600096635,103
2024-09-18 10:20:04.194,410.9580172243866,5
2024-09-18 10:20:04.233,410.9509117637016,997
2024-09-18 10:20:04.253,410.92956075824856,13
2024-09-18 10:20:04.314,410.93753172870674,10
2024-09-18 10:20:04.327,410.9671078797283,8
2024-09-18 10:20:04.443,410.9377042872165,11
2024-09-18 10:20:04.475,410.919331534114,102
2024-09-18 10:20:04.533,410.9290085610869,10
2024-09-18 10:20:04.555,410.950512035052,99
2024-09-18 10:20:04.570,410.9276519454425,1005
2024-09-18 10:20:04.598,410.9282497891603,996
2024-09-18 10:20:04.613,410.9204595130778,102
2024-09-18 10:20:04.838,410.9401046010288,13
2024-09-18 10:20:04.853,410.94719559659,103
2024-09-18 10:20:05.015,410.81272884043705,5
2024-09-18 10:20:05.026,-410.802709957851,98
2024-09-18 10:20:05.083,410.8889587684457,996
2024-09-18 10:20:05.087,410.7818139522676,96
2024-09-18 10:20:05.123,410.7839684947692,96
2024-09-18 10:20:05.181,410.78626026440816,997
2024-09-18 10:20:05.260,410.8984638643465,1005
2024-09-18 10:20:05.272,410.8623435196521,103
2024-09-18 10:20:05.273,410.84436244036544,7
2024-09-18 10:20:05.284,410.83224688063865,102
2024-09-18 10:20:05.288,410.8360593545971,5
2024-09-18 10:20:05.323,410.93640847331807,999
2024-09-18 10:20:05.359,410.81564488123774,8
2024-09-18 10:20:05.369,410.83039721535147,12
2024-09-18 10:20:05.486,410.9019723959391,11
2024-09-18 10:20:05.543,410.9352343979344,995
2024-09-18 10:20:05.597,410.9343501408384,999
2024-09-18 10:20:05.601,410.8486383176367,1000
2024-09-18 10:20:05.612,410.8902625032603,12
2024-09-18 10:20:05.633,410.8994815880813,1005
2024-09-18 10:20:05.639,410.8033145081566,6
2024-09-18 10:20:05.724,410.9361139326644,1004
2024-09-18 10:20:05.737,410.8412559435368,99
2024-09-18 10:20:05.898,410.8104428128197,997
2024-09-18 10:20:05.931,410.9141587665984,995
2024-09-18 10:20:05.958,410.82525204367465,10
2024-09-18 10:20:06.002,41.07255729652215,9
2024-09-18 10:20:06.054,410.712424473041,1000
2024-09-18 10:20:06.118,410.7419889287208,98
2024-09-18 10:20:06.215,410.734896563232,8
2024-09-18 10:20:06.278,410.7498960822799,104
2024-09-18 10:20:06.305,410.7307114263727,100
2024-09-18 10:20:06.380,410.7519435124064,1002
2024-09-18 10:20:06.506,410.7444974656504,998
2024-09-18 10:20:06.569,410.75937624116375,998
2024-09-18 10:20:06.578,410.7287091202692,15
2024-09-18 10:20:06.610,410.7829544852176,105
2024-09-18 10:20:06.615,410.74760997432776,8
2024-09-18 10:20:06.618,410.7420884202638,11
2024-09-18 10:20:06.674,410.7467139971585,100
2024-09-18 10:20:06.736,410.7252506465128,99
2024-09-18 10:20:06.749,410.7553567915528,11
2024-09-18 10:20:06.788,410.7830069615712,999
2024-09-18 10:20:06.857,410.77359939994193,6
2024-09-18 10:20:06.873,410.7384079210544,6
2024-09-18 10:20:06.919,410.741690325595,12
2024-09-18 10:20:06.957,410.72123309859467,12
2024-09-18 10:20:07.062,410.78327222364527,105
2024-09-18 10:20:07.105,410.79268300813226,9
2024-09-18 10:20:07.155,410.7198139476057,1000
2024-09-18 10:20:07.190,410.7656109746249,15
2024-09-18 10:20:07.223,410.7160856260978,98
2024-09-18 10:20:07.347,410.7651038329523,7
2024-09-18 10:20:07.353,410.7626933128173,102
2024-09-18 10:20:07.486,410.7696333083538,1003
2024-09-18 10:20:07.493,410.7659407961207,5
2024-09-18 10:20:07.518,410.7266779647215,103
2024-09-18 10:20:07.522,410.7963047692393,103
2024-09-18 10:20:07.548,410.7846837848264,96
2024-09-18 10:20:07.557,410.7782974903287,101
2024-09-18 10:20:07.567,410.77465570997896,98
2024-09-18 10:20:07.571,410.7854246760133,9
2024-09-18 10:20:07.578,410.7704794161711,1004
2024-09-18 10:20:07.585,410.7939082607237,12
2024-09-18 10:20:07.630,410.7596633588733,1004
2024-09-18 10:20:07.634,410.7291535628885,1002
2024-09-18 10:20:07.701,410.74994132017486,998
2024-09-18 10:20:07.712,410.78096516243056,10
2024-09-18 10:20:07.717,410.788696127112,14
2024-09-18 10:20:07.721,410.7492318991407,1004
2024-09-18 10:20:07.733,410.77044930108895,95
2024-09-18 10:20:07.760,410.7662585083255,999
2024-09-18 10:20:07.856,410.772629997072,7
2024-09-18 10:20:07.863,410.7698649711801,1001
2024-09-18 10:20:07.930,410.79102183480455,14
2024-09-18 10:20:07.950,410.783232677852,95
2024-09-18 10:20:07.967,410.7594148554898,104
2024-09-18 10:20:08.000,410.81298172013214,999
2024-09-18 10:20:08.016,410.855241501822,1000
2024-09-18 10:20:08.018,410.7883727542497,1005
2024-09-18 10:20:08.043,410.7702248410536,1003
2024-09-18 10:20:08.058,410.8087608413177,95
2024-09-18 10:20:08.105,410.7649000802038,103
2024-09-18 10:20:08.134,410.7694038138373,13
2024-09-18 10:20:08.255,410.8266361240192,996
2024-09-18 10:20:08.323,410.7592661190515,7
2024-09-18 10:20:08.345,410.8179588890113,99
2024-09-18 10:20:08.356,410.8235544611458,105
2024-09-18 10:20:08.442,410.8101398318916,102
2024-09-18 10:20:08.488,410.812261224515,13
2024-09-18 10:20:08.500,410.8134306106817,97
2024-09-18 10:20:08.530,410.8372625147264,10
2024-09-18 10:20:08.641,410.7778934045193,6
2024-09-18 10:20:08.693,410.7999832466994,9
2024-09-18 10:20:08.738,410.7970872615104,995
2024-09-18 10:20:08.748,41.07750878937279,102
2024-09-18 10:20:08.788,410.75452036554987,998
2024-09-18 10:20:08.862,410.7851904866844,101
2024-09-18 10:20:08.868,410.76019067882766,96
2024-09-18 10:20:08.939,410.80075784336736,105
2024-09-18 10:20:08.962,410.8065318101562,1005
2024-09-18 10:20:08.973,410.7923408024501,998
2024-09-18 10:20:08.998,410.7809781017059,95
2024-09-18 10:20:09.005,410.75162221174793,11
2024-09-18 10:20:09.050,410.739120700702,105
2024-09-18 10:20:09.077,410.74906014457247,5
2024-09-18 10:20:09.154,410.74953458036447,102
2024-09-18 10:20:09.235,410.7445074126357,997
2024-09-18 10:20:09.283,410.7617115088234,12
2024-09-18 10:20:09.316,410.7284130709327,6
2024-09-18 10:20:09.406,410.74894683490186,102
2024-09-18 10:20:09.416,410.7469307436752,97
2024-09-18 10:20:09.449,,1004
2024-09-18 10:20:09.469,410.75567126784944,101
2024-09-18 10:20:09.492,410.6676774950765,12
2024-09-18 10:20:09.514,410.6731392398905,105
2024-09-18 10:20:09.582,410.7391159126341,105
2024-09-18 10:20:09.640,410.7599076302666,11
2024-09-18 10:20:09.672,410.7327828441972,997
2024-09-18 10:20:09.707,410.7348858187451,1000
2024-09-18 10:20:09.708,410.75757437116175,13
2024-09-18 10:20:09.745,410.7536818965901,103
2024-09-18 10:20:09.808,410.73664871701607,103
2024-09-18 10:20:09.831,410.75968464540745,15
2024-09-18 10:20:09.836,410.69014954750185,101
2024-09-18 10:20:09.858,410.7474822453734,12
2024-09-18 10:20:09.864,410.75806172323627,997
2024-09-18 10:20:09.866,410.75107868545575,95
2024-09-18 10:20:09.880,410.750183030162,7
2024-09-18 10:20:09.899,410.7358004409673,14
2024-09-18 10:20:09.915,410.7498128870938,1001
2024-09-18 10:20:09.950,410.7626283682603,102
2024-09-18 10:20:10.038,410.6728001471862,104
2024-09-18 10:20:10.979,410.668084263715,12
2024-09-18 10:20:11.108,410.7107714797808,11
2024-09-18 10:20:11.224,410.6736708830538,103
2024-09-18 10:20:11.236,410.7049546083696,103
2024-09-18 10:20:11.265,410.6906907522541,97
2024-09-18 10:20:11.364,410.69989842596937,95
2024-09-18 10:20:11.398,410.688624758516,999
2024-09-18 10:20:11.431,410.6884161403645,5
2024-09-18 10:20:11.537,410.6889710793637,1004
2024-09-18 10:20:11.713,410.6980383199795,105
2024-09-18 10:20:11.818,410.6897290038696,97
2024-09-18 10:20:11.940,410.6946693317572,101
2024-09-18 10:20:11.983,410.70858666837177,6
2024-09-18 10:20:12.037,410.6922730376605,8
2024-09-18 10:20:12.053,410.6870541312202,997
2024-09-18 10:20:12.058,410.6561510894901,98
2024-09-18 10:20:12.070,410.6340566370341,9
2024-09-18 10:20:12.093,410.6957034378041,5
2024-09-18 10:20:12.099,410.710829773785,104
2024-09-18 10:20:12.132,410.6375942553949,9
2024-09-18 10:20:12.156,-410.6790311758938,102
2024-09-18 10:20:12.202,410.656307959472,1003
2024-09-18 10:20:12.271,410.6768745633773,999
2024-09-18 10:20:12.285,410.68479416102525,95
2024-09-18 10:20:12.289,410.6936076983055,15
2024-09-18 10:20:12.327,410.6991506170695,100
2024-09-18 10:20:12.386,410.68736753155736,1002
2024-09-18 10:20:12.438,410.6361170082806,15
2024-09-18 10:20:12.441,410.71308288642246,10
2024-09-18 10:20:12.452,410.69249031003983,1002
2024-09-18 10:20:12.469,410.68010044544326,14
2024-09-18 10:20:12.497,410.70375666306046,1000
2024-09-18 10:20:12.549,410.6753626696854,1005
2024-09-18 10:20:12.613,410.6935238884333,1000
2024-09-18 10:20:12.751,410.6965368092619,1003
2024-09-18 10:20:12.766,410.6684881024327,13
2024-09-18 10:20:12.896,410.6766096824123,9
2024-09-18 10:20:12.991,410.7143953867144,999
2024-09-18 10:20:12.993,410.7018168082684,11
2024-09-18 10:20:13.013,410.5933281275208,12
2024-09-18 10:20:13.144,410.6474621227211,5
2024-09-18 10:20:13.188,410.6113616381976,14
2024-09-18 10:20:13.285,410.6035576162756,98
2024-09-18 10:20:13.298,410.6245032328394,8
2024-09-18 10:20:13.346,410.6014016184426,998
2024-09-18 10:20:13.376,410.6485768779498,6
2024-09-18 10:20:13.580,410.6317031931271,995
2024-09-18 10:20:13.597,410.5966112438576,15
2024-09-18 10:20:13.701,410.661756208568,6
2024-09-18 10:20:13.723,410.62301492577086,100
2024-09-18 10:20:13.788,410.6560063020421,99
2024-09-18 10:20:13.790,410.61036864414416,95
2024-09-18 10:20:13.793,410.6149669766068,995
2024-09-18 10:20:13.795,410.6525440181689,96
2024-09-18 10:20:13.821,410.6550255907962,6
2024-09-18 10:20:13.849,410.585660678246,1004
2024-09-18 10:20:13.858,410.5918072471711,1001
2024-09-18 10:20:13.883,410.63979272653273,97
2024-09-18 10:20:13.938,410.6066706290466,15
2024-09-18 10:20:13.962,410.6474390214472,99
2024-09-18 10:20:14.011,410.6054339413208,104
2024-09-18 10:20:14.334,410.6454077392767,99
2024-09-18 10:20:14.437,410.6142380849522,7
2024-09-18 10:20:14.523,410.6533589519195,10
2024-09-18 10:20:14.531,410.6280610197052,996
2024-09-18 10:20:14.938,,11
2024-09-18 10:20:14.957,410.664523591398,97
2024-09-18 10:20:15.125,410.7105198595394,997
2024-09-18 10:20:15.125,410.6967661414989,999
2024-09-18 10:20:15.127,410.7462892956517,7
2024-09-18 10:20:15.162,410.7194033518349,105
2024-09-18 10:20:15.186,410.7233968768092,1004
2024-09-18 10:20:15.223,410.7292136674891,100
2024-09-18 10:20:15.245,410.7001768324594,15
2024-09-18 10:20:15.253,410.7084562652698,98
2024-09-18 10:20:15.255,410.6978464124373,1001
2024-09-18 10:20:15.306,410.70468313387386,103
2024-09-18 10:20:15.601,410.7120008928224,14
2024-09-18 10:20:15.604,410.7243871343052,5
2024-09-18 10:20:15.625,410.713043522484,97
2024-09-18 10:20:15.699,410.7087690017803,97
2024-09-18 10:20:15.740,410.6719440095505,98
2024-09-18 10:20:15.754,410.7448548565187,996
2024-09-18 10:20:15.763,410.7170379106563,11
2024-09-18 10:20:15.804,410.6820309517811,100
2024-09-18 10:20:15.862,410.7297037407709,999
2024-09-18 10:20:15.863,410.7507037304598,6
2024-09-18 10:20:16.212,410.7211875064283,996
2024-09-18 10:20:16.353,410.7271072140536,102
2024-09-18 10:20:16.489,410.7108781227507,5
2024-09-18 10:20:16.514,410.7374197612779,98
2024-09-18 10:20:16.573,410.7233499365695,103
2024-09-18 10:20:16.588,410.72717908750434,1002
2024-09-18 10:20:16.695,410.7003290909968,105
2024-09-18 10:20:16.754,410.7113628010485,997
2024-09-18 10:20:16.979,410.70859156040206,12
2024-09-18 10:20:16.979,410.7255395508489,100
2024-09-18 10:20:17.170,-410.71609663499584,1005
2024-09-18 10:20:17.474,410.66577258146,1001
2024-09-18 10:20:17.485,410.69436900549977,6
2024-09-18 10:20:17.555,410.6800468400146,8
2024-09-18 10:20:17.572,410.699279562052,8
2024-09-18 10:20:17.673,410.69737589307226,10
2024-09-18 10:20:17.758,410.6875655831516,103
2024-09-18 10:20:17.827,410.6833409703305,5
2024-09-18 10:20:17.884,410.71003021604673,105
2024-09-18 10:20:17.941,410.7107259207292,999
2024-09-18 10:20:18.026,410.62629049912886,7
2024-09-18 10:20:18.087,410.63053740475215,996
2024-09-18 10:20:18.160,410.673921458921,95
2024-09-18 10:20:18.519,410.6331875537082,998
2024-09-18 10:20:18.528,410.64592019740695,97
2024-09-18 10:20:18.559,410.6492998164658,996
2024-09-18 10:20:18.596,410.656924836514,99
2024-09-18 10:20:18.709,410.6607300181414,1002
2024-09-18 10:20:18.796,410.6621344526949,102
2024-09-18 10:20:18.879,410.65794859210826,101
2024-09-18 10:20:18.887,410.6829108637008,12
2024-09-18 10:20:18.997,410.6695499191941,15
2024-09-18 10:20:19.117,410.61078119402816,1004
2024-09-18 10:20:19.411,410.6071215988885,1001
2024-09-18 10:20:20.105,410.6530690782123,102
2024-09-18 10:20:20.314,410.6348987806825,998
2024-09-18 10:20:20.445,410.6306436130121,10
2024-09-18 10:20:20.550,410.64515726617,1001
2024-09-18 10:20:20.911,410.679346990547,99
2024-09-18 10:20:21.016,410.6957238651621,1001
2024-09-18 10:20:21.029,410.69384881230286,12
2024-09-18 10:20:21.034,410.74017751705225,995
2024-09-18 10:20:21.091,410.67567422479215,99
2024-09-18 10:20:21.097,410.6806351484541,1000
2024-09-18 10:20:21.187,410.67575478399095,95
2024-09-18 10:20:21.227,410.6775148107564,1005
2024-09-18 10:20:21.238,410.75176863986127,12
2024-09-18 10:20:21.243,410.6772759524765,9
2024-09-18 10:20:21.310,410.6903723404256,97
2024-09-18 10:20:21.327,410.6825881194096,1000
2024-09-18 10:20:21.385,410.7096517178659,1003
2024-09-18 10:20:21.415,410.6752435182751,99
2024-09-18 10:20:21.430,410.6696642262404,998
2024-09-18 10:20:21.463,410.6742334109879,7
2024-09-18 10:20:21.463,410.67915176828257,105
2024-09-18 10:20:21.466,410.7037188351639,1001
2024-09-18 10:20:21.496,410.6930460541335,98
2024-09-18 10:20:21.496,410.71865421293165,997
2024-09-18 10:20:21.500,-410.741442137165,100
2024-09-18 10:20:21.612,410.68212744850325,98
2024-09-18 10:20:21.635,410.6629180070818,995
2024-09-18 10:20:21.645,410.6618585293302,12
2024-09-18 10:20:21.723,410.6923656204863,12
2024-09-18 10:20:21.751,410.65687991263326,5
2024-09-18 10:20:21.845,410.670097640614,101
2024-09-18 10:20:21.870,410.7258214782496,1005
2024-09-18 10:20:21.946,410.7512974480868,1002
2024-09-18 10:20:21.967,41.07287443362733,1003
2024-09-18 10:20:21.995,41.06704525594755,11
2024-09-18 10:20:22.001,410.58920380914094,100
2024-09-18 10:20:22.117,410.5963132478796,1000
2024-09-18 10:20:22.173,410.6628956725912,99
2024-09-18 10:20:22.231,410.6587694387547,102
2024-09-18 10:20:22.265,410.65903454878406,98
2024-09-18 10:20:22.308,410.6253108086093,15
2024-09-18 10:20:22.319,410.6815089021418,999
2024-09-18 10:20:22.323,410.6083777928099,7
2024-09-18 10:20:22.453,410.6593836336015,5
2024-09-18 10:20:22.463,410.6014585617593,7
2024-09-18 10:20:22.529,410.5999361490207,1000
2024-09-18 10:20:22.671,410.67260916472463,5
2024-09-18 10:20:22.701,,15
2024-09-18 10:20:22.741,410.6245257482319,997
2024-09-18 10:20:22.790,410.60567181858056,998
2024-09-18 10:20:22.832,410.6996157598618,97
2024-09-18 10:20:22.846,410.6117147968984,100
2024-09-18 10:20:22.870,410.6049849880956,104
2024-09-18 10:20:22.892,410.6269617427606,6
2024-09-18 10:20:22.907,410.6051979285811,999
2024-09-18 10:20:22.909,410.6000227633869,10
2024-09-18 10:20:22.911,410.6154948699309,1003
2024-09-18 10:20:23.053,410.6212370745124,8
2024-09-18 10:20:23.302,410.60713741104433,102
2024-09-18 10:20:23.328,410.6261754540216,14
2024-09-18 10:20:23.413,410.5979506577837,9
2024-09-18 10:20:23.468,410.6004697070689,999
2024-09-18 10:20:23.560,410.6189819116672,14
2024-09-18 10:20:23.655,410.6270777447504,100
2024-09-18 10:20:23.727,410.5811762512038,97
2024-09-18 10:20:23.862,410.62089254096287,14
2024-09-18 10:20:24.005,410.6148909887428,1003
2024-09-18 10:20:24.073,410.5928026581798,103
2024-09-18 10:20:24.099,410.6198296212065,10
2024-09-18 10:20:24.104,410.6607429889888,11
2024-09-18 10:20:24.317,410.6312736435472,14
2024-09-18 10:20:24.317,410.6322856241695,1003
2024-09-18 10:20:24.353,410.65134454297936,100
2024-09-18 10:20:24.360,410.619942030313,15
2024-09-18 10:20:24.428,410.6274179071284,99
2024-09-18 10:20:24.493,410.5982309426423,995
2024-09-18 10:20:24.518,410.6054496508023,9
2024-09-18 10:20:24.533,410.6288110757958,995
2024-09-18 10:20:24.585,410.6371652743956,101
2024-09-18 10:20:24.611,410.6212185749931,998
2024-09-18 10:20:24.769,410.6276933746602,14
2024-09-18 10:20:24.900,410.6336937595025,95
2024-09-18 10:20:24.907,410.59272897029285,9
2024-09-18 10:20:24.941,410.6388013224948,96
2024-09-18 10:20:25.103,410.69114571271086,13
2024-09-18 10:20:25.394,410.6678989872393,12
2024-09-18 10:20:25.484,410.6644781283755,1005
2024-09-18 10:20:25.522,410.67688657166326,1005
2024-09-18 10:20:25.643,410.6621526675868,1003
2024-09-18 10:20:25.669,410.6333778415748,104
2024-09-18 10:20:25.705,410.6511585492333,96
2024-09-18 10:20:25.740,410.6046925797514,1005
2024-09-18 10:20:25.776,410.62881763707793,12
2024-09-18 10:20:25.791,410.64822746672286,100
2024-09-18 10:20:25.946,410.6682557766304,1000
2024-09-18 10:20:26.063,410.6241700632114,1002
2024-09-18 10:20:26.101,410.6347677187954,996
2024-09-18 10:20:26.114,410.6531061666337,1005
2024-09-18 10:20:26.117,410.656836738955,995
2024-09-18 10:20:26.180,410.6746712882358,10
2024-09-18 10:20:26.205,410.6870461956142,1001
2024-09-18 10:20:26.215,410.67471007723935,7
2024-09-18 10:20:26.225,410.58640374410527,5
2024-09-18 10:20:26.227,410.6044625874381,12
2024-09-18 10:20:26.270,410.64880259316624,13
2024-09-18 10:20:26.294,410.6436046677428,7
2024-09-18 10:20:26.301,410.6091149550549,13
2024-09-18 10:20:26.304,410.6814235112222,100
2024-09-18 10:20:26.414,410.6460497098705,101
2024-09-18 10:20:26.428,410.6508630445539,10
2024-09-18 10:20:26.434,410.6563805263791,11
2024-09-18 10:20:26.473,410.60628230320015,95
2024-09-18 10:20:26.503,410.6516143218847,95
2024-09-18 10:20:26.546,410.6234590905377,9
2024-09-18 10:20:26.549,410.6719188376457,15
2024-09-18 10:20:26.677,410.6569554866294,1004
2024-09-18 10:20:26.715,410.6073826797426,99
2024-09-18 10:20:26.785,410.65504590255904,1003
2024-09-18 10:20:26.823,410.64937040076535,10
2024-09-18 10:20:26.875,410.6557601950804,1000
2024-09-18 10:20:26.922,410.5863336279522,14
2024-09-18 10:20:26.955,410.6319907194445,99
2024-09-18 10:20:27.105,410.59958507740185,995
2024-09-18 10:20:27.114,410.5999504676173,10
2024-09-18 10:20:27.168,410.5935767330423,7
2024-09-18 10:20:27.173,410.57924068664585,105
2024-09-18 10:20:27.301,410.5960018889685,997
2024-09-18 10:20:27.313,410.5957126994488,996
2024-09-18 10:20:27.398,410.58191294214095,1004
2024-09-18 10:20:27.416,410.6118603553825,1000
2024-09-18 10:20:27.459,410.5997568698986,100
2024-09-18 10:20:27.589,410.57913020234247,98
2024-09-18 10:20:27.599,410.5964691478258,104
2024-09-18 10:20:27.693,410.6078336451224,13
2024-09-18 10:20:27.797,410.5980649154553,101
2024-09-18 10:20:28.131,410.5889973114445,12
2024-09-18 10:20:28.157,410.58118791653794,1002
2024-09-18 10:20:28.230,410.6035207475708,14
2024-09-18 10:20:28.383,410.5773838873236,102
2024-09-18 10:20:28.387,410.5878272092198,6
2024-09-18 10:20:28.393,410.59450204423,14
2024-09-18 10:20:28.454,410.5882495452903,1001
2024-09-18 10:20:28.730,410.6091619972932,10
2024-09-18 10:20:28.951,410.58262742072014,11
2024-09-18 10:20:28.960,410.5935032446503,1005
2024-09-18 10:20:29.041,410.5703675725523,98
2024-09-18 10:20:29.079,410.6111768883572,102
2024-09-18 10:20:29.143,410.5567628274442,95
2024-09-18 10:20:29.145,410.55018963964034,1002
2024-09-18 10:20:29.152,410.61125392976896,995
2024-09-18 10:20:29.233,410.6000122826795,1000
2024-09-18 10:20:29.265,410.5956664834023,1000
2024-09-18 10:20:29.287,410.6097591331321,7
2024-09-18 10:20:29.365,410.55953755987474,8
2024-09-18 10:20:29.515,410.55149689400383,98
2024-09-18 10:20:29.529,410.566074011527,6
2024-09-18 10:20:29.551,410.60196979943606,97
2024-09-18 10:20:29.560,410.5486859509146,99
2024-09-18 10:20:29.562,410.6050898454101,97
2024-09-18 10:20:29.579,410.5675161063237,103
2024-09-18 10:20:29.580,410.5685600216362,101
2024-09-18 10:20:29.580,410.5433955725907,103
2024-09-18 10:20:29.633,410.6136756142733,105
2024-09-18 10:20:29.645,410.6119125905248,15
2024-09-18 10:20:29.695,,105
2024-09-18 10:20:29.790,410.6159837273704,104
2024-09-18 10:20:29.831,410.60755136421295,998
2024-09-18 10:20:29.854,410.57024679123657,7
2024-09-18 10:20:29.938,410.53666255008346,7
2024-09-18 10:20:29.988,410.6132359298668,10
2024-09-18 10:20:29.992,410.5644177908138,96
2024-09-18 10:20:30.044,410.5463361498659,998
2024-09-18 10:20:30.066,410.5480629978725,999
2024-09-18 10:20:30.074,410.55202121732606,10
2024-09-18 10:20:30.079,410.5315670680515,14
2024-09-18 10:20:30.152,410.536429863851,1002
2024-09-18 10:20:30.235,410.54462562465767,9
2024-09-18 10:20:30.275,410.53303848028526,100
2024-09-18 10:20:30.314,410.5394925321252,105
2024-09-18 10:20:30.326,410.5767145981872,102
2024-09-18 10:20:30.339,410.546294253705,998
2024-09-18 10:20:30.441,410.55626735484304,999
2024-09-18 10:20:30.509,410.5630940484818,5
2024-09-18 10:20:30.525,410.5382568782257,15
2024-09-18 10:20:30.632,410.559837060691,1002
2024-09-18 10:20:30.643,410.5394722217078,11
2024-09-18 10:20:30.684,410.5486210010884,15
2024-09-18 10:20:30.728,410.5393025493656,1001
2024-09-18 10:20:30.810,410.52315714734,102
2024-09-18 10:20:30.855,410.5400241606856,10
2024-09-18 10:20:30.922,410.54599744425616,11
2024-09-18 10:20:31.002,410.4699560033419,96
2024-09-18 10:20:31.049,410.5050081982937,995
2024-09-18 10:20:31.106,410.5724406370669,7
2024-09-18 10:20:31.134,410.5630440595295,15
2024-09-18 10:20:31.212,410.4563667840988,1002
2024-09-18 10:20:31.239,410.5068635728429,999
2024-09-18 10:20:31.260,,99
2024-09-18 10:20:31.277,410.498484922837,996
2024-09-18 10:20:31.320,410.4987275894183,105
2024-09-18 10:20:31.353,410.4903475846748,1005
2024-09-18 10:20:31.482,410.5616692102596,102
2024-09-18 10:20:31.562,410.5432480008103,998
2024-09-18 10:20:31.596,410.5224228986941,1002
2024-09-18 10:20:31.644,410.5569290213119,995
2024-09-18 10:20:31.655,410.50620342108726,105
2024-09-18 10:20:31.685,-410.5006597503054,6
2024-09-18 10:20:31.690,410.5583488334693,11
2024-09-18 10:20:31.714,410.4743761345251,996
2024-09-18 10:20:31.719,410.4994345459543,6
2024-09-18 10:20:31.765,410.52212994325873,1005
2024-09-18 10:20:31.765,410.4476680591918,9
2024-09-18 10:20:31.815,410.4906761688874,1003
2024-09-18 10:20:31.869,410.5669195662266,997
2024-09-18 10:20:31.910,41.0457595417781,1002
2024-09-18 10:20:32.017,410.46839959924944,104
2024-09-18 10:20:32.102,410.4876533777117,12
2024-09-18 10:20:32.168,410.4878861236784,1002
2024-09-18 10:20:32.194,410.497731476093,102
2024-09-18 10:20:32.200,410.4945972601517,12
2024-09-18 10:20:32.202,410.454198980893,1003
2024-09-18 10:20:32.281,410.4677055938162,105
2024-09-18 10:20:32.302,410.4904891063575,104
2024-09-18 10:20:32.380,410.4738108037011,1003
2024-09-18 10:20:32.466,410.4769209680989,102
2024-09-18 10:20:32.485,410.4691310682306,999
2024-09-18 10:20:32.532,410.467479112723,11
2024-09-18 10:20:32.617,410.4573986286583,98
2024-09-18 10:20:32.665,410.49698247253775,103
2024-09-18 10:20:32.717,410.4607358884936,1003
2024-09-18 10:20:32.723,410.4723373545884,1000
2024-09-18 10:20:32.739,410.4756800346656,1002
2024-09-18 10:20:32.742,410.49332299440505,13
2024-09-18 10:20:32.760,410.4848739395268,9
2024-09-18 10:20:32.839,410.4812294869742,101
2024-09-18 10:20:32.867,410.4569874092357,101
2024-09-18 10:20:32.868,410.4643218930058,103
2024-09-18 10:20:32.894,41.04842781923744,9
2024-09-18 10:20:32.924,410.4831047292473,102
2024-09-18 10:20:32.946,410.4804832156837,96
2024-09-18 10:20:32.961,410.455957239279,97
2024-09-18 10:20:32.986,410.4552301442742,101
2024-09-18 10:20:32.990,410.4774588048397,5
2024-09-18 10:20:32.995,410.4882333000756,98
2024-09-18 10:20:33.046,410.4586681201998,98
2024-09-18 10:20:33.111,410.4573631139879,13
2024-09-18 10:20:33.191,410.4559774575161,6
2024-09-18 10:20:33.221,410.4724382155609,8
2024-09-18 10:20:33.241,410.4263564949391,15
2024-09-18 10:20:33.264,410.4643802335052,99
2024-09-18 10:20:33.285,410.3815852288385,11
2024-09-18 10:20:33.293,410.41580294765214,102
2024-09-18 10:20:33.294,410.4376659338386,10
2024-09-18 10:20:33.307,410.4246824694478,1005
2024-09-18 10:20:33.307,410.4442986049283,99
2024-09-18 10:20:33.329,410.3892988162172,8
2024-09-18 10:20:33.333,410.3948850319017,999
2024-09-18 10:20:33.351,410.455944181509,15
2024-09-18 10:20:33.424,410.3890150977943,9
2024-09-18 10:20:33.443,410.47426386745457,997
2024-09-18 10:20:33.448,410.44712439508805,95
2024-09-18 10:20:33.464,410.4506793010378,996
2024-09-18 10:20:33.474,410.4167580923529,98
2024-09-18 10:20:33.507,410.392153506136,6
2024-09-18 10:20:33.528,410.45101521404575,1003
2024-09-18 10:20:33.591,410.3996294674215,13
2024-09-18 10:20:33.672,410.4505200487167,1004
2024-09-18 10:20:33.817,410.4610279671776,999
2024-09-18 10:20:33.832,41.04617172862163,15
2024-09-18 10:20:33.925,410.44167266194586,995
2024-09-18 10:20:33.960,410.3948875521752,15
2024-09-18 10:20:33.969,410.3887300234085,6
2024-09-18 10:20:33.980,410.4458084947291,11
2024-09-18 10:20:34.004,410.3430687761197,1001
2024-09-18 10:20:34.011,410.3658101202982,15
2024-09-18 10:20:34.029,410.34243936924975,105
2024-09-18 10:20:34.078,410.3619186485598,102
2024-09-18 10:20:34.103,410.3382534928574,11
2024-09-18 10:20:34.203,410.35732256535664,103
2024-09-18 10:20:34.227,410.4083634602084,1002
2024-09-18 10:20:34.267,410.40323030522256,1003
2024-09-18 10:20:34.322,410.36805604123214,1005
2024-09-18 10:20:34.362,410.35208789130496,1003
2024-09-18 10:20:34.366,410.355501583035,5
2024-09-18 10:20:34.370,410.3921648016889,100
2024-09-18 10:20:34.378,410.3823426879396,14
2024-09-18 10:20:34.521,410.35328073961546,99
2024-09-18 10:20:34.627,410.3533480410693,1005
2024-09-18 10:20:34.628,410.386572745122,95
2024-09-18 10:20:34.636,410.4355647373975,1003
2024-09-18 10:20:34.731,410.37545467730087,96
2024-09-18 10:20:34.764,410.35900275931857,99
2024-09-18 10:20:34.800,410.3949834049983,8
2024-09-18 10:20:34.802,410.3785321040528,103
2024-09-18 10:20:34.825,410.3644674150048,1001
2024-09-18 10:20:34.854,410.3418972122846,101
2024-09-18 10:20:34.884,410.3778429641068,996
2024-09-18 10:20:34.929,410.37627724194334,102
2024-09-18 10:20:35.041,410.2874726031487,5
2024-09-18 10:20:35.043,410.3530138281283,1004
2024-09-18 10:20:35.056,410.3272537660216,96
2024-09-18 10:20:35.091,41.03432393708172,95
2024-09-18 10:20:35.104,410.2976122812559,9
2024-09-18 10:20:35.150,,95
2024-09-18 10:20:35.156,410.286992813801,5
2024-09-18 10:20:35.178,410.30763328755984,105
2024-09-18 10:20:35.208,410.318245305568,13
2024-09-18 10:20:35.327,410.29601799147457,104
2024-09-18 10:20:35.382,410.2851769707213,1001
2024-09-18 10:20:35.410,410.327039174244,103
2024-09-18 10:20:35.430,410.2844852071858,96
2024-09-18 10:20:35.465,410.2984999615134,98
2024-09-18 10:20:35.538,410.3025809855826,999
2024-09-18 10:20:35.570,410.2907742887606,10
2024-09-18 10:20:35.589,410.2919618092473,97
2024-09-18 10:20:35.652,410.2840496037667,101
2024-09-18 10:20:35.710,410.32264058878536,1005
2024-09-18 10:20:35.710,410.3307580902043,105
2024-09-18 10:20:35.746,410.3440921733497,999
2024-09-18 10:20:35.774,410.2794190588802,13
2024-09-18 10:20:35.835,410.2836436412893,102
2024-09-18 10:20:35.846,410.3414828204925,104
2024-09-18 10:20:35.847,410.29348548304574,9
2024-09-18 10:20:35.849,410.3120552809623,105
2024-09-18 10:20:35.867,410.32012005496375,1004
2024-09-18 10:20:35.906,410.3319690229704,103
2024-09-18 10:20:35.910,410.3246362454401,1000
2024-09-18 10:20:35.911,410.29510521690094,995
2024-09-18 10:20:36.010,410.3523437473784,7
2024-09-18 10:20:36.054,410.3701311021932,12
2024-09-18 10:20:36.086,410.3100447408571,997
2024-09-18 10:20:36.088,410.32620190478247,999
2024-09-18 10:20:36.131,410.3776895791591,997
2024-09-18 10:20:36.175,-410.3706930596618,7
2024-09-18 10:20:36.231,410.2983185355771,10
2024-09-18 10:20:36.284,410.3182946848203,105
2024-09-18 10:20:36.296,410.3510165152799,11
2024-09-18 10:20:36.304,410.3197974437373,996
2024-09-18 10:20:36.304,410.3658118062889,14
2024-09-18 10:20:36.349,410.2993135730093,104
2024-09-18 10:20:36.349,410.33685321257775,105
2024-09-18 10:20:36.358,410.3503382528908,998
2024-09-18 10:20:36.387,410.304580519403,103
2024-09-18 10:20:36.510,410.3286484527942,13
2024-09-18 10:20:36.522,410.31782206948384,11
2024-09-18 10:20:36.538,410.348012360233,1003
2024-09-18 10:20:36.543,410.3568513482104,98
2024-09-18 10:20:36.611,410.3499939363865,103
2024-09-18 10:20:36.745,410.3341864115629,996
2024-09-18 10:20:36.747,410.3540272927751,102
2024-09-18 10:20:36.751,410.293575145088,98
2024-09-18 10:20:36.785,410.3615108676247,100
2024-09-18 10:20:36.838,410.3536750121629,7
2024-09-18 10:20:36.844,410.3680583641228,999
2024-09-18 10:20:36.860,410.34515564698256,96
2024-09-18 10:20:36.901,410.31117770621125,97
2024-09-18 10:20:36.955,410.280232422399,100
2024-09-18 10:20:36.969,410.35049074759,1000
2024-09-18 10:20:37.068,410.38558301982647,12
2024-09-18 10:20:37.079,410.3854208196174,1001
2024-09-18 10:20:37.287,410.36335878491553,1000
2024-09-18 10:20:37.618,410.4090711335662,98
2024-09-18 10:20:37.782,410.3706013001519,14
2024-09-18 10:20:37.850,410.3880551721398,96
2024-09-18 10:20:37.850,410.3797717300971,5
2024-09-18 10:20:37.889,410.3754684626746,95
2024-09-18 10:20:37.976,410.3796795347695,104
2024-09-18 10:20:38.213,410.4153807353153,1005
2024-09-18 10:20:38.276,410.41318169879605,1004
2024-09-18 10:20:39.061,410.4178430107668,97
2024-09-18 10:20:39.071,410.4112183487389,102
2024-09-18 10:20:39.131,410.4158089440612,102
2024-09-18 10:20:39.166,410.4089168967397,14
2024-09-18 10:20:39.214,410.40476260818775,999
2024-09-18 10:20:39.488,410.39086102452205,1004
2024-09-18 10:20:39.545,410.3950426138174,13
2024-09-18 10:20:39.552,410.41710017442784,104
2024-09-18 10:20:39.644,410.37578096560713,997
2024-09-18 10:20:39.660,410.4216932689228,9
2024-09-18 10:20:39.767,410.42531406386735,103
2024-09-18 10:20:39.816,410.4011081774855,105
2024-09-18 10:20:40.088,410.4008280819976,99
2024-09-18 10:20:40.092,410.4156996272207,1005
2024-09-18 10:20:40.122,410.4402819829107,12
2024-09-18 10:20:40.173,410.4243681982532,995
2024-09-18 10:20:40.194,410.4066695649124,97
2024-09-18 10:20:40.216,410.38501731134784,97
2024-09-18 10:20:40.219,410.4506361059913,8
2024-09-18 10:20:40.230,410.42122447648615,99
2024-09-18 10:20:40.234,410.3779764561148,102
2024-09-18 10:20:40.251,410.3779877082997,11
2024-09-18 10:20:40.268,410.3959101709128,999
2024-09-18 10:20:40.279,410.44397440235326,102
2024-09-18 10:20:40.279,,1004
2024-09-18 10:20:40.302,410.3829433277818,996
2024-09-18 10:20:40.330,410.39479354245634,6
2024-09-18 10:20:40.432,410.3906595950885,9
2024-09-18 10:20:40.446,410.3730486254564,14
2024-09-18 10:20:40.448,410.3827606410081,104
2024-09-18 10:20:40.655,410.3968577409389,6
2024-09-18 10:20:40.678,410.3804894621337,996
2024-09-18 10:20:40.749,410.409368582795,11
2024-09-18 10:20:40.758,410.4185644958332,103
2024-09-18 10:20:40.873,410.3675992197228,100
2024-09-18 10:20:40.933,410.4353533405138,1000
2024-09-18 10:20:40.954,410.38539752704617,1005
2024-09-18 10:20:40.963,410.3918980091341,997
2024-09-18 10:20:40.970,410.415513397792,100
2024-09-18 10:20:41.023,410.2796477528661,1001
2024-09-18 10:20:41.024,410.3558231618461,1001
2024-09-18 10:20:41.137,410.3214890674432,7
2024-09-18 10:20:41.160,410.2805876684511,12
2024-09-18 10:20:41.210,410.2467082331437,1004
2024-09-18 10:20:41.257,410.3257198056263,105
2024-09-18 10:20:41.367,410.27374786714313,1005
2024-09-18 10:20:41.457,410.2941626210945,1004
2024-09-18 10:20:41.494,410.28847196739713,1002
2024-09-18 10:20:41.503,410.3431043654067,6
2024-09-18 10:20:41.588,410.26203650517886,7
2024-09-18 10:20:41.619,410.30851950722086,11
2024-09-18 10:20:41.626,410.2866074409758,105
2024-09-18 10:20:41.660,410.28778770058415,1000
2024-09-18 10:20:41.666,410.3059334053816,102
2024-09-18 10:20:41.668,410.3011702610028,996
2024-09-18 10:20:41.675,410.2409685709002,1004
2024-09-18 10:20:41.717,410.3754278281267,102
2024-09-18 10:20:41.769,410.2536746308621,98
2024-09-18 10:20:41.804,41.02534466000613,101
2024-09-18 10:20:41.840,410.3645279241208,1003
2024-09-18 10:20:41.856,410.3210831343784,11
2024-09-18 10:20:41.868,410.3663135683672,98
2024-09-18 10:20:41.889,410.254182795543,99
2024-09-18 10:20:41.962,410.33957020871946,105
2024-09-18 10:20:41.987,410.3090296410716,1003
2024-09-18 10:20:42.027,410.3461698312183,101
2024-09-18 10:20:42.157,410.3123541682367,100
2024-09-18 10:20:42.181,410.4051172776663,1004
2024-09-18 10:20:42.199,410.3663109409702,10
2024-09-18 10:20:42.238,410.3805326080627,995
2024-09-18 10:20:42.339,410.403105191671,9
2024-09-18 10:20:42.410,410.3173275040871,997
2024-09-18 10:20:42.419,410.3959037489306,99
2024-09-18 10:20:42.468,410.35529981756486,104
2024-09-18 10:20:42.487,410.4040586991086,1003
2024-09-18 10:20:42.505,410.3850761022561,101
2024-09-18 10:20:42.689,410.3175804470639,1003
2024-09-18 10:20:42.710,410.32076704500776,99
2024-09-18 10:20:42.768,410.40495302535714,101
2024-09-18 10:20:42.813,410.38282430598406,998
2024-09-18 10:20:42.896,410.32449104092456,99
2024-09-18 10:20:42.959,410.3505464163627,998
2024-09-18 10:20:43.088,410.3517366974807,1000
2024-09-18 10:20:43.106,410.3596031365299,1004
2024-09-18 10:20:43.113,410.3926070887365,103
2024-09-18 10:20:43.217,410.34551833601097,99
2024-09-18 10:20:43.360,410.39572919493145,15
2024-09-18 10:20:43.374,410.3445546592384,1005
2024-09-18 10:20:43.411,410.3432454443222,98
2024-09-18 10:20:43.468,410.3566687908016,10
2024-09-18 10:20:43.475,410.34681707954456,1002
2024-09-18 10:20:43.475,410.34758695957294,998
2024-09-18 10:20:43.481,410.35395793658944,1004
2024-09-18 10:20:43.533,410.3679294503774,101
2024-09-18 10:20:43.537,410.35862572589264,998
2024-09-18 10:20:43.541,410.36677409979984,105
2024-09-18 10:20:43.556,410.3609210226636,105
2024-09-18 10:20:43.695,410.3531844437133,6
2024-09-18 10:20:43.739,410.35780570663513,104
2024-09-18 10:20:43.764,410.3838715818199,103
2024-09-18 10:20:43.816,410.3359862105236,99
2024-09-18 10:20:43.846,410.38276629271087,1000
2024-09-18 10:20:43.856,410.3531964816554,7
2024-09-18 10:20:43.867,410.36372854625074,13
2024-09-18 10:20:43.873,410.35524642642986,1003
2024-09-18 10:20:43.886,410.3531289965673,105
2024-09-18 10:20:43.927,410.3659935967791,1003
2024-09-18 10:20:43.951,410.352240161275,1002
2024-09-18 10:20:44.101,410.3134445251134,11
2024-09-18 10:20:44.146,410.33024021069446,1003
2024-09-18 10:20:44.208,410.3918038130105,5
2024-09-18 10:20:44.277,410.3398380521119,96
2024-09-18 10:20:44.286,410.38259966704686,103
2024-09-18 10:20:44.374,410.3762451173009,95
2024-09-18 10:20:44.406,410.33501236005486,14
2024-09-18 10:20:44.605,410.346659324198,10
2024-09-18 10:20:44.626,410.3508676833337,9
2024-09-18 10:20:44.877,410.39280172627207,8
2024-09-18 10:20:44.887,41.03222284452615,998
2024-09-18 10:20:44.938,410.3545268531939,999
2024-09-18 10:20:45.023,410.4099487096315,100
2024-09-18 10:20:45.193,410.3891319624684,105
2024-09-18 10:20:45.210,410.4161627048795,104
2024-09-18 10:20:45.225,410.3673933375729,99
2024-09-18 10:20:45.238,410.4356293859788,997
2024-09-18 10:20:45.245,410.3859924392952,9
2024-09-18 10:20:45.298,410.4112789177642,6
2024-09-18 10:20:45.302,410.3968963248199,99
2024-09-18 10:20:45.331,410.3952706350697,98
2024-09-18 10:20:45.333,410.3743298915832,15
2024-09-18 10:20:45.347,410.4070670535327,996
2024-09-18 10:20:45.422,410.445324831329,95
2024-09-18 10:20:45.475,410.42218251733055,1004
2024-09-18 10:20:45.482,410.3720995012873,104
2024-09-18 10:20:45.530,410.3750170490264,95
2024-09-18 10:20:45.637,410.4078994003272,8
2024-09-18 10:20:45.698,410.4191668415503,97
2024-09-18 10:20:45.699,410.3762636111541,6
2024-09-18 10:20:45.736,410.3982203037818,95
2024-09-18 10:20:45.826,410.4118525124754,101
2024-09-18 10:20:45.847,410.4074548741845,999
2024-09-18 10:20:45.863,410.4288579274797,1004
2024-09-18 10:20:45.870,410.4358778327194,6
2024-09-18 10:20:45.894,410.3892437304314,12
2024-09-18 10:20:45.907,410.3879722000372,101
2024-09-18 10:20:45.913,410.3760258197657,8
2024-09-18 10:20:45.927,410.4136339461231,6
2024-09-18 10:20:45.961,410.42136828713546,1005
2024-09-18 10:20:46.072,410.4147902403373,102
2024-09-18 10:20:46.109,410.4507030670505,6
2024-09-18 10:20:46.140,410.4062271714177,11
2024-09-18 10:20:46.166,410.4708254995656,99
2024-09-18 10:20:46.179,410.4530000980777,8
2024-09-18 10:20:46.227,410.4517747906535,103
2024-09-18 10:20:46.251,410.40550601152194,104
2024-09-18 10:20:46.313,410.4475663005045,96
2024-09-18 10:20:46.363,410.4537946840079,1004
2024-09-18 10:20:46.371,410.417347777186,100
2024-09-18 10:20:46.453,410.43571170735805,103
2024-09-18 10:20:46.512,410.4223126483322,1003
2024-09-18 10:20:46.534,410.4539465726913,97
2024-09-18 10:20:46.540,410.4132782113164,96
2024-09-18 10:20:46.558,410.40270165504535,95
2024-09-18 10:20:46.614,410.4350286878218,996
2024-09-18 10:20:46.695,410.44351094945694,10
2024-09-18 10:20:46.734,410.4407243278746,13
2024-09-18 10:20:46.783,410.4492939402736,98
2024-09-18 10:20:46.802,410.4767755099736,10
2024-09-18 10:20:46.825,410.468860450612,997
2024-09-18 10:20:46.879,410.4600703057688,998
2024-09-18 10:20:46.913,410.4557162639844,12
2024-09-18 10:20:47.096,410.44701120141696,101
2024-09-18 10:20:47.113,410.4293469243267,96
2024-09-18 10:20:47.122,410.4386035087932,996
2024-09-18 10:20:47.172,410.4275105380706,998
2024-09-18 10:20:47.272,410.4182168780839,6
2024-09-18 10:20:47.322,410.4559452162072,95
2024-09-18 10:20:47.402,410.43939687244927,98
2024-09-18 10:20:47.435,410.430653122416,12
2024-09-18 10:20:47.456,410.43062114680026,9
2024-09-18 10:20:47.710,410.4301108699616,103
2024-09-18 10:20:47.766,410.4056064709261,105
2024-09-18 10:20:47.824,410.4624315100001,8
2024-09-18 10:20:47.859,410.4503218137317,996
2024-09-18 10:20:48.002,410.4710412270208,103
2024-09-18 10:20:48.020,,13
2024-09-18 10:20:48.028,410.5075754973882,995
2024-09-18 10:20:48.031,410.5148071674428,996
2024-09-18 10:20:48.099,410.4613079728968,1000
2024-09-18 10:20:48.117,410.4695032575327,15
2024-09-18 10:20:48.119,410.49463725487055,103
2024-09-18 10:20:48.125,410.4973089218569,15
2024-09-18 10:20:48.156,410.4582622806768,14
2024-09-18 10:20:48.208,410.4667458285703,100
2024-09-18 10:20:48.314,410.4862657636013,6
2024-09-18 10:20:48.317,410.4766493309268,8
2024-09-18 10:20:48.322,410.4770427719639,1003
2024-09-18 10:20:48.374,410.4750050656551,103
2024-09-18 10:20:48.443,410.48463291457927,14
2024-09-18 10:20:48.448,410.5017377952423,996
2024-09-18 10:20:48.454,410.4521058323406,95
2024-09-18 10:20:48.478,41.04390101123691,95
2024-09-18 10:20:48.480,410.49411288984726,996
2024-09-18 10:20:48.491,410.4495904589137,13
2024-09-18 10:20:48.543,-410.4502169097622,14
2024-09-18 10:20:48.551,410.4772439264143,9
2024-09-18 10:20:48.574,410.4751922191845,103
2024-09-18 10:20:48.674,410.4972084828612,10
2024-09-18 10:20:48.712,410.4860408781242,98
2024-09-18 10:20:48.730,410.45932024571977,98
2024-09-18 10:20:48.808,410.47894036221686,102
2024-09-18 10:20:48.842,410.4981354993492,1000
2024-09-18 10:20:48.845,410.4972534982362,103
2024-09-18 10:20:49.039,410.466050853632,13
2024-09-18 10:20:49.198,410.4774573331177,995
2024-09-18 10:20:49.221,410.43708273387495,97
2024-09-18 10:20:49.342,410.4305539934641,13
2024-09-18 10:20:49.368,410.45204878083086,12
2024-09-18 10:20:49.389,410.45099243763815,101
2024-09-18 10:20:49.464,410.4853814374379,8
2024-09-18 10:20:49.483,410.4261801653327,11
2024-09-18 10:20:49.789,41.0477971078673,7
2024-09-18 10:20:49.799,410.4168375062734,13
2024-09-18 10:20:49.920,410.4854673505477,99
2024-09-18 10:20:49.952,410.44095761459215,15
2024-09-18 10:20:49.986,410.4568397756615,95
2024-09-18 10:20:50.029,410.4420311398079,15
2024-09-18 10:20:50.132,410.4378007965203,99
2024-09-18 10:20:50.146,410.4298380622342,15
2024-09-18 10:20:50.418,410.4351865850668,96
2024-09-18 10:20:50.440,410.4370240804601,1005
2024-09-18 10:20:50.810,410.4437786553856,1002
2024-09-18 10:20:51.117,410.4964630440355,997
2024-09-18 10:20:51.271,410.48833163122106,6
2024-09-18 10:20:51.303,410.5097411569213,14
2024-09-18 10:20:51.315,410.4987286337823,998
2024-09-18 10:20:51.343,410.49245043965135,8
2024-09-18 10:20:51.465,410.4980225576565,7
2024-09-18 10:20:51.482,410.4840706239623,105
2024-09-18 10:20:51.714,410.4901869145722,15
2024-09-18 10:20:51.731,410.4992204499527,1002
2024-09-18 10:20:51.897,410.4697831888889,100
2024-09-18 10:20:51.927,410.4441989191637,6
2024-09-18 10:20:52.003,410.57324674004144,12
2024-09-18 10:20:52.011,410.560906870945,996
2024-09-18 10:20:52.028,410.5329639199524,1003
2024-09-18 10:20:52.032,410.5257105440389,96
2024-09-18 10:20:52.097,410.53236737304746,997
2024-09-18 10:20:52.147,410.517640617326,997
2024-09-18 10:20:52.159,410.54407397377474,97
2024-09-18 10:20:52.183,410.5227679842743,998
2024-09-18 10:20:52.252,410.5691461829974,10
2024-09-18 10:20:52.279,410.555017554608,96
2024-09-18 10:20:52.385,410.5262455418499,6
2024-09-18 10:20:52.471,410.596631369754,998
2024-09-18 10:20:52.523,410.5317609112713,995
2024-09-18 10:20:52.554,410.5192552671791,100
2024-09-18 10:20:52.662,410.5532751256983,1001
2024-09-18 10:20:52.708,410.52470071765765,996
2024-09-18 10:20:52.741,410.5211238112609,13
2024-09-18 10:20:52.773,410.52566294599137,101
2024-09-18 10:20:52.796,410.5253020358163,13
2024-09-18 10:20:52.825,410.5815694635003,996
2024-09-18 10:20:52.893,410.5588195362871,99
2024-09-18 10:20:52.920,410.5348341043138,11
2024-09-18 10:20:52.938,,996
2024-09-18 10:20:52.968,410.54913287319135,15
2024-09-18 10:20:53.000,410.5697967235125,100
2024-09-18 10:20:53.021,410.5193801104622,15
2024-09-18 10:20:53.055,410.54079081732414,1002
2024-09-18 10:20:53.120,410.5197286856159,8
2024-09-18 10:20:53.198,410.5735766806048,95
2024-09-18 10:20:53.217,,99
2024-09-18 10:20:53.258,410.5590018909408,104
2024-09-18 10:20:53.319,410.5561007497132,7
2024-09-18 10:20:53.339,410.51459205703856,100
2024-09-18 10:20:53.363,410.5348506789107,8
2024-09-18 10:20:53.379,410.521105789944,7
2024-09-18 10:20:53.416,410.5446313635701,995
2024-09-18 10:20:53.480,410.5219225044774,7
2024-09-18 10:20:53.484,410.547494810837,12
2024-09-18 10:20:53.517,410.5452242777136,999
2024-09-18 10:20:53.528,410.5216970038966,1001
2024-09-18 10:20:53.581,410.5621815563559,105
2024-09-18 10:20:53.594,410.5304246330893,6
2024-09-18 10:20:53.607,410.5130644732576,105
2024-09-18 10:20:53.710,410.54771947589165,6
2024-09-18 10:20:53.727,410.5557566364631,13
2024-09-18 10:20:53.760,410.5422359579929,1000
2024-09-18 10:20:53.762,410.5133265495624,999
2024-09-18 10:20:53.803,410.5241517170751,96
2024-09-18 10:20:53.816,410.544371959955,1005
2024-09-18 10:20:53.846,410.5519905503463,103
2024-09-18 10:20:53.851,410.557639295438,95
2024-09-18 10:20:53.860,410.57500407353206,100
2024-09-18 10:20:53.940,410.51333264198297,95
2024-09-18 10:20:53.957,410.54179164424914,13
2024-09-18 10:20:54.338,410.5402541337204,1001
2024-09-18 10:20:54.666,410.5083734053225,96
2024-09-18 10:20:54.843,410.517803588487,5
2024-09-18 10:20:55.019,-410.5512968451666,9
2024-09-18 10:20:55.125,410.5146527652622,12
2024-09-18 10:20:55.212,410.5090369824442,104
2024-09-18 10:20:55.242,41.0515466950379,98
2024-09-18 10:20:55.252,410.5421677807204,97
2024-09-18 10:20:55.288,410.5424605549947,1003
2024-09-18 10:20:55.529,410.5141232632976,103
2024-09-18 10:20:55.531,410.5365882014289,103
2024-09-18 10:20:55.617,410.520461830354,1001
2024-09-18 10:20:55.629,410.5538623986638,6
2024-09-18 10:20:55.656,410.51373460232656,105
2024-09-18 10:20:55.691,410.53300626492,9
2024-09-18 10:20:55.734,410.5172210133949,1005
2024-09-18 10:20:55.768,410.5227399349193,15
2024-09-18 10:20:55.843,410.5376570629144,96
2024-09-18 10:20:56.030,410.5730783666994,13
2024-09-18 10:20:56.064,410.5528778741305,995
2024-09-18 10:20:56.196,410.570813692017,1005
2024-09-18 10:20:56.225,410.5646748842786,12
2024-09-18 10:20:56.362,410.5764998274822,13
2024-09-18 10:20:56.419,410.5502010988002,1000
2024-09-18 10:20:56.495,410.5798068219888,1005
2024-09-18 10:20:56.532,410.57047821228366,10
2024-09-18 10:20:56.710,410.590576745881,7
2024-09-18 10:20:56.739,410.55996850696647,8
2024-09-18 10:20:56.782,410.576263128188,15
2024-09-18 10:20:56.785,410.5504134573035,1001
2024-09-18 10:20:56.792,410.56324930259,1001
2024-09-18 10:20:56.854,410.570252793318,1003
2024-09-18 10:20:56.896,410.5805653166691,12
2024-09-18 10:20:56.913,410.55319763857307,100
2024-09-18 10:20:56.919,410.54996374623664,104
2024-09-18 10:20:56.962,410.5555484760163,999
2024-09-18 10:20:57.128,410.5432657681912,105
2024-09-18 10:20:57.146,410.5514151167437,6
2024-09-18 10:20:57.250,410.5524411580869,97
2024-09-18 10:20:57.333,410.5783225312515,101
2024-09-18 10:20:57.497,410.5378873600873,7
2024-09-18 10:20:57.635,410.5424923530135,1001
2024-09-18 10:20:57.873,410.54429880913136,99
2024-09-18 10:20:57.879,410.5495897338003,1002
2024-09-18 10:20:57.989,410.5489759903069,14
2024-09-18 10:20:58.023,410.5576628207731,7
2024-09-18 10:20:58.168,410.5755483651667,96
2024-09-18 10:20:58.240,410.568284727555,995
2024-09-18 10:20:58.242,410.57610056250905,996
2024-09-18 10:20:58.265,410.57780965078257,1004
2024-09-18 10:20:58.321,410.563714702984,998
2024-09-18 10:20:58.446,410.5878407295456,15
2024-09-18 10:20:58.465,410.5802002865748,104
2024-09-18 10:20:58.480,410.5754379655436,995
2024-09-18 10:20:58.606,410.5752403879233,1001
2024-09-18 10:20:58.775,410.5815214213132,996
2024-09-18 10:20:58.833,410.5707185929033,1001
2024-09-18 10:20:58.870,410.579737644657,105
2024-09-18 10:20:58.907,410.591712205655,999
2024-09-18 10:20:58.981,410.5701226300103,8
2024-09-18 10:20:59.183,410.5538295101358,7
2024-09-18 10:20:59.351,410.5740967002256,997
2024-09-18 10:20:59.564,410.5807019557882,5
2024-09-18 10:20:59.670,410.5725124447728,1003
