Timestamp,Price,Size
2024-09-18 13:10:00.431,415.72727839915336,13
2024-09-18 13:10:01.049,415.6643612522572,6
2024-09-18 13:10:01.194,415.67592933960486,100
2024-09-18 13:10:01.247,415.6689590717364,101
2024-09-18 13:10:01.274,415.6680524173854,1005
2024-09-18 13:10:01.383,415.6780210551546,105
2024-09-18 13:10:01.412,415.6772885622383,1005
2024-09-18 13:10:01.504,415.6785284286292,7
2024-09-18 13:10:01.507,415.67284647607335,10
2024-09-18 13:10:01.625,415.6864248860296,997
2024-09-18 13:10:01.939,415.6849405182502,102
2024-09-18 13:10:01.947,415.7049270594089,11
2024-09-18 13:10:01.953,415.67475016572354,95
2024-09-18 13:10:01.956,415.6818982713679,105
2024-09-18 13:10:02.144,415.6690194266016,14
2024-09-18 13:10:02.364,415.659376347241,99
2024-09-18 13:10:02.476,,98
2024-09-18 13:10:02.803,415.6459980973409,1005
2024-09-18 13:10:02.806,415.6686107321784,1000
2024-09-18 13:10:02.900,415.6358104621524,1003
2024-09-18 13:10:03.027,415.55416412767465,14
2024-09-18 13:10:03.079,415.5271928534844,996
2024-09-18 13:10:03.264,415.6284126806041,1002
2024-09-18 13:10:03.285,415.6015779640341,997
2024-09-18 13:10:03.319,415.609571646058,101
2024-09-18 13:10:03.387,415.5788604552659,99
2024-09-18 13:10:03.389,415.5750733834223,8
2024-09-18 13:10:03.503,415.5267825717452,104
2024-09-18 13:10:03.529,415.53989854134585,101
2024-09-18 13:10:03.600,415.5563719736679,103
2024-09-18 13:10:03.643,415.5641757922977,14
2024-09-18 13:10:03.763,415.5764099233223,5
2024-09-18 13:10:03.775,415.5859458095345,12
2024-09-18 13:10:03.853,415.6016194490589,1004
2024-09-18 13:10:03.875,415.6217425424052,10
2024-09-18 13:10:03.944,415.5382860590397,10
2024-09-18 13:10:04.017,415.556343552572,996
2024-09-18 13:10:04.020,415.511673395831,104
2024-09-18 13:10:04.075,415.5764392607195,9
2024-09-18 13:10:04.096,415.5426988322975,1002
2024-09-18 13:10:04.142,415.52494582344167,14
2024-09-18 13:10:04.149,415.50510361035526,1005
2024-09-18 13:10:04.162,415.5847611055863,1002
2024-09-18 13:10:04.173,415.52496441467264,997
2024-09-18 13:10:04.328,415.5736907893153,15
2024-09-18 13:10:04.407,41.55520753050777,997
2024-09-18 13:10:04.427,415.5772810859285,15
2024-09-18 13:10:04.472,415.5535018242956,1002
2024-09-18 13:10:04.491,415.5203856652042,1004
2024-09-18 13:10:04.570,415.57804561362826,99
2024-09-18 13:10:04.688,415.5256182646028,1004
2024-09-18 13:10:04.741,415.5034814744604,1003
2024-09-18 13:10:04.804,415.55857223772495,1004
2024-09-18 13:10:04.883,415.5563795701661,95
2024-09-18 13:10:04.929,415.5692443970024,995
2024-09-18 13:10:04.964,415.5057499164684,15
2024-09-18 13:10:04.982,415.5295346545813,15
2024-09-18 13:10:04.983,415.50745291946566,5
2024-09-18 13:10:05.086,,13
2024-09-18 13:10:05.097,415.56766153758383,9
2024-09-18 13:10:05.150,415.5461041715256,102
2024-09-18 13:10:05.202,415.54581383214713,12
2024-09-18 13:10:05.429,415.5317020281681,1005
2024-09-18 13:10:05.579,415.5531860679869,998
2024-09-18 13:10:05.581,415.5291036613943,98
2024-09-18 13:10:05.595,415.5469163589664,995
2024-09-18 13:10:05.604,415.6254513889031,6
2024-09-18 13:10:05.611,415.5356561237799,1004
2024-09-18 13:10:05.620,415.5403331092306,998
2024-09-18 13:10:05.698,415.6079822620623,12
2024-09-18 13:10:05.699,415.5583615779663,97
2024-09-18 13:10:05.760,415.6105833420183,15
2024-09-18 13:10:05.769,415.5797355117201,1005
2024-09-18 13:10:05.810,415.5266665830085,10
2024-09-18 13:10:05.909,41.552488362607264,12
2024-09-18 13:10:05.995,415.59684076292274,15
2024-09-18 13:10:05.995,415.57567466508425,101
2024-09-18 13:10:06.012,415.5908345133788,95
2024-09-18 13:10:06.178,415.6202354073683,102
2024-09-18 13:10:06.432,415.62437127298097,15
2024-09-18 13:10:06.506,415.6228198736648,1005
2024-09-18 13:10:06.681,415.6285285697821,8
2024-09-18 13:10:06.922,415.63035254209615,1005
2024-09-18 13:10:06.999,415.6369057721336,11
2024-09-18 13:10:07.176,415.6066712634121,11
2024-09-18 13:10:07.186,415.64088544547946,998
2024-09-18 13:10:07.204,415.6229061284001,5
2024-09-18 13:10:07.213,415.5746969644215,14
2024-09-18 13:10:07.220,415.6053503092277,99
2024-09-18 13:10:07.223,415.6288111347175,101
2024-09-18 13:10:07.339,415.5927290465925,103
2024-09-18 13:10:07.399,415.5932831877508,96
2024-09-18 13:10:07.402,415.6114503604941,1001
2024-09-18 13:10:07.436,415.6008015891898,101
2024-09-18 13:10:07.442,415.6307036622645,997
2024-09-18 13:10:07.454,415.6253357541672,102
2024-09-18 13:10:07.513,415.6109392839759,14
2024-09-18 13:10:07.645,415.6116776919666,97
2024-09-18 13:10:07.668,415.5846418058692,1002
2024-09-18 13:10:07.673,415.5991801421552,7
2024-09-18 13:10:07.801,415.5914841157133,9
2024-09-18 13:10:07.890,415.6379317892015,15
2024-09-18 13:10:07.895,415.6314770517764,100
2024-09-18 13:10:07.911,415.6002038075987,996
2024-09-18 13:10:07.912,415.6185593530535,13
2024-09-18 13:10:08.082,415.67090396099,103
2024-09-18 13:10:08.154,415.6622445052354,1003
2024-09-18 13:10:08.274,415.6431843270983,996
2024-09-18 13:10:08.275,415.6174186903435,104
2024-09-18 13:10:08.355,415.65823487457226,997
2024-09-18 13:10:08.462,415.6632651646914,1002
2024-09-18 13:10:08.466,415.63418042339424,1005
2024-09-18 13:10:08.513,415.6422147019235,95
2024-09-18 13:10:08.547,415.6250864188696,6
2024-09-18 13:10:08.550,415.67904608597087,997
2024-09-18 13:10:08.611,415.6418110830672,997
2024-09-18 13:10:08.661,415.66129278733007,8
2024-09-18 13:10:08.727,415.6620863417754,103
2024-09-18 13:10:08.849,415.6680042390413,95
2024-09-18 13:10:08.854,415.6609778607115,105
2024-09-18 13:10:08.881,415.6481323756162,999
2024-09-18 13:10:08.920,415.6542583917234,995
2024-09-18 13:10:08.933,415.6576144144028,95
2024-09-18 13:10:08.979,415.6668328928443,1000
2024-09-18 13:10:09.222,415.6799065760889,1003
2024-09-18 13:10:09.624,415.6667762074929,10
2024-09-18 13:10:09.889,415.6772482164455,5
2024-09-18 13:10:10.067,415.6498854703792,9
2024-09-18 13:10:10.187,415.6596517919084,1004
2024-09-18 13:10:10.255,415.6605162615753,10
2024-09-18 13:10:10.682,415.6666914255063,1002
2024-09-18 13:10:11.035,415.6855387633236,1003
2024-09-18 13:10:11.084,415.6928325837078,1004
2024-09-18 13:10:11.180,415.7051821584251,998
2024-09-18 13:10:11.225,415.7188483467167,995
2024-09-18 13:10:11.311,415.6822705064013,14
2024-09-18 13:10:11.406,415.6747645404825,1003
2024-09-18 13:10:11.410,415.7212506519758,999
2024-09-18 13:10:11.455,415.7069372946547,104
2024-09-18 13:10:11.602,415.709130377202,997
2024-09-18 13:10:11.664,415.6656936039038,97
2024-09-18 13:10:11.863,415.6683671707719,101
2024-09-18 13:10:11.895,415.7138207960064,13
2024-09-18 13:10:12.257,415.702578238953,6
2024-09-18 13:10:12.298,415.7390344917403,95
2024-09-18 13:10:12.328,-415.7381997727506,997
2024-09-18 13:10:12.573,,998
2024-09-18 13:10:12.803,415.722812180411,995
2024-09-18 13:10:12.807,415.71639542419285,996
2024-09-18 13:10:13.127,415.6983600966955,1005
2024-09-18 13:10:13.410,415.7228592835218,1004
2024-09-18 13:10:13.700,415.7082326573132,10
2024-09-18 13:10:13.803,415.7071224985497,10
2024-09-18 13:10:13.904,415.7125669121902,14
2024-09-18 13:10:14.002,415.6452124087868,105
2024-09-18 13:10:14.136,415.65574208741737,104
2024-09-18 13:10:14.189,415.65461337049726,102
2024-09-18 13:10:14.245,415.6439474061912,1005
2024-09-18 13:10:14.274,415.6368343002245,10
2024-09-18 13:10:14.323,415.6595702016726,95
2024-09-18 13:10:14.342,415.6405742603956,998
2024-09-18 13:10:14.360,415.669517105446,6
2024-09-18 13:10:14.367,415.6531049960456,99
2024-09-18 13:10:14.438,415.6351718642934,99
2024-09-18 13:10:14.440,415.6579406666229,1003
2024-09-18 13:10:14.537,415.6216207501141,999
2024-09-18 13:10:14.604,415.6672860423204,97
2024-09-18 13:10:14.643,415.645495482072,1003
2024-09-18 13:10:14.993,415.6413382879003,104
2024-09-18 13:10:14.997,415.64120572986224,1003
2024-09-18 13:10:15.060,415.7047409306218,96
2024-09-18 13:10:15.232,415.6857212767741,1005
2024-09-18 13:10:15.488,415.6983650966106,1004
2024-09-18 13:10:15.697,415.6935869260884,10
2024-09-18 13:10:15.983,415.668111065395,1002
2024-09-18 13:10:16.008,415.7485102126532,14
2024-09-18 13:10:16.075,415.76320880910725,998
2024-09-18 13:10:16.120,415.73317587699927,998
2024-09-18 13:10:16.155,415.759493427159,105
2024-09-18 13:10:16.173,415.7971809436117,1000
2024-09-18 13:10:16.245,415.7364816362554,1002
2024-09-18 13:10:16.307,415.79840338959895,8
2024-09-18 13:10:16.354,415.7407490837297,7
2024-09-18 13:10:16.453,415.7372796419201,6
2024-09-18 13:10:16.521,415.7835949635175,11
2024-09-18 13:10:16.575,415.7782637524228,9
2024-09-18 13:10:16.607,415.7434017406157,103
2024-09-18 13:10:16.662,415.7965117385074,105
2024-09-18 13:10:16.723,415.82236591581983,12
2024-09-18 13:10:16.797,415.7388957442317,103
2024-09-18 13:10:16.826,-415.7302499210327,995
2024-09-18 13:10:16.830,415.7541659298488,103
2024-09-18 13:10:16.948,415.7452509761866,997
2024-09-18 13:10:17.035,415.8009703244858,9
2024-09-18 13:10:17.049,415.8036546884416,99
2024-09-18 13:10:17.069,415.80924037577824,1001
2024-09-18 13:10:17.071,415.796068017861,998
2024-09-18 13:10:17.431,415.8240234965973,13
2024-09-18 13:10:17.431,415.8170665201368,995
2024-09-18 13:10:17.460,415.780254616307,7
2024-09-18 13:10:17.480,415.8070570120091,995
2024-09-18 13:10:17.522,415.8106591381951,15
2024-09-18 13:10:17.539,415.78823193454,5
2024-09-18 13:10:17.545,415.7911046470855,1000
2024-09-18 13:10:17.601,415.8000322006567,105
2024-09-18 13:10:17.616,415.8124991167916,98
2024-09-18 13:10:17.719,415.80405571119866,97
2024-09-18 13:10:17.757,415.8229354523043,995
2024-09-18 13:10:17.758,415.82082310843725,14
2024-09-18 13:10:17.769,415.81517286709874,10
2024-09-18 13:10:17.772,415.8145694147085,97
2024-09-18 13:10:17.831,415.79704971874526,1002
2024-09-18 13:10:17.861,415.8373848088309,97
2024-09-18 13:10:17.928,415.7986187967836,995
2024-09-18 13:10:17.956,415.7954419671463,7
2024-09-18 13:10:17.987,415.7934241494834,95
2024-09-18 13:10:18.703,415.8269663132948,996
2024-09-18 13:10:18.827,415.8236533934643,1003
2024-09-18 13:10:19.160,415.7530571264828,1004
2024-09-18 13:10:19.202,415.7770056659591,102
2024-09-18 13:10:19.317,415.7627033410028,998
2024-09-18 13:10:19.425,415.75809450689474,1002
2024-09-18 13:10:19.431,415.81514103235423,97
2024-09-18 13:10:19.716,415.7592747635338,1000
2024-09-18 13:10:19.718,415.8017158319341,101
2024-09-18 13:10:19.917,415.7678294936948,99
2024-09-18 13:10:20.033,415.8032225576138,105
2024-09-18 13:10:20.075,415.8205619780282,99
2024-09-18 13:10:20.267,415.7895857630663,10
2024-09-18 13:10:20.282,415.8275785874508,7
2024-09-18 13:10:20.325,415.8166182050281,1000
2024-09-18 13:10:20.400,415.76508075895833,100
2024-09-18 13:10:20.453,415.7671480393486,14
2024-09-18 13:10:20.482,415.8291898912671,103
2024-09-18 13:10:20.524,415.769109162559,1005
2024-09-18 13:10:20.543,415.8042606272583,15
2024-09-18 13:10:20.589,415.80155385800657,103
2024-09-18 13:10:20.593,415.7655103481554,95
2024-09-18 13:10:20.607,415.7608571395418,1000
2024-09-18 13:10:20.623,415.8417947188135,98
2024-09-18 13:10:20.662,415.8489982679602,102
2024-09-18 13:10:20.693,415.8052921180176,997
2024-09-18 13:10:20.745,-415.7992616217158,996
2024-09-18 13:10:20.753,415.8250394958328,8
2024-09-18 13:10:20.914,415.7780749161669,11
2024-09-18 13:10:20.946,415.83223529786,100
2024-09-18 13:10:21.022,415.8033044456851,101
2024-09-18 13:10:21.031,415.7640557658757,101
2024-09-18 13:10:21.042,415.7646130842083,101
2024-09-18 13:10:21.073,415.8147249277511,96
2024-09-18 13:10:21.077,,1000
2024-09-18 13:10:21.082,415.750673522456,13
2024-09-18 13:10:21.115,415.76624380420816,105
2024-09-18 13:10:21.145,415.786930476162,103
2024-09-18 13:10:21.255,415.8034057505203,10
2024-09-18 13:10:21.287,415.7495428951679,5
2024-09-18 13:10:21.348,415.7906281110373,98
2024-09-18 13:10:21.452,415.7615694306551,13
2024-09-18 13:10:21.453,415.7852630257578,998
2024-09-18 13:10:21.522,415.7569099519639,10
2024-09-18 13:10:21.522,415.774152200924,7
2024-09-18 13:10:21.523,415.7602592434751,1004
2024-09-18 13:10:21.567,415.7646863052789,1003
2024-09-18 13:10:21.577,415.75561871759015,9
2024-09-18 13:10:21.644,415.763247166579,9
2024-09-18 13:10:21.662,415.7770710342325,96
2024-09-18 13:10:21.745,415.7601607532766,12
2024-09-18 13:10:21.771,415.77046591309966,11
2024-09-18 13:10:21.775,415.7557111726117,13
2024-09-18 13:10:21.779,415.7710957014192,1004
2024-09-18 13:10:21.848,415.7769219358236,10
2024-09-18 13:10:21.933,415.7734173875613,995
2024-09-18 13:10:22.026,415.8535646685162,97
2024-09-18 13:10:22.099,415.7901936412592,102
2024-09-18 13:10:22.099,415.7612777359846,1004
2024-09-18 13:10:22.126,415.7584415342495,102
2024-09-18 13:10:22.199,415.8334033506073,98
2024-09-18 13:10:22.201,415.8233329642132,105
2024-09-18 13:10:22.210,415.8151712670097,105
2024-09-18 13:10:22.246,415.77567045565263,1002
2024-09-18 13:10:22.275,415.8016168509628,14
2024-09-18 13:10:22.291,415.8159671098414,1005
2024-09-18 13:10:22.326,415.80128013092855,97
2024-09-18 13:10:22.351,415.8449222008188,7
2024-09-18 13:10:22.359,415.8281357084308,15
2024-09-18 13:10:22.465,415.85318700166624,5
2024-09-18 13:10:22.498,415.8237331699584,998
2024-09-18 13:10:22.555,415.7751052449157,7
2024-09-18 13:10:22.562,415.8394519143541,104
2024-09-18 13:10:22.581,415.8388857841614,13
2024-09-18 13:10:22.588,415.8418333418392,96
2024-09-18 13:10:22.756,415.7669938891996,1003
2024-09-18 13:10:22.813,415.7769179121409,7
2024-09-18 13:10:22.826,415.83730620405873,7
2024-09-18 13:10:22.835,415.8352096350906,1003
2024-09-18 13:10:22.836,415.7668439864074,99
2024-09-18 13:10:22.947,415.8062093020668,7
2024-09-18 13:10:23.363,415.7740193628436,1003
2024-09-18 13:10:23.605,415.79765929012615,997
2024-09-18 13:10:23.610,415.761564789538,6
2024-09-18 13:10:23.650,415.78720080689055,96
2024-09-18 13:10:23.672,415.7387532086957,99
2024-09-18 13:10:23.700,415.777823913558,10
2024-09-18 13:10:23.718,415.7512562651168,8
2024-09-18 13:10:23.785,415.7904017904109,5
2024-09-18 13:10:23.785,415.80027663484464,7
2024-09-18 13:10:23.846,415.76020748142514,14
2024-09-18 13:10:23.903,415.784501201626,97
2024-09-18 13:10:23.948,415.7642661196815,12
2024-09-18 13:10:23.967,415.7535111540851,95
2024-09-18 13:10:24.132,415.7394940500001,8
2024-09-18 13:10:24.355,415.7475674554891,10
2024-09-18 13:10:24.401,,102
2024-09-18 13:10:24.464,415.72299385082346,998
2024-09-18 13:10:24.507,415.7442327817894,996
2024-09-18 13:10:24.564,415.7443953724364,99
2024-09-18 13:10:24.794,415.7303442356974,99
2024-09-18 13:10:25.049,415.72280958399904,1003
2024-09-18 13:10:25.193,415.7366851981684,1005
2024-09-18 13:10:25.222,415.80158683840966,97
2024-09-18 13:10:25.243,415.7156322301777,13
2024-09-18 13:10:25.246,415.7398020543925,103
2024-09-18 13:10:25.275,415.827808917148,997
2024-09-18 13:10:25.370,415.7103451690991,1002
2024-09-18 13:10:25.381,415.7508870068417,103
2024-09-18 13:10:25.481,415.7814544989394,105
2024-09-18 13:10:25.500,415.7738347385936,98
2024-09-18 13:10:25.514,415.7280766634596,13
2024-09-18 13:10:25.562,415.7127333139344,97
2024-09-18 13:10:25.615,415.7544448812531,997
2024-09-18 13:10:25.639,415.7222426516504,99
2024-09-18 13:10:25.721,415.787371480212,6
2024-09-18 13:10:25.749,415.7371638611612,1002
2024-09-18 13:10:25.773,415.7783167171175,1001
2024-09-18 13:10:25.835,415.7431903209387,998
2024-09-18 13:10:25.838,415.70916450596087,7
2024-09-18 13:10:25.873,415.7345935393844,1002
2024-09-18 13:10:25.875,415.7050712989607,102
2024-09-18 13:10:25.906,415.8352370276332,101
2024-09-18 13:10:25.952,415.714540601862,7
2024-09-18 13:10:25.982,415.8173207242269,995
2024-09-18 13:10:26.006,415.9106246742341,997
2024-09-18 13:10:26.011,415.91544851552135,1002
2024-09-18 13:10:26.027,415.91893493664793,8
2024-09-18 13:10:26.205,415.8556047361683,9
2024-09-18 13:10:26.325,415.8792441217102,998
2024-09-18 13:10:26.415,415.9015243039961,104
2024-09-18 13:10:26.420,415.9030163194145,103
2024-09-18 13:10:26.444,415.8906153540625,14
2024-09-18 13:10:26.449,415.9120136955612,10
2024-09-18 13:10:26.474,415.9100218426013,95
2024-09-18 13:10:26.560,415.92518584830464,996
2024-09-18 13:10:26.597,415.9306796666519,7
2024-09-18 13:10:26.668,415.886029569292,102
2024-09-18 13:10:26.702,415.8476529241055,995
2024-09-18 13:10:26.758,415.9121290679289,13
2024-09-18 13:10:26.761,415.9130807405056,98
2024-09-18 13:10:26.777,415.9203876925188,98
2024-09-18 13:10:26.817,415.9188891090358,10
2024-09-18 13:10:26.824,415.9347665997092,1001
2024-09-18 13:10:26.897,415.91036492446,8
2024-09-18 13:10:26.933,415.90856874855376,996
2024-09-18 13:10:26.952,415.8879229201338,11
2024-09-18 13:10:26.962,415.9286197370352,10
2024-09-18 13:10:26.963,415.91445730484975,103
2024-09-18 13:10:27.002,415.9014410301826,1005
2024-09-18 13:10:27.056,415.8989171867286,1003
2024-09-18 13:10:27.088,415.92206007286745,100
2024-09-18 13:10:27.104,415.9201802012847,95
2024-09-18 13:10:27.123,415.9156121669629,996
2024-09-18 13:10:27.131,415.9229154124085,96
2024-09-18 13:10:27.163,415.9062952923976,999
2024-09-18 13:10:27.171,415.9014160185379,12
2024-09-18 13:10:27.216,415.92890384837966,1000
2024-09-18 13:10:27.247,41.59352572439368,1005
2024-09-18 13:10:27.319,415.9034897357265,1001
2024-09-18 13:10:27.398,415.905431943382,1004
2024-09-18 13:10:27.431,41.59113792449625,13
2024-09-18 13:10:27.435,415.9079485170658,97
2024-09-18 13:10:27.576,415.9039406268759,11
2024-09-18 13:10:27.655,415.8919349077798,99
2024-09-18 13:10:27.717,415.9235326701488,100
2024-09-18 13:10:27.720,415.9064329499517,1001
2024-09-18 13:10:27.843,41.59094797142125,15
2024-09-18 13:10:27.862,415.9012155199696,7
2024-09-18 13:10:27.919,415.9284868963361,102
2024-09-18 13:10:28.005,415.84348645477047,95
2024-09-18 13:10:28.042,415.93501382344687,102
2024-09-18 13:10:28.043,415.85683027442514,102
2024-09-18 13:10:28.063,415.9105011930123,1002
2024-09-18 13:10:28.064,415.9248159493922,998
2024-09-18 13:10:28.158,415.9220273410932,98
2024-09-18 13:10:28.205,415.9151123073672,1005
2024-09-18 13:10:28.206,415.84608783526096,95
2024-09-18 13:10:28.214,415.9131846254054,995
2024-09-18 13:10:28.285,415.8514848158586,14
2024-09-18 13:10:28.319,415.8339481894776,8
2024-09-18 13:10:28.325,415.908116474322,97
2024-09-18 13:10:28.327,415.8499851878857,103
2024-09-18 13:10:28.355,415.9078760126227,95
2024-09-18 13:10:28.357,415.90736452032286,14
2024-09-18 13:10:28.395,415.9118537851195,996
2024-09-18 13:10:28.441,415.8980273168765,1000
2024-09-18 13:10:28.519,415.8644849091263,8
2024-09-18 13:10:28.547,415.9381980192261,998
2024-09-18 13:10:28.679,415.85920785599,101
2024-09-18 13:10:28.805,415.8840197942796,12
2024-09-18 13:10:28.863,415.86025799788007,105
2024-09-18 13:10:28.916,415.9256407599829,100
2024-09-18 13:10:28.955,415.8376218996539,1003
2024-09-18 13:10:29.189,415.82418224593295,1004
2024-09-18 13:10:29.207,415.8443428756037,95
2024-09-18 13:10:29.450,415.8211122794558,7
2024-09-18 13:10:29.527,415.83040805167127,1003
2024-09-18 13:10:29.563,415.8658834782433,995
2024-09-18 13:10:29.567,415.84874278356887,998
2024-09-18 13:10:29.641,415.84464611376194,8
2024-09-18 13:10:29.727,415.8234106956225,7
2024-09-18 13:10:29.809,415.8445982647896,104
2024-09-18 13:10:29.823,415.8376802027549,14
2024-09-18 13:10:29.877,415.8405686512675,1004
2024-09-18 13:10:29.880,415.81287924162285,996
2024-09-18 13:10:29.930,415.8127467788694,995
2024-09-18 13:10:29.975,415.8202587885692,1000
2024-09-18 13:10:31.132,-415.8553064362065,9
2024-09-18 13:10:31.266,415.8492400646496,103
2024-09-18 13:10:31.297,415.8588184493803,996
2024-09-18 13:10:31.308,415.824871452056,996
2024-09-18 13:10:31.450,415.859394194676,12
2024-09-18 13:10:31.576,415.83702991867193,97
2024-09-18 13:10:31.927,415.85373849112455,97
2024-09-18 13:10:32.006,415.8574868171359,13
2024-09-18 13:10:32.097,415.9139569094272,12
2024-09-18 13:10:32.108,415.8960145887374,104
2024-09-18 13:10:32.133,415.9249128573139,999
2024-09-18 13:10:32.137,415.8352222446952,11
2024-09-18 13:10:32.143,415.83853992232673,999
2024-09-18 13:10:32.205,415.9071012132944,13
2024-09-18 13:10:32.223,415.9101135418628,1005
2024-09-18 13:10:32.237,415.9378174615104,97
2024-09-18 13:10:32.266,415.8529822915782,6
2024-09-18 13:10:32.376,415.8488258671501,995
2024-09-18 13:10:32.517,415.9083594899432,996
2024-09-18 13:10:32.530,415.8848946657624,14
2024-09-18 13:10:32.633,415.8216358982463,96
2024-09-18 13:10:32.684,415.8924966842004,998
2024-09-18 13:10:32.742,415.88349072976166,7
2024-09-18 13:10:32.744,415.8543210675256,1003
2024-09-18 13:10:32.798,415.9149490030793,7
2024-09-18 13:10:32.880,41.59217918019254,8
2024-09-18 13:10:32.944,415.8767800389134,105
2024-09-18 13:10:32.963,415.86024318325553,999
2024-09-18 13:10:33.695,415.89147233805227,1000
2024-09-18 13:10:33.953,415.8890819722992,1000
2024-09-18 13:10:33.964,415.8846642919737,99
2024-09-18 13:10:34.161,415.9942989438916,102
2024-09-18 13:10:34.208,-415.9731762066719,104
2024-09-18 13:10:34.220,415.9865782326403,99
2024-09-18 13:10:34.296,415.9974680742288,1000
2024-09-18 13:10:34.319,416.00999079030754,12
2024-09-18 13:10:34.371,415.953202349684,101
2024-09-18 13:10:34.464,415.9978249196367,999
2024-09-18 13:10:34.490,415.9512103976711,1005
2024-09-18 13:10:34.592,415.9003252372841,9
2024-09-18 13:10:34.612,415.9651826272552,10
2024-09-18 13:10:34.625,415.9699387021815,102
2024-09-18 13:10:34.625,415.9065790913729,1004
2024-09-18 13:10:34.634,415.9852054040378,15
2024-09-18 13:10:34.647,415.9554841139284,997
2024-09-18 13:10:34.687,415.983437132124,105
2024-09-18 13:10:34.772,415.9180622886144,98
2024-09-18 13:10:34.814,415.9908387227887,997
2024-09-18 13:10:34.887,415.9598129552232,98
2024-09-18 13:10:34.929,415.996632288633,10
2024-09-18 13:10:34.956,415.9211484440552,1004
2024-09-18 13:10:35.007,415.98648768223774,97
2024-09-18 13:10:35.127,41.60011899159039,103
2024-09-18 13:10:35.340,415.98747549885456,14
2024-09-18 13:10:35.482,415.9943201755251,995
2024-09-18 13:10:35.646,415.9916617494066,14
2024-09-18 13:10:35.680,415.9866614215802,998
2024-09-18 13:10:35.787,415.98318877695925,997
2024-09-18 13:10:35.809,415.9731380161812,14
2024-09-18 13:10:35.813,416.0005436382181,14
2024-09-18 13:10:36.024,416.01803197757545,103
2024-09-18 13:10:36.159,416.0232407258258,96
2024-09-18 13:10:36.210,416.0476209771471,996
2024-09-18 13:10:36.237,416.0324298640701,8
2024-09-18 13:10:36.250,416.014815047098,998
2024-09-18 13:10:36.334,416.0006547500442,996
2024-09-18 13:10:36.338,,95
2024-09-18 13:10:36.361,416.0290918926555,13
2024-09-18 13:10:36.460,416.0148638378652,997
2024-09-18 13:10:36.519,416.01664117124943,1004
2024-09-18 13:10:36.669,416.020101389588,1005
2024-09-18 13:10:36.750,-416.0324885888856,1001
2024-09-18 13:10:36.804,416.0251905916534,105
2024-09-18 13:10:36.908,-416.03796386826815,14
2024-09-18 13:10:36.981,416.032506803911,1003
2024-09-18 13:10:37.192,416.0371254435605,95
2024-09-18 13:10:37.354,416.049309093523,6
2024-09-18 13:10:37.367,416.0461004320643,995
2024-09-18 13:10:37.380,416.0923150868858,13
2024-09-18 13:10:37.426,416.0280459907716,996
2024-09-18 13:10:37.457,416.0425253227572,10
2024-09-18 13:10:37.602,416.0567336476344,998
2024-09-18 13:10:37.604,416.02687022007103,999
2024-09-18 13:10:37.659,416.0408408604009,96
2024-09-18 13:10:37.695,416.0323241444846,102
2024-09-18 13:10:37.697,416.0590887362681,13
2024-09-18 13:10:37.711,416.0874867578139,103
2024-09-18 13:10:37.756,416.0522799168597,96
2024-09-18 13:10:37.777,416.0983820537552,102
2024-09-18 13:10:37.804,416.0979617187484,995
2024-09-18 13:10:37.929,416.0480919626791,100
2024-09-18 13:10:37.987,416.0576225319848,103
2024-09-18 13:10:38.294,416.11757728328,98
2024-09-18 13:10:38.646,416.12102793404847,999
2024-09-18 13:10:38.924,416.1205576780112,102
2024-09-18 13:10:39.121,416.2102087434036,1001
2024-09-18 13:10:39.155,416.23081128406096,996
2024-09-18 13:10:39.324,416.1359661851465,97
2024-09-18 13:10:39.358,416.1785249776459,14
2024-09-18 13:10:39.717,416.2497667277803,5
2024-09-18 13:10:39.742,416.1635035380324,7
2024-09-18 13:10:39.937,416.21937088399375,1002
2024-09-18 13:10:40.005,416.24147619348446,13
2024-09-18 13:10:40.531,-416.2570838816032,1004
2024-09-18 13:10:40.609,416.2681484924706,1003
2024-09-18 13:10:41.257,416.2761217399865,1003
2024-09-18 13:10:41.391,416.24843714761903,1005
2024-09-18 13:10:41.454,,1004
2024-09-18 13:10:41.583,416.26389800353326,14
2024-09-18 13:10:41.626,416.2661337035372,1000
2024-09-18 13:10:41.631,,7
2024-09-18 13:10:41.801,416.2402138525551,1005
2024-09-18 13:10:41.874,416.2674294009424,1003
2024-09-18 13:10:41.907,416.2430604053183,97
2024-09-18 13:10:42.100,416.2950285683515,99
2024-09-18 13:10:42.125,416.3065447525657,103
2024-09-18 13:10:42.131,416.2696726284827,15
2024-09-18 13:10:42.253,416.236704501987,103
2024-09-18 13:10:42.275,416.3307830573098,15
2024-09-18 13:10:42.305,416.2294288924188,11
2024-09-18 13:10:42.335,416.2975752224707,97
2024-09-18 13:10:42.373,416.24087879948894,997
2024-09-18 13:10:42.443,416.2463087628094,997
2024-09-18 13:10:42.505,416.25655773975774,1000
2024-09-18 13:10:42.563,416.2557163656264,1002
2024-09-18 13:10:42.596,416.2333694610366,96
2024-09-18 13:10:42.660,416.2425796228668,7
2024-09-18 13:10:42.708,416.2712998512304,102
2024-09-18 13:10:42.708,416.26341611013385,11
2024-09-18 13:10:42.728,416.2441917020688,96
2024-09-18 13:10:42.734,-416.242567462771,995
2024-09-18 13:10:42.899,416.29703198773456,104
2024-09-18 13:10:42.908,416.3206008391549,96
2024-09-18 13:10:43.011,416.3367058963684,9
2024-09-18 13:10:43.061,416.3098777626418,102
2024-09-18 13:10:43.070,416.2397414726362,97
2024-09-18 13:10:43.103,416.2787327992678,15
2024-09-18 13:10:43.226,-416.2921846314735,1004
2024-09-18 13:10:43.227,416.272135253912,103
2024-09-18 13:10:43.254,416.26686870645926,13
2024-09-18 13:10:43.278,416.3151445469734,104
2024-09-18 13:10:43.282,416.2947222717506,1000
2024-09-18 13:10:43.292,416.3036797277953,95
2024-09-18 13:10:43.402,416.3456852910393,1003
2024-09-18 13:10:43.497,416.3222857623384,97
2024-09-18 13:10:43.505,416.2548270220133,7
2024-09-18 13:10:43.534,416.2622475739531,11
2024-09-18 13:10:43.534,416.2803685766271,998
2024-09-18 13:10:43.539,416.2884881321445,102
2024-09-18 13:10:43.677,416.23586022269774,1003
2024-09-18 13:10:43.719,416.3191672622149,97
2024-09-18 13:10:43.772,416.2449591920313,14
2024-09-18 13:10:43.815,416.349087014338,5
2024-09-18 13:10:43.878,416.3475969849096,1005
2024-09-18 13:10:43.889,416.3453472386556,12
2024-09-18 13:10:43.907,416.2607317783762,99
2024-09-18 13:10:43.930,41.62568882576744,1004
2024-09-18 13:10:43.933,416.2636292743785,97
2024-09-18 13:10:43.940,416.26376674844937,10
2024-09-18 13:10:43.941,416.3214711822327,999
2024-09-18 13:10:43.942,416.30060038300616,100
2024-09-18 13:10:44.011,416.29058273598906,997
2024-09-18 13:10:44.013,416.2960928653851,101
2024-09-18 13:10:44.637,416.2782055275245,5
2024-09-18 13:10:45.080,416.3103036351498,998
2024-09-18 13:10:45.140,416.28468544407264,103
2024-09-18 13:10:45.183,416.28761316284687,1001
2024-09-18 13:10:45.184,416.27499390460775,7
2024-09-18 13:10:45.247,-416.28524773370685,9
2024-09-18 13:10:45.367,416.2676459873673,102
2024-09-18 13:10:45.439,416.2371007746472,95
2024-09-18 13:10:45.444,416.2818014301666,998
2024-09-18 13:10:45.469,416.2524239062845,1001
2024-09-18 13:10:45.505,416.263210863809,10
2024-09-18 13:10:45.585,416.28001287269785,995
2024-09-18 13:10:45.616,416.29522151046086,12
2024-09-18 13:10:45.746,416.2471410899313,8
2024-09-18 13:10:45.829,416.3052124973642,11
2024-09-18 13:10:45.988,416.2865525830727,12
2024-09-18 13:10:46.013,416.28454083581767,14
2024-09-18 13:10:46.089,416.2941327117291,103
2024-09-18 13:10:46.113,416.2817413482031,1004
2024-09-18 13:10:46.142,416.2513475591822,6
2024-09-18 13:10:46.185,416.2738888293919,1000
2024-09-18 13:10:46.234,416.26326873106177,15
2024-09-18 13:10:46.238,416.240093861402,101
2024-09-18 13:10:46.251,416.28670868048897,1000
2024-09-18 13:10:46.268,416.24941201854,96
2024-09-18 13:10:46.288,416.274202428545,997
2024-09-18 13:10:46.304,416.26851345321984,9
2024-09-18 13:10:46.322,416.2926623220105,103
2024-09-18 13:10:46.335,416.2789489868293,999
2024-09-18 13:10:46.366,416.2950261199144,96
2024-09-18 13:10:46.373,416.2630358083526,998
2024-09-18 13:10:46.403,416.2454556831999,103
2024-09-18 13:10:46.463,416.2527197903155,98
2024-09-18 13:10:46.465,416.2951420763979,100
2024-09-18 13:10:46.488,416.2482305505015,1002
2024-09-18 13:10:46.503,416.2967714304241,15
2024-09-18 13:10:46.631,416.2972698243744,1004
2024-09-18 13:10:46.639,-416.2896664918239,1003
2024-09-18 13:10:46.675,416.2864812980709,102
2024-09-18 13:10:46.705,416.26611828956607,1003
2024-09-18 13:10:46.746,416.2629324054444,95
2024-09-18 13:10:46.859,416.3029687774946,10
2024-09-18 13:10:46.905,416.2430449748608,14
2024-09-18 13:10:46.980,416.2727948991821,997
2024-09-18 13:10:46.981,416.306091083726,104
2024-09-18 13:10:47.162,416.26229204786335,997
2024-09-18 13:10:47.223,416.24725934015714,7
2024-09-18 13:10:47.300,416.23990176996,98
2024-09-18 13:10:47.484,416.2579887507759,1001
2024-09-18 13:10:47.512,416.26447984812233,6
2024-09-18 13:10:47.564,416.2664062928112,100
2024-09-18 13:10:47.593,416.25218229777033,7
2024-09-18 13:10:47.710,416.2628753638837,99
2024-09-18 13:10:47.716,416.2487251860624,11
2024-09-18 13:10:47.723,416.2626730961816,7
2024-09-18 13:10:47.811,416.2556719348022,101
2024-09-18 13:10:48.040,416.2320676202532,1001
2024-09-18 13:10:48.212,416.2008982456277,5
2024-09-18 13:10:48.233,416.2216287429745,5
2024-09-18 13:10:48.455,416.2372436146864,97
2024-09-18 13:10:48.606,416.2256651024927,996
2024-09-18 13:10:48.621,416.2069717686872,10
2024-09-18 13:10:48.754,416.22701744447966,100
2024-09-18 13:10:48.846,416.2034954487523,102
2024-09-18 13:10:48.903,416.23519938022366,5
2024-09-18 13:10:49.021,416.1961902944494,15
2024-09-18 13:10:49.117,416.2269187728926,97
2024-09-18 13:10:49.127,416.1441012343092,101
2024-09-18 13:10:49.165,416.1975245863673,99
2024-09-18 13:10:49.177,416.180619960555,995
2024-09-18 13:10:49.252,416.1826434206008,103
2024-09-18 13:10:49.333,416.1729522559205,1002
2024-09-18 13:10:49.346,416.1563326782349,995
2024-09-18 13:10:49.437,416.2409707146125,99
2024-09-18 13:10:49.454,416.168480143326,96
2024-09-18 13:10:49.488,416.2401499059111,102
2024-09-18 13:10:49.493,416.1970223620779,14
2024-09-18 13:10:49.517,416.19262981234834,5
2024-09-18 13:10:49.584,416.1459917091429,1004
2024-09-18 13:10:49.621,416.23148144467166,997
2024-09-18 13:10:49.655,416.231658820404,1002
2024-09-18 13:10:49.734,416.1794547018504,1004
2024-09-18 13:10:49.813,,101
2024-09-18 13:10:49.818,416.1848597954749,1003
2024-09-18 13:10:49.837,416.1886797472705,98
2024-09-18 13:10:49.859,416.2142718665288,95
2024-09-18 13:10:49.879,416.2318161630976,100
2024-09-18 13:10:49.885,416.1770689360996,102
2024-09-18 13:10:49.904,416.184205360701,1001
2024-09-18 13:10:50.037,416.1372908983602,998
2024-09-18 13:10:50.065,416.1546936549949,13
2024-09-18 13:10:50.139,416.1636679959376,997
2024-09-18 13:10:50.164,416.15823952340855,8
2024-09-18 13:10:50.325,416.1289957797184,10
2024-09-18 13:10:50.366,416.1467134913327,999
2024-09-18 13:10:50.461,416.1449268119648,99
2024-09-18 13:10:50.550,416.1719030358422,9
2024-09-18 13:10:50.735,416.14014113568334,97
2024-09-18 13:10:50.804,416.1389914691606,104
2024-09-18 13:10:51.632,416.1641408350875,100
2024-09-18 13:10:52.007,416.1963046617912,98
2024-09-18 13:10:52.008,416.2021523869039,104
2024-09-18 13:10:52.060,416.1587985587513,14
2024-09-18 13:10:52.149,416.18111222359744,995
2024-09-18 13:10:52.157,416.17843144739385,98
2024-09-18 13:10:52.221,416.1702592702345,99
2024-09-18 13:10:52.345,416.1976406963256,104
2024-09-18 13:10:52.390,416.19783083530285,1002
2024-09-18 13:10:52.503,416.19449752621466,1002
2024-09-18 13:10:52.513,416.18276741539125,1004
2024-09-18 13:10:52.554,416.2008728720071,103
2024-09-18 13:10:52.601,416.2060209193845,1000
2024-09-18 13:10:52.720,416.1704906094472,995
2024-09-18 13:10:52.865,416.1778668530378,1000
2024-09-18 13:10:52.999,416.19333013912353,14
2024-09-18 13:10:53.013,416.2178915658425,10
2024-09-18 13:10:53.067,416.2101680311527,997
2024-09-18 13:10:53.085,416.2363800388444,13
2024-09-18 13:10:53.147,416.2495500461079,95
2024-09-18 13:10:53.164,416.25403020046815,97
2024-09-18 13:10:53.208,416.2415728439938,14
2024-09-18 13:10:53.209,416.2204868105861,996
2024-09-18 13:10:53.257,416.2306575377177,5
2024-09-18 13:10:53.278,416.1974179392381,102
2024-09-18 13:10:53.285,416.2104463242367,1003
2024-09-18 13:10:53.360,416.1849757563508,95
2024-09-18 13:10:53.430,416.1782202686721,96
2024-09-18 13:10:53.465,416.1647551162292,100
2024-09-18 13:10:53.572,416.2204331150757,101
2024-09-18 13:10:53.699,,999
2024-09-18 13:10:53.714,416.19824626316375,1004
2024-09-18 13:10:53.744,416.21768723311726,95
2024-09-18 13:10:53.746,416.2332048701007,99
2024-09-18 13:10:53.828,416.1713902470287,97
2024-09-18 13:10:53.849,416.2152587280765,13
2024-09-18 13:10:53.952,416.2144619611463,12
2024-09-18 13:10:53.963,416.2096014852889,11
2024-09-18 13:10:54.096,416.1533433351704,105
2024-09-18 13:10:54.127,416.1894977369818,1001
2024-09-18 13:10:54.171,416.19712050091306,99
2024-09-18 13:10:54.210,416.16631524080736,10
2024-09-18 13:10:54.323,416.1671024984227,9
2024-09-18 13:10:54.394,416.2157469806982,1005
2024-09-18 13:10:54.467,416.1576908146968,97
2024-09-18 13:10:54.599,416.18555542091485,95
2024-09-18 13:10:54.635,416.1975174007317,9
2024-09-18 13:10:54.675,416.2102431429305,997
2024-09-18 13:10:54.702,416.1604680849688,1005
2024-09-18 13:10:54.715,416.20216078318936,1005
2024-09-18 13:10:54.776,416.1779492464471,103
2024-09-18 13:10:54.815,416.1776458452762,997
2024-09-18 13:10:54.818,416.1714023309872,103
2024-09-18 13:10:54.840,416.1729037708041,5
2024-09-18 13:10:54.874,416.1712510047388,1004
2024-09-18 13:10:54.929,416.1513554851387,7
2024-09-18 13:10:55.010,416.1359720206274,15
2024-09-18 13:10:55.027,416.1518261868837,99
2024-09-18 13:10:55.338,416.1575821125107,12
2024-09-18 13:10:55.402,416.1616456358748,5
2024-09-18 13:10:55.462,416.1406593625419,95
2024-09-18 13:10:55.474,416.1349511462663,1000
2024-09-18 13:10:55.585,416.130356378721,999
2024-09-18 13:10:55.693,416.14850702353385,997
2024-09-18 13:10:55.745,416.1456586994977,1005
2024-09-18 13:10:55.802,416.15731570918695,100
2024-09-18 13:10:55.932,416.1429463571571,100
2024-09-18 13:10:56.302,416.1401300440703,15
2024-09-18 13:10:56.383,416.1368971832086,1003
2024-09-18 13:10:56.435,416.1468912075444,5
2024-09-18 13:10:57.005,416.129917305251,1001
2024-09-18 13:10:57.013,416.13566240814527,9
2024-09-18 13:10:57.086,416.1737596824687,8
2024-09-18 13:10:57.104,416.1549612480597,999
2024-09-18 13:10:57.109,416.1471144743253,1004
2024-09-18 13:10:57.205,416.152304158253,995
2024-09-18 13:10:57.219,416.1368957548252,97
2024-09-18 13:10:57.226,416.1585799482043,101
2024-09-18 13:10:57.308,416.1465245578754,7
2024-09-18 13:10:57.389,416.14100661839495,1003
2024-09-18 13:10:57.503,416.1397634974557,1004
2024-09-18 13:10:57.589,416.1298532976775,1000
2024-09-18 13:10:57.657,416.1277913495935,15
2024-09-18 13:10:57.819,416.1320470898879,9
2024-09-18 13:10:57.888,416.1461715946121,99
2024-09-18 13:10:57.989,416.1566564717707,996
2024-09-18 13:10:58.063,41.61082988324305,1005
2024-09-18 13:10:58.246,416.1132087969647,1005
2024-09-18 13:10:58.348,416.13520525781854,11
2024-09-18 13:10:58.548,416.1356158782274,1002
2024-09-18 13:10:58.572,416.1166648539111,997
2024-09-18 13:10:58.706,416.1389251281687,6
2024-09-18 13:10:58.717,416.1394070411677,1003
2024-09-18 13:10:58.736,416.1330261949885,1005
2024-09-18 13:10:58.881,416.1218519266627,12
2024-09-18 13:10:58.912,416.12895702575815,104
2024-09-18 13:10:58.942,416.1178517540677,999
2024-09-18 13:10:59.004,416.1406367028559,12
2024-09-18 13:10:59.009,416.1327865428328,105
2024-09-18 13:10:59.065,416.12907972269,5
2024-09-18 13:10:59.116,416.1240843686788,95
2024-09-18 13:10:59.152,416.17669820529534,999
2024-09-18 13:10:59.171,416.1932624397316,10
2024-09-18 13:10:59.186,416.2115074263162,9
2024-09-18 13:10:59.218,416.1627645946203,96
2024-09-18 13:10:59.220,416.15306605374025,105
2024-09-18 13:10:59.221,416.0873155696104,95
2024-09-18 13:10:59.234,416.1096812949885,95
2024-09-18 13:10:59.266,416.14026555162366,100
2024-09-18 13:10:59.371,416.1727684552704,105
2024-09-18 13:10:59.399,416.1960514248511,5
2024-09-18 13:10:59.465,416.1250324153515,14
2024-09-18 13:10:59.503,416.1385483025336,97
2024-09-18 13:10:59.564,416.148042436517,12
2024-09-18 13:10:59.566,416.1500631978467,97
2024-09-18 13:10:59.599,416.116788409475,101
2024-09-18 13:10:59.652,416.0922015637282,1005
2024-09-18 13:10:59.743,416.1308022602308,998
2024-09-18 13:10:59.763,416.09570615163045,995
2024-09-18 13:10:59.813,416.1386999542392,6
2024-09-18 13:10:59.821,416.11585757094906,7
2024-09-18 13:10:59.825,416.0936814506147,1002
2024-09-18 13:10:59.857,416.1903484067579,96
2024-09-18 13:10:59.871,416.1633930482765,8
2024-09-18 13:10:59.881,416.187267352161,105
2024-09-18 13:10:59.926,416.1397349727928,98
2024-09-18 13:10:59.978,416.1862616253301,101
