Timestamp,Price,Size
2024-09-17 13:16:00.070,403.8454288989273,105
2024-09-17 13:16:00.175,403.85746322491633,99
2024-09-17 13:16:00.253,403.8356390042089,999
2024-09-17 13:16:00.291,403.8959021607863,9
2024-09-17 13:16:00.405,403.8607847295621,7
2024-09-17 13:16:00.471,403.87024112159344,7
2024-09-17 13:16:00.612,403.8672439546048,99
2024-09-17 13:16:00.629,403.8816147642577,998
2024-09-17 13:16:00.640,403.8469868595949,101
2024-09-17 13:16:00.668,403.8909981583381,6
2024-09-17 13:16:00.733,403.8435360980381,101
2024-09-17 13:16:00.747,403.88391704233055,105
2024-09-17 13:16:00.750,403.8423193574713,1003
2024-09-17 13:16:00.809,403.8470794110752,105
2024-09-17 13:16:00.835,403.8855300050038,7
2024-09-17 13:16:00.878,403.8485409246142,996
2024-09-17 13:16:00.879,403.86118076035314,8
2024-09-17 13:16:00.937,403.8914017903404,999
2024-09-17 13:16:01.058,403.9007358987944,105
2024-09-17 13:16:01.093,403.9336334953801,101
2024-09-17 13:16:01.160,403.9267100968239,12
2024-09-17 13:16:01.192,403.9480251689778,996
2024-09-17 13:16:01.268,403.937513864155,1005
2024-09-17 13:16:01.300,403.9149344589487,5
2024-09-17 13:16:01.365,403.9460189850511,7
2024-09-17 13:16:01.370,403.9463532574583,96
2024-09-17 13:16:01.379,403.9001593754308,1005
2024-09-17 13:16:01.441,403.89512088621535,12
2024-09-17 13:16:01.472,,96
2024-09-17 13:16:01.704,403.91446853444086,1001
2024-09-17 13:16:01.719,403.9214067938071,95
2024-09-17 13:16:01.813,403.9166554591548,96
2024-09-17 13:16:01.930,403.9176975182923,103
2024-09-17 13:16:02.020,403.9419937328341,1003
2024-09-17 13:16:02.278,403.92393585716417,1000
2024-09-17 13:16:02.478,-403.9546783771637,999
2024-09-17 13:16:02.645,403.916519374338,9
2024-09-17 13:16:02.773,403.9323809038999,96
2024-09-17 13:16:02.877,403.9548698187592,10
2024-09-17 13:16:02.919,403.9311533494173,997
2024-09-17 13:16:03.096,403.90954653709474,13
2024-09-17 13:16:03.231,403.94130715608026,1005
2024-09-17 13:16:03.520,403.9241366558819,9
2024-09-17 13:16:03.717,403.9218399342506,14
2024-09-17 13:16:03.742,403.93664401322326,998
2024-09-17 13:16:04.097,403.9615497406495,997
2024-09-17 13:16:04.198,403.9524475542559,11
2024-09-17 13:16:04.233,403.9422081020179,998
2024-09-17 13:16:04.366,403.9743817371886,1002
2024-09-17 13:16:04.371,403.9796479966721,998
2024-09-17 13:16:04.393,404.0002646712825,1004
2024-09-17 13:16:04.413,403.94615044319767,103
2024-09-17 13:16:04.429,403.9667029578666,15
2024-09-17 13:16:04.438,403.9671601366503,997
2024-09-17 13:16:04.438,403.9725948737577,1001
2024-09-17 13:16:04.522,403.9553012158595,100
2024-09-17 13:16:04.530,403.93167974111054,1003
2024-09-17 13:16:04.540,403.97639712748526,1001
2024-09-17 13:16:04.574,403.9698045794634,104
2024-09-17 13:16:04.632,403.9916246377644,103
2024-09-17 13:16:04.645,403.9518093757553,1005
2024-09-17 13:16:04.662,403.98132683051136,105
2024-09-17 13:16:04.720,403.9565615786804,7
2024-09-17 13:16:04.743,403.9942949750097,103
2024-09-17 13:16:04.767,403.9720644992464,999
2024-09-17 13:16:04.852,403.948435036003,1001
2024-09-17 13:16:04.909,403.9492079389546,5
2024-09-17 13:16:04.914,403.9818653240529,101
2024-09-17 13:16:04.938,403.9514217194124,998
2024-09-17 13:16:04.940,403.9548757569208,5
2024-09-17 13:16:04.964,403.9687540626023,96
2024-09-17 13:16:04.996,403.9618498805157,1002
2024-09-17 13:16:05.335,403.9891830191453,105
2024-09-17 13:16:05.619,403.9811357038592,12
2024-09-17 13:16:05.760,403.9815955407882,995
2024-09-17 13:16:06.001,403.9766246379632,97
2024-09-17 13:16:06.005,403.91682601248095,13
2024-09-17 13:16:06.092,404.0171910834391,8
2024-09-17 13:16:06.095,403.9733329689662,100
2024-09-17 13:16:06.107,403.9409673678797,1000
2024-09-17 13:16:06.127,403.989052423085,96
2024-09-17 13:16:06.153,403.9409236733807,8
2024-09-17 13:16:06.173,403.9271034061701,14
2024-09-17 13:16:06.191,404.0079195362651,997
2024-09-17 13:16:06.196,404.01385855928754,996
2024-09-17 13:16:06.213,403.99478483814687,999
2024-09-17 13:16:06.298,404.01210768693926,1004
2024-09-17 13:16:06.369,403.9328068638397,105
2024-09-17 13:16:06.374,404.0203416117155,995
2024-09-17 13:16:06.382,403.9833580321181,995
2024-09-17 13:16:06.403,403.9473222048426,11
2024-09-17 13:16:06.418,403.9564143894136,995
2024-09-17 13:16:06.453,404.0013824477544,1001
2024-09-17 13:16:06.495,404.029609307412,15
2024-09-17 13:16:06.529,404.01178178313256,1002
2024-09-17 13:16:06.554,403.9841648326352,996
2024-09-17 13:16:06.560,403.9905203700808,99
2024-09-17 13:16:06.576,403.9961971361136,99
2024-09-17 13:16:06.577,403.9484498125218,104
2024-09-17 13:16:06.628,404.0093143935532,103
2024-09-17 13:16:06.662,403.939422360644,102
2024-09-17 13:16:06.663,403.98790716257673,99
2024-09-17 13:16:06.726,40.39757935986647,104
2024-09-17 13:16:06.861,404.00260004431897,9
2024-09-17 13:16:07.114,403.9410963444699,1002
2024-09-17 13:16:07.146,403.9419563661996,1000
2024-09-17 13:16:07.203,403.9563159858264,98
2024-09-17 13:16:07.206,403.9406371199468,14
2024-09-17 13:16:07.233,403.9453823747665,1001
2024-09-17 13:16:07.367,403.9624034528467,1004
2024-09-17 13:16:07.399,403.9300218817033,1002
2024-09-17 13:16:07.547,403.9421095550725,999
2024-09-17 13:16:07.587,403.9565397513692,1002
2024-09-17 13:16:07.884,403.9499353412762,996
2024-09-17 13:16:08.086,403.9132924615642,1005
2024-09-17 13:16:08.245,403.9560107465088,104
2024-09-17 13:16:08.274,403.89639616165823,95
2024-09-17 13:16:08.293,403.9240401244037,996
2024-09-17 13:16:08.331,403.9068767706802,5
2024-09-17 13:16:08.355,403.9034238501536,15
2024-09-17 13:16:08.372,403.9030680236145,11
2024-09-17 13:16:08.493,403.9492821856421,102
2024-09-17 13:16:08.502,403.9235654347109,997
2024-09-17 13:16:08.590,403.9121410962636,98
2024-09-17 13:16:08.640,403.8995902427654,11
2024-09-17 13:16:08.704,403.94632189268987,105
2024-09-17 13:16:08.723,403.9547399941152,5
2024-09-17 13:16:08.730,403.9581889685225,103
2024-09-17 13:16:08.830,403.9116877044905,1005
2024-09-17 13:16:08.935,403.9241321699656,8
2024-09-17 13:16:09.034,403.88589670876064,1000
2024-09-17 13:16:10.029,403.848185553617,6
2024-09-17 13:16:10.078,403.8784818136557,10
2024-09-17 13:16:10.087,403.8721401384337,997
2024-09-17 13:16:10.093,403.8854564079366,103
2024-09-17 13:16:10.131,403.8625421168503,13
2024-09-17 13:16:10.155,403.8561586345646,104
2024-09-17 13:16:10.167,403.8458732266176,998
2024-09-17 13:16:10.190,403.8275311828244,99
2024-09-17 13:16:10.246,403.82300279169215,96
2024-09-17 13:16:10.280,403.829389901904,99
2024-09-17 13:16:10.284,403.8714073329134,105
2024-09-17 13:16:10.341,403.82082379040605,96
2024-09-17 13:16:10.368,403.8785472392925,997
2024-09-17 13:16:10.392,403.8985799148237,8
2024-09-17 13:16:10.438,403.8252993630055,999
2024-09-17 13:16:10.506,403.9083858567862,1000
2024-09-17 13:16:10.585,403.8693725075511,1005
2024-09-17 13:16:10.623,403.8692844503421,98
2024-09-17 13:16:10.626,403.8760277891184,1001
2024-09-17 13:16:10.729,403.8711921075548,100
2024-09-17 13:16:10.745,403.8966783011881,101
2024-09-17 13:16:10.757,403.8710864655193,996
2024-09-17 13:16:10.775,403.8612092984425,5
2024-09-17 13:16:10.782,403.8299377464426,15
2024-09-17 13:16:10.938,403.8754022326539,999
2024-09-17 13:16:10.947,403.83811354998807,1002
2024-09-17 13:16:10.977,403.851356897324,996
2024-09-17 13:16:11.058,403.8290763936388,997
2024-09-17 13:16:11.058,403.8390056206705,104
2024-09-17 13:16:11.341,403.83938861851146,11
2024-09-17 13:16:11.894,403.8197921057384,5
2024-09-17 13:16:12.155,403.81896757411926,998
2024-09-17 13:16:12.548,403.8086655067813,11
2024-09-17 13:16:12.728,403.8062912932061,105
2024-09-17 13:16:13.058,403.8276618476966,7
2024-09-17 13:16:13.988,403.8253009286124,13
2024-09-17 13:16:14.019,403.79476229670985,12
2024-09-17 13:16:14.260,403.7958829499162,102
2024-09-17 13:16:14.564,403.8003734559584,1004
2024-09-17 13:16:14.619,403.8002685237426,1005
2024-09-17 13:16:14.794,403.83163187169765,97
2024-09-17 13:16:14.805,403.7880320991529,999
2024-09-17 13:16:15.071,403.8186560463766,5
2024-09-17 13:16:15.542,403.8233046313081,996
2024-09-17 13:16:15.575,403.8339664037591,995
2024-09-17 13:16:15.820,403.8268283264581,103
2024-09-17 13:16:15.828,403.84663481003344,14
2024-09-17 13:16:15.860,403.8105926448872,998
2024-09-17 13:16:16.136,403.8426528879024,996
2024-09-17 13:16:16.190,403.8197041856676,97
2024-09-17 13:16:16.345,403.8017790428672,10
2024-09-17 13:16:16.444,403.81020158289726,995
2024-09-17 13:16:16.514,403.8235508535721,100
2024-09-17 13:16:16.549,403.8110106651412,9
2024-09-17 13:16:16.671,403.82883328951885,12
2024-09-17 13:16:16.746,403.8046181937128,95
2024-09-17 13:16:16.749,403.8082429171904,101
2024-09-17 13:16:16.819,403.7924771290734,1004
2024-09-17 13:16:16.904,403.8305799880045,5
2024-09-17 13:16:16.907,403.83617418430606,5
2024-09-17 13:16:16.931,403.8451485251477,1004
2024-09-17 13:16:16.940,403.8438163090882,97
2024-09-17 13:16:16.947,403.8296109790386,1004
2024-09-17 13:16:17.572,403.85824218627926,999
2024-09-17 13:16:18.014,403.85570706585264,15
2024-09-17 13:16:18.026,403.8198875984885,1000
2024-09-17 13:16:18.235,403.8244720842849,6
2024-09-17 13:16:18.390,403.8516320264344,100
2024-09-17 13:16:18.542,-403.85309344454646,14
2024-09-17 13:16:18.587,403.84413082141896,14
2024-09-17 13:16:18.718,403.82907849030806,95
2024-09-17 13:16:19.001,403.8336925654342,95
2024-09-17 13:16:19.028,40.38551420128974,1004
2024-09-17 13:16:19.059,403.8499797980965,14
2024-09-17 13:16:19.099,403.87177234075097,998
2024-09-17 13:16:19.111,403.8623734281109,996
2024-09-17 13:16:19.336,403.8498188768383,95
2024-09-17 13:16:19.466,403.861202583937,95
2024-09-17 13:16:19.469,403.8785104023492,1003
2024-09-17 13:16:19.662,403.8437931984295,96
2024-09-17 13:16:19.717,403.87543657999817,6
2024-09-17 13:16:19.770,403.8450995779503,105
2024-09-17 13:16:19.797,403.8694559948953,101
2024-09-17 13:16:19.863,403.8622887730753,96
2024-09-17 13:16:19.981,403.88561158135855,102
2024-09-17 13:16:20.044,403.7952753635382,95
2024-09-17 13:16:20.095,403.849945424639,7
2024-09-17 13:16:20.109,403.78776555555294,100
2024-09-17 13:16:20.116,403.81793540208656,998
2024-09-17 13:16:20.124,403.8436716736576,1001
2024-09-17 13:16:20.143,403.8325651758728,1005
2024-09-17 13:16:20.178,403.7824158315859,97
2024-09-17 13:16:20.185,403.8178364018473,96
2024-09-17 13:16:20.193,403.8313414352212,10
2024-09-17 13:16:20.214,403.8157731387034,997
2024-09-17 13:16:20.280,403.8663833700444,103
2024-09-17 13:16:20.293,403.8581169271488,98
2024-09-17 13:16:20.322,403.8482957753801,1005
2024-09-17 13:16:20.352,403.8365693922393,7
2024-09-17 13:16:20.400,403.8258778194168,1005
2024-09-17 13:16:20.407,403.8451552157964,999
2024-09-17 13:16:20.527,403.8153341779353,8
2024-09-17 13:16:20.541,403.793450497249,7
2024-09-17 13:16:20.559,403.78517291669607,13
2024-09-17 13:16:20.638,403.8175038191586,98
2024-09-17 13:16:20.683,403.7919301147863,998
2024-09-17 13:16:20.780,403.800624117784,9
2024-09-17 13:16:20.818,403.7915873534466,1004
2024-09-17 13:16:20.832,403.79119581766304,96
2024-09-17 13:16:20.847,403.8144448817089,1000
2024-09-17 13:16:20.852,403.8035466020097,1000
2024-09-17 13:16:20.856,403.8628575386447,995
2024-09-17 13:16:20.886,403.85470614725375,104
2024-09-17 13:16:20.893,-403.8366790228382,10
2024-09-17 13:16:20.923,403.8294793714414,10
2024-09-17 13:16:21.132,403.8391629365718,6
2024-09-17 13:16:21.147,403.84898268633,998
2024-09-17 13:16:21.148,403.8402180768051,100
2024-09-17 13:16:21.177,403.8474887750002,1001
2024-09-17 13:16:21.196,403.8495582144837,14
2024-09-17 13:16:21.228,403.8478231575888,9
2024-09-17 13:16:21.241,403.85575886837336,8
2024-09-17 13:16:21.281,403.8447823932148,1004
2024-09-17 13:16:21.293,403.8357693632806,14
2024-09-17 13:16:21.326,403.8306927667665,5
2024-09-17 13:16:21.352,403.8429645825303,11
2024-09-17 13:16:21.365,403.8497431636593,15
2024-09-17 13:16:21.447,403.8439828424787,996
2024-09-17 13:16:21.498,403.8545927842703,97
2024-09-17 13:16:21.501,403.8763212323758,104
2024-09-17 13:16:21.542,403.8463084598743,997
2024-09-17 13:16:21.550,403.8249394917364,102
2024-09-17 13:16:21.562,403.8180015350326,104
2024-09-17 13:16:21.567,403.83650832331926,101
2024-09-17 13:16:21.597,403.8572413504261,1001
2024-09-17 13:16:21.602,403.8537703285171,101
2024-09-17 13:16:21.662,403.83114564333687,98
2024-09-17 13:16:21.740,403.8550895473211,11
2024-09-17 13:16:21.782,403.8569147531381,98
2024-09-17 13:16:21.843,40.384539485572006,14
2024-09-17 13:16:21.922,403.8339110288123,102
2024-09-17 13:16:22.073,403.8245640944493,104
2024-09-17 13:16:22.106,403.76044540194056,105
2024-09-17 13:16:22.184,403.7977603060878,96
2024-09-17 13:16:22.195,403.7928677605369,5
2024-09-17 13:16:22.197,403.7877157815517,101
2024-09-17 13:16:22.306,403.7833214245151,101
2024-09-17 13:16:22.322,403.7845398561685,1002
2024-09-17 13:16:22.378,403.80993327876286,1003
2024-09-17 13:16:22.460,403.7914048918288,13
2024-09-17 13:16:22.559,403.8450140975592,996
2024-09-17 13:16:22.559,403.7900866531359,996
2024-09-17 13:16:22.642,403.8111066541048,95
2024-09-17 13:16:22.705,403.776698413602,9
2024-09-17 13:16:22.928,403.83361695615633,9
2024-09-17 13:16:22.936,403.7892361212592,1002
2024-09-17 13:16:24.007,403.7796776233496,8
2024-09-17 13:16:24.091,403.7803781101182,999
2024-09-17 13:16:24.178,403.80112070098,96
2024-09-17 13:16:24.318,403.8101064713687,14
2024-09-17 13:16:24.320,403.8078830209476,102
2024-09-17 13:16:24.350,403.7789541158377,997
2024-09-17 13:16:24.361,403.7712690686117,8
2024-09-17 13:16:24.388,403.7610628362376,1003
2024-09-17 13:16:24.392,403.7916389142334,103
2024-09-17 13:16:24.395,403.7865360526526,999
2024-09-17 13:16:24.410,-403.7912479198218,15
2024-09-17 13:16:24.511,403.80131616473534,1004
2024-09-17 13:16:24.563,403.79881043044,1000
2024-09-17 13:16:24.570,403.7872820383973,95
2024-09-17 13:16:24.603,403.76140925723655,999
2024-09-17 13:16:24.620,403.8079408212695,1001
2024-09-17 13:16:24.632,403.78520934498414,96
2024-09-17 13:16:24.669,403.7816927662298,97
2024-09-17 13:16:24.693,403.7941441325282,102
2024-09-17 13:16:24.755,403.7974469394088,999
2024-09-17 13:16:24.779,403.7680059601583,1001
2024-09-17 13:16:24.795,403.797686833986,1003
2024-09-17 13:16:24.837,403.7898633939516,99
2024-09-17 13:16:24.870,403.7635803416077,9
2024-09-17 13:16:24.910,403.8056900506093,95
2024-09-17 13:16:24.983,403.77729598328045,8
2024-09-17 13:16:25.337,403.7871115795696,1000
2024-09-17 13:16:25.473,403.7801646756768,104
2024-09-17 13:16:25.474,403.7608976367289,97
2024-09-17 13:16:25.570,403.7528973158565,995
2024-09-17 13:16:25.644,403.7696909307672,996
2024-09-17 13:16:25.767,403.7644316453236,5
2024-09-17 13:16:25.857,403.7810591593164,10
2024-09-17 13:16:25.953,403.796155964064,1001
2024-09-17 13:16:26.307,403.7781339380935,7
2024-09-17 13:16:26.407,403.7872159771577,11
2024-09-17 13:16:26.457,403.79317134649335,104
2024-09-17 13:16:26.586,40.37935486402277,103
2024-09-17 13:16:26.926,403.7617981818404,104
2024-09-17 13:16:26.966,403.77495083016805,102
2024-09-17 13:16:27.046,403.7831873413911,8
2024-09-17 13:16:27.049,403.7842210492562,12
2024-09-17 13:16:27.098,403.773045249287,1004
2024-09-17 13:16:27.188,403.7764457966555,5
2024-09-17 13:16:27.304,403.7737396030825,1001
2024-09-17 13:16:27.369,403.7736503069902,14
2024-09-17 13:16:27.374,403.6940955979916,105
2024-09-17 13:16:27.467,403.7424504041217,14
2024-09-17 13:16:27.468,403.7674924652305,100
2024-09-17 13:16:27.785,403.7283593493968,1003
2024-09-17 13:16:27.876,403.77427168300136,1004
2024-09-17 13:16:27.905,403.736400529862,6
2024-09-17 13:16:27.924,403.775877390946,995
2024-09-17 13:16:27.981,403.70644099332776,96
2024-09-17 13:16:27.998,403.7533898433935,96
2024-09-17 13:16:28.152,403.6900756325026,13
2024-09-17 13:16:28.175,403.6901888843684,97
2024-09-17 13:16:28.364,403.70953687962594,14
2024-09-17 13:16:28.412,403.7087336663743,100
2024-09-17 13:16:28.596,403.6936648049342,99
2024-09-17 13:16:28.669,403.6760343611,1005
2024-09-17 13:16:28.735,403.7044716056387,96
2024-09-17 13:16:28.760,403.7005356388506,1000
2024-09-17 13:16:28.786,403.69957946564006,999
2024-09-17 13:16:29.024,403.7394388902719,10
2024-09-17 13:16:29.187,403.7244505129813,104
2024-09-17 13:16:29.223,403.7278940455881,1004
2024-09-17 13:16:29.270,403.7342319060052,8
2024-09-17 13:16:29.413,403.7484064630665,101
2024-09-17 13:16:29.416,403.7223342286599,105
2024-09-17 13:16:29.471,403.7256662910897,14
2024-09-17 13:16:29.580,403.7387157488475,15
2024-09-17 13:16:29.608,403.73123382623226,9
2024-09-17 13:16:29.722,403.7277780537341,5
2024-09-17 13:16:29.940,403.73499038970107,101
2024-09-17 13:16:30.136,403.7474576063506,9
2024-09-17 13:16:30.208,403.73855652078,105
2024-09-17 13:16:30.265,403.7572980027112,995
2024-09-17 13:16:30.309,403.72769620895406,8
2024-09-17 13:16:30.310,403.7491057901492,9
2024-09-17 13:16:30.346,403.7498154969821,995
2024-09-17 13:16:30.404,403.7976003764307,7
2024-09-17 13:16:30.422,403.74318262648296,6
2024-09-17 13:16:30.432,403.766105318478,102
2024-09-17 13:16:30.491,403.7556751520957,98
2024-09-17 13:16:30.493,403.73941306572806,5
2024-09-17 13:16:30.580,403.7483311844359,14
2024-09-17 13:16:30.718,403.7500663618378,105
2024-09-17 13:16:30.822,403.7517451389436,8
2024-09-17 13:16:30.865,403.7640436937125,12
2024-09-17 13:16:30.984,403.73617792375927,995
2024-09-17 13:16:31.011,-403.76232717227833,8
2024-09-17 13:16:31.286,403.7381459683582,7
2024-09-17 13:16:31.297,403.771816447793,1000
2024-09-17 13:16:31.353,403.7563701741497,8
2024-09-17 13:16:31.504,403.7718483681995,98
2024-09-17 13:16:31.536,403.7925457100203,1001
2024-09-17 13:16:31.537,403.7534029029542,102
2024-09-17 13:16:31.583,403.7599326855799,6
2024-09-17 13:16:31.599,403.772268262669,10
2024-09-17 13:16:31.607,403.7544601040602,995
2024-09-17 13:16:31.866,403.74895597699054,102
2024-09-17 13:16:31.937,403.7644666003991,99
2024-09-17 13:16:32.103,403.72875078089794,101
2024-09-17 13:16:32.120,403.7495122972189,5
2024-09-17 13:16:32.158,403.7011295426906,12
2024-09-17 13:16:32.231,403.72220758101344,97
2024-09-17 13:16:32.246,403.7310693248985,998
2024-09-17 13:16:32.329,403.7148425280472,103
2024-09-17 13:16:32.644,403.7458359496368,8
2024-09-17 13:16:32.794,403.7063367953554,998
2024-09-17 13:16:32.830,403.7359859168067,1000
2024-09-17 13:16:32.929,403.72385243293616,1001
2024-09-17 13:16:32.978,403.7112762205496,95
2024-09-17 13:16:33.243,403.7438931177616,1002
2024-09-17 13:16:33.344,403.697248592092,7
2024-09-17 13:16:33.365,403.7401402363631,1005
2024-09-17 13:16:33.414,403.7316923886781,104
2024-09-17 13:16:33.431,403.7407140792232,105
2024-09-17 13:16:33.443,403.74921274226745,1003
2024-09-17 13:16:33.530,403.7321432582597,103
2024-09-17 13:16:33.549,403.74635574735424,96
2024-09-17 13:16:33.670,403.7382391958467,11
2024-09-17 13:16:33.708,403.7127565557581,102
2024-09-17 13:16:33.748,403.7399146058178,95
2024-09-17 13:16:33.849,403.7347776500525,995
2024-09-17 13:16:33.926,40.3698842148672,998
2024-09-17 13:16:33.958,403.74865683986775,998
2024-09-17 13:16:34.071,403.7675802109911,12
2024-09-17 13:16:34.082,403.7688933534484,1003
2024-09-17 13:16:34.115,403.7675561892655,6
2024-09-17 13:16:34.160,403.75072381864624,13
2024-09-17 13:16:34.263,403.7837413793733,1001
2024-09-17 13:16:34.343,,12
2024-09-17 13:16:34.449,403.7565984286396,996
2024-09-17 13:16:34.676,403.7664619618752,100
2024-09-17 13:16:34.711,403.7610321803504,1001
2024-09-17 13:16:34.795,403.78802686062176,1000
2024-09-17 13:16:34.840,403.7698736030108,8
2024-09-17 13:16:34.874,403.7599011909526,101
2024-09-17 13:16:34.889,403.76132038643567,96
2024-09-17 13:16:35.155,403.8208465749642,99
2024-09-17 13:16:35.157,403.78680144823727,97
2024-09-17 13:16:35.166,403.7734992464645,102
2024-09-17 13:16:35.198,403.8091210268171,9
2024-09-17 13:16:35.282,403.7886983678506,14
2024-09-17 13:16:35.288,403.7677201931734,1005
2024-09-17 13:16:35.299,403.7606670541146,98
2024-09-17 13:16:35.318,403.7680871576842,5
2024-09-17 13:16:35.356,403.7654453197263,13
2024-09-17 13:16:35.559,403.8325031283279,998
2024-09-17 13:16:35.692,403.78507689402994,103
2024-09-17 13:16:35.755,403.7974400064418,1005
2024-09-17 13:16:35.768,403.752914224169,100
2024-09-17 13:16:35.802,403.8009004362218,10
2024-09-17 13:16:35.822,403.81450986111577,99
2024-09-17 13:16:35.859,403.8135403101095,1004
2024-09-17 13:16:35.948,403.7564491020629,6
2024-09-17 13:16:35.988,403.7482135872466,103
2024-09-17 13:16:36.020,403.7793621446575,100
2024-09-17 13:16:36.032,403.7335322373663,97
2024-09-17 13:16:36.122,403.7306856954084,98
2024-09-17 13:16:36.210,403.7273365847091,95
2024-09-17 13:16:36.213,403.71944883496775,1005
2024-09-17 13:16:36.226,403.7251500947463,995
2024-09-17 13:16:36.329,403.7619085668876,5
2024-09-17 13:16:36.369,403.7643194986886,104
2024-09-17 13:16:36.630,403.7271492844087,1005
2024-09-17 13:16:36.755,403.7301624185952,14
2024-09-17 13:16:36.768,403.7413411873914,101
2024-09-17 13:16:36.776,403.6792551393985,1001
2024-09-17 13:16:36.784,403.7312627833384,998
2024-09-17 13:16:36.823,403.756245652832,1001
2024-09-17 13:16:36.846,403.7650254152689,1003
2024-09-17 13:16:36.862,403.7497095881347,11
2024-09-17 13:16:36.868,403.6986033464606,100
2024-09-17 13:16:36.897,403.7314846541986,9
2024-09-17 13:16:37.027,403.6617559999258,998
2024-09-17 13:16:37.030,403.68635450917714,7
2024-09-17 13:16:37.056,403.6865550912174,995
2024-09-17 13:16:37.151,403.699357447024,9
2024-09-17 13:16:37.171,403.6879754910058,6
2024-09-17 13:16:37.203,403.6746718729797,1004
2024-09-17 13:16:37.326,403.689320674802,1003
2024-09-17 13:16:37.326,403.6889982210496,12
2024-09-17 13:16:37.372,403.6894965811656,8
2024-09-17 13:16:37.538,403.66319584610426,97
2024-09-17 13:16:37.543,403.6765075142338,6
2024-09-17 13:16:37.565,403.6698450496673,12
2024-09-17 13:16:37.578,403.7069037303917,1004
2024-09-17 13:16:37.601,403.6801826508244,13
2024-09-17 13:16:37.662,403.6768239379536,102
2024-09-17 13:16:37.670,403.7001505737943,11
2024-09-17 13:16:37.690,403.6844399912635,101
2024-09-17 13:16:37.712,403.68117235611896,102
2024-09-17 13:16:37.736,403.6854896693327,95
2024-09-17 13:16:37.784,403.6858871622352,995
2024-09-17 13:16:37.828,403.711389829113,102
2024-09-17 13:16:37.843,403.6708556315379,13
2024-09-17 13:16:37.844,403.7012707557197,9
2024-09-17 13:16:37.951,403.6977650158445,13
2024-09-17 13:16:37.998,403.6885377611648,104
2024-09-17 13:16:38.037,403.7330271267613,14
2024-09-17 13:16:38.050,403.70691460276447,5
2024-09-17 13:16:38.166,403.6946822851114,99
2024-09-17 13:16:38.170,403.7340254464108,9
2024-09-17 13:16:38.362,403.7078448822504,1002
2024-09-17 13:16:38.598,403.6883713842258,8
2024-09-17 13:16:38.631,403.7217634980833,99
2024-09-17 13:16:38.661,40.367364661687326,1002
2024-09-17 13:16:38.667,403.6970942629425,1005
2024-09-17 13:16:38.871,403.7292981798881,11
2024-09-17 13:16:38.884,403.68264222423903,101
2024-09-17 13:16:38.896,403.7006608077833,998
2024-09-17 13:16:39.013,403.758903286356,99
2024-09-17 13:16:39.021,403.74990563183775,1005
2024-09-17 13:16:39.185,403.73180911322686,99
2024-09-17 13:16:39.213,403.73242020838967,1002
2024-09-17 13:16:39.408,403.71294349581774,100
2024-09-17 13:16:39.534,403.7417860754552,7
2024-09-17 13:16:39.537,403.717528549935,1005
2024-09-17 13:16:39.548,403.7368546070791,12
2024-09-17 13:16:39.552,403.7401196939415,997
2024-09-17 13:16:39.558,403.7231062218535,101
2024-09-17 13:16:39.608,403.73233496458425,1002
2024-09-17 13:16:39.700,403.7142700855179,8
2024-09-17 13:16:39.761,403.7337614656043,10
2024-09-17 13:16:39.807,403.7188320304993,102
2024-09-17 13:16:39.882,403.739093111789,99
2024-09-17 13:16:39.952,403.7426132314508,1002
2024-09-17 13:16:39.976,403.7288039504188,1003
2024-09-17 13:16:40.023,403.7551688330107,996
2024-09-17 13:16:40.043,403.80441112688334,14
2024-09-17 13:16:40.111,403.8325352352624,101
2024-09-17 13:16:40.114,403.8164346565174,996
2024-09-17 13:16:40.256,403.8321298781014,98
2024-09-17 13:16:40.289,,100
2024-09-17 13:16:40.429,403.79029448433073,102
2024-09-17 13:16:40.435,403.79104845949576,5
2024-09-17 13:16:40.475,403.7721057649312,5
2024-09-17 13:16:40.504,403.79174131566,996
2024-09-17 13:16:40.525,403.7823226471231,14
2024-09-17 13:16:40.558,403.7243105159892,997
2024-09-17 13:16:40.566,403.8107948974294,97
2024-09-17 13:16:40.576,403.8352576106649,5
2024-09-17 13:16:40.598,403.75058791497565,999
2024-09-17 13:16:40.654,403.8510423753472,995
2024-09-17 13:16:40.671,403.7232313913944,1003
2024-09-17 13:16:40.671,403.8719339335148,1004
2024-09-17 13:16:40.747,403.7447043823531,7
2024-09-17 13:16:40.795,403.75619136278266,7
2024-09-17 13:16:40.805,403.8360003252657,12
2024-09-17 13:16:40.805,403.8237945232773,7
2024-09-17 13:16:40.806,403.7701300632757,1005
2024-09-17 13:16:40.872,403.7607689753783,103
2024-09-17 13:16:40.898,403.81012999050193,996
2024-09-17 13:16:40.901,403.8522379723681,1002
2024-09-17 13:16:40.916,403.886561263461,104
2024-09-17 13:16:40.945,403.7371762413795,100
2024-09-17 13:16:40.950,,15
2024-09-17 13:16:41.024,403.92133710866256,8
2024-09-17 13:16:41.026,403.92074650826055,1002
2024-09-17 13:16:41.069,403.9105502905072,98
2024-09-17 13:16:41.110,403.8919443437149,997
2024-09-17 13:16:41.127,403.9184429972197,995
2024-09-17 13:16:41.152,403.9577641103056,5
2024-09-17 13:16:41.170,403.9394519963418,995
2024-09-17 13:16:41.183,403.9262940922217,1000
2024-09-17 13:16:41.217,403.9246366412455,98
2024-09-17 13:16:41.232,403.9079392218383,999
2024-09-17 13:16:41.243,403.9477523584244,1003
2024-09-17 13:16:41.251,403.911177293844,105
2024-09-17 13:16:41.296,403.9210549523933,998
2024-09-17 13:16:41.321,403.9142538055036,1001
2024-09-17 13:16:41.367,403.9012671951602,95
2024-09-17 13:16:41.431,403.9205665326238,1000
2024-09-17 13:16:41.550,403.9525586252397,13
2024-09-17 13:16:41.636,403.87435502788674,995
2024-09-17 13:16:41.662,403.938483307532,10
2024-09-17 13:16:41.727,403.9168725952433,11
2024-09-17 13:16:41.749,403.91750511947095,15
2024-09-17 13:16:41.758,403.9154346984817,98
2024-09-17 13:16:41.831,403.9070758952692,95
2024-09-17 13:16:41.970,403.9220869612272,996
2024-09-17 13:16:42.001,403.7825935403713,12
2024-09-17 13:16:42.006,403.8025559826498,1002
2024-09-17 13:16:42.145,403.7543813817612,999
2024-09-17 13:16:42.160,403.9068623768365,997
2024-09-17 13:16:42.160,403.8853934794671,997
2024-09-17 13:16:42.178,403.7844993167192,96
2024-09-17 13:16:42.179,403.77682215278327,9
2024-09-17 13:16:42.227,403.82004445873525,11
2024-09-17 13:16:42.328,403.7587140488677,103
2024-09-17 13:16:42.345,403.82367369773846,8
2024-09-17 13:16:42.361,403.8392520395416,103
2024-09-17 13:16:42.364,403.8792520724544,15
2024-09-17 13:16:42.418,403.7719328389336,11
2024-09-17 13:16:42.443,403.8600997759943,996
2024-09-17 13:16:42.538,403.7732389725777,97
2024-09-17 13:16:42.552,403.83319864205686,103
2024-09-17 13:16:42.566,403.8701665852552,103
2024-09-17 13:16:42.590,403.7727627715752,996
2024-09-17 13:16:42.618,403.88451866603714,1000
2024-09-17 13:16:42.631,403.7993058970964,98
2024-09-17 13:16:42.653,403.7554186075231,1002
2024-09-17 13:16:42.681,403.8258392834118,103
2024-09-17 13:16:42.910,403.7971251257789,98
2024-09-17 13:16:42.933,403.8206049213277,100
2024-09-17 13:16:42.948,403.8318512627165,1003
2024-09-17 13:16:42.953,403.82620250722937,99
2024-09-17 13:16:42.985,403.8660861030476,1002
2024-09-17 13:16:42.987,403.7609046606296,8
2024-09-17 13:16:43.255,403.8066049174195,97
2024-09-17 13:16:43.373,403.7939092977148,1004
2024-09-17 13:16:43.734,,1003
2024-09-17 13:16:43.904,403.8233289526357,1005
2024-09-17 13:16:44.005,403.7692099027408,96
2024-09-17 13:16:44.018,403.8024365431151,9
2024-09-17 13:16:44.050,403.79881640896895,11
2024-09-17 13:16:44.055,403.7670635532483,10
2024-09-17 13:16:44.084,403.7376240632072,95
2024-09-17 13:16:44.128,403.7733403727896,15
2024-09-17 13:16:44.224,403.7731251520581,105
2024-09-17 13:16:44.263,403.7122741464302,6
2024-09-17 13:16:44.265,403.7820353412765,1005
2024-09-17 13:16:44.314,403.74847761973626,1004
2024-09-17 13:16:44.315,403.80606699828354,1000
2024-09-17 13:16:44.399,403.7475251221238,998
2024-09-17 13:16:44.417,403.7833493444166,999
2024-09-17 13:16:44.452,403.77971003471,996
2024-09-17 13:16:44.460,403.75323281978535,98
2024-09-17 13:16:44.501,403.7917699059063,97
2024-09-17 13:16:44.516,403.7605803040868,1000
2024-09-17 13:16:44.566,403.7904060101867,999
2024-09-17 13:16:44.603,403.755492499401,8
2024-09-17 13:16:45.012,403.685006189352,1003
2024-09-17 13:16:45.084,403.64890647583377,105
2024-09-17 13:16:45.113,403.65914379654754,1001
2024-09-17 13:16:45.118,403.6983869858869,1001
2024-09-17 13:16:45.139,403.6008237450658,998
2024-09-17 13:16:45.220,403.65104611352376,997
2024-09-17 13:16:45.310,403.588199771548,98
2024-09-17 13:16:45.397,403.644241476644,5
2024-09-17 13:16:45.441,403.6116425234728,7
2024-09-17 13:16:45.469,403.6462795734431,6
2024-09-17 13:16:45.542,403.63498397887,998
2024-09-17 13:16:45.595,403.6454030156463,9
2024-09-17 13:16:45.596,403.6135953984005,95
2024-09-17 13:16:45.597,403.6557894777589,101
2024-09-17 13:16:45.602,403.61290847603806,100
2024-09-17 13:16:45.610,403.6908687154764,13
2024-09-17 13:16:45.644,403.639357552161,105
2024-09-17 13:16:45.674,403.645851583132,11
2024-09-17 13:16:45.677,403.59788648986,101
2024-09-17 13:16:45.685,40.36089830517096,1003
2024-09-17 13:16:45.703,403.7054990294767,1002
2024-09-17 13:16:45.725,403.6601099334677,98
2024-09-17 13:16:45.829,403.65192798107086,13
2024-09-17 13:16:45.830,403.624727747974,10
2024-09-17 13:16:45.834,403.648218881636,9
2024-09-17 13:16:45.870,403.606397519657,996
2024-09-17 13:16:45.984,403.62878387065024,95
2024-09-17 13:16:45.992,403.5841993147796,10
2024-09-17 13:16:46.035,403.6034004062613,1004
2024-09-17 13:16:46.203,403.6122808834942,6
2024-09-17 13:16:46.288,403.6104832928248,97
2024-09-17 13:16:46.462,403.6082562422316,1005
2024-09-17 13:16:46.797,403.6241608279795,7
2024-09-17 13:16:47.030,403.66120367767735,96
2024-09-17 13:16:47.083,403.6658624188996,998
2024-09-17 13:16:47.096,-40.36189900579985,15
2024-09-17 13:16:47.169,403.645543179274,101
2024-09-17 13:16:47.243,403.6411454775008,1002
2024-09-17 13:16:47.255,403.6557649248474,13
2024-09-17 13:16:47.339,403.6281135213914,10
2024-09-17 13:16:47.566,403.6129785490845,14
2024-09-17 13:16:47.577,403.6127155171481,998
2024-09-17 13:16:47.586,403.6322834370136,104
2024-09-17 13:16:47.600,403.6441921997168,1005
2024-09-17 13:16:47.662,403.6595660606339,12
2024-09-17 13:16:47.869,403.6222797044113,1001
2024-09-17 13:16:47.905,403.6218246946864,13
2024-09-17 13:16:47.917,403.6452889915248,103
2024-09-17 13:16:47.923,403.62031522956033,1002
2024-09-17 13:16:47.930,403.6261241250665,98
2024-09-17 13:16:48.008,403.5840749662649,11
2024-09-17 13:16:48.009,403.64332955946537,6
2024-09-17 13:16:48.176,403.627574235952,98
2024-09-17 13:16:48.184,403.623339002443,99
2024-09-17 13:16:48.185,403.594743337021,105
2024-09-17 13:16:48.249,403.5890772142892,995
2024-09-17 13:16:48.369,403.6127245735129,104
2024-09-17 13:16:48.514,403.5912065317604,9
2024-09-17 13:16:48.532,403.62788761391874,1001
2024-09-17 13:16:48.544,403.6241720147413,999
2024-09-17 13:16:48.590,,1002
2024-09-17 13:16:48.740,403.59224549410607,996
2024-09-17 13:16:48.994,403.61090808905897,14
2024-09-17 13:16:49.100,403.6002733663226,96
2024-09-17 13:16:49.177,403.5977428495168,95
2024-09-17 13:16:49.662,403.5855522001984,5
2024-09-17 13:16:50.131,,1003
2024-09-17 13:16:50.164,403.54065263523455,12
2024-09-17 13:16:50.173,403.529737799155,98
2024-09-17 13:16:50.269,,102
2024-09-17 13:16:50.274,403.539842558536,103
2024-09-17 13:16:50.292,403.5219155465937,96
2024-09-17 13:16:50.299,403.58023465729394,9
2024-09-17 13:16:50.392,403.5066190515533,5
2024-09-17 13:16:50.394,-403.5501058073867,100
2024-09-17 13:16:50.457,403.56881132055497,1004
2024-09-17 13:16:50.493,403.5227921425768,1000
2024-09-17 13:16:50.588,403.5058669430036,999
2024-09-17 13:16:50.605,403.54590722402713,100
2024-09-17 13:16:50.630,403.519570520572,999
2024-09-17 13:16:50.675,403.513429285476,98
2024-09-17 13:16:50.723,403.5279599992563,996
2024-09-17 13:16:50.738,403.5380845445868,1003
2024-09-17 13:16:50.757,403.5409076152252,98
2024-09-17 13:16:50.858,403.6031134376355,8
2024-09-17 13:16:50.875,403.5388577975808,104
2024-09-17 13:16:50.883,403.5207819298968,9
2024-09-17 13:16:50.897,403.5630642498875,1004
2024-09-17 13:16:50.939,,100
2024-09-17 13:16:50.941,403.5361820890484,15
2024-09-17 13:16:50.959,403.530606747186,997
2024-09-17 13:16:50.986,403.53460302553975,13
2024-09-17 13:16:51.014,403.4950303940238,96
2024-09-17 13:16:51.025,403.42269420194486,1001
2024-09-17 13:16:51.138,403.5251267913513,1001
2024-09-17 13:16:51.152,403.5004494174441,96
2024-09-17 13:16:51.187,403.5386044572691,100
2024-09-17 13:16:51.201,403.5417140779492,995
2024-09-17 13:16:51.326,403.44775998769614,7
2024-09-17 13:16:51.326,403.4715958772397,95
2024-09-17 13:16:51.348,403.53653668984384,1000
2024-09-17 13:16:51.348,403.43908090820224,95
2024-09-17 13:16:51.518,403.4479684679264,998
2024-09-17 13:16:51.591,403.40902641384463,5
2024-09-17 13:16:51.654,403.4135921456869,1005
2024-09-17 13:16:51.686,403.5320372344972,96
2024-09-17 13:16:51.699,403.4308998573732,102
2024-09-17 13:16:51.701,403.5403276367786,13
2024-09-17 13:16:51.703,403.5267765575823,5
2024-09-17 13:16:51.774,403.4339267135044,13
2024-09-17 13:16:51.847,403.5395161298816,999
2024-09-17 13:16:51.854,403.5337531191511,101
2024-09-17 13:16:51.875,403.52751338448405,995
2024-09-17 13:16:51.991,403.4144523347528,9
2024-09-17 13:16:53.008,403.4271961656996,1005
2024-09-17 13:16:53.077,403.4228166754374,998
2024-09-17 13:16:53.242,403.3846834524582,7
2024-09-17 13:16:53.316,403.418050680933,96
2024-09-17 13:16:53.340,403.4085589384232,9
2024-09-17 13:16:53.400,403.3868821041568,1005
2024-09-17 13:16:53.479,40.34233545370955,998
2024-09-17 13:16:53.633,403.3819248378008,98
2024-09-17 13:16:53.655,403.4267287407591,5
2024-09-17 13:16:53.809,403.4189318581801,997
2024-09-17 13:16:53.958,403.413077484305,6
2024-09-17 13:16:54.014,403.3641820290882,10
2024-09-17 13:16:54.191,403.3503148557412,12
2024-09-17 13:16:54.270,403.3844365639681,14
2024-09-17 13:16:54.593,403.3457749786,10
2024-09-17 13:16:54.683,403.3685576606787,1005
2024-09-17 13:16:54.692,403.35589634370046,998
2024-09-17 13:16:54.706,403.3617052090973,14
2024-09-17 13:16:54.781,403.3563407104399,1000
2024-09-17 13:16:54.993,403.3625560193489,14
2024-09-17 13:16:55.303,403.3512315256895,1001
2024-09-17 13:16:55.843,403.33963317939777,104
2024-09-17 13:16:56.042,403.3937814075651,1001
2024-09-17 13:16:56.130,403.3728142052792,998
2024-09-17 13:16:56.206,403.400663682168,101
2024-09-17 13:16:56.213,403.4359077710535,98
2024-09-17 13:16:56.264,403.45765324762107,1005
2024-09-17 13:16:56.276,403.4037151642887,1001
2024-09-17 13:16:56.412,403.3859185743272,95
2024-09-17 13:16:56.448,403.40249783340073,105
2024-09-17 13:16:56.455,403.3720838668412,96
2024-09-17 13:16:56.468,403.4432690931881,1004
2024-09-17 13:16:56.523,403.42310739982486,6
2024-09-17 13:16:56.579,403.4406005919562,997
2024-09-17 13:16:56.819,403.423172767126,996
2024-09-17 13:16:56.848,403.4161069918476,14
2024-09-17 13:16:56.890,403.40557351840994,998
2024-09-17 13:16:56.915,403.4299735006915,8
2024-09-17 13:16:57.004,403.5044381901863,97
2024-09-17 13:16:57.098,403.4437211916371,1001
2024-09-17 13:16:57.123,403.45879586949934,5
2024-09-17 13:16:57.173,403.4578528636472,1005
2024-09-17 13:16:57.223,403.481285903043,1003
2024-09-17 13:16:57.277,403.470361284958,97
2024-09-17 13:16:57.298,403.4170900982547,998
2024-09-17 13:16:57.307,403.4597383942555,998
2024-09-17 13:16:57.400,403.4083588266898,1002
2024-09-17 13:16:57.513,403.46521716979447,1000
2024-09-17 13:16:57.617,403.4111967886233,999
2024-09-17 13:16:57.627,403.48434598457135,1005
2024-09-17 13:16:57.648,403.4598690954752,105
2024-09-17 13:16:57.707,-403.4605329116886,14
2024-09-17 13:16:57.740,403.4658628687882,95
2024-09-17 13:16:57.752,403.4646308576579,12
2024-09-17 13:16:57.975,403.4622814252708,103
2024-09-17 13:16:58.004,403.4072191734654,1002
2024-09-17 13:16:58.026,-403.435006019396,996
2024-09-17 13:16:58.087,403.4414421662392,102
2024-09-17 13:16:58.175,403.4089107697473,997
2024-09-17 13:16:58.195,403.40582211449487,104
2024-09-17 13:16:58.206,403.4549374508339,1002
2024-09-17 13:16:58.249,403.4377097201985,6
2024-09-17 13:16:58.252,403.4519001064663,996
2024-09-17 13:16:58.371,403.4471128518802,101
2024-09-17 13:16:58.393,-403.4047631159444,11
2024-09-17 13:16:58.416,403.4555016185249,995
2024-09-17 13:16:58.423,403.4622531529913,99
2024-09-17 13:16:58.490,403.43559143550016,996
2024-09-17 13:16:58.537,403.4659781621464,12
2024-09-17 13:16:58.623,403.4658150305143,103
2024-09-17 13:16:58.627,403.4049401118224,95
2024-09-17 13:16:58.692,403.4611417327332,6
2024-09-17 13:16:58.746,403.4765619056853,6
2024-09-17 13:16:58.793,403.45150405671785,13
2024-09-17 13:16:58.802,403.41782558800094,101
2024-09-17 13:16:58.806,403.4377582952538,15
2024-09-17 13:16:58.892,403.45573412090937,8
2024-09-17 13:16:58.987,403.436681573775,1001
2024-09-17 13:16:59.014,403.3969051959836,97
2024-09-17 13:16:59.098,403.38753192267313,8
2024-09-17 13:16:59.424,403.4011747232964,12
2024-09-17 13:16:59.472,403.38879533096025,12
2024-09-17 13:16:59.682,403.411263673552,95
2024-09-17 13:16:59.727,403.39174696910334,1004
2024-09-17 13:16:59.791,403.4030702832667,1005
2024-09-17 13:16:59.867,403.38915594484695,100
2024-09-17 13:16:59.970,403.3954437348379,103
