Timestamp,Price,Size
2024-09-19 14:20:00.180,418.8229775566352,96
2024-09-19 14:20:00.192,,101
2024-09-19 14:20:00.255,418.82951250317217,1003
2024-09-19 14:20:00.264,418.83004020843936,1002
2024-09-19 14:20:00.275,418.8194411807663,9
2024-09-19 14:20:00.331,418.7773594733474,95
2024-09-19 14:20:00.338,418.7689767828557,1003
2024-09-19 14:20:00.343,418.79585344247374,95
2024-09-19 14:20:00.389,418.7863494771458,105
2024-09-19 14:20:00.398,418.8148786448267,1000
2024-09-19 14:20:00.405,418.81556551743097,15
2024-09-19 14:20:00.450,41.881591641975305,6
2024-09-19 14:20:00.497,418.8380054584384,997
2024-09-19 14:20:00.521,418.8241669514569,100
2024-09-19 14:20:00.544,418.8247281734736,95
2024-09-19 14:20:00.578,418.83247474156246,104
2024-09-19 14:20:00.604,418.8175999539388,15
2024-09-19 14:20:00.623,418.8268812173676,1000
2024-09-19 14:20:00.655,418.8022163511395,9
2024-09-19 14:20:00.674,418.8393374255701,15
2024-09-19 14:20:00.693,418.78227064696046,10
2024-09-19 14:20:00.734,418.7813298497572,1005
2024-09-19 14:20:00.762,418.7852867998646,1004
2024-09-19 14:20:00.810,418.79884403501,97
2024-09-19 14:20:00.816,418.84029568751714,1000
2024-09-19 14:20:00.866,418.79906401028,8
2024-09-19 14:20:00.874,418.8084820122654,95
2024-09-19 14:20:00.892,418.8386298364059,14
2024-09-19 14:20:00.954,418.8463317899128,1001
2024-09-19 14:20:00.955,418.8070853431065,5
2024-09-19 14:20:01.708,418.7898343244318,1003
2024-09-19 14:20:02.046,418.78310592731856,97
2024-09-19 14:20:02.061,418.6893220671756,95
2024-09-19 14:20:02.071,418.7670958604621,5
2024-09-19 14:20:02.105,418.7768489335618,1003
2024-09-19 14:20:02.221,418.6950416350695,105
2024-09-19 14:20:02.333,418.76139531567065,14
2024-09-19 14:20:02.345,418.7398443902494,996
2024-09-19 14:20:02.349,418.6953779813138,1003
2024-09-19 14:20:02.394,418.65597301047615,6
2024-09-19 14:20:02.439,418.6951550274175,10
2024-09-19 14:20:02.463,418.637011180572,100
2024-09-19 14:20:02.512,418.66318595435735,105
2024-09-19 14:20:02.527,418.6975121897049,11
2024-09-19 14:20:02.559,418.688201735809,102
2024-09-19 14:20:02.560,418.65993399825066,99
2024-09-19 14:20:02.561,418.7063185340649,8
2024-09-19 14:20:02.566,418.6646740930529,9
2024-09-19 14:20:02.607,418.7542851104923,101
2024-09-19 14:20:02.614,418.69236713375136,997
2024-09-19 14:20:02.620,418.7691062604826,9
2024-09-19 14:20:02.646,418.67350047058966,1004
2024-09-19 14:20:02.667,418.7278255525126,1002
2024-09-19 14:20:02.675,418.7707285564733,103
2024-09-19 14:20:02.680,418.76289942021725,998
2024-09-19 14:20:02.800,418.696543810428,13
2024-09-19 14:20:02.823,418.6421606495897,1004
2024-09-19 14:20:02.841,418.7592618110513,102
2024-09-19 14:20:02.857,,6
2024-09-19 14:20:02.962,418.6888940166866,999
2024-09-19 14:20:02.994,418.6609824629292,7
2024-09-19 14:20:03.041,418.6678630893761,103
2024-09-19 14:20:03.070,418.6484113298725,7
2024-09-19 14:20:03.140,418.65480586383006,13
2024-09-19 14:20:03.178,418.6614403485725,998
2024-09-19 14:20:03.248,418.6774120339582,1002
2024-09-19 14:20:03.276,418.6466539256376,999
2024-09-19 14:20:03.313,418.72944441310926,97
2024-09-19 14:20:03.327,418.6871106428261,13
2024-09-19 14:20:03.426,418.6804909015304,13
2024-09-19 14:20:03.449,418.75101702505503,104
2024-09-19 14:20:03.489,418.63870685526575,998
2024-09-19 14:20:03.517,418.6978592410669,9
2024-09-19 14:20:03.525,418.7776779420993,101
2024-09-19 14:20:03.551,418.71791018332107,1000
2024-09-19 14:20:03.612,418.7801856928685,999
2024-09-19 14:20:03.635,418.66669234870415,995
2024-09-19 14:20:03.670,418.7079417067071,98
2024-09-19 14:20:03.722,418.68766370360953,6
2024-09-19 14:20:03.726,418.671274407519,1004
2024-09-19 14:20:03.761,418.6875691650077,15
2024-09-19 14:20:03.780,418.6764374933827,101
2024-09-19 14:20:03.890,418.7015440099202,95
2024-09-19 14:20:03.898,418.6773760769702,1004
2024-09-19 14:20:03.910,418.6551525934346,101
2024-09-19 14:20:03.979,418.6488338459255,96
2024-09-19 14:20:04.002,418.7914269408915,6
2024-09-19 14:20:04.068,418.7770263123402,99
2024-09-19 14:20:04.089,418.8070975782869,96
2024-09-19 14:20:04.175,418.7673830080155,96
2024-09-19 14:20:04.187,418.77349314785647,95
2024-09-19 14:20:04.204,418.8092726715923,15
2024-09-19 14:20:04.247,418.7886090454212,97
2024-09-19 14:20:04.257,418.7937825799117,96
2024-09-19 14:20:04.348,418.8048873160319,97
2024-09-19 14:20:04.514,418.7662090466641,996
2024-09-19 14:20:04.544,418.7649305255594,102
2024-09-19 14:20:04.590,418.7714498172077,1002
2024-09-19 14:20:04.661,418.7935926478826,1005
2024-09-19 14:20:04.722,418.80265427774674,96
2024-09-19 14:20:04.772,418.78782029708,101
2024-09-19 14:20:04.807,418.8066133775005,999
2024-09-19 14:20:04.814,418.7903292976184,97
2024-09-19 14:20:04.821,418.7718333324336,995
2024-09-19 14:20:04.878,418.7853472499488,9
2024-09-19 14:20:04.891,418.790131518562,995
2024-09-19 14:20:04.918,418.7859704804391,998
2024-09-19 14:20:04.923,418.8019187415608,105
2024-09-19 14:20:04.955,418.783964536309,104
2024-09-19 14:20:05.004,418.7886046045192,95
2024-09-19 14:20:05.097,418.8063382636956,96
2024-09-19 14:20:05.127,418.77863594101575,996
2024-09-19 14:20:05.158,418.7767572544413,5
2024-09-19 14:20:05.228,418.7883843812458,96
2024-09-19 14:20:05.527,418.7747136784772,10
2024-09-19 14:20:05.558,418.7843960498319,9
2024-09-19 14:20:05.564,418.79929545413705,100
2024-09-19 14:20:05.582,418.8033547357362,104
2024-09-19 14:20:05.595,418.7859890419178,101
2024-09-19 14:20:05.692,418.78903233275537,13
2024-09-19 14:20:05.699,418.7995405960695,96
2024-09-19 14:20:05.764,418.7870996763688,13
2024-09-19 14:20:05.885,418.80070770677054,99
2024-09-19 14:20:06.014,418.77432363704224,1002
2024-09-19 14:20:06.123,418.7702824160306,95
2024-09-19 14:20:06.130,418.7697536375608,1000
2024-09-19 14:20:06.241,418.770997878308,7
2024-09-19 14:20:06.586,418.7681826678386,1005
2024-09-19 14:20:06.859,418.7847475429981,95
2024-09-19 14:20:07.178,418.8450756995773,9
2024-09-19 14:20:07.199,418.8258913744794,5
2024-09-19 14:20:07.236,418.7598889386024,7
2024-09-19 14:20:07.334,418.8560563000211,999
2024-09-19 14:20:07.418,418.86037579790906,100
2024-09-19 14:20:07.461,418.8175563751778,96
2024-09-19 14:20:07.566,418.7730118780892,98
2024-09-19 14:20:07.614,41.88022310949715,102
2024-09-19 14:20:07.625,418.80283980295394,102
2024-09-19 14:20:07.629,418.8500870813395,996
2024-09-19 14:20:07.680,418.8258961435354,14
2024-09-19 14:20:07.811,418.84046403426913,101
2024-09-19 14:20:07.909,418.78305971047934,1004
2024-09-19 14:20:07.914,418.8221233796854,105
2024-09-19 14:20:07.944,418.7837488955464,98
2024-09-19 14:20:07.959,418.8304303044388,998
2024-09-19 14:20:08.029,418.8888184060633,999
2024-09-19 14:20:08.034,418.8319335129869,95
2024-09-19 14:20:08.052,418.91892654857054,6
2024-09-19 14:20:08.068,418.946964438532,1000
2024-09-19 14:20:08.089,418.9333515815868,1005
2024-09-19 14:20:08.108,41.88755723380797,99
2024-09-19 14:20:08.167,418.854926897933,15
2024-09-19 14:20:08.203,418.9033830559212,1003
2024-09-19 14:20:08.237,41.89507115319088,12
2024-09-19 14:20:08.242,418.93409256547466,100
2024-09-19 14:20:08.272,418.8715995494275,998
2024-09-19 14:20:08.316,418.8130493590132,5
2024-09-19 14:20:08.327,418.88992692021134,100
2024-09-19 14:20:08.354,418.8653135973166,997
2024-09-19 14:20:08.361,41.8809731987362,1002
2024-09-19 14:20:08.414,418.81894351734553,104
2024-09-19 14:20:08.450,418.82377799557605,98
2024-09-19 14:20:08.466,418.80841022364194,99
2024-09-19 14:20:08.474,418.81767762368463,15
2024-09-19 14:20:08.478,418.9209325713181,98
2024-09-19 14:20:08.600,418.8422826824337,999
2024-09-19 14:20:08.709,418.95428539694586,995
2024-09-19 14:20:08.722,418.92957351808127,1002
2024-09-19 14:20:08.838,418.8059513413172,1002
2024-09-19 14:20:08.899,418.9384120699052,13
2024-09-19 14:20:08.933,418.9292959146701,11
2024-09-19 14:20:09.091,418.9375565914287,95
2024-09-19 14:20:09.285,418.9532693111618,13
2024-09-19 14:20:09.328,418.9439035376438,100
2024-09-19 14:20:09.357,418.9512627873103,97
2024-09-19 14:20:09.381,418.9461558746329,97
2024-09-19 14:20:09.403,418.92477059711945,104
2024-09-19 14:20:09.471,418.9433419035723,103
2024-09-19 14:20:09.485,418.9739744709914,97
2024-09-19 14:20:09.491,418.92593697227136,996
2024-09-19 14:20:09.497,418.9643089058138,1003
2024-09-19 14:20:09.540,418.9100238833081,103
2024-09-19 14:20:09.555,418.9507300898426,13
2024-09-19 14:20:09.562,418.96999414092267,1002
2024-09-19 14:20:09.571,418.9537399368061,8
2024-09-19 14:20:09.604,418.91045416266815,999
2024-09-19 14:20:09.664,418.9225888341968,15
2024-09-19 14:20:09.700,418.9544612646852,105
2024-09-19 14:20:09.770,418.9503978512434,1002
2024-09-19 14:20:09.770,418.930754120088,1000
2024-09-19 14:20:09.789,418.9407401151437,1003
2024-09-19 14:20:09.820,418.9658960631879,14
2024-09-19 14:20:09.840,418.94745301951895,7
2024-09-19 14:20:09.845,418.93799931486615,96
2024-09-19 14:20:09.868,418.9288302780252,6
2024-09-19 14:20:09.896,418.9563051050558,13
2024-09-19 14:20:09.949,418.9024634288434,14
2024-09-19 14:20:09.958,418.9395427843264,12
2024-09-19 14:20:10.012,418.9213123114504,14
2024-09-19 14:20:10.027,418.9575449832225,95
2024-09-19 14:20:10.078,418.9277908520512,995
2024-09-19 14:20:10.146,418.9754256955866,8
2024-09-19 14:20:10.150,-418.94399712966623,997
2024-09-19 14:20:10.271,418.9756703673232,102
2024-09-19 14:20:10.451,418.9585978914787,14
2024-09-19 14:20:10.508,418.9516901835882,99
2024-09-19 14:20:10.624,418.9298878640964,1001
2024-09-19 14:20:10.637,418.9342431239355,99
2024-09-19 14:20:10.737,418.97168809335056,103
2024-09-19 14:20:10.902,418.9620856989236,1001
2024-09-19 14:20:10.920,418.9698140026678,96
2024-09-19 14:20:11.006,419.0466409171089,15
2024-09-19 14:20:11.010,419.0565493884648,105
2024-09-19 14:20:11.115,419.05756284342425,105
2024-09-19 14:20:11.126,419.004375436514,7
2024-09-19 14:20:11.199,419.02042558429696,12
2024-09-19 14:20:11.235,419.0287810272864,9
2024-09-19 14:20:11.249,419.0100837879971,104
2024-09-19 14:20:11.298,419.0469529241495,104
2024-09-19 14:20:11.346,419.0026719737367,1004
2024-09-19 14:20:11.355,418.9994660405956,95
2024-09-19 14:20:11.368,419.05143361488064,12
2024-09-19 14:20:11.467,419.0319568401318,1005
2024-09-19 14:20:11.483,419.00058839517055,11
2024-09-19 14:20:11.564,418.96556441511,5
2024-09-19 14:20:11.579,419.03196864860274,15
2024-09-19 14:20:11.595,418.9662962342234,103
2024-09-19 14:20:11.618,419.0738430233453,102
2024-09-19 14:20:11.630,419.0298400150413,98
2024-09-19 14:20:11.723,419.0650799868697,100
2024-09-19 14:20:11.743,419.0404872831729,103
2024-09-19 14:20:11.747,419.0485891504055,999
2024-09-19 14:20:11.749,41.90309360453051,1005
2024-09-19 14:20:11.750,419.0122293758463,15
2024-09-19 14:20:11.817,419.030139659201,1005
2024-09-19 14:20:11.855,418.9581082674824,13
2024-09-19 14:20:11.942,418.9632584903389,10
2024-09-19 14:20:11.959,419.0468055702362,102
2024-09-19 14:20:11.984,418.97772676532026,1002
2024-09-19 14:20:12.124,419.0670468308296,10
2024-09-19 14:20:12.200,419.0725310316572,1001
2024-09-19 14:20:12.248,419.0697572650226,995
2024-09-19 14:20:12.259,419.0536783715688,1002
2024-09-19 14:20:12.423,419.053556175824,97
2024-09-19 14:20:12.487,419.06258793219433,1002
2024-09-19 14:20:12.554,419.0662072102952,996
2024-09-19 14:20:12.561,419.0401140716512,1002
2024-09-19 14:20:12.740,419.0743050714239,995
2024-09-19 14:20:12.744,419.0683013989093,10
2024-09-19 14:20:12.747,419.0609158988729,95
2024-09-19 14:20:12.829,419.0606644548179,96
2024-09-19 14:20:12.841,419.05326515601394,14
2024-09-19 14:20:12.843,419.05684372786976,6
2024-09-19 14:20:12.854,419.07779723209967,99
2024-09-19 14:20:12.917,419.05266096893257,96
2024-09-19 14:20:12.933,419.0655645166113,996
2024-09-19 14:20:13.049,418.9724773403751,104
2024-09-19 14:20:13.058,419.0211873793414,11
2024-09-19 14:20:13.103,419.0237756807358,998
2024-09-19 14:20:13.105,418.9788881298469,1000
2024-09-19 14:20:13.137,418.9774669661768,999
2024-09-19 14:20:13.153,418.9254498674465,104
2024-09-19 14:20:13.168,418.97406731526513,998
2024-09-19 14:20:13.198,419.0004432758732,5
2024-09-19 14:20:13.208,418.9340778597837,8
2024-09-19 14:20:13.320,418.929613388512,1005
2024-09-19 14:20:13.373,418.9255269699392,101
2024-09-19 14:20:13.442,418.9257216444215,1000
2024-09-19 14:20:13.474,419.033981226636,1002
2024-09-19 14:20:13.487,419.016719319275,103
2024-09-19 14:20:13.487,418.9627130362639,7
2024-09-19 14:20:13.520,418.9631522617549,10
2024-09-19 14:20:13.580,419.02033941584,97
2024-09-19 14:20:13.656,418.9320600754058,996
2024-09-19 14:20:13.667,418.9033828251415,13
2024-09-19 14:20:13.669,418.94102289595975,997
2024-09-19 14:20:13.728,418.9280255447743,100
2024-09-19 14:20:13.775,419.0540220111679,12
2024-09-19 14:20:13.777,418.9765882097728,13
2024-09-19 14:20:13.780,418.9175458876989,5
2024-09-19 14:20:13.789,419.0732948872944,1002
2024-09-19 14:20:13.797,419.0259638860044,97
2024-09-19 14:20:13.925,418.955761820878,100
2024-09-19 14:20:14.067,418.9827479472857,995
2024-09-19 14:20:14.082,418.9891675412507,98
2024-09-19 14:20:14.204,418.9668435711234,997
2024-09-19 14:20:14.320,418.9599090710346,6
2024-09-19 14:20:14.374,418.9505398508652,13
2024-09-19 14:20:14.394,418.9299112827461,7
2024-09-19 14:20:14.551,418.9358366956014,1005
2024-09-19 14:20:14.583,418.9761499859485,1000
2024-09-19 14:20:14.628,418.9735603017481,97
2024-09-19 14:20:14.734,418.93504853595545,95
2024-09-19 14:20:14.793,419.0037302959318,8
2024-09-19 14:20:14.799,419.0006275483264,14
2024-09-19 14:20:14.866,419.0009464864001,6
2024-09-19 14:20:15.124,418.989670446202,996
2024-09-19 14:20:15.581,418.9897927148383,103
2024-09-19 14:20:15.597,418.9817797399856,996
2024-09-19 14:20:16.036,418.9923705797109,14
2024-09-19 14:20:16.085,418.9811130743553,1003
2024-09-19 14:20:16.151,-419.0105561892931,105
2024-09-19 14:20:16.191,418.9842848492797,100
2024-09-19 14:20:16.232,419.011606460806,8
2024-09-19 14:20:16.238,418.94449881352654,6
2024-09-19 14:20:16.378,419.0125071703801,12
2024-09-19 14:20:16.406,419.0030692610198,13
2024-09-19 14:20:16.409,418.99773001511375,7
2024-09-19 14:20:16.486,418.99118596220393,13
2024-09-19 14:20:16.512,419.0194753803393,10
2024-09-19 14:20:16.530,419.0050154787229,96
2024-09-19 14:20:16.538,418.9924867243199,12
2024-09-19 14:20:16.547,418.9350284916292,1001
2024-09-19 14:20:16.623,418.9410108977914,1001
2024-09-19 14:20:16.649,418.9457460104712,11
2024-09-19 14:20:16.711,418.96398786207817,11
2024-09-19 14:20:16.776,418.9445832155441,7
2024-09-19 14:20:16.861,418.94750534445103,104
2024-09-19 14:20:16.981,419.0127574432592,995
2024-09-19 14:20:17.032,418.94943128061385,95
2024-09-19 14:20:17.047,418.9483688452206,999
2024-09-19 14:20:17.050,418.9344121908209,5
2024-09-19 14:20:17.066,418.9256142449316,1005
2024-09-19 14:20:17.276,418.9182663658532,1002
2024-09-19 14:20:17.278,418.9528493042443,11
2024-09-19 14:20:17.286,418.9009449983579,96
2024-09-19 14:20:17.336,418.90659319395337,102
2024-09-19 14:20:17.353,418.9038715372648,104
2024-09-19 14:20:17.357,418.93776275328304,104
2024-09-19 14:20:17.525,418.92110045191,100
2024-09-19 14:20:17.577,418.8882560653565,998
2024-09-19 14:20:17.623,418.91857769470926,15
2024-09-19 14:20:17.691,418.92785793228194,9
2024-09-19 14:20:17.770,418.92733549408393,1003
2024-09-19 14:20:17.850,418.93365410388367,101
2024-09-19 14:20:17.934,418.9220344587307,99
2024-09-19 14:20:17.962,418.938077022554,1001
2024-09-19 14:20:17.975,418.904286446898,1000
2024-09-19 14:20:17.985,418.9326084979983,1003
2024-09-19 14:20:18.083,418.9785872913742,100
2024-09-19 14:20:18.127,418.9713445857596,995
2024-09-19 14:20:18.137,418.9852788034256,102
2024-09-19 14:20:18.149,41.898139256325685,14
2024-09-19 14:20:18.165,-418.9893567119335,1002
2024-09-19 14:20:18.188,418.981023134539,15
2024-09-19 14:20:18.240,418.9732558812403,8
2024-09-19 14:20:18.360,418.954603084157,12
2024-09-19 14:20:18.384,418.99044225582986,96
2024-09-19 14:20:18.394,418.9705183501156,13
2024-09-19 14:20:18.462,418.96291050388686,1004
2024-09-19 14:20:18.472,418.9794968132112,12
2024-09-19 14:20:18.474,418.958868788672,100
2024-09-19 14:20:18.477,418.9681869839473,104
2024-09-19 14:20:18.480,418.95089578032014,7
2024-09-19 14:20:18.502,418.95187557557006,98
2024-09-19 14:20:18.502,418.96872340745614,6
2024-09-19 14:20:18.522,418.9484099247832,102
2024-09-19 14:20:18.703,418.95284826562624,999
2024-09-19 14:20:18.742,,1002
2024-09-19 14:20:18.749,418.9917035076925,95
2024-09-19 14:20:18.813,418.9766832507804,11
2024-09-19 14:20:18.816,418.965357875202,10
2024-09-19 14:20:18.819,418.9798086355545,104
2024-09-19 14:20:18.822,-419.01289249864976,999
2024-09-19 14:20:18.850,418.9687753319431,5
2024-09-19 14:20:18.868,418.94792229192063,1003
2024-09-19 14:20:18.920,418.9578928862119,103
2024-09-19 14:20:18.944,418.95326396386,998
2024-09-19 14:20:18.944,418.96357830169256,996
2024-09-19 14:20:19.009,418.9600578988241,11
2024-09-19 14:20:19.013,418.971861253554,1005
2024-09-19 14:20:19.052,418.9716845378283,997
2024-09-19 14:20:19.116,418.9832311841346,997
2024-09-19 14:20:19.155,418.9595059150139,9
2024-09-19 14:20:19.247,418.9692801711701,1001
2024-09-19 14:20:19.271,418.9840333461429,9
2024-09-19 14:20:19.277,418.975116437404,98
2024-09-19 14:20:19.300,418.9919037635154,995
2024-09-19 14:20:19.357,418.978463610672,997
2024-09-19 14:20:19.439,418.97817462427486,104
2024-09-19 14:20:19.452,418.9850368112183,95
2024-09-19 14:20:19.473,418.97017536951705,101
2024-09-19 14:20:19.560,41.896035984446655,995
2024-09-19 14:20:19.586,418.97273311595706,7
2024-09-19 14:20:19.595,418.989947009121,5
2024-09-19 14:20:19.765,418.9832989451197,10
2024-09-19 14:20:19.780,418.9817289336888,995
2024-09-19 14:20:19.839,418.9803657101973,12
2024-09-19 14:20:19.940,41.89781650123816,99
2024-09-19 14:20:19.981,418.9831381183887,12
2024-09-19 14:20:20.005,418.9278302348047,6
2024-09-19 14:20:20.011,418.9617998364743,97
2024-09-19 14:20:20.015,418.9659997125759,99
2024-09-19 14:20:20.016,418.97027045715936,996
2024-09-19 14:20:20.027,418.9134490645378,13
2024-09-19 14:20:20.121,418.9551790562396,7
2024-09-19 14:20:20.127,418.9720016611629,1004
2024-09-19 14:20:20.226,418.978086554172,1004
2024-09-19 14:20:20.253,418.9578875462214,96
2024-09-19 14:20:20.263,418.9784096766,102
2024-09-19 14:20:20.280,418.9692566366255,98
2024-09-19 14:20:20.489,418.954596586983,102
2024-09-19 14:20:20.580,418.96526816135525,1003
2024-09-19 14:20:20.637,418.9638423256788,5
2024-09-19 14:20:20.673,418.9584267785716,11
2024-09-19 14:20:20.725,418.9730295881309,8
2024-09-19 14:20:20.750,418.9608315343307,11
2024-09-19 14:20:20.783,418.9604543254516,1002
2024-09-19 14:20:20.817,418.9587090925067,96
2024-09-19 14:20:20.886,418.9194879370921,1001
2024-09-19 14:20:20.967,418.9599582630622,12
2024-09-19 14:20:20.980,418.9470708987262,101
2024-09-19 14:20:22.040,418.8231023758124,998
2024-09-19 14:20:22.094,418.7917671456949,8
2024-09-19 14:20:22.132,418.839539399596,11
2024-09-19 14:20:22.270,418.8085942072875,995
2024-09-19 14:20:22.287,418.78419928722,8
2024-09-19 14:20:22.368,418.8118930761343,104
2024-09-19 14:20:22.372,418.8660422311288,98
2024-09-19 14:20:22.443,41.88851383955625,1004
2024-09-19 14:20:22.508,418.8482075962011,11
2024-09-19 14:20:22.536,41.89027375075224,997
2024-09-19 14:20:22.568,418.7966158823767,96
2024-09-19 14:20:22.579,418.7973042001059,101
2024-09-19 14:20:22.588,418.9109747957632,998
2024-09-19 14:20:22.687,418.82949638754326,10
2024-09-19 14:20:22.803,418.7975877616811,13
2024-09-19 14:20:22.835,418.8265085021485,5
2024-09-19 14:20:22.855,418.88606528892296,8
2024-09-19 14:20:22.891,418.8323513228572,1002
2024-09-19 14:20:22.910,418.849466412573,96
2024-09-19 14:20:22.918,418.8002058968036,6
2024-09-19 14:20:22.927,418.82776203035394,13
2024-09-19 14:20:22.996,418.8797685640974,9
2024-09-19 14:20:23.034,418.8075527415056,997
2024-09-19 14:20:23.065,418.8014536470614,9
2024-09-19 14:20:23.270,418.8459540671134,1002
2024-09-19 14:20:23.297,418.8257579802406,997
2024-09-19 14:20:23.971,418.8071305728432,103
2024-09-19 14:20:24.128,418.8458778790172,15
2024-09-19 14:20:24.679,418.86711088766776,1002
2024-09-19 14:20:24.727,418.8448798606914,1001
2024-09-19 14:20:24.841,418.8523754916537,1002
2024-09-19 14:20:25.017,418.9367458984432,1000
2024-09-19 14:20:25.098,418.8814275141791,1000
2024-09-19 14:20:25.151,418.8751210804956,999
2024-09-19 14:20:25.195,418.9023390331608,11
2024-09-19 14:20:25.294,418.87969219852806,1004
2024-09-19 14:20:25.349,418.9151546809197,1002
2024-09-19 14:20:25.473,418.9108131417679,997
2024-09-19 14:20:25.484,418.9326659582204,10
2024-09-19 14:20:25.489,418.9124810807709,10
2024-09-19 14:20:25.544,418.87334322565584,6
2024-09-19 14:20:25.579,418.9435126896615,13
2024-09-19 14:20:25.579,418.9176855916228,1001
2024-09-19 14:20:25.655,418.9025702951178,999
2024-09-19 14:20:25.785,418.9320276895484,1003
2024-09-19 14:20:26.076,418.939952847046,6
2024-09-19 14:20:26.139,418.9393332242443,8
2024-09-19 14:20:26.160,418.93912815208745,9
2024-09-19 14:20:26.168,418.9247526441248,13
2024-09-19 14:20:26.221,418.9519299712541,1000
2024-09-19 14:20:26.251,418.9288642047613,1005
2024-09-19 14:20:26.262,418.9515220498477,15
2024-09-19 14:20:26.282,418.9532743235413,11
2024-09-19 14:20:26.302,418.9230342091152,15
2024-09-19 14:20:26.307,418.9226694074336,998
2024-09-19 14:20:26.373,418.9704315131574,997
2024-09-19 14:20:26.401,418.9326900797189,1005
2024-09-19 14:20:26.456,418.946451929798,100
2024-09-19 14:20:26.467,418.9263719099453,15
2024-09-19 14:20:26.482,418.9253566395389,10
2024-09-19 14:20:26.510,418.9646031899398,98
2024-09-19 14:20:26.515,418.9486410662629,100
2024-09-19 14:20:26.529,418.9494057223116,104
2024-09-19 14:20:26.647,418.9349708277424,12
2024-09-19 14:20:26.679,418.9671807222722,8
2024-09-19 14:20:26.713,418.9422004829315,104
2024-09-19 14:20:26.722,418.9241385608256,997
2024-09-19 14:20:26.760,-418.9752674481056,8
2024-09-19 14:20:26.778,418.95805516677547,14
2024-09-19 14:20:26.796,418.93723129499415,6
2024-09-19 14:20:26.832,418.9286123320703,995
2024-09-19 14:20:26.873,418.9149095961769,999
2024-09-19 14:20:26.912,418.9434626696985,5
2024-09-19 14:20:27.055,418.8608189570418,99
2024-09-19 14:20:27.068,418.8505401007829,9
2024-09-19 14:20:27.090,418.864728393727,1005
2024-09-19 14:20:27.198,418.88906868768527,996
2024-09-19 14:20:27.199,418.8531264967459,97
2024-09-19 14:20:27.279,418.9092373859744,13
2024-09-19 14:20:27.303,418.9112829746184,15
2024-09-19 14:20:27.362,418.9020659997574,101
2024-09-19 14:20:27.397,418.88599605400407,995
2024-09-19 14:20:27.446,418.8562402174811,104
2024-09-19 14:20:27.533,418.90691350016846,15
2024-09-19 14:20:27.594,418.841754700536,6
2024-09-19 14:20:27.633,418.88336135473054,95
2024-09-19 14:20:27.935,418.8882327387552,8
2024-09-19 14:20:28.016,418.8383767411644,15
2024-09-19 14:20:28.100,418.814578512096,103
2024-09-19 14:20:28.173,418.8011070846601,102
2024-09-19 14:20:28.198,418.8160854325817,9
2024-09-19 14:20:28.207,418.8267686313313,100
2024-09-19 14:20:28.229,418.8147544713729,996
2024-09-19 14:20:28.246,418.831667583354,15
2024-09-19 14:20:28.293,418.7939930561769,100
2024-09-19 14:20:28.325,418.85682941956406,996
2024-09-19 14:20:28.443,418.8228961041213,10
2024-09-19 14:20:28.563,418.8378382136259,99
2024-09-19 14:20:28.564,418.81405648946304,10
2024-09-19 14:20:28.721,418.8112579374731,98
2024-09-19 14:20:28.752,418.793567850162,96
2024-09-19 14:20:28.772,418.78390911622097,9
2024-09-19 14:20:28.788,418.82060061245807,97
2024-09-19 14:20:28.795,418.7902295014268,99
2024-09-19 14:20:28.879,418.8121022868388,10
2024-09-19 14:20:28.905,418.84508594173934,14
2024-09-19 14:20:28.920,418.79268687572943,1000
2024-09-19 14:20:28.934,418.80752820348266,999
2024-09-19 14:20:29.004,418.8427633374736,100
2024-09-19 14:20:29.038,418.78296025791207,14
2024-09-19 14:20:29.043,418.8295524704836,9
2024-09-19 14:20:29.146,418.79344235836186,997
2024-09-19 14:20:29.173,418.8313928934883,10
2024-09-19 14:20:29.284,418.7980486127295,105
2024-09-19 14:20:29.307,41.881540682568286,999
2024-09-19 14:20:29.407,418.8044020497502,1005
2024-09-19 14:20:29.457,-418.8492468737625,996
2024-09-19 14:20:29.503,418.78482609184266,101
2024-09-19 14:20:29.557,418.8219301139145,995
2024-09-19 14:20:29.559,418.7896301292895,98
2024-09-19 14:20:29.568,418.7758753178728,13
2024-09-19 14:20:29.577,418.77749900423527,8
2024-09-19 14:20:29.600,418.793925133791,11
2024-09-19 14:20:29.616,418.8355280483834,1001
2024-09-19 14:20:29.648,418.7970696072263,102
2024-09-19 14:20:29.668,418.8347621901255,103
2024-09-19 14:20:29.866,418.82386959405846,1001
2024-09-19 14:20:29.888,418.83895820097047,13
2024-09-19 14:20:29.889,418.8071972048778,999
2024-09-19 14:20:29.895,418.84383221006914,996
2024-09-19 14:20:29.899,418.78573861094577,10
2024-09-19 14:20:29.918,418.7778273640063,12
2024-09-19 14:20:29.940,418.782364888497,1005
2024-09-19 14:20:29.953,418.83986447219934,1001
2024-09-19 14:20:30.087,418.8086650818239,998
2024-09-19 14:20:30.131,,995
2024-09-19 14:20:30.219,418.7968160994235,11
2024-09-19 14:20:30.409,418.8033160596097,104
2024-09-19 14:20:30.421,418.8084621249321,103
2024-09-19 14:20:30.671,418.81333690777967,5
2024-09-19 14:20:30.744,418.7967986997276,1002
2024-09-19 14:20:31.010,418.73119229621415,1002
2024-09-19 14:20:31.081,418.8340050450218,97
2024-09-19 14:20:31.192,418.8474386105471,11
2024-09-19 14:20:31.217,418.8291165611998,14
2024-09-19 14:20:31.271,418.83134676567136,12
2024-09-19 14:20:31.286,418.8109293377685,1002
2024-09-19 14:20:31.307,418.7321837301225,96
2024-09-19 14:20:31.314,418.8237696261827,1000
2024-09-19 14:20:31.321,418.8182028228207,97
2024-09-19 14:20:31.338,418.75226360503245,5
2024-09-19 14:20:31.461,418.8336329764912,1002
2024-09-19 14:20:31.468,418.7269099500029,105
2024-09-19 14:20:31.487,418.75282846003904,99
2024-09-19 14:20:31.517,418.8168698792974,1002
2024-09-19 14:20:31.538,418.8323075218198,1004
2024-09-19 14:20:31.550,418.7833797682731,6
2024-09-19 14:20:31.571,418.8301035994127,1001
2024-09-19 14:20:31.712,418.7553459144052,105
2024-09-19 14:20:31.750,418.7115723627712,11
2024-09-19 14:20:31.757,418.8167999007368,100
2024-09-19 14:20:31.793,418.8545415132779,95
2024-09-19 14:20:31.802,418.7348748640538,101
2024-09-19 14:20:31.836,418.7160176387685,105
2024-09-19 14:20:31.865,418.7725502133729,105
2024-09-19 14:20:31.876,418.8513736930764,14
2024-09-19 14:20:31.906,418.7277032468194,97
2024-09-19 14:20:31.918,418.8547648193645,997
2024-09-19 14:20:31.933,418.8068975299829,101
2024-09-19 14:20:32.024,418.6412117607979,1000
2024-09-19 14:20:32.042,418.6926321493819,1005
2024-09-19 14:20:32.046,418.65446124437176,10
2024-09-19 14:20:32.122,418.6416102438562,1000
2024-09-19 14:20:32.196,418.6551778551348,998
2024-09-19 14:20:32.253,418.6847447285836,11
2024-09-19 14:20:32.255,418.6537249640804,11
2024-09-19 14:20:32.265,418.6531441918928,14
2024-09-19 14:20:32.274,418.6350323395253,100
2024-09-19 14:20:32.302,-418.6368115975744,104
2024-09-19 14:20:32.318,418.6921542556896,97
2024-09-19 14:20:32.321,418.670924551732,104
2024-09-19 14:20:32.327,418.6620310458719,5
2024-09-19 14:20:32.348,418.64257787639576,8
2024-09-19 14:20:32.403,418.6361621960865,1001
2024-09-19 14:20:32.418,418.6624991970976,998
2024-09-19 14:20:32.475,418.6340531454384,995
2024-09-19 14:20:32.475,418.6465618586796,105
2024-09-19 14:20:32.551,418.67550632545095,6
2024-09-19 14:20:32.619,418.665255011968,995
2024-09-19 14:20:32.629,418.6618948914692,7
2024-09-19 14:20:32.649,418.6481702746029,995
2024-09-19 14:20:32.660,418.6644986284282,10
2024-09-19 14:20:32.700,418.6970948226633,1002
2024-09-19 14:20:32.751,418.6603265610675,96
2024-09-19 14:20:32.751,418.6499746600154,102
2024-09-19 14:20:32.943,418.65079270858615,1004
2024-09-19 14:20:33.014,418.66846390172776,14
2024-09-19 14:20:33.285,418.6631373586053,1003
2024-09-19 14:20:33.316,418.6591534680565,997
2024-09-19 14:20:33.463,418.67652889919214,1001
2024-09-19 14:20:33.912,418.6740419760859,999
2024-09-19 14:20:34.180,418.6938179106835,12
2024-09-19 14:20:34.307,418.688150519835,998
2024-09-19 14:20:34.522,418.67483105903847,99
2024-09-19 14:20:34.780,418.7128923341849,105
2024-09-19 14:20:35.133,418.687118338847,6
2024-09-19 14:20:35.512,418.7039187126925,14
2024-09-19 14:20:35.537,418.6969585495448,1001
2024-09-19 14:20:35.675,418.6904691662751,1005
2024-09-19 14:20:35.729,418.7031141133617,97
2024-09-19 14:20:36.143,418.74496673602886,8
2024-09-19 14:20:36.205,418.7023687215594,996
2024-09-19 14:20:36.224,418.755745638416,13
2024-09-19 14:20:36.237,418.6777140517449,1000
2024-09-19 14:20:36.287,418.6921475201736,97
2024-09-19 14:20:36.301,418.706026840348,10
2024-09-19 14:20:36.314,418.708215135225,5
2024-09-19 14:20:36.427,418.6797397272832,1003
2024-09-19 14:20:36.460,418.68101562189423,99
2024-09-19 14:20:36.460,418.735976906476,1003
2024-09-19 14:20:36.462,418.6777884777141,998
2024-09-19 14:20:36.465,418.6994969685491,1004
2024-09-19 14:20:36.481,418.6753577469817,97
2024-09-19 14:20:36.483,418.6780091880395,105
2024-09-19 14:20:36.584,418.7098850003568,6
2024-09-19 14:20:36.586,418.690585882091,97
2024-09-19 14:20:36.608,418.7015847822871,1000
2024-09-19 14:20:36.713,418.6877528636791,7
2024-09-19 14:20:36.864,418.6828541160678,97
2024-09-19 14:20:36.868,418.6838812886263,96
2024-09-19 14:20:36.879,418.7630538371901,1001
2024-09-19 14:20:36.910,418.6836953795696,5
2024-09-19 14:20:36.956,418.6845322643998,97
2024-09-19 14:20:36.987,418.6802899719543,9
2024-09-19 14:20:37.034,418.86399372646986,1002
2024-09-19 14:20:37.062,418.7842451175064,15
2024-09-19 14:20:37.103,418.8153581590672,8
2024-09-19 14:20:37.184,418.8807925157276,1004
2024-09-19 14:20:37.224,418.788537023292,999
2024-09-19 14:20:37.234,418.8118795184141,12
2024-09-19 14:20:37.288,418.8694486109736,96
2024-09-19 14:20:37.312,418.8381184078228,99
2024-09-19 14:20:37.327,418.8389375224128,1003
2024-09-19 14:20:37.334,418.8519069982895,1004
2024-09-19 14:20:37.360,418.8804963559461,5
2024-09-19 14:20:37.371,418.8858967419997,6
2024-09-19 14:20:37.379,418.8859430809682,11
2024-09-19 14:20:37.411,418.8820326987263,104
2024-09-19 14:20:37.424,418.8682938298528,999
2024-09-19 14:20:37.480,418.8745669052326,103
2024-09-19 14:20:37.497,418.8331903320964,999
2024-09-19 14:20:37.507,418.7964118319428,99
2024-09-19 14:20:37.525,418.8128547536803,5
2024-09-19 14:20:37.687,418.84846325996216,13
2024-09-19 14:20:37.745,418.8273002798892,8
2024-09-19 14:20:37.774,418.8165186408178,104
2024-09-19 14:20:37.789,418.8789843364429,105
2024-09-19 14:20:37.814,418.83000457424,12
2024-09-19 14:20:37.824,418.8412697873772,997
2024-09-19 14:20:37.824,418.7808400092353,1001
2024-09-19 14:20:37.984,418.8297612835238,9
2024-09-19 14:20:39.120,418.8919884616556,9
2024-09-19 14:20:39.124,418.9338065404939,99
2024-09-19 14:20:39.184,418.87409746081073,8
2024-09-19 14:20:39.235,418.9133412774802,103
2024-09-19 14:20:39.253,418.8826624111317,97
2024-09-19 14:20:39.325,418.896608657346,1000
2024-09-19 14:20:39.332,418.8816074962986,6
2024-09-19 14:20:39.557,418.9207746671976,999
2024-09-19 14:20:39.615,418.89252000002233,98
2024-09-19 14:20:39.713,418.9058776559023,1000
2024-09-19 14:20:39.734,418.90960498249126,96
2024-09-19 14:20:39.802,418.9234299448775,15
2024-09-19 14:20:39.950,418.8786448081565,999
2024-09-19 14:20:40.143,418.89202449000686,15
2024-09-19 14:20:40.171,418.918469978021,12
2024-09-19 14:20:40.173,418.901136024299,7
2024-09-19 14:20:40.351,418.9217695949413,102
2024-09-19 14:20:40.361,418.9104571728402,102
2024-09-19 14:20:40.402,418.9284916692295,998
2024-09-19 14:20:40.510,418.9039246114282,13
2024-09-19 14:20:40.528,418.9104846750178,12
2024-09-19 14:20:40.615,418.9073811676868,103
2024-09-19 14:20:40.624,418.9243869087522,104
2024-09-19 14:20:40.629,418.9337155744558,995
2024-09-19 14:20:40.654,418.9145166722122,13
2024-09-19 14:20:40.704,418.9379010385801,105
2024-09-19 14:20:40.764,418.9209127591806,7
2024-09-19 14:20:40.797,418.9224078625744,100
2024-09-19 14:20:40.828,418.92500169430696,1003
2024-09-19 14:20:40.935,418.9396662546473,14
2024-09-19 14:20:40.982,418.9234855832827,14
2024-09-19 14:20:41.002,418.90671319788913,1003
2024-09-19 14:20:41.003,418.8968474189416,999
2024-09-19 14:20:41.042,418.9018015156114,1004
2024-09-19 14:20:41.055,418.8925513461044,1001
2024-09-19 14:20:41.100,418.93094125120473,998
2024-09-19 14:20:41.100,418.9117241494231,14
2024-09-19 14:20:41.168,418.8947733216924,1000
2024-09-19 14:20:41.172,418.90576602083786,100
2024-09-19 14:20:41.206,418.8971408132703,104
2024-09-19 14:20:41.220,418.9234907543074,103
2024-09-19 14:20:41.324,418.92267450909975,105
2024-09-19 14:20:41.359,418.93307733630144,12
2024-09-19 14:20:41.444,418.9506985314568,5
2024-09-19 14:20:41.444,418.9007893413311,95
2024-09-19 14:20:41.464,418.8763538824339,7
2024-09-19 14:20:41.493,418.9574918810287,95
2024-09-19 14:20:41.511,418.8944111443701,1000
2024-09-19 14:20:41.566,418.8928750531181,996
2024-09-19 14:20:41.592,418.90197295587126,104
2024-09-19 14:20:41.646,418.9123567944308,98
2024-09-19 14:20:41.682,418.8777448185919,99
2024-09-19 14:20:41.716,418.9054530418293,997
2024-09-19 14:20:41.759,418.9135161615204,1005
2024-09-19 14:20:41.775,418.9009117047944,104
2024-09-19 14:20:41.816,418.9499618013685,96
2024-09-19 14:20:41.853,418.9248593104854,8
2024-09-19 14:20:41.905,418.8838481522165,95
2024-09-19 14:20:41.911,418.8995129964548,98
2024-09-19 14:20:41.923,418.9417345602788,97
2024-09-19 14:20:41.935,418.90815395100685,105
2024-09-19 14:20:42.024,418.9472323671675,96
2024-09-19 14:20:42.122,418.9698554087247,103
2024-09-19 14:20:42.206,-418.95762270738567,1000
2024-09-19 14:20:42.210,418.9685690914265,98
2024-09-19 14:20:42.213,418.9729975861107,1000
2024-09-19 14:20:42.246,418.9583201010535,102
2024-09-19 14:20:42.413,418.9327315236078,995
2024-09-19 14:20:42.482,418.9202730905236,995
2024-09-19 14:20:42.582,418.972037033721,1002
2024-09-19 14:20:42.586,418.93985170508194,104
2024-09-19 14:20:42.634,418.97114811046646,1001
2024-09-19 14:20:42.661,418.9366106317006,10
2024-09-19 14:20:42.664,418.9662521845125,997
2024-09-19 14:20:42.741,418.9801327519561,1005
2024-09-19 14:20:42.846,418.9653794040159,103
2024-09-19 14:20:42.850,418.9483553008066,10
2024-09-19 14:20:42.921,418.98208918893374,8
2024-09-19 14:20:42.993,418.9579806555385,9
2024-09-19 14:20:43.135,418.913094596472,1002
2024-09-19 14:20:43.234,418.9656487525208,15
2024-09-19 14:20:43.255,418.9579936384137,8
2024-09-19 14:20:43.285,418.9388574396047,998
2024-09-19 14:20:43.351,418.95658773777086,1002
2024-09-19 14:20:43.383,418.9155363777984,98
2024-09-19 14:20:43.396,418.9516143222499,105
2024-09-19 14:20:43.397,418.9787242795383,101
2024-09-19 14:20:43.417,418.93016612595744,6
2024-09-19 14:20:43.424,418.94295504235225,1001
2024-09-19 14:20:43.466,418.9760618252849,1001
2024-09-19 14:20:43.478,418.9403025069625,99
2024-09-19 14:20:43.510,418.9669500780114,1000
2024-09-19 14:20:43.590,418.9833918878927,1001
2024-09-19 14:20:43.603,418.9439076447496,7
2024-09-19 14:20:43.635,418.9711910561643,7
2024-09-19 14:20:43.643,418.9275677765012,995
2024-09-19 14:20:43.709,418.95783341383896,103
2024-09-19 14:20:43.749,418.9075035220925,1005
2024-09-19 14:20:43.791,418.955804693753,1001
2024-09-19 14:20:43.818,418.9591686250576,97
2024-09-19 14:20:43.918,418.9654318272076,5
2024-09-19 14:20:43.938,418.9235143373167,1001
2024-09-19 14:20:44.025,418.9449298585233,98
2024-09-19 14:20:44.045,418.947897011489,1001
2024-09-19 14:20:44.047,418.9633815969127,99
2024-09-19 14:20:44.105,418.9440297238483,105
2024-09-19 14:20:44.132,418.9573797728723,999
2024-09-19 14:20:44.248,418.91921666101433,1000
2024-09-19 14:20:44.332,418.9345252768453,10
2024-09-19 14:20:44.350,418.9475548837093,100
2024-09-19 14:20:44.380,418.9229664769361,8
2024-09-19 14:20:44.391,418.9518822130443,103
2024-09-19 14:20:44.447,418.9365799710808,12
2024-09-19 14:20:44.621,418.9140696678265,98
2024-09-19 14:20:44.703,418.92973804855336,1004
2024-09-19 14:20:44.954,418.9412333730092,5
2024-09-19 14:20:45.070,418.87602663970347,98
2024-09-19 14:20:45.098,418.8571774929724,11
2024-09-19 14:20:45.109,418.8824818121764,1003
2024-09-19 14:20:45.231,418.8432226337863,1003
2024-09-19 14:20:45.247,418.841802733436,1002
2024-09-19 14:20:45.271,418.8702932317364,7
2024-09-19 14:20:45.277,418.8347225595239,1001
2024-09-19 14:20:45.289,418.90475061154274,1002
2024-09-19 14:20:45.310,418.8748111990499,996
2024-09-19 14:20:45.354,418.8476886003194,999
2024-09-19 14:20:45.359,418.8331123484388,105
2024-09-19 14:20:45.365,418.9036417883893,996
2024-09-19 14:20:45.431,418.8666145820141,14
2024-09-19 14:20:45.659,418.85526080431697,96
2024-09-19 14:20:45.691,418.8885299850255,15
2024-09-19 14:20:45.711,418.8387780574665,1004
2024-09-19 14:20:45.801,418.8776913143574,8
2024-09-19 14:20:45.802,418.8384457209266,997
2024-09-19 14:20:46.069,418.90116735642937,1005
2024-09-19 14:20:46.241,418.88035502330536,96
2024-09-19 14:20:46.827,418.93481398814976,101
2024-09-19 14:20:46.835,418.8997610772469,996
2024-09-19 14:20:46.880,418.9113206944602,8
2024-09-19 14:20:47.015,418.9611199564604,101
2024-09-19 14:20:47.149,419.0482099925921,105
2024-09-19 14:20:47.173,419.03321347234544,5
2024-09-19 14:20:47.213,418.9442467701927,1000
2024-09-19 14:20:47.240,419.0435435750204,104
2024-09-19 14:20:47.300,419.03456485755527,996
2024-09-19 14:20:47.355,418.99410608630825,15
2024-09-19 14:20:47.406,418.9996879094942,12
2024-09-19 14:20:47.421,419.0099604699672,10
2024-09-19 14:20:47.424,419.015446385531,12
2024-09-19 14:20:47.491,418.9970733869172,10
2024-09-19 14:20:47.491,418.9402115672135,13
2024-09-19 14:20:47.507,419.01200062258073,12
2024-09-19 14:20:47.641,418.9769658729346,11
2024-09-19 14:20:47.653,418.9865041302703,7
2024-09-19 14:20:47.657,418.9824061536207,7
2024-09-19 14:20:47.703,418.93846480049217,1003
2024-09-19 14:20:47.724,418.9959426965085,1002
2024-09-19 14:20:47.853,418.9728352335536,100
2024-09-19 14:20:47.858,418.98266487953777,95
2024-09-19 14:20:47.915,419.0097227022573,105
2024-09-19 14:20:47.947,418.93607542380187,1004
2024-09-19 14:20:47.985,418.93712678095386,13
2024-09-19 14:20:48.014,419.0341253540208,97
2024-09-19 14:20:48.042,419.0184779894328,11
2024-09-19 14:20:48.060,419.0093887059403,998
2024-09-19 14:20:48.069,419.0175607847837,999
2024-09-19 14:20:48.104,419.0283908645019,98
2024-09-19 14:20:48.127,419.0105165270853,103
2024-09-19 14:20:48.133,419.02663540975465,6
2024-09-19 14:20:48.153,419.0039907633805,7
2024-09-19 14:20:48.296,419.0040578424648,1004
2024-09-19 14:20:48.402,419.007089757547,102
2024-09-19 14:20:48.440,419.0144863518026,9
2024-09-19 14:20:48.442,419.0126820764707,1004
2024-09-19 14:20:48.450,418.9988147474833,96
2024-09-19 14:20:48.463,418.9984132484489,98
2024-09-19 14:20:48.493,418.9816663444384,96
2024-09-19 14:20:48.538,419.0340534932182,10
2024-09-19 14:20:48.618,419.00145458410793,101
2024-09-19 14:20:48.619,419.01929562780657,1000
2024-09-19 14:20:48.636,419.0104425834779,98
2024-09-19 14:20:48.648,419.0141704289367,10
2024-09-19 14:20:48.735,419.0118471053314,15
2024-09-19 14:20:48.794,418.98111980460266,13
2024-09-19 14:20:48.851,419.0104516957753,6
2024-09-19 14:20:48.855,419.0164899302355,8
2024-09-19 14:20:48.880,419.0199013098554,11
2024-09-19 14:20:48.909,418.9869522908041,7
2024-09-19 14:20:48.946,419.0249873847453,15
2024-09-19 14:20:48.955,419.0133666351178,102
2024-09-19 14:20:48.975,419.0222727954976,12
2024-09-19 14:20:49.020,419.0251865512324,99
2024-09-19 14:20:49.071,419.00372904873,7
2024-09-19 14:20:49.118,418.97068027630814,12
2024-09-19 14:20:49.159,419.02710730291295,1005
2024-09-19 14:20:49.279,419.019897256676,102
2024-09-19 14:20:49.285,418.9714836720975,95
2024-09-19 14:20:49.294,41.902601889615084,102
2024-09-19 14:20:49.344,419.0238276953477,14
2024-09-19 14:20:49.377,418.9790750733086,103
2024-09-19 14:20:49.499,419.0618531759455,15
2024-09-19 14:20:49.518,418.9779220486445,99
2024-09-19 14:20:49.545,419.0321275576156,1002
2024-09-19 14:20:49.605,419.0381759496776,996
2024-09-19 14:20:49.612,419.01249211650224,102
2024-09-19 14:20:49.631,418.9700014773896,105
2024-09-19 14:20:49.655,418.9682639097289,1001
2024-09-19 14:20:49.668,418.9997199622199,1001
2024-09-19 14:20:49.794,-418.9752871512524,6
2024-09-19 14:20:49.831,419.0306542618344,104
2024-09-19 14:20:49.832,419.0595533543362,95
2024-09-19 14:20:49.861,418.96887763262106,101
2024-09-19 14:20:49.875,418.9614875918926,999
2024-09-19 14:20:49.896,418.9724447888171,8
2024-09-19 14:20:49.931,419.0525020708878,95
2024-09-19 14:20:49.972,419.0407505632173,102
2024-09-19 14:20:50.288,418.96777534183377,98
2024-09-19 14:20:50.362,418.9742523373322,998
2024-09-19 14:20:50.366,418.94877485138505,102
2024-09-19 14:20:50.770,418.9803946370772,102
2024-09-19 14:20:51.092,419.0512455723818,95
2024-09-19 14:20:51.160,419.044311594744,105
2024-09-19 14:20:51.268,419.042920840378,1002
2024-09-19 14:20:51.280,419.0339306317085,12
2024-09-19 14:20:51.324,419.0433369681313,1003
2024-09-19 14:20:51.329,419.0172328685338,997
2024-09-19 14:20:51.367,419.03013984423023,998
2024-09-19 14:20:51.374,41.906599968227766,96
2024-09-19 14:20:51.421,419.0397696298939,6
2024-09-19 14:20:51.427,419.0695260806184,99
2024-09-19 14:20:51.432,419.0526858395078,104
2024-09-19 14:20:51.467,419.0364862946401,1003
2024-09-19 14:20:51.639,419.0381471059529,999
2024-09-19 14:20:51.640,419.0326169131549,7
2024-09-19 14:20:51.702,419.0371280263102,996
2024-09-19 14:20:51.710,418.9691193506324,12
2024-09-19 14:20:51.717,419.0185447148803,105
2024-09-19 14:20:51.757,418.96621953649696,102
2024-09-19 14:20:51.781,418.9831067078962,998
2024-09-19 14:20:51.802,418.9986502978274,95
2024-09-19 14:20:51.806,419.04755931550255,14
2024-09-19 14:20:51.846,419.0302798267144,1004
2024-09-19 14:20:51.864,419.0385767410609,1003
2024-09-19 14:20:51.864,419.0473363574587,101
2024-09-19 14:20:51.959,419.0219616635717,998
2024-09-19 14:20:52.000,419.0283545467739,1003
2024-09-19 14:20:52.115,419.0254859113625,99
2024-09-19 14:20:52.150,419.0158285253296,103
2024-09-19 14:20:52.178,419.0248744423856,996
2024-09-19 14:20:52.196,419.0334674504515,1003
2024-09-19 14:20:52.223,419.00269359509736,1003
2024-09-19 14:20:52.236,419.0406067973124,7
2024-09-19 14:20:52.255,419.0228817119811,14
2024-09-19 14:20:52.269,419.0113838632761,5
2024-09-19 14:20:52.608,419.01750635389465,13
2024-09-19 14:20:52.668,419.0350297938127,1000
2024-09-19 14:20:52.777,419.0165471843652,104
2024-09-19 14:20:52.870,419.029395573324,13
2024-09-19 14:20:52.902,419.0135773153586,1001
2024-09-19 14:20:53.017,418.943052306804,99
2024-09-19 14:20:53.028,418.9529060260689,1005
2024-09-19 14:20:53.035,419.0009329898791,11
2024-09-19 14:20:53.037,418.9551104704749,995
2024-09-19 14:20:53.041,41.89439768481694,996
2024-09-19 14:20:53.051,418.9625388070365,12
2024-09-19 14:20:53.070,418.9411230864099,15
2024-09-19 14:20:53.099,418.9438485780965,10
2024-09-19 14:20:53.113,418.9977535114412,97
2024-09-19 14:20:53.128,418.9521701824068,103
2024-09-19 14:20:53.137,419.0223279867189,11
2024-09-19 14:20:53.201,418.9860246692716,97
2024-09-19 14:20:53.317,418.9709988702327,13
2024-09-19 14:20:53.343,418.9570563349687,104
2024-09-19 14:20:53.343,418.93895876366616,101
2024-09-19 14:20:53.347,418.9448404238354,998
2024-09-19 14:20:53.408,418.9375450780499,1002
2024-09-19 14:20:53.410,418.9528420895888,15
2024-09-19 14:20:53.536,-418.9966171947394,998
2024-09-19 14:20:53.539,418.9355755591421,7
2024-09-19 14:20:53.631,418.9976201325858,6
2024-09-19 14:20:53.672,419.00057337447527,103
2024-09-19 14:20:53.899,418.9396291209618,101
2024-09-19 14:20:53.908,418.9420740131816,995
2024-09-19 14:20:53.941,418.96395858433056,105
2024-09-19 14:20:53.953,418.9970637947279,997
2024-09-19 14:20:54.091,418.93369891966233,11
2024-09-19 14:20:54.317,418.9441439825338,11
2024-09-19 14:20:54.459,418.9461823780963,1000
2024-09-19 14:20:54.522,418.9191950946177,98
2024-09-19 14:20:54.553,418.9189894170484,95
2024-09-19 14:20:54.690,418.88576061518353,11
2024-09-19 14:20:54.705,418.9238716830568,9
2024-09-19 14:20:54.991,,7
2024-09-19 14:20:55.006,418.9046866652024,8
2024-09-19 14:20:55.107,418.9217072595762,99
2024-09-19 14:20:55.122,418.9066682114564,100
2024-09-19 14:20:55.141,418.8877650532117,6
2024-09-19 14:20:55.148,418.8999332755841,6
2024-09-19 14:20:55.163,418.9161182205974,997
2024-09-19 14:20:55.206,418.91170817451854,15
2024-09-19 14:20:55.304,418.9147217969588,96
2024-09-19 14:20:55.334,418.9180078350093,6
2024-09-19 14:20:55.400,418.9160800100309,1003
2024-09-19 14:20:55.467,418.903521232963,8
2024-09-19 14:20:55.512,418.9105853651814,1002
2024-09-19 14:20:55.537,418.9054952482462,998
2024-09-19 14:20:55.646,418.9172343584237,995
2024-09-19 14:20:55.662,418.8977670732315,1002
2024-09-19 14:20:55.702,418.9106219166355,96
2024-09-19 14:20:55.716,418.905888422416,13
2024-09-19 14:20:55.761,,1002
2024-09-19 14:20:55.776,418.9106232646723,1005
2024-09-19 14:20:55.803,418.90368578102186,1002
2024-09-19 14:20:55.813,418.9025093406116,99
2024-09-19 14:20:55.840,418.9158179125439,1000
2024-09-19 14:20:55.852,418.8918207930064,95
2024-09-19 14:20:55.966,418.917101411613,100
2024-09-19 14:20:56.013,418.904916503732,98
2024-09-19 14:20:56.048,418.83922503325,1000
2024-09-19 14:20:56.160,418.8355937516116,999
2024-09-19 14:20:56.425,418.8752487039878,12
2024-09-19 14:20:56.455,418.9097735522766,1003
2024-09-19 14:20:56.496,418.8893660400961,1001
2024-09-19 14:20:56.599,418.8997274280373,12
2024-09-19 14:20:56.605,418.9007432937758,104
2024-09-19 14:20:56.636,418.9091864845487,996
2024-09-19 14:20:56.762,418.8756146571981,1002
2024-09-19 14:20:56.787,418.9129932569931,98
2024-09-19 14:20:56.879,418.90543822131264,102
2024-09-19 14:20:56.910,418.89812070652266,103
2024-09-19 14:20:56.980,418.8425366845259,102
2024-09-19 14:20:57.060,419.016320117739,996
2024-09-19 14:20:57.141,418.9626641304638,1005
2024-09-19 14:20:57.194,418.8423678477944,1005
2024-09-19 14:20:57.221,418.9685728539334,1002
2024-09-19 14:20:57.233,418.88452596397343,1001
2024-09-19 14:20:57.261,418.9393624782167,996
2024-09-19 14:20:57.279,418.9415638568657,1001
2024-09-19 14:20:57.305,418.99954912307896,103
2024-09-19 14:20:57.340,418.88826953840623,995
2024-09-19 14:20:57.389,418.9781086325064,7
2024-09-19 14:20:57.456,418.8737228112128,101
2024-09-19 14:20:57.521,418.87898973262367,995
2024-09-19 14:20:57.557,418.9751808215722,996
2024-09-19 14:20:57.628,418.98138993019177,15
2024-09-19 14:20:57.648,418.8809401394455,996
2024-09-19 14:20:57.670,419.00475932318,999
2024-09-19 14:20:57.762,419.0060791850001,15
2024-09-19 14:20:57.795,418.89107709256814,1000
2024-09-19 14:20:57.877,418.9145823834872,10
2024-09-19 14:20:57.891,418.8759218344123,1001
2024-09-19 14:20:57.948,419.0147593796777,103
2024-09-19 14:20:58.163,419.05017836823816,103
2024-09-19 14:20:58.241,419.0412882058172,997
2024-09-19 14:20:58.268,419.0425336390139,7
2024-09-19 14:20:58.389,419.02931888769297,12
2024-09-19 14:20:58.471,419.0272651862359,99
2024-09-19 14:20:58.884,419.0578482075063,96
2024-09-19 14:20:58.936,419.0347579737975,104
2024-09-19 14:20:59.076,418.998458555104,97
2024-09-19 14:20:59.126,418.9035636040184,1003
2024-09-19 14:20:59.205,418.90639945608063,15
2024-09-19 14:20:59.241,418.988168799824,1000
2024-09-19 14:20:59.267,418.9142291771721,997
2024-09-19 14:20:59.290,418.9346873017402,1000
2024-09-19 14:20:59.337,419.00712615813023,105
2024-09-19 14:20:59.349,418.9733091215714,999
2024-09-19 14:20:59.416,418.92577531969874,8
2024-09-19 14:20:59.435,418.9399254458245,999
2024-09-19 14:20:59.471,418.97027327921705,995
2024-09-19 14:20:59.493,418.95325437873606,10
2024-09-19 14:20:59.510,419.0037974549568,1005
2024-09-19 14:20:59.531,418.8957586469534,996
2024-09-19 14:20:59.548,418.9799166330552,999
2024-09-19 14:20:59.549,418.92965954831215,7
2024-09-19 14:20:59.558,418.9750443949352,1002
2024-09-19 14:20:59.599,418.94542509666337,14
2024-09-19 14:20:59.722,418.9218304370849,1003
2024-09-19 14:20:59.770,418.92506619387,15
2024-09-19 14:20:59.856,418.991512850061,103
2024-09-19 14:20:59.858,418.9627934716879,6
2024-09-19 14:20:59.882,418.9251408590569,6
2024-09-19 14:20:59.987,418.9487191450342,995
