Timestamp,Price,Size
2024-09-20 09:30:00.037,420.90494984002174,99
2024-09-20 09:30:00.116,420.8294946755936,999
2024-09-20 09:30:00.152,420.88354751237233,11
2024-09-20 09:30:00.152,420.8341144051032,10
2024-09-20 09:30:00.166,420.893493994844,15
2024-09-20 09:30:00.166,420.9006593503733,98
2024-09-20 09:30:00.298,420.8513018413368,102
2024-09-20 09:30:00.328,420.8356374943881,96
2024-09-20 09:30:00.404,420.918029032978,1001
2024-09-20 09:30:00.473,420.8252035629554,1003
2024-09-20 09:30:00.495,420.8275245246177,10
2024-09-20 09:30:00.564,420.8245796216523,103
2024-09-20 09:30:00.588,420.8918793062746,998
2024-09-20 09:30:00.605,420.8855301951576,8
2024-09-20 09:30:00.627,420.87651065005247,99
2024-09-20 09:30:00.630,420.88481593754665,1000
2024-09-20 09:30:00.710,420.8743913888047,97
2024-09-20 09:30:00.724,420.89187534026775,5
2024-09-20 09:30:00.753,420.8881473581097,1004
2024-09-20 09:30:00.806,420.9012733965162,11
2024-09-20 09:30:00.862,420.87720132327706,95
2024-09-20 09:30:00.934,420.9104216653861,1002
2024-09-20 09:30:00.937,420.88596499611504,10
2024-09-20 09:30:00.967,420.8911967455579,8
2024-09-20 09:30:00.969,420.8489517402597,105
2024-09-20 09:30:00.975,420.8675942089416,104
2024-09-20 09:30:00.983,420.83698800892,1005
2024-09-20 09:30:00.996,420.8839834499168,1002
2024-09-20 09:30:00.996,420.8783132398475,997
2024-09-20 09:30:00.998,420.8533695198693,7
2024-09-20 09:30:01.071,420.90489179307485,95
2024-09-20 09:30:01.465,420.8845285170793,100
2024-09-20 09:30:01.683,420.9088504583037,5
2024-09-20 09:30:01.720,420.88561177682345,1004
2024-09-20 09:30:02.081,420.92671132804713,995
2024-09-20 09:30:02.110,420.96888797523405,9
2024-09-20 09:30:02.124,420.9927111311386,1005
2024-09-20 09:30:02.129,420.8702594841325,1005
2024-09-20 09:30:02.134,420.9121393085574,14
2024-09-20 09:30:02.145,420.8802954352384,100
2024-09-20 09:30:02.191,420.8740402216173,9
2024-09-20 09:30:02.262,420.9422760201921,12
2024-09-20 09:30:02.331,420.9377437536627,1002
2024-09-20 09:30:02.379,420.8956294444597,1004
2024-09-20 09:30:02.450,420.9855567048268,996
2024-09-20 09:30:02.491,420.9799905883922,1003
2024-09-20 09:30:02.498,420.94779916623,9
2024-09-20 09:30:02.499,420.9301314052496,1003
2024-09-20 09:30:02.518,420.9733089637854,995
2024-09-20 09:30:02.572,420.8980779726199,103
2024-09-20 09:30:02.620,420.9756788675279,10
2024-09-20 09:30:02.652,420.8970353504959,96
2024-09-20 09:30:02.708,420.9432086890047,100
2024-09-20 09:30:02.783,420.90555105999726,98
2024-09-20 09:30:02.798,420.9084840286387,999
2024-09-20 09:30:04.213,420.9764458446669,1002
2024-09-20 09:30:04.440,421.00618478352,12
2024-09-20 09:30:04.498,421.0152739269085,10
2024-09-20 09:30:04.509,421.0079599504471,99
2024-09-20 09:30:04.527,421.00068222657393,13
2024-09-20 09:30:04.621,421.0111145450353,1000
2024-09-20 09:30:04.693,420.9725066629983,997
2024-09-20 09:30:04.708,420.9781205419464,10
2024-09-20 09:30:04.714,421.023688354456,95
2024-09-20 09:30:04.837,420.9836712315381,98
2024-09-20 09:30:04.842,420.9762161325608,995
2024-09-20 09:30:04.854,420.9922729583888,98
2024-09-20 09:30:04.946,421.00736498293537,1000
2024-09-20 09:30:05.047,421.0235842346812,101
2024-09-20 09:30:05.268,420.9887483424321,10
2024-09-20 09:30:05.282,421.017869852789,12
2024-09-20 09:30:05.381,421.0136880322669,13
2024-09-20 09:30:05.597,420.9950869386496,97
2024-09-20 09:30:05.663,421.0100910878552,1002
2024-09-20 09:30:05.786,421.0067862260264,102
2024-09-20 09:30:05.993,420.9965870839203,14
2024-09-20 09:30:05.994,421.0387784704096,12
2024-09-20 09:30:06.235,421.036496889071,102
2024-09-20 09:30:06.408,421.05178194169207,101
2024-09-20 09:30:06.690,421.0196699880221,1000
2024-09-20 09:30:07.073,421.1326450765147,1004
2024-09-20 09:30:07.143,421.0882996527918,1000
2024-09-20 09:30:07.192,421.059204845532,96
2024-09-20 09:30:07.217,421.085214535626,97
2024-09-20 09:30:07.289,421.1201727827626,102
2024-09-20 09:30:07.359,421.06940736765375,997
2024-09-20 09:30:07.377,421.04919579168273,105
2024-09-20 09:30:07.487,421.0583116990312,998
2024-09-20 09:30:07.558,421.06204841739344,99
2024-09-20 09:30:07.620,421.0907981670345,998
2024-09-20 09:30:07.625,421.0710975133277,1005
2024-09-20 09:30:07.693,421.0505779955288,105
2024-09-20 09:30:07.747,421.1114855034597,95
2024-09-20 09:30:07.780,421.12139896713177,1001
2024-09-20 09:30:07.826,421.0654165658729,1004
2024-09-20 09:30:07.914,421.1238947405701,98
2024-09-20 09:30:07.958,421.09948216565647,5
2024-09-20 09:30:08.008,421.1069576142796,999
2024-09-20 09:30:08.201,421.1402530103117,13
2024-09-20 09:30:08.318,421.10985872672927,95
2024-09-20 09:30:08.329,421.13754787749286,95
2024-09-20 09:30:08.362,421.1334426514765,1003
2024-09-20 09:30:08.385,421.1402206757708,15
2024-09-20 09:30:08.466,421.1266731889058,13
2024-09-20 09:30:08.485,421.12664180073045,9
2024-09-20 09:30:08.494,421.151777325074,1004
2024-09-20 09:30:08.496,421.1340858730202,11
2024-09-20 09:30:08.522,421.1206686485783,1005
2024-09-20 09:30:08.524,421.1333778359031,10
2024-09-20 09:30:08.673,421.1241998413304,98
2024-09-20 09:30:08.699,421.1548465449443,1000
2024-09-20 09:30:08.785,421.1324735518787,101
2024-09-20 09:30:08.797,421.1413567723436,101
2024-09-20 09:30:08.804,421.141601995164,104
2024-09-20 09:30:08.805,421.1203599461133,96
2024-09-20 09:30:08.828,421.162650888529,1000
2024-09-20 09:30:08.844,421.1136918923029,8
2024-09-20 09:30:08.900,421.11904746853065,97
2024-09-20 09:30:08.984,421.1482168375823,102
2024-09-20 09:30:09.085,421.12608462936026,104
2024-09-20 09:30:09.204,421.10066511136034,1002
2024-09-20 09:30:09.287,421.0563275686186,8
2024-09-20 09:30:09.345,421.11736730958864,997
2024-09-20 09:30:09.388,421.08974628061634,5
2024-09-20 09:30:09.441,421.1156035286173,1000
2024-09-20 09:30:09.508,421.1198112421732,95
2024-09-20 09:30:09.670,421.0985035319214,101
2024-09-20 09:30:09.695,421.1138712692728,997
2024-09-20 09:30:09.697,421.1057826897624,11
2024-09-20 09:30:09.760,421.0921770711878,105
2024-09-20 09:30:09.859,421.1194254065677,1005
2024-09-20 09:30:09.871,421.103816637436,1001
2024-09-20 09:30:09.881,421.1165864014321,995
2024-09-20 09:30:09.902,421.1254229425778,98
2024-09-20 09:30:09.939,421.0706345839578,15
2024-09-20 09:30:09.948,421.101589676764,1004
2024-09-20 09:30:09.972,421.1052784254082,996
2024-09-20 09:30:10.020,421.0441810166178,13
2024-09-20 09:30:10.095,421.1057253968427,6
2024-09-20 09:30:10.222,421.0275315899813,998
2024-09-20 09:30:10.280,421.0815692702383,99
2024-09-20 09:30:10.337,421.0344679531392,995
2024-09-20 09:30:10.367,421.0339728182705,999
2024-09-20 09:30:10.422,421.1143590930097,97
2024-09-20 09:30:10.443,421.03582768376697,103
2024-09-20 09:30:10.463,421.10530729182767,1005
2024-09-20 09:30:10.467,421.0578983559442,998
2024-09-20 09:30:10.481,421.0355782627639,12
2024-09-20 09:30:10.483,421.0230033471886,11
2024-09-20 09:30:10.505,421.0314074630104,997
2024-09-20 09:30:10.509,421.1235543118056,100
2024-09-20 09:30:10.538,421.0892255917866,104
2024-09-20 09:30:10.574,421.01112038162296,995
2024-09-20 09:30:10.602,421.01119728832936,102
2024-09-20 09:30:10.607,421.1262426116336,97
2024-09-20 09:30:10.658,421.0522181687624,13
2024-09-20 09:30:10.661,421.0368437590408,9
2024-09-20 09:30:10.881,421.0628200987916,997
2024-09-20 09:30:10.922,421.0376859480869,5
2024-09-20 09:30:10.997,421.0367528394633,996
2024-09-20 09:30:11.003,421.04611910256745,1003
2024-09-20 09:30:11.312,421.0542547454557,15
2024-09-20 09:30:11.361,421.0443705313575,1001
2024-09-20 09:30:11.371,421.0603289881721,96
2024-09-20 09:30:11.662,421.0521340356543,7
2024-09-20 09:30:11.897,421.0525835473943,100
2024-09-20 09:30:11.966,421.0426645770252,999
2024-09-20 09:30:12.186,421.063961467362,98
2024-09-20 09:30:12.188,421.0425070509691,105
2024-09-20 09:30:12.203,421.0487087897541,998
2024-09-20 09:30:12.444,421.0463963067071,104
2024-09-20 09:30:12.666,421.0478209061728,104
2024-09-20 09:30:12.754,421.0357871018661,12
2024-09-20 09:30:12.777,421.0637115573518,1001
2024-09-20 09:30:12.784,421.03227906411297,12
2024-09-20 09:30:12.907,421.05421934384606,15
2024-09-20 09:30:12.968,421.022460373121,102
2024-09-20 09:30:12.974,421.0400468776694,96
2024-09-20 09:30:13.124,420.97017580699537,96
2024-09-20 09:30:13.370,421.0035603158047,102
2024-09-20 09:30:13.622,-420.9941417590424,997
2024-09-20 09:30:13.625,421.008106861764,98
2024-09-20 09:30:13.852,420.9660852753144,1003
2024-09-20 09:30:13.860,420.966035664392,9
2024-09-20 09:30:13.866,420.9680590933521,998
2024-09-20 09:30:13.967,420.96974974933306,996
2024-09-20 09:30:14.153,420.94107635844097,5
2024-09-20 09:30:14.234,420.9778310315886,10
2024-09-20 09:30:14.293,420.9458967334687,997
2024-09-20 09:30:14.305,420.9755154076208,99
2024-09-20 09:30:14.327,420.99719092711655,105
2024-09-20 09:30:14.375,420.9545486660092,997
2024-09-20 09:30:14.453,420.9292252690768,1000
2024-09-20 09:30:14.759,420.92742405448206,1004
2024-09-20 09:30:14.840,420.9363869418369,12
2024-09-20 09:30:14.905,420.9335199957004,101
2024-09-20 09:30:14.954,420.9511162420961,6
2024-09-20 09:30:14.989,420.9860816955718,996
2024-09-20 09:30:15.011,420.9885251681125,10
2024-09-20 09:30:15.138,420.9944029791682,14
2024-09-20 09:30:15.320,420.9888172336169,1005
2024-09-20 09:30:15.411,420.9686421640883,1004
2024-09-20 09:30:15.586,420.9825390527138,1002
2024-09-20 09:30:15.818,420.9843340862509,7
2024-09-20 09:30:16.031,420.92707133240737,1003
2024-09-20 09:30:16.045,420.9120154074007,103
2024-09-20 09:30:16.070,420.9420041612838,13
2024-09-20 09:30:16.070,420.9264106454617,9
2024-09-20 09:30:16.292,420.9491090212778,15
2024-09-20 09:30:16.299,420.9110447194053,9
2024-09-20 09:30:16.320,420.92764638503775,998
2024-09-20 09:30:16.344,420.9577861926173,9
2024-09-20 09:30:16.419,420.9194918832424,1004
2024-09-20 09:30:16.500,420.9348989262235,1004
2024-09-20 09:30:16.591,420.9207131392588,104
2024-09-20 09:30:16.618,420.9285576661308,100
2024-09-20 09:30:16.656,420.90758028337007,1002
2024-09-20 09:30:16.684,420.914948044788,6
2024-09-20 09:30:16.710,420.9254739560213,95
2024-09-20 09:30:16.726,420.9308463448328,6
2024-09-20 09:30:16.741,420.9371443686449,102
2024-09-20 09:30:16.757,420.9422630483402,8
2024-09-20 09:30:16.870,420.9240688933298,5
2024-09-20 09:30:16.900,-420.92817623292495,6
2024-09-20 09:30:16.942,420.9575184658962,15
2024-09-20 09:30:16.974,420.9230929336466,101
2024-09-20 09:30:16.982,420.9264278052706,6
2024-09-20 09:30:17.026,420.9964094213229,13
2024-09-20 09:30:17.136,420.9774755351029,9
2024-09-20 09:30:17.183,420.9610402774335,8
2024-09-20 09:30:17.205,420.9822311518437,1000
2024-09-20 09:30:17.241,420.9979063109452,7
2024-09-20 09:30:17.250,420.9592748855266,15
2024-09-20 09:30:17.302,420.97968192058113,14
2024-09-20 09:30:17.475,420.9650143997812,1002
2024-09-20 09:30:17.648,420.9963938198383,11
2024-09-20 09:30:17.778,420.9754137930427,1005
2024-09-20 09:30:17.786,421.0036679035064,1005
2024-09-20 09:30:17.909,420.9764515819377,99
2024-09-20 09:30:17.948,420.97808392140223,100
2024-09-20 09:30:17.990,420.94825778971136,1004
2024-09-20 09:30:17.999,420.9664937343439,8
2024-09-20 09:30:18.007,420.9668445026287,10
2024-09-20 09:30:18.045,421.06382272529146,999
2024-09-20 09:30:18.131,421.0229302259734,99
2024-09-20 09:30:18.151,421.0216082654302,1000
2024-09-20 09:30:18.175,420.9943171970229,97
2024-09-20 09:30:18.263,421.1167612290138,100
2024-09-20 09:30:18.269,420.9531862026628,96
2024-09-20 09:30:18.314,421.0370802114997,10
2024-09-20 09:30:18.344,420.9552830986541,105
2024-09-20 09:30:18.358,421.09641591965664,101
2024-09-20 09:30:18.423,421.1150900548312,997
2024-09-20 09:30:18.508,,1001
2024-09-20 09:30:18.583,421.03851033166416,12
2024-09-20 09:30:18.629,421.0181505019156,997
2024-09-20 09:30:18.650,421.02489955663793,9
2024-09-20 09:30:18.665,420.99506012746696,997
2024-09-20 09:30:18.667,421.0830232826328,103
2024-09-20 09:30:18.702,,98
2024-09-20 09:30:18.716,421.0338195506965,999
2024-09-20 09:30:18.741,421.0453090286956,9
2024-09-20 09:30:18.805,421.0031467589209,1004
2024-09-20 09:30:18.832,421.0692640558742,7
2024-09-20 09:30:18.833,421.11043935901415,10
2024-09-20 09:30:18.945,421.0502249404532,997
2024-09-20 09:30:18.960,421.0579023829033,104
2024-09-20 09:30:19.007,421.0985251146871,995
2024-09-20 09:30:19.087,421.1488306745345,1004
2024-09-20 09:30:19.331,421.0832738432776,103
2024-09-20 09:30:19.410,421.1445547883604,103
2024-09-20 09:30:19.731,421.1094375791932,10
2024-09-20 09:30:19.754,421.15502434580605,996
2024-09-20 09:30:19.778,421.0964833018296,97
2024-09-20 09:30:19.793,421.09729373244863,1001
2024-09-20 09:30:19.823,421.09659956222,95
2024-09-20 09:30:19.846,421.1097984301292,6
2024-09-20 09:30:19.893,421.1396117896677,5
2024-09-20 09:30:20.104,421.1879281727183,98
2024-09-20 09:30:20.408,421.1676628118505,995
2024-09-20 09:30:20.801,421.1663808571674,996
2024-09-20 09:30:20.811,421.2098448314124,997
2024-09-20 09:30:21.033,421.2292663658174,11
2024-09-20 09:30:21.178,421.2196830616754,105
2024-09-20 09:30:21.200,421.2222614266267,5
2024-09-20 09:30:21.205,421.23595218458286,95
2024-09-20 09:30:21.238,421.2544849593558,997
2024-09-20 09:30:21.245,421.2464005091264,100
2024-09-20 09:30:21.314,421.2353390312401,8
2024-09-20 09:30:21.364,421.2557282547009,14
2024-09-20 09:30:21.379,421.2393662563623,1003
2024-09-20 09:30:21.407,421.2339771516519,1002
2024-09-20 09:30:21.459,421.2384745081831,14
2024-09-20 09:30:21.486,421.2219591431102,6
2024-09-20 09:30:21.524,421.2496101447528,100
2024-09-20 09:30:21.553,421.26645347984834,8
2024-09-20 09:30:21.627,421.2201305957537,1005
2024-09-20 09:30:21.636,421.250353623846,997
2024-09-20 09:30:21.654,421.2184183270897,997
2024-09-20 09:30:21.672,421.239456829696,101
2024-09-20 09:30:21.834,421.21357991026207,98
2024-09-20 09:30:21.860,421.23015757937634,97
2024-09-20 09:30:21.895,421.2557249008767,1003
2024-09-20 09:30:21.933,421.24566472608376,996
2024-09-20 09:30:22.322,421.2628793796428,1002
2024-09-20 09:30:22.356,421.2735518332714,6
2024-09-20 09:30:22.544,421.26583829153526,997
2024-09-20 09:30:22.586,421.2518152630557,13
2024-09-20 09:30:22.643,421.27373246609386,8
2024-09-20 09:30:22.992,421.2576872255704,96
2024-09-20 09:30:23.156,421.2394792273053,1000
2024-09-20 09:30:23.172,421.260034984624,13
2024-09-20 09:30:23.282,421.2555118962735,998
2024-09-20 09:30:23.297,421.2514414333638,102
2024-09-20 09:30:23.368,421.2480364274967,8
2024-09-20 09:30:23.413,421.2492742106125,102
2024-09-20 09:30:23.539,421.2711051578297,100
2024-09-20 09:30:23.586,421.2574578161369,1003
2024-09-20 09:30:23.714,421.2575882711647,13
2024-09-20 09:30:23.838,421.2416687472956,12
2024-09-20 09:30:23.853,421.2586048562589,6
2024-09-20 09:30:23.934,421.2436404584538,997
2024-09-20 09:30:24.043,421.3067260504421,13
2024-09-20 09:30:24.119,421.301340167445,12
2024-09-20 09:30:24.146,421.2899148983216,15
2024-09-20 09:30:24.187,421.33431699050783,9
2024-09-20 09:30:24.189,421.30801392215966,101
2024-09-20 09:30:24.239,421.2916567765541,98
2024-09-20 09:30:24.317,421.3098454357136,103
2024-09-20 09:30:24.417,421.30846210856816,997
2024-09-20 09:30:24.477,421.3093873445886,11
2024-09-20 09:30:24.576,421.3019231613616,996
2024-09-20 09:30:24.634,421.3092952376993,99
2024-09-20 09:30:24.671,421.2888606508852,102
2024-09-20 09:30:24.986,421.29268466532375,998
2024-09-20 09:30:25.075,421.275439278057,5
2024-09-20 09:30:25.139,421.2983312586925,99
2024-09-20 09:30:25.164,421.28600933121913,13
2024-09-20 09:30:25.199,421.2805877667142,12
2024-09-20 09:30:25.310,421.2979707254797,97
2024-09-20 09:30:25.391,421.3036825476317,100
2024-09-20 09:30:25.400,421.2603460377293,95
2024-09-20 09:30:25.445,421.2514742666841,102
2024-09-20 09:30:25.477,421.3103157694333,96
2024-09-20 09:30:25.522,421.289479945828,996
2024-09-20 09:30:25.533,421.2964166950622,100
2024-09-20 09:30:25.588,421.3278063742659,95
2024-09-20 09:30:25.667,421.2921930286734,98
2024-09-20 09:30:25.678,421.26851584280655,7
2024-09-20 09:30:25.706,421.3289908984838,997
2024-09-20 09:30:25.767,421.26366122338106,1002
2024-09-20 09:30:25.777,421.2842258973057,1000
2024-09-20 09:30:25.846,421.3063838368459,997
2024-09-20 09:30:25.862,421.2856574797353,1003
2024-09-20 09:30:25.880,421.3233453363113,102
2024-09-20 09:30:25.892,421.288245434169,99
2024-09-20 09:30:25.905,421.3142576934935,105
2024-09-20 09:30:25.937,421.2890149407481,995
2024-09-20 09:30:25.957,,995
2024-09-20 09:30:26.066,,12
2024-09-20 09:30:26.081,421.3259637302583,998
2024-09-20 09:30:26.097,421.3400797827528,1003
2024-09-20 09:30:26.133,421.30580712517326,95
2024-09-20 09:30:26.364,421.2635966865586,13
2024-09-20 09:30:26.365,421.33140453825456,101
2024-09-20 09:30:26.365,421.2782621453837,15
2024-09-20 09:30:26.434,421.2667383955802,104
2024-09-20 09:30:26.447,421.2852299129741,8
2024-09-20 09:30:26.458,421.299922835446,7
2024-09-20 09:30:26.525,421.2887850143312,10
2024-09-20 09:30:26.558,421.276843013452,8
2024-09-20 09:30:26.619,421.3283971543612,1001
2024-09-20 09:30:26.634,421.3264220088232,102
2024-09-20 09:30:26.674,421.2688916426536,1000
2024-09-20 09:30:26.681,421.3218007669784,102
2024-09-20 09:30:26.688,421.31766646329953,6
2024-09-20 09:30:26.718,421.2608763366616,1005
2024-09-20 09:30:26.800,421.30695996711165,105
2024-09-20 09:30:26.969,421.2841577119143,14
2024-09-20 09:30:26.977,421.29478767324935,100
2024-09-20 09:30:26.998,421.2966210148162,1005
2024-09-20 09:30:27.053,421.3458020791504,95
2024-09-20 09:30:27.091,421.41809625696254,11
2024-09-20 09:30:27.111,421.32236604203536,13
2024-09-20 09:30:27.130,421.3593557539605,1004
2024-09-20 09:30:27.184,421.41580220140753,997
2024-09-20 09:30:27.185,-421.3340129695677,5
2024-09-20 09:30:27.232,421.411932379572,104
2024-09-20 09:30:27.258,421.3413087073342,14
2024-09-20 09:30:27.284,421.340796232826,8
2024-09-20 09:30:27.286,421.34693808872,7
2024-09-20 09:30:27.354,421.3327453615841,95
2024-09-20 09:30:27.430,421.3469087233472,1002
2024-09-20 09:30:27.439,421.3449971610914,15
2024-09-20 09:30:27.460,421.36533725535855,95
2024-09-20 09:30:27.484,421.3463681546945,1000
2024-09-20 09:30:27.553,421.3262686954749,5
2024-09-20 09:30:27.584,421.39697695379664,99
2024-09-20 09:30:27.599,421.3688106558743,8
2024-09-20 09:30:27.610,421.3485921093636,101
2024-09-20 09:30:27.643,421.3401358974277,97
2024-09-20 09:30:27.654,421.3785747168071,1002
2024-09-20 09:30:27.743,421.34108753127776,101
2024-09-20 09:30:27.759,421.3545178619561,101
2024-09-20 09:30:27.814,421.40693851345287,998
2024-09-20 09:30:27.851,421.3545889111552,1002
2024-09-20 09:30:27.913,421.33263195935854,1004
2024-09-20 09:30:28.132,421.45802373340274,1002
2024-09-20 09:30:28.156,421.4279184473178,6
2024-09-20 09:30:28.159,421.4640520798965,7
2024-09-20 09:30:28.187,421.4478213502915,8
2024-09-20 09:30:28.200,421.5124018178699,105
2024-09-20 09:30:28.259,421.4901739590306,999
2024-09-20 09:30:28.263,421.4448840504402,1000
2024-09-20 09:30:28.278,421.494771436877,1005
2024-09-20 09:30:28.400,421.4058434950681,995
2024-09-20 09:30:28.458,421.4000447145183,15
2024-09-20 09:30:28.561,421.4520603382181,96
2024-09-20 09:30:28.589,421.4325682319735,13
2024-09-20 09:30:28.591,421.4875764122772,1001
2024-09-20 09:30:28.597,421.4172001763782,1002
2024-09-20 09:30:28.676,421.4764546726659,997
2024-09-20 09:30:28.732,421.4943013495074,13
2024-09-20 09:30:28.794,421.43190282519765,9
2024-09-20 09:30:28.915,421.4547403527933,1004
2024-09-20 09:30:28.963,421.4329309563272,10
2024-09-20 09:30:28.965,,1000
2024-09-20 09:30:28.973,421.43418509418814,997
2024-09-20 09:30:28.990,421.471340959015,9
2024-09-20 09:30:29.018,421.3897390946976,10
2024-09-20 09:30:29.081,421.391160054468,102
2024-09-20 09:30:29.099,421.4027286860337,8
2024-09-20 09:30:29.121,421.3753866648238,1002
2024-09-20 09:30:29.273,421.3806992370871,12
2024-09-20 09:30:29.347,421.4136649327244,999
2024-09-20 09:30:29.370,421.4162180973822,96
2024-09-20 09:30:29.414,421.4104736393368,15
2024-09-20 09:30:29.479,421.4107480560256,104
2024-09-20 09:30:29.511,421.40701983640497,999
2024-09-20 09:30:29.638,421.41502239221694,1002
2024-09-20 09:30:29.679,421.40782674995705,1005
2024-09-20 09:30:30.034,421.4324272562536,96
2024-09-20 09:30:30.343,421.4187698427901,1002
2024-09-20 09:30:30.357,421.4394800476531,6
2024-09-20 09:30:30.749,421.4307801058708,102
2024-09-20 09:30:30.865,421.4273663286995,104
2024-09-20 09:30:31.004,-421.4108489978024,96
2024-09-20 09:30:31.034,421.4041124933285,102
2024-09-20 09:30:31.060,421.41593889646697,999
2024-09-20 09:30:31.148,421.4238328165384,6
2024-09-20 09:30:31.303,421.44084247705416,7
2024-09-20 09:30:31.339,421.4100320255653,13
2024-09-20 09:30:31.389,421.4230555322509,1002
2024-09-20 09:30:31.474,421.4087784815716,7
2024-09-20 09:30:31.510,421.42904016394135,7
2024-09-20 09:30:31.511,421.4250440123158,96
2024-09-20 09:30:31.593,421.4321760462871,7
2024-09-20 09:30:31.660,421.4494141059345,102
2024-09-20 09:30:31.669,421.4292350428333,9
2024-09-20 09:30:31.707,42.142627395761366,14
2024-09-20 09:30:31.725,421.41458793040806,999
2024-09-20 09:30:31.767,421.4151729861624,8
2024-09-20 09:30:31.832,421.43554920423753,1004
2024-09-20 09:30:31.945,421.4311776388575,100
2024-09-20 09:30:32.309,421.33258786673775,997
2024-09-20 09:30:32.496,421.3073161646798,999
2024-09-20 09:30:32.509,421.34651784277486,100
2024-09-20 09:30:32.562,421.3865596297244,999
2024-09-20 09:30:32.606,421.319690187255,97
2024-09-20 09:30:32.655,,105
2024-09-20 09:30:32.689,421.38247235868425,104
2024-09-20 09:30:32.701,421.34379298426177,102
2024-09-20 09:30:32.704,421.3606470107126,996
2024-09-20 09:30:32.740,421.38036463104345,1003
2024-09-20 09:30:32.887,421.3471642389238,10
2024-09-20 09:30:32.978,421.3890707790563,1000
2024-09-20 09:30:33.046,421.31430006424944,96
2024-09-20 09:30:33.150,421.3377830521021,9
2024-09-20 09:30:33.167,421.3129538623057,1005
2024-09-20 09:30:33.227,421.3291625170682,99
2024-09-20 09:30:33.254,421.31367972579113,105
2024-09-20 09:30:33.266,421.2921168351559,1005
2024-09-20 09:30:33.280,421.28790234667366,13
2024-09-20 09:30:33.350,421.3041962489657,995
2024-09-20 09:30:33.376,421.309763670007,13
2024-09-20 09:30:33.466,421.29571175346535,11
2024-09-20 09:30:33.475,421.3235473969605,101
2024-09-20 09:30:33.538,421.2711336665431,9
2024-09-20 09:30:33.634,421.3215170147246,1002
2024-09-20 09:30:33.661,421.2751954277213,102
2024-09-20 09:30:33.693,421.2961060857853,101
2024-09-20 09:30:33.700,421.2900153563177,95
2024-09-20 09:30:33.701,421.3116910873202,998
2024-09-20 09:30:33.741,421.277985256584,95
2024-09-20 09:30:33.842,421.3214398917464,9
2024-09-20 09:30:33.855,,105
2024-09-20 09:30:33.989,421.32484593685047,96
2024-09-20 09:30:34.167,421.3290818121701,95
2024-09-20 09:30:34.366,421.3182355454719,105
2024-09-20 09:30:34.403,421.3367940840795,101
2024-09-20 09:30:34.430,421.3238774950224,1004
2024-09-20 09:30:34.642,421.3195769814612,8
2024-09-20 09:30:34.831,421.316583319177,995
2024-09-20 09:30:34.966,421.30809018510274,995
2024-09-20 09:30:35.201,421.4206124622112,1005
2024-09-20 09:30:35.202,421.3364780555527,999
2024-09-20 09:30:35.322,421.40806429593374,102
2024-09-20 09:30:35.552,421.3989502918496,1004
2024-09-20 09:30:35.555,421.3717839247286,13
2024-09-20 09:30:35.591,421.3635579821866,8
2024-09-20 09:30:35.669,421.4080114467071,95
2024-09-20 09:30:35.675,421.3891356367748,7
2024-09-20 09:30:35.903,421.4140993252634,10
2024-09-20 09:30:35.912,421.351212352491,1005
2024-09-20 09:30:36.065,421.3993038269938,1004
2024-09-20 09:30:36.202,421.4071678257022,1000
2024-09-20 09:30:36.225,421.3769254780352,12
2024-09-20 09:30:36.321,421.39929195011393,11
2024-09-20 09:30:36.522,421.3725244692841,1004
2024-09-20 09:30:36.528,421.4130296151416,999
2024-09-20 09:30:36.610,421.4065737258466,999
2024-09-20 09:30:36.686,421.4075140472962,998
2024-09-20 09:30:36.711,421.4104027344165,8
2024-09-20 09:30:37.427,421.3825405763697,996
2024-09-20 09:30:37.513,421.3700998304172,98
2024-09-20 09:30:38.018,421.2972637456947,13
2024-09-20 09:30:38.154,421.2839996955305,995
2024-09-20 09:30:38.155,421.3022410028892,5
2024-09-20 09:30:38.191,421.2763159009559,7
2024-09-20 09:30:38.294,421.3240035796688,7
2024-09-20 09:30:38.329,421.2710996427976,12
2024-09-20 09:30:38.340,421.30934425659336,14
2024-09-20 09:30:38.354,421.2948651353458,95
2024-09-20 09:30:38.398,421.2682817012006,8
2024-09-20 09:30:38.561,421.3460251154139,96
2024-09-20 09:30:38.621,421.3006692741996,105
2024-09-20 09:30:38.639,421.2960051887524,999
2024-09-20 09:30:38.659,421.2970976923376,1001
2024-09-20 09:30:38.723,421.2708207212024,7
2024-09-20 09:30:38.777,421.3004412025827,11
2024-09-20 09:30:38.808,421.30673092374377,7
2024-09-20 09:30:38.872,421.253414028783,1002
2024-09-20 09:30:38.960,421.2999429776679,103
2024-09-20 09:30:39.023,421.2595805339966,6
2024-09-20 09:30:39.073,421.3183945980639,101
2024-09-20 09:30:39.118,421.253635432764,1004
2024-09-20 09:30:39.155,421.31005560294176,8
2024-09-20 09:30:39.195,421.3410160281096,105
2024-09-20 09:30:39.254,421.3519540570462,97
2024-09-20 09:30:39.296,42.1334073273091,10
2024-09-20 09:30:39.340,,99
2024-09-20 09:30:39.349,421.271131036983,98
2024-09-20 09:30:39.367,421.2648353879889,104
2024-09-20 09:30:39.372,421.2384907940316,100
2024-09-20 09:30:39.447,421.3060400268438,6
2024-09-20 09:30:39.500,421.2372980775492,15
2024-09-20 09:30:39.502,421.2622126505647,1002
2024-09-20 09:30:39.547,421.3203525383228,11
2024-09-20 09:30:39.550,421.3479802202415,997
2024-09-20 09:30:39.648,421.3153848280042,998
2024-09-20 09:30:39.652,421.2530761513212,998
2024-09-20 09:30:39.658,421.2547723510683,996
2024-09-20 09:30:39.668,421.32793105964834,6
2024-09-20 09:30:39.690,421.28319672911647,104
2024-09-20 09:30:39.749,421.24161173728345,12
2024-09-20 09:30:39.902,421.2574995859552,99
2024-09-20 09:30:39.910,421.3474164575509,8
2024-09-20 09:30:39.934,421.3247674252207,98
2024-09-20 09:30:39.954,421.2510560611456,1004
2024-09-20 09:30:40.240,421.33762631273976,1000
2024-09-20 09:30:40.255,421.350674681127,103
2024-09-20 09:30:40.532,421.34639383491503,997
2024-09-20 09:30:40.761,421.3502809960767,101
2024-09-20 09:30:40.938,421.3295720860213,105
2024-09-20 09:30:40.994,421.3377090465128,97
2024-09-20 09:30:41.006,421.3910294500656,7
2024-09-20 09:30:41.118,421.4182931654837,14
2024-09-20 09:30:41.147,421.3689433677693,997
2024-09-20 09:30:41.185,421.3897051567283,99
2024-09-20 09:30:41.241,421.398189442976,105
2024-09-20 09:30:41.365,421.40499812133,11
2024-09-20 09:30:41.373,421.39162725867726,14
2024-09-20 09:30:41.428,421.3971409022653,11
2024-09-20 09:30:41.528,421.4173536642468,8
2024-09-20 09:30:41.611,421.3952735067241,10
2024-09-20 09:30:41.638,421.3743863798072,97
2024-09-20 09:30:41.703,421.4082635652071,11
2024-09-20 09:30:41.731,421.39268188893385,999
2024-09-20 09:30:41.732,421.38474691560367,12
2024-09-20 09:30:41.789,421.4216573074544,997
2024-09-20 09:30:41.873,421.3935850602041,1001
2024-09-20 09:30:41.877,421.4283344338703,998
2024-09-20 09:30:41.894,421.4047333995979,105
2024-09-20 09:30:41.924,421.4047257042312,13
2024-09-20 09:30:41.946,421.3847093680136,996
2024-09-20 09:30:41.966,421.3903649773952,103
2024-09-20 09:30:41.995,,1001
2024-09-20 09:30:42.072,421.3637450419085,1001
2024-09-20 09:30:42.084,421.3860277628466,996
2024-09-20 09:30:42.140,421.37607499052245,12
2024-09-20 09:30:42.454,421.3758577304301,996
2024-09-20 09:30:43.095,421.3700712522676,7
2024-09-20 09:30:43.096,421.37069407346354,7
2024-09-20 09:30:43.136,421.3831403888879,1000
2024-09-20 09:30:43.165,421.3541846188618,997
2024-09-20 09:30:43.207,421.3710064545126,95
2024-09-20 09:30:43.230,421.36223689926834,96
2024-09-20 09:30:43.306,42.13700462621696,5
2024-09-20 09:30:43.447,421.3747495722789,6
2024-09-20 09:30:43.457,421.3637991746719,995
2024-09-20 09:30:43.468,421.3720991733348,101
2024-09-20 09:30:43.487,421.3677010703637,5
2024-09-20 09:30:43.576,421.3787611347796,996
2024-09-20 09:30:43.592,421.3464845587274,105
2024-09-20 09:30:43.610,421.38492970053153,9
2024-09-20 09:30:43.808,421.3654190301832,96
2024-09-20 09:30:43.842,421.3538424069984,996
2024-09-20 09:30:43.876,421.3703751620273,997
2024-09-20 09:30:43.892,421.3713769408566,98
2024-09-20 09:30:43.898,421.3675722907393,103
2024-09-20 09:30:43.901,421.3729388767714,13
2024-09-20 09:30:43.930,421.3896605093126,998
2024-09-20 09:30:43.987,421.3679399091066,104
2024-09-20 09:30:44.021,421.3227998499972,995
2024-09-20 09:30:44.160,421.29103413201545,102
2024-09-20 09:30:44.208,421.31510394427744,1004
2024-09-20 09:30:44.237,421.2926810829405,1000
2024-09-20 09:30:44.249,421.28513526033817,1005
2024-09-20 09:30:44.252,421.3305066242984,14
2024-09-20 09:30:44.254,421.2986345128595,97
2024-09-20 09:30:44.286,421.2984757750226,96
2024-09-20 09:30:44.303,421.3485738392115,996
2024-09-20 09:30:44.371,421.3299179490989,12
2024-09-20 09:30:44.377,421.3383216989705,1005
2024-09-20 09:30:44.416,421.3471966188536,99
2024-09-20 09:30:44.490,421.31042408915977,1004
2024-09-20 09:30:44.723,421.2981225754059,998
2024-09-20 09:30:44.730,421.3341811165408,9
2024-09-20 09:30:44.737,421.34227229706926,999
2024-09-20 09:30:44.771,421.3199239680665,100
2024-09-20 09:30:44.790,421.2789812136276,99
2024-09-20 09:30:44.798,42.12741991250908,8
2024-09-20 09:30:44.842,42.12873560078427,1003
2024-09-20 09:30:44.844,421.3185345838504,995
2024-09-20 09:30:44.872,421.3080758093676,8
2024-09-20 09:30:44.924,421.2731798374225,10
2024-09-20 09:30:45.019,421.3598706973258,96
2024-09-20 09:30:45.035,421.3660780113682,995
2024-09-20 09:30:45.071,421.268957125861,997
2024-09-20 09:30:45.115,421.2759517349144,105
2024-09-20 09:30:45.202,421.2633705580376,98
2024-09-20 09:30:45.217,421.2536646806983,1001
2024-09-20 09:30:45.221,421.3476252297248,7
2024-09-20 09:30:45.289,421.3367517844925,99
2024-09-20 09:30:45.337,421.2975107396885,13
2024-09-20 09:30:45.352,421.31796913494617,14
2024-09-20 09:30:45.366,421.2674749202301,100
2024-09-20 09:30:45.394,421.360831641871,10
2024-09-20 09:30:45.422,421.2804055010696,99
2024-09-20 09:30:45.463,421.3370340137009,7
2024-09-20 09:30:45.581,421.3662053897473,14
2024-09-20 09:30:45.660,421.2670057982299,1000
2024-09-20 09:30:45.717,421.2646975530059,96
2024-09-20 09:30:45.749,421.293782701759,995
2024-09-20 09:30:45.769,421.29662406354623,7
2024-09-20 09:30:45.779,421.3139047225995,6
2024-09-20 09:30:45.926,421.3658328986787,102
2024-09-20 09:30:45.943,421.2700026491349,97
2024-09-20 09:30:45.955,421.2626508200107,7
2024-09-20 09:30:45.958,421.3016573310341,7
2024-09-20 09:30:45.963,421.2832311249039,1003
2024-09-20 09:30:45.984,421.3730848225382,103
2024-09-20 09:30:46.016,421.42110568827695,8
2024-09-20 09:30:46.025,421.4015798305978,96
2024-09-20 09:30:46.040,421.3939408643032,1002
2024-09-20 09:30:46.072,421.3692151576733,9
2024-09-20 09:30:46.216,-421.3912063640506,1000
2024-09-20 09:30:46.239,421.3693415487962,995
2024-09-20 09:30:46.280,421.3891113969435,995
2024-09-20 09:30:46.286,421.38847786662967,8
2024-09-20 09:30:46.448,421.4066939663228,101
2024-09-20 09:30:46.466,421.390187491532,10
2024-09-20 09:30:46.489,421.3973661486655,98
2024-09-20 09:30:46.493,421.382181532714,13
2024-09-20 09:30:46.503,421.3679239223695,104
2024-09-20 09:30:46.504,421.3840122414227,8
2024-09-20 09:30:46.545,421.3798755835575,100
2024-09-20 09:30:46.582,421.38878503035545,96
2024-09-20 09:30:46.655,421.3578519705191,1002
2024-09-20 09:30:46.677,421.3972149576084,97
2024-09-20 09:30:46.686,-421.3978237383252,13
2024-09-20 09:30:46.765,421.37199392451,104
2024-09-20 09:30:46.816,42.13591772631104,996
2024-09-20 09:30:46.832,421.395699267549,103
2024-09-20 09:30:46.925,421.3971205069647,9
2024-09-20 09:30:46.965,421.38322201759365,997
2024-09-20 09:30:46.983,421.3930787094285,12
2024-09-20 09:30:46.999,421.3798130933553,15
2024-09-20 09:30:47.177,421.3814220973711,1004
2024-09-20 09:30:47.210,,998
2024-09-20 09:30:47.239,421.4007682411733,10
2024-09-20 09:30:47.280,421.3668446744113,5
2024-09-20 09:30:47.493,421.4058856571198,10
2024-09-20 09:30:47.516,421.39153878342177,7
2024-09-20 09:30:47.575,421.3947924467773,96
2024-09-20 09:30:47.606,421.38583373943055,9
2024-09-20 09:30:47.609,421.38897141759935,1002
2024-09-20 09:30:47.729,421.3530894116576,996
2024-09-20 09:30:47.748,421.373163031396,99
2024-09-20 09:30:47.750,421.4021980232628,1002
2024-09-20 09:30:47.857,421.3417137593423,11
2024-09-20 09:30:47.926,421.4013891806521,14
2024-09-20 09:30:48.272,421.3779212486103,97
2024-09-20 09:30:49.240,421.3662363445203,102
2024-09-20 09:30:49.339,,100
2024-09-20 09:30:49.444,421.3770112841164,10
2024-09-20 09:30:49.456,421.38186284541655,97
2024-09-20 09:30:49.474,421.3920077136372,96
2024-09-20 09:30:49.613,42.13774922611354,996
2024-09-20 09:30:49.702,421.37501806532936,5
2024-09-20 09:30:49.740,421.38992975082544,8
2024-09-20 09:30:49.745,421.3827523503085,9
2024-09-20 09:30:49.857,421.3778859220166,6
2024-09-20 09:30:50.051,421.38568809813546,995
2024-09-20 09:30:50.064,421.3639745011205,1005
2024-09-20 09:30:50.105,421.35699214367673,998
2024-09-20 09:30:50.115,421.36061889723874,997
2024-09-20 09:30:50.402,421.36243399842346,996
2024-09-20 09:30:51.166,421.3770020753202,100
2024-09-20 09:30:51.237,42.137673333031366,1001
2024-09-20 09:30:51.703,421.3535400108692,98
2024-09-20 09:30:51.929,421.36780792543743,13
2024-09-20 09:30:52.017,421.3731153687066,105
2024-09-20 09:30:52.021,421.37984307330566,999
2024-09-20 09:30:52.030,421.3895338496049,1000
2024-09-20 09:30:52.159,421.3472450488708,6
2024-09-20 09:30:52.345,421.36811207195706,996
2024-09-20 09:30:52.388,421.36778523676224,10
2024-09-20 09:30:52.511,421.3717079865732,99
2024-09-20 09:30:52.511,421.349866706685,1005
2024-09-20 09:30:52.624,421.3794446101825,15
2024-09-20 09:30:52.693,421.3608642908432,104
2024-09-20 09:30:52.701,421.3735537092007,995
2024-09-20 09:30:52.808,,105
2024-09-20 09:30:52.820,421.3401001771651,11
2024-09-20 09:30:52.834,421.3715606010364,97
2024-09-20 09:30:52.857,421.3302270335632,997
2024-09-20 09:30:52.887,421.3595877406448,1002
2024-09-20 09:30:52.934,421.3494536494531,102
2024-09-20 09:30:52.957,421.350482108586,102
2024-09-20 09:30:52.968,42.135613243651264,6
2024-09-20 09:30:53.291,421.365976079517,12
2024-09-20 09:30:53.447,421.3980612562158,997
2024-09-20 09:30:53.760,421.4409574567239,102
2024-09-20 09:30:53.784,421.4114532274001,995
2024-09-20 09:30:53.876,421.38357748502233,1000
2024-09-20 09:30:53.948,421.4282424516464,7
2024-09-20 09:30:54.497,421.4474367765,6
2024-09-20 09:30:54.635,421.4429597628683,97
2024-09-20 09:30:54.876,421.4600436193437,1001
2024-09-20 09:30:55.127,421.4627182547597,95
2024-09-20 09:30:55.473,42.14595837832945,11
2024-09-20 09:30:55.531,421.4495313938637,7
2024-09-20 09:30:55.588,421.4681517112245,1001
2024-09-20 09:30:56.051,421.51131899115126,101
2024-09-20 09:30:56.070,421.5277298015167,97
2024-09-20 09:30:56.085,421.4999565942583,5
2024-09-20 09:30:56.093,421.5029204117708,104
2024-09-20 09:30:56.094,421.46202559464575,1001
2024-09-20 09:30:56.161,421.49704972547545,105
2024-09-20 09:30:56.165,-421.5159068009474,13
2024-09-20 09:30:56.312,421.4937133634381,997
2024-09-20 09:30:56.330,421.49913636778166,1000
2024-09-20 09:30:56.347,421.5026116590073,6
2024-09-20 09:30:56.368,421.5151699628045,1003
2024-09-20 09:30:56.425,421.4748344915457,1005
2024-09-20 09:30:56.546,421.5003535826894,105
2024-09-20 09:30:56.559,421.4742857206599,11
2024-09-20 09:30:56.661,421.50425852422086,1004
2024-09-20 09:30:56.669,421.5041307677615,14
2024-09-20 09:30:56.678,421.467682074263,13
2024-09-20 09:30:56.686,421.5048561527417,97
2024-09-20 09:30:56.706,421.5172309134084,12
2024-09-20 09:30:56.730,421.464829211551,98
2024-09-20 09:30:56.771,421.46809835940974,9
2024-09-20 09:30:56.815,421.4739221346652,1000
2024-09-20 09:30:56.985,421.4705388532159,997
2024-09-20 09:30:57.219,421.524318778284,999
2024-09-20 09:30:57.242,421.5245778100574,102
2024-09-20 09:30:57.460,421.5340024174377,1003
2024-09-20 09:30:57.724,421.5011424898923,11
2024-09-20 09:30:58.004,421.4723511076791,12
2024-09-20 09:30:58.032,421.4797955423081,997
2024-09-20 09:30:58.043,421.5075797978709,11
2024-09-20 09:30:58.164,421.4957969073428,11
2024-09-20 09:30:58.230,421.4765011649236,100
2024-09-20 09:30:58.261,421.4642872587685,13
2024-09-20 09:30:58.292,421.4916043325033,9
2024-09-20 09:30:58.292,421.4799168755286,8
2024-09-20 09:30:58.328,421.5021171362112,11
2024-09-20 09:30:58.391,421.4712352888639,100
2024-09-20 09:30:58.415,421.485455730643,996
2024-09-20 09:30:58.438,421.5183235548972,997
2024-09-20 09:30:58.462,421.475123299778,101
2024-09-20 09:30:58.481,421.48970129819656,102
2024-09-20 09:30:58.537,421.48635265184896,1000
2024-09-20 09:30:58.628,421.4951258965177,103
2024-09-20 09:30:58.699,421.4811695116747,95
2024-09-20 09:30:58.789,421.511795875283,1000
2024-09-20 09:30:58.823,421.4827715849275,995
2024-09-20 09:30:58.844,421.5014018120812,104
2024-09-20 09:30:58.919,421.5189456554477,14
2024-09-20 09:30:58.958,421.4925308500105,103
2024-09-20 09:30:58.966,421.4937982503684,99
2024-09-20 09:30:58.981,421.4743340077876,1001
2024-09-20 09:30:58.995,421.50667373655625,1000
2024-09-20 09:30:59.039,421.56103049456175,98
2024-09-20 09:30:59.059,421.5659968770207,998
2024-09-20 09:30:59.067,421.5321720877972,103
2024-09-20 09:30:59.088,421.5419293519336,105
2024-09-20 09:30:59.116,42.15711844424548,8
2024-09-20 09:30:59.120,421.5395985676949,1005
2024-09-20 09:30:59.129,421.5188083560621,997
2024-09-20 09:30:59.206,421.58928403998016,105
2024-09-20 09:30:59.287,421.572853738234,7
2024-09-20 09:30:59.327,421.55986988197225,8
2024-09-20 09:30:59.329,421.5597892043437,1005
2024-09-20 09:30:59.338,421.5638667672004,98
2024-09-20 09:30:59.359,421.596742583213,99
2024-09-20 09:30:59.370,421.5956752071976,5
2024-09-20 09:30:59.440,421.5322390209809,96
2024-09-20 09:30:59.475,421.5534297405699,10
2024-09-20 09:30:59.546,421.52397003177583,1002
2024-09-20 09:30:59.552,421.5921742938658,105
2024-09-20 09:30:59.595,421.5860365911946,10
2024-09-20 09:30:59.692,421.5504178694662,95
2024-09-20 09:30:59.731,421.51171130805625,14
2024-09-20 09:30:59.775,-421.5382125584978,101
2024-09-20 09:30:59.790,421.5343477969749,10
2024-09-20 09:30:59.828,421.53982308518175,102
2024-09-20 09:30:59.916,421.5913315230546,999
2024-09-20 09:30:59.932,421.5298343127301,96
2024-09-20 09:30:59.938,421.5611628644148,12
2024-09-20 09:30:59.971,421.59761917277103,6
