Timestamp,Price,Size
2024-09-16 09:53:00.054,418.8062695209323,5
2024-09-16 09:53:00.063,418.8850502881895,995
2024-09-16 09:53:00.102,-418.8649833860128,7
2024-09-16 09:53:00.130,41.878271325672834,996
2024-09-16 09:53:00.153,418.8512564796732,6
2024-09-16 09:53:00.184,-418.7970529939013,97
2024-09-16 09:53:00.193,418.9077947778253,11
2024-09-16 09:53:00.260,418.8751295245672,1000
2024-09-16 09:53:00.262,418.8166390613907,15
2024-09-16 09:53:00.322,418.7857480775422,100
2024-09-16 09:53:00.370,418.8393305963131,101
2024-09-16 09:53:00.395,418.8217610449402,996
2024-09-16 09:53:00.457,418.909312578859,99
2024-09-16 09:53:00.515,418.894551014693,1005
2024-09-16 09:53:00.598,418.834737524548,99
2024-09-16 09:53:00.622,418.82480767560577,1000
2024-09-16 09:53:00.659,418.82882149459135,95
2024-09-16 09:53:00.667,418.78577857148696,995
2024-09-16 09:53:00.669,418.8498156357188,1001
2024-09-16 09:53:00.773,418.90891578156857,98
2024-09-16 09:53:00.782,418.8070718141536,1003
2024-09-16 09:53:00.877,418.8307770142478,105
2024-09-16 09:53:00.885,418.7968398360256,997
2024-09-16 09:53:00.897,418.8392537123681,15
2024-09-16 09:53:00.911,418.9250108954264,99
2024-09-16 09:53:00.913,418.8044916215037,98
2024-09-16 09:53:00.939,418.9047323087542,105
2024-09-16 09:53:00.947,418.8034697230379,11
2024-09-16 09:53:00.959,418.78939093935264,995
2024-09-16 09:53:01.000,418.75310352621375,998
2024-09-16 09:53:01.035,418.8252808653993,102
2024-09-16 09:53:01.087,418.7775541088271,998
2024-09-16 09:53:01.138,418.8124200597665,95
2024-09-16 09:53:01.375,418.7866244763742,100
2024-09-16 09:53:01.381,418.7814964612019,104
2024-09-16 09:53:01.391,418.8169393163581,100
2024-09-16 09:53:01.408,418.7756537271248,998
2024-09-16 09:53:01.418,418.7915668845513,1000
2024-09-16 09:53:01.471,418.79377226142685,6
2024-09-16 09:53:01.481,418.80757833404783,102
2024-09-16 09:53:01.568,418.8084115257592,997
2024-09-16 09:53:01.674,418.7837500744973,99
2024-09-16 09:53:01.703,418.82859500341016,95
2024-09-16 09:53:01.776,418.8006721512931,96
2024-09-16 09:53:01.901,418.7821828214424,104
2024-09-16 09:53:02.124,418.7395869647683,1002
2024-09-16 09:53:02.631,418.71154523408177,9
2024-09-16 09:53:02.776,418.7443915349557,104
2024-09-16 09:53:02.971,418.71954680026647,99
2024-09-16 09:53:03.127,418.7775065068993,103
2024-09-16 09:53:03.158,418.7075206403408,10
2024-09-16 09:53:03.158,418.7794463825941,7
2024-09-16 09:53:03.206,418.7104135362224,101
2024-09-16 09:53:03.217,418.7123542852964,1004
2024-09-16 09:53:03.254,418.7882835782782,102
2024-09-16 09:53:03.287,418.68339463807945,1002
2024-09-16 09:53:03.359,418.7900072487309,9
2024-09-16 09:53:03.361,418.72776845241225,95
2024-09-16 09:53:03.458,418.78939206426026,96
2024-09-16 09:53:03.471,418.7213321185077,15
2024-09-16 09:53:03.492,418.780072824416,998
2024-09-16 09:53:03.540,418.70912284773743,998
2024-09-16 09:53:03.631,418.7675948178375,15
2024-09-16 09:53:03.643,418.7849236229256,1001
2024-09-16 09:53:03.647,418.77981421533485,999
2024-09-16 09:53:03.668,418.7713898388984,1005
2024-09-16 09:53:03.713,418.7899981847919,1001
2024-09-16 09:53:03.754,418.7523942118089,100
2024-09-16 09:53:03.766,418.766895768597,996
2024-09-16 09:53:03.773,418.7586871642008,96
2024-09-16 09:53:03.813,418.6907308569622,100
2024-09-16 09:53:03.832,418.79244745106246,997
2024-09-16 09:53:03.844,418.7084928908853,1004
2024-09-16 09:53:03.860,418.7839887266274,13
2024-09-16 09:53:03.871,418.7669988632992,1000
2024-09-16 09:53:03.871,418.7246821851576,995
2024-09-16 09:53:03.886,418.7402101046566,1000
2024-09-16 09:53:03.911,418.7936030526113,8
2024-09-16 09:53:04.023,418.7928587674063,12
2024-09-16 09:53:04.036,418.79831335049226,13
2024-09-16 09:53:04.078,418.7847502928525,1001
2024-09-16 09:53:04.109,418.7788355891431,5
2024-09-16 09:53:04.127,418.80622884873713,98
2024-09-16 09:53:04.138,418.788477316896,9
2024-09-16 09:53:04.139,418.7826732908585,103
2024-09-16 09:53:04.170,418.79580430141976,1000
2024-09-16 09:53:04.175,418.81410567353134,1004
2024-09-16 09:53:04.188,418.7759267349307,995
2024-09-16 09:53:04.213,418.781106766367,15
2024-09-16 09:53:04.220,418.781490679593,100
2024-09-16 09:53:04.293,418.80945095265554,7
2024-09-16 09:53:04.351,418.7775984361876,15
2024-09-16 09:53:04.364,418.8241691879185,101
2024-09-16 09:53:04.409,418.80455370843873,996
2024-09-16 09:53:04.413,418.7861903964503,1002
2024-09-16 09:53:04.456,418.80040178318,14
2024-09-16 09:53:04.584,418.7744042687968,14
2024-09-16 09:53:04.598,418.7819813077711,997
2024-09-16 09:53:04.619,418.76916012497617,99
2024-09-16 09:53:04.718,418.8055966907366,997
2024-09-16 09:53:04.732,418.7764146583543,1003
2024-09-16 09:53:04.849,418.7824081727669,1001
2024-09-16 09:53:04.874,418.796073847076,5
2024-09-16 09:53:04.919,418.7792578864354,995
2024-09-16 09:53:04.996,418.8042665963464,998
2024-09-16 09:53:05.104,418.77674482847647,1000
2024-09-16 09:53:05.152,418.7686684988676,100
2024-09-16 09:53:05.265,418.7465759727896,15
2024-09-16 09:53:05.373,-418.75371900285273,99
2024-09-16 09:53:05.436,418.778518484522,10
2024-09-16 09:53:05.474,418.7638460571562,12
2024-09-16 09:53:05.656,418.78531130228265,11
2024-09-16 09:53:05.728,418.7784075085269,13
2024-09-16 09:53:05.780,418.766124950313,97
2024-09-16 09:53:05.781,418.769045004127,12
2024-09-16 09:53:05.804,418.7565524466861,10
2024-09-16 09:53:06.012,418.724459514031,101
2024-09-16 09:53:06.019,418.7284339658717,1002
2024-09-16 09:53:06.027,-41.8730403035696,1003
2024-09-16 09:53:06.072,418.73117475585553,96
2024-09-16 09:53:06.123,418.7317416249701,6
2024-09-16 09:53:06.206,418.7600084986637,13
2024-09-16 09:53:06.260,418.740933204424,14
2024-09-16 09:53:06.373,418.7332009278517,14
2024-09-16 09:53:06.378,418.7930454178503,11
2024-09-16 09:53:06.422,418.7749751054114,998
2024-09-16 09:53:06.435,418.7422799528864,995
2024-09-16 09:53:06.460,418.7523267303888,1000
2024-09-16 09:53:06.611,418.7410066171536,5
2024-09-16 09:53:06.626,418.74437786428655,1005
2024-09-16 09:53:06.902,418.7425633398501,103
2024-09-16 09:53:06.909,418.73575632543424,100
2024-09-16 09:53:06.999,418.7207801412388,999
2024-09-16 09:53:07.018,418.8094150169868,6
2024-09-16 09:53:07.031,418.8058805655818,1005
2024-09-16 09:53:07.073,418.8304323018699,995
2024-09-16 09:53:07.191,418.795241123817,8
2024-09-16 09:53:07.265,418.82064006524126,7
2024-09-16 09:53:07.461,418.8147685560874,1001
2024-09-16 09:53:07.528,418.8036324395425,1003
2024-09-16 09:53:07.536,418.8248773200953,995
2024-09-16 09:53:07.621,418.82593173720704,7
2024-09-16 09:53:07.709,418.8142198951296,997
2024-09-16 09:53:07.778,41.87944264939314,9
2024-09-16 09:53:07.788,418.7949547329571,9
2024-09-16 09:53:07.883,418.8174474894479,14
2024-09-16 09:53:08.085,41.88423041933393,15
2024-09-16 09:53:08.092,418.801472971113,97
2024-09-16 09:53:08.213,418.8144930288663,100
2024-09-16 09:53:08.238,418.8309524983872,1004
2024-09-16 09:53:08.257,418.8313796120744,105
2024-09-16 09:53:08.267,418.8409589347168,1001
2024-09-16 09:53:08.331,418.85037454359576,13
2024-09-16 09:53:08.333,418.8221256753149,103
2024-09-16 09:53:08.500,418.8032829842893,12
2024-09-16 09:53:08.555,418.7858946741466,1004
2024-09-16 09:53:08.576,418.8560121744706,7
2024-09-16 09:53:08.579,418.8363403330931,105
2024-09-16 09:53:08.587,,95
2024-09-16 09:53:08.604,418.802463102123,7
2024-09-16 09:53:08.626,418.796748716765,11
2024-09-16 09:53:08.737,418.81307827938105,100
2024-09-16 09:53:08.753,418.84116796597226,14
2024-09-16 09:53:08.784,418.8490626183318,99
2024-09-16 09:53:08.881,418.8095803593264,99
2024-09-16 09:53:08.954,418.82033373748897,999
2024-09-16 09:53:09.106,418.8541494090412,98
2024-09-16 09:53:09.180,418.8423010992431,97
2024-09-16 09:53:09.234,418.8942595650658,97
2024-09-16 09:53:09.239,418.8471437052711,1003
2024-09-16 09:53:09.261,418.90280367286,97
2024-09-16 09:53:09.307,418.8893830858856,1005
2024-09-16 09:53:09.317,418.9006096647609,7
2024-09-16 09:53:09.356,418.8827447761743,5
2024-09-16 09:53:09.384,418.8710783017999,999
2024-09-16 09:53:09.402,418.85759214796286,12
2024-09-16 09:53:09.416,418.88562861799534,7
2024-09-16 09:53:09.454,418.8928833137717,6
2024-09-16 09:53:09.528,418.9046718560485,99
2024-09-16 09:53:09.563,418.8753950983802,105
2024-09-16 09:53:09.570,418.84662151810494,95
2024-09-16 09:53:09.607,418.8995817583744,9
2024-09-16 09:53:09.633,418.8525849654124,1004
2024-09-16 09:53:09.731,418.8847395188642,995
2024-09-16 09:53:09.831,418.869198260293,101
2024-09-16 09:53:09.837,418.8790859869029,11
2024-09-16 09:53:09.860,418.8633007377624,998
2024-09-16 09:53:09.953,418.8741196244002,101
2024-09-16 09:53:09.993,418.90067465144045,1004
2024-09-16 09:53:10.021,418.8521351707627,96
2024-09-16 09:53:10.045,418.8366102865865,1004
2024-09-16 09:53:10.051,418.8254205791317,15
2024-09-16 09:53:10.457,418.83256706122745,15
2024-09-16 09:53:10.467,418.8376302194537,999
2024-09-16 09:53:10.477,418.854104533936,105
2024-09-16 09:53:10.836,418.8433112584488,98
2024-09-16 09:53:10.897,418.8407642429197,14
2024-09-16 09:53:10.957,418.8473881798382,9
2024-09-16 09:53:10.988,418.82614976104327,1001
2024-09-16 09:53:11.035,418.8340446001389,99
2024-09-16 09:53:11.098,418.8445306345008,1004
2024-09-16 09:53:11.180,418.8312056662036,105
2024-09-16 09:53:11.434,418.8345853596005,12
2024-09-16 09:53:11.465,418.8287740981402,998
2024-09-16 09:53:11.684,-418.8426152169584,1000
2024-09-16 09:53:11.756,418.82306839423,8
2024-09-16 09:53:11.892,418.8492046496176,6
2024-09-16 09:53:12.529,418.8520724932874,97
2024-09-16 09:53:13.040,418.8097802507218,996
2024-09-16 09:53:13.216,418.8248619331517,1004
2024-09-16 09:53:13.312,418.8269606007251,5
2024-09-16 09:53:13.383,418.80053531896135,96
2024-09-16 09:53:13.429,418.8505853129093,97
2024-09-16 09:53:13.523,418.8343474744629,97
2024-09-16 09:53:13.625,418.8336607603754,998
2024-09-16 09:53:13.628,418.8382580547151,14
2024-09-16 09:53:13.761,,95
2024-09-16 09:53:13.888,418.825859403848,15
2024-09-16 09:53:13.995,418.8194443255056,6
2024-09-16 09:53:14.502,418.85059665937337,999
2024-09-16 09:53:15.123,418.8668464014053,97
2024-09-16 09:53:15.623,418.8844388796494,999
2024-09-16 09:53:17.061,418.8786416253226,996
2024-09-16 09:53:17.063,418.8754906312127,13
2024-09-16 09:53:17.121,418.8425112820648,1004
2024-09-16 09:53:17.147,418.8566593474701,998
2024-09-16 09:53:17.608,418.8581577744165,995
2024-09-16 09:53:17.649,418.8672325612354,102
2024-09-16 09:53:17.714,418.8691044725605,15
2024-09-16 09:53:18.023,418.86820992880735,1003
2024-09-16 09:53:18.216,418.85231863989975,13
2024-09-16 09:53:18.286,418.943314686387,1001
2024-09-16 09:53:18.373,418.9349844555713,999
2024-09-16 09:53:18.416,418.8756953791057,8
2024-09-16 09:53:18.417,418.88599822676105,998
2024-09-16 09:53:18.522,418.9413280691127,12
2024-09-16 09:53:18.649,418.9244337032316,11
2024-09-16 09:53:18.662,418.94207909506446,96
2024-09-16 09:53:18.676,,14
2024-09-16 09:53:18.713,418.86713118035095,10
2024-09-16 09:53:18.718,418.8881568766888,998
2024-09-16 09:53:18.752,418.9300352005324,997
2024-09-16 09:53:18.766,418.9420144205504,103
2024-09-16 09:53:18.772,418.9269814932785,1004
2024-09-16 09:53:18.808,418.8684843405457,13
2024-09-16 09:53:18.846,418.91281498172833,1001
2024-09-16 09:53:18.855,418.89977691882046,105
2024-09-16 09:53:18.954,41.88987252626045,101
2024-09-16 09:53:18.981,418.92671960238647,104
2024-09-16 09:53:18.999,418.8822091160292,15
2024-09-16 09:53:19.000,418.91933567048073,1003
2024-09-16 09:53:19.003,418.92703141235165,11
2024-09-16 09:53:19.010,418.9112598252422,95
2024-09-16 09:53:19.073,418.9309517063141,997
2024-09-16 09:53:19.099,418.9166587806705,996
2024-09-16 09:53:19.143,418.9075617031079,1002
2024-09-16 09:53:19.232,418.9114992178911,1000
2024-09-16 09:53:19.284,418.9259045003941,99
2024-09-16 09:53:19.292,41.891187756056496,103
2024-09-16 09:53:19.318,418.91736601035154,5
2024-09-16 09:53:19.335,418.9096532796539,10
2024-09-16 09:53:19.373,418.90070285519135,13
2024-09-16 09:53:19.423,418.908148155568,12
2024-09-16 09:53:19.446,418.9235755795884,7
2024-09-16 09:53:19.455,418.9299496682287,1004
2024-09-16 09:53:19.477,418.89924387373566,97
2024-09-16 09:53:19.538,418.91176244175256,5
2024-09-16 09:53:19.539,418.9170595189655,7
2024-09-16 09:53:19.562,418.9330019682924,97
2024-09-16 09:53:19.644,418.9142536483048,11
2024-09-16 09:53:19.661,418.9142532149423,12
2024-09-16 09:53:19.736,418.9308737898394,1000
2024-09-16 09:53:19.885,418.9373861026981,8
2024-09-16 09:53:19.895,418.90650081761584,6
2024-09-16 09:53:19.896,418.898853714003,1002
2024-09-16 09:53:19.981,418.9083147914531,1004
2024-09-16 09:53:19.994,418.9302309748484,1004
2024-09-16 09:53:20.044,418.8904659535018,1002
2024-09-16 09:53:20.081,418.9203024814134,105
2024-09-16 09:53:20.104,418.91930841457656,1001
2024-09-16 09:53:20.109,418.900302858852,1002
2024-09-16 09:53:20.122,418.93924920030105,6
2024-09-16 09:53:20.197,418.9532821998637,105
2024-09-16 09:53:20.219,418.9007540521834,11
2024-09-16 09:53:20.247,418.9485486736928,104
2024-09-16 09:53:20.268,418.90314434266486,8
2024-09-16 09:53:20.281,418.90236747335007,13
2024-09-16 09:53:20.315,418.8948992188591,10
2024-09-16 09:53:20.355,418.8972316099794,104
2024-09-16 09:53:20.381,418.9200187434534,7
2024-09-16 09:53:20.450,418.90033837539744,1004
2024-09-16 09:53:20.488,418.9520383246838,1004
2024-09-16 09:53:20.530,418.89345895374765,1000
2024-09-16 09:53:20.567,418.9156020695543,105
2024-09-16 09:53:20.641,418.9026375074506,97
2024-09-16 09:53:20.654,418.9287499471927,1005
2024-09-16 09:53:20.700,418.9248354457236,99
2024-09-16 09:53:20.722,418.8942097632233,15
2024-09-16 09:53:20.722,418.906794046702,1001
2024-09-16 09:53:20.804,418.9290792159978,995
2024-09-16 09:53:20.832,418.9322510361531,96
2024-09-16 09:53:20.840,418.8888143654608,1005
2024-09-16 09:53:20.873,418.9520760766106,104
2024-09-16 09:53:20.880,418.90317911066217,11
2024-09-16 09:53:20.915,418.89848308348456,103
2024-09-16 09:53:21.002,418.89964543048046,15
2024-09-16 09:53:21.184,418.9086007121307,8
2024-09-16 09:53:21.214,418.8629451417031,5
2024-09-16 09:53:21.327,418.86446683483456,102
2024-09-16 09:53:21.667,418.85825070561,12
2024-09-16 09:53:21.760,418.8709778070907,6
2024-09-16 09:53:21.812,418.8843807873444,96
2024-09-16 09:53:22.097,418.82212733502433,11
2024-09-16 09:53:22.280,418.8367959975869,104
2024-09-16 09:53:22.288,418.8671720042436,7
2024-09-16 09:53:22.374,418.8390459912828,7
2024-09-16 09:53:22.746,418.7869407656288,1003
2024-09-16 09:53:22.829,418.8250971389353,998
2024-09-16 09:53:22.832,418.78714567629015,102
2024-09-16 09:53:22.865,418.84297128726297,104
2024-09-16 09:53:22.872,418.81964382009375,12
2024-09-16 09:53:22.891,418.79975867770185,95
2024-09-16 09:53:23.111,418.8516522162312,999
2024-09-16 09:53:23.116,418.7920467238581,15
2024-09-16 09:53:23.155,418.8243618177341,104
2024-09-16 09:53:23.336,418.8372011903264,103
2024-09-16 09:53:23.357,418.86928411083454,995
2024-09-16 09:53:23.582,418.7825233662184,14
2024-09-16 09:53:23.890,418.8693396149872,13
2024-09-16 09:53:23.933,418.80683093514784,1005
2024-09-16 09:53:24.029,418.8561665866778,1001
2024-09-16 09:53:24.099,418.8771137254687,96
2024-09-16 09:53:24.640,418.8600158149606,97
2024-09-16 09:53:24.987,418.8688840830383,99
2024-09-16 09:53:25.058,418.89865351650735,11
2024-09-16 09:53:25.111,418.88917219258616,97
2024-09-16 09:53:25.188,418.9104527972561,10
2024-09-16 09:53:25.262,418.8993881050564,1000
2024-09-16 09:53:25.273,418.9171387596298,13
2024-09-16 09:53:25.326,418.873980330086,10
2024-09-16 09:53:25.381,418.9018423044906,103
2024-09-16 09:53:25.385,418.867631730108,1002
2024-09-16 09:53:25.401,418.86027238609387,104
2024-09-16 09:53:25.608,418.8835760779164,1000
2024-09-16 09:53:25.748,418.90330656654726,98
2024-09-16 09:53:25.945,418.90175527702536,8
2024-09-16 09:53:25.998,41.89091155407596,997
2024-09-16 09:53:26.012,418.8446059965759,9
2024-09-16 09:53:26.027,418.8776235976868,1002
2024-09-16 09:53:26.100,418.8475865531717,7
2024-09-16 09:53:26.122,418.84987662355024,14
2024-09-16 09:53:26.132,418.84483642017375,997
2024-09-16 09:53:26.142,418.8664891660098,999
2024-09-16 09:53:26.182,418.8881194279829,103
2024-09-16 09:53:26.191,418.8822030696441,1001
2024-09-16 09:53:26.202,418.8487186948731,997
2024-09-16 09:53:26.220,418.8409881393751,100
2024-09-16 09:53:26.229,418.8760226434693,15
2024-09-16 09:53:26.234,418.8641789107576,1004
2024-09-16 09:53:26.358,418.8953553384608,101
2024-09-16 09:53:26.440,418.86840167689405,7
2024-09-16 09:53:26.451,418.860947254241,13
2024-09-16 09:53:26.478,418.85127409793466,995
2024-09-16 09:53:26.594,418.89690926586,9
2024-09-16 09:53:26.632,418.8703380891114,8
2024-09-16 09:53:26.656,418.8855037737123,1003
2024-09-16 09:53:26.707,418.8737841588234,995
2024-09-16 09:53:26.708,418.8868572048714,999
2024-09-16 09:53:26.728,418.8550216239146,1004
2024-09-16 09:53:26.758,418.8597391339946,5
2024-09-16 09:53:26.807,418.85775748669226,1005
2024-09-16 09:53:26.829,418.8612294318741,95
2024-09-16 09:53:26.971,418.8515702890502,9
2024-09-16 09:53:26.996,418.8449713492273,96
2024-09-16 09:53:27.019,418.8667175620869,99
2024-09-16 09:53:27.035,418.8679422295934,103
2024-09-16 09:53:27.111,418.8941306838382,100
2024-09-16 09:53:27.121,418.89945050318914,96
2024-09-16 09:53:27.134,418.8847965722836,103
2024-09-16 09:53:27.169,418.87816871231263,1003
2024-09-16 09:53:27.199,418.8809622706605,12
2024-09-16 09:53:27.264,418.8796753599954,995
2024-09-16 09:53:27.275,418.8679863042324,13
2024-09-16 09:53:27.289,418.87289950909945,1000
2024-09-16 09:53:27.541,418.86939108787743,96
2024-09-16 09:53:27.566,418.8851206926425,95
2024-09-16 09:53:27.578,418.890449459192,103
2024-09-16 09:53:27.597,418.8702797861884,97
2024-09-16 09:53:27.627,418.9022849378027,5
2024-09-16 09:53:27.632,418.84273759916255,100
2024-09-16 09:53:27.663,418.89647817099615,15
2024-09-16 09:53:27.693,418.862169951442,5
2024-09-16 09:53:27.707,418.8839150692897,97
2024-09-16 09:53:27.712,418.877381058342,14
2024-09-16 09:53:27.799,418.871394139017,96
2024-09-16 09:53:27.833,418.8769853545301,1000
2024-09-16 09:53:27.870,418.897450748292,99
2024-09-16 09:53:27.877,418.8861956080104,1004
2024-09-16 09:53:27.916,418.848476714966,6
2024-09-16 09:53:27.922,418.84838931054895,1001
2024-09-16 09:53:27.935,418.8651229622761,96
2024-09-16 09:53:27.953,,1004
2024-09-16 09:53:27.994,418.8797259374584,997
2024-09-16 09:53:28.368,418.8634543694259,11
2024-09-16 09:53:28.590,418.87928878218713,7
2024-09-16 09:53:29.057,418.883344050064,11
2024-09-16 09:53:29.200,418.8596723613772,95
2024-09-16 09:53:29.208,418.8461815814399,1005
2024-09-16 09:53:29.400,418.8519367441351,96
2024-09-16 09:53:29.404,418.8337442647884,5
2024-09-16 09:53:29.413,418.8654389329157,12
2024-09-16 09:53:29.442,418.8639406607648,9
2024-09-16 09:53:29.445,418.88632848619886,999
2024-09-16 09:53:29.446,418.8966281075569,105
2024-09-16 09:53:29.503,418.8686289197152,15
2024-09-16 09:53:29.504,418.8787814906649,1000
2024-09-16 09:53:29.523,418.8611691439316,96
2024-09-16 09:53:29.529,418.84926966587466,14
2024-09-16 09:53:29.579,418.8718429930351,1005
2024-09-16 09:53:29.674,418.8551825996603,96
2024-09-16 09:53:29.734,418.852610608418,13
2024-09-16 09:53:29.741,418.8698746492128,95
2024-09-16 09:53:29.756,-418.8840007774952,96
2024-09-16 09:53:29.784,418.85270576180943,99
2024-09-16 09:53:29.957,418.8761958972602,9
2024-09-16 09:53:30.600,418.8118795710741,10
2024-09-16 09:53:30.972,418.78888196742975,105
2024-09-16 09:53:30.976,418.8228453542176,1005
2024-09-16 09:53:31.014,418.7976405439817,998
2024-09-16 09:53:31.151,418.777446757244,101
2024-09-16 09:53:31.251,418.8001350417705,98
2024-09-16 09:53:31.340,418.7728071657078,1003
2024-09-16 09:53:32.057,418.8583885965296,996
2024-09-16 09:53:32.091,418.78931738220064,1003
2024-09-16 09:53:32.091,418.8084929073663,5
2024-09-16 09:53:32.099,418.8254562773426,98
2024-09-16 09:53:32.181,418.8637625876568,1003
2024-09-16 09:53:32.216,418.7954553623233,98
2024-09-16 09:53:32.286,418.825222159531,995
2024-09-16 09:53:32.365,418.78917158249646,9
2024-09-16 09:53:32.394,418.915272904645,1005
2024-09-16 09:53:32.445,418.84796441898567,105
2024-09-16 09:53:32.508,418.8565830191452,6
2024-09-16 09:53:32.525,418.7980153682694,10
2024-09-16 09:53:32.587,418.8056577700058,104
2024-09-16 09:53:32.679,418.8539218452225,101
2024-09-16 09:53:32.686,418.7881723709605,1000
2024-09-16 09:53:32.699,418.86797433973726,1003
2024-09-16 09:53:32.860,418.8846666266418,12
2024-09-16 09:53:32.975,418.8395473733431,5
2024-09-16 09:53:33.068,418.9434185455613,104
2024-09-16 09:53:33.073,418.9098683515008,1004
2024-09-16 09:53:33.120,418.9684033769464,95
2024-09-16 09:53:33.138,,97
2024-09-16 09:53:33.144,418.9453004710474,101
2024-09-16 09:53:33.153,418.909984987316,7
2024-09-16 09:53:33.153,418.9531182834914,12
2024-09-16 09:53:33.285,418.9313365992631,997
2024-09-16 09:53:33.292,418.9229049967711,11
2024-09-16 09:53:33.324,418.9428309341063,97
2024-09-16 09:53:33.351,418.9355621878228,98
2024-09-16 09:53:33.418,-418.9358328649829,96
2024-09-16 09:53:33.460,418.9324679819448,1004
2024-09-16 09:53:33.502,418.9390565662149,996
2024-09-16 09:53:33.648,418.9406005109629,1005
2024-09-16 09:53:33.733,418.9478145150596,98
2024-09-16 09:53:33.755,418.9124397348813,1000
2024-09-16 09:53:33.770,418.9276331730084,14
2024-09-16 09:53:33.794,418.9236618424544,997
2024-09-16 09:53:33.820,418.93494835120345,99
2024-09-16 09:53:33.847,418.9412442293301,12
2024-09-16 09:53:33.880,418.95665789548417,15
2024-09-16 09:53:33.916,418.9468655258865,1000
2024-09-16 09:53:33.925,418.9661420282724,1002
2024-09-16 09:53:33.992,418.9374451120856,1005
2024-09-16 09:53:34.041,418.9878777928519,103
2024-09-16 09:53:34.106,418.9734328628212,1005
2024-09-16 09:53:34.115,418.93817921657865,98
2024-09-16 09:53:34.216,418.9857916125137,101
2024-09-16 09:53:34.517,418.9286071997088,13
2024-09-16 09:53:34.538,419.01430127053584,1001
2024-09-16 09:53:34.550,418.9612481008924,12
2024-09-16 09:53:34.617,418.9684129042592,5
2024-09-16 09:53:34.629,418.9503570591902,105
2024-09-16 09:53:34.670,418.9505015593928,8
2024-09-16 09:53:34.736,41.893353147387614,95
2024-09-16 09:53:34.817,418.9988382611073,96
2024-09-16 09:53:34.955,418.9570637882193,1000
2024-09-16 09:53:35.014,418.94271401531984,13
2024-09-16 09:53:35.058,418.93058687555975,995
2024-09-16 09:53:35.082,418.94052784274186,98
2024-09-16 09:53:35.082,418.9708899838564,12
2024-09-16 09:53:35.098,418.9272697567026,103
2024-09-16 09:53:35.107,418.9437334586741,105
2024-09-16 09:53:35.114,418.9226149633466,14
2024-09-16 09:53:35.160,418.94523761300985,1002
2024-09-16 09:53:35.241,418.9334460521613,15
2024-09-16 09:53:35.269,418.93782122650015,15
2024-09-16 09:53:35.320,418.9530045411925,102
2024-09-16 09:53:35.379,418.93035829651086,1004
2024-09-16 09:53:35.441,418.9183266557107,11
2024-09-16 09:53:35.448,418.9379604688232,103
2024-09-16 09:53:35.613,418.9330103567941,995
2024-09-16 09:53:35.661,418.9563524805197,98
2024-09-16 09:53:35.680,418.9566597067245,1002
2024-09-16 09:53:35.701,418.9334436543574,996
2024-09-16 09:53:35.799,418.9372151771517,13
2024-09-16 09:53:35.808,418.934555105002,6
2024-09-16 09:53:35.825,418.9418209019035,95
2024-09-16 09:53:35.848,418.94052170296527,12
2024-09-16 09:53:35.897,418.9503559181284,96
2024-09-16 09:53:35.945,418.94485330164224,7
2024-09-16 09:53:35.946,418.9450029985591,13
2024-09-16 09:53:36.006,418.9093551897304,1005
2024-09-16 09:53:36.065,418.9509160091408,101
2024-09-16 09:53:36.071,418.9626190550941,15
2024-09-16 09:53:36.074,418.9082576939568,105
2024-09-16 09:53:36.088,418.9187197478354,12
2024-09-16 09:53:36.162,418.9035098631057,1001
2024-09-16 09:53:36.189,418.9189259058252,998
2024-09-16 09:53:36.240,418.8920573479727,99
2024-09-16 09:53:36.246,418.9123588807542,1001
2024-09-16 09:53:36.278,418.9193910180225,99
2024-09-16 09:53:36.284,418.9099522007903,1000
2024-09-16 09:53:36.316,418.9010749792249,6
2024-09-16 09:53:36.325,418.9109477914008,1002
2024-09-16 09:53:36.374,,1004
2024-09-16 09:53:36.387,418.91010811452816,102
2024-09-16 09:53:36.483,418.9553875863991,6
2024-09-16 09:53:36.506,418.9402201314312,15
2024-09-16 09:53:36.514,418.9152451326036,9
2024-09-16 09:53:36.530,418.9125180942108,1005
2024-09-16 09:53:36.662,418.9418683009698,99
2024-09-16 09:53:36.719,418.9226570527916,11
2024-09-16 09:53:36.761,418.9120086150632,1002
2024-09-16 09:53:36.803,418.9431025569471,14
2024-09-16 09:53:36.820,418.92274508463146,8
2024-09-16 09:53:36.864,418.93037221222016,996
2024-09-16 09:53:36.890,418.93136077740405,5
2024-09-16 09:53:36.906,41.89343503096057,995
2024-09-16 09:53:36.906,418.9297437205354,12
2024-09-16 09:53:37.216,418.8923711739633,103
2024-09-16 09:53:37.546,418.90169862427024,12
2024-09-16 09:53:37.881,418.9089499189637,97
2024-09-16 09:53:38.062,418.7917083222569,997
2024-09-16 09:53:38.109,418.9104370314286,9
2024-09-16 09:53:38.166,418.9031659850443,9
2024-09-16 09:53:38.266,418.8330858860611,104
2024-09-16 09:53:38.286,418.7483353660045,103
2024-09-16 09:53:38.359,418.7942124372345,999
2024-09-16 09:53:38.374,418.7743023189116,101
2024-09-16 09:53:38.383,418.8557441358666,104
2024-09-16 09:53:38.425,418.8371716199518,100
2024-09-16 09:53:38.426,418.8467233155528,95
2024-09-16 09:53:38.453,418.9109079390781,996
2024-09-16 09:53:38.453,418.7611711368158,6
2024-09-16 09:53:38.477,418.7648351673104,1002
2024-09-16 09:53:38.497,418.8822633184101,1003
2024-09-16 09:53:38.579,418.8604451876196,6
2024-09-16 09:53:38.599,418.8321869303721,998
2024-09-16 09:53:38.717,418.8107994177924,1000
2024-09-16 09:53:38.748,418.8580644714463,7
2024-09-16 09:53:38.783,418.8327685005849,1005
2024-09-16 09:53:38.828,418.9175048071916,5
2024-09-16 09:53:38.888,418.8402510554505,95
2024-09-16 09:53:38.908,418.8948432694664,10
2024-09-16 09:53:38.967,418.7832665470585,1003
2024-09-16 09:53:38.994,418.8830693254205,997
2024-09-16 09:53:39.133,418.7709287432532,995
2024-09-16 09:53:39.279,418.7553527282584,95
2024-09-16 09:53:39.468,418.7780649712276,1003
2024-09-16 09:53:39.511,418.76684566575,11
2024-09-16 09:53:39.685,418.7678526123462,995
2024-09-16 09:53:39.694,418.7708320012545,99
2024-09-16 09:53:39.846,418.7413692372537,1001
2024-09-16 09:53:39.849,418.7873381692009,95
2024-09-16 09:53:39.896,418.7796821388448,98
2024-09-16 09:53:39.927,418.7667654676436,99
2024-09-16 09:53:39.933,418.7768252105284,104
2024-09-16 09:53:39.951,-418.77190965656337,997
2024-09-16 09:53:40.033,418.7996837061418,1001
2024-09-16 09:53:40.065,418.7955814639348,95
2024-09-16 09:53:40.171,418.8038251489581,105
2024-09-16 09:53:40.532,418.813264752615,996
2024-09-16 09:53:40.651,418.8105766450438,11
2024-09-16 09:53:40.853,418.7992331775857,101
2024-09-16 09:53:40.863,418.81174296078166,99
2024-09-16 09:53:40.878,418.8112235674028,9
2024-09-16 09:53:40.970,418.806565156069,103
2024-09-16 09:53:41.005,418.780322626671,101
2024-09-16 09:53:41.046,418.8753155454911,103
2024-09-16 09:53:41.049,418.8237843940706,9
2024-09-16 09:53:41.087,418.8497125399763,98
2024-09-16 09:53:41.115,-418.8239171298079,103
2024-09-16 09:53:41.154,418.8617018159943,104
2024-09-16 09:53:41.239,418.88137419340507,999
2024-09-16 09:53:41.251,418.8570986437828,6
2024-09-16 09:53:41.269,418.83402322666586,8
2024-09-16 09:53:41.355,418.838414129578,11
2024-09-16 09:53:41.518,418.874001563574,999
2024-09-16 09:53:41.518,418.8246036239967,997
2024-09-16 09:53:41.549,418.861055470827,10
2024-09-16 09:53:41.587,418.8316907260492,95
2024-09-16 09:53:41.612,418.8210362497423,995
2024-09-16 09:53:41.643,418.804536261925,105
2024-09-16 09:53:41.679,418.8315088708688,102
2024-09-16 09:53:41.709,418.7902684653932,1004
2024-09-16 09:53:41.716,418.8336635254623,97
2024-09-16 09:53:41.733,418.8464008548541,1000
2024-09-16 09:53:41.738,418.8661424536278,6
2024-09-16 09:53:41.779,418.7868564912287,10
2024-09-16 09:53:41.789,418.86440503417424,1001
2024-09-16 09:53:41.840,418.8606489766414,999
2024-09-16 09:53:42.031,418.8465829772287,105
2024-09-16 09:53:42.086,418.88579707881513,15
2024-09-16 09:53:42.189,418.9167373399743,102
2024-09-16 09:53:42.193,418.87458374314383,100
2024-09-16 09:53:42.208,418.8569327020756,7
2024-09-16 09:53:42.257,418.9080905321703,96
2024-09-16 09:53:42.260,418.8792140871605,100
2024-09-16 09:53:42.458,418.84111354370987,98
2024-09-16 09:53:42.474,418.9198818768928,8
2024-09-16 09:53:42.633,418.8706422840594,12
2024-09-16 09:53:42.677,418.8934162108495,9
2024-09-16 09:53:42.765,418.91292203280494,100
2024-09-16 09:53:42.807,418.8765648055278,14
2024-09-16 09:53:42.807,418.9170655419449,9
2024-09-16 09:53:42.836,418.85868219865216,102
2024-09-16 09:53:42.967,418.9094481690076,998
2024-09-16 09:53:42.991,418.8766134615869,101
2024-09-16 09:53:43.231,418.9475671579119,95
2024-09-16 09:53:43.405,418.9514641006328,15
2024-09-16 09:53:43.433,418.9500671007902,101
2024-09-16 09:53:43.503,418.9232053547409,99
2024-09-16 09:53:43.504,418.9194706670122,1003
2024-09-16 09:53:43.582,418.9345342950964,1000
2024-09-16 09:53:43.902,418.94377024541086,1005
2024-09-16 09:53:44.237,418.9202853200718,101
2024-09-16 09:53:44.364,418.9108793419451,13
2024-09-16 09:53:44.418,418.9176304989825,102
2024-09-16 09:53:44.494,418.9170061740996,100
2024-09-16 09:53:44.584,418.92176875496574,103
2024-09-16 09:53:44.762,418.916821453082,7
2024-09-16 09:53:44.892,-418.9168188838909,1003
2024-09-16 09:53:45.023,418.9121342175013,14
2024-09-16 09:53:45.163,418.9204115201305,105
2024-09-16 09:53:45.209,418.9388228899775,8
2024-09-16 09:53:45.357,418.9205298004204,1002
2024-09-16 09:53:45.618,418.9355029180273,8
2024-09-16 09:53:45.820,418.9131017461077,996
2024-09-16 09:53:46.230,418.9351020608575,99
2024-09-16 09:53:46.311,418.9259171025717,15
2024-09-16 09:53:46.462,418.92347382271976,996
2024-09-16 09:53:46.554,418.93999039478166,1002
2024-09-16 09:53:46.600,418.9348584130924,101
2024-09-16 09:53:46.853,418.9181675567191,9
2024-09-16 09:53:46.921,418.9278517565699,101
2024-09-16 09:53:47.149,418.9701963333634,15
2024-09-16 09:53:47.301,418.9685630012446,1003
2024-09-16 09:53:47.472,418.9492732449216,9
2024-09-16 09:53:47.594,418.9560703962415,1000
2024-09-16 09:53:47.600,418.9758734536742,1003
2024-09-16 09:53:47.600,418.9492918906881,96
2024-09-16 09:53:47.759,418.9511933911453,104
2024-09-16 09:53:47.774,418.9640199435142,1005
2024-09-16 09:53:47.807,418.9558650036439,1005
2024-09-16 09:53:47.808,418.97785618905823,1001
2024-09-16 09:53:47.875,418.94726297349007,1000
2024-09-16 09:53:47.919,418.9514050533412,98
2024-09-16 09:53:47.933,418.9657140478516,998
2024-09-16 09:53:48.022,418.9819304807278,1000
2024-09-16 09:53:48.030,418.9173481194663,6
2024-09-16 09:53:48.255,418.909344670694,100
2024-09-16 09:53:48.280,418.93053312759054,14
2024-09-16 09:53:48.327,418.95351088537257,98
2024-09-16 09:53:48.339,418.9662233733429,998
2024-09-16 09:53:48.357,418.9370293099923,1000
2024-09-16 09:53:48.394,418.9628825057979,1002
2024-09-16 09:53:48.394,418.9372867368577,98
2024-09-16 09:53:48.457,418.8914162972338,996
2024-09-16 09:53:48.510,418.96263462089246,97
2024-09-16 09:53:48.595,418.9810235224984,1000
2024-09-16 09:53:48.646,418.9631914615129,14
2024-09-16 09:53:48.740,418.9150859856522,95
2024-09-16 09:53:48.810,418.93554723055854,104
2024-09-16 09:53:48.921,418.89409000604377,10
2024-09-16 09:53:48.929,418.96620703604106,1001
2024-09-16 09:53:48.938,418.96874054253976,104
2024-09-16 09:53:49.008,418.869719996578,1003
2024-09-16 09:53:49.021,418.809699942911,99
2024-09-16 09:53:49.093,418.83888557553325,101
2024-09-16 09:53:49.104,418.85954847749497,105
2024-09-16 09:53:49.124,418.8547218825885,6
2024-09-16 09:53:49.172,418.84794239222646,1002
2024-09-16 09:53:49.185,418.8252056088071,1003
2024-09-16 09:53:49.189,418.8571563738784,97
2024-09-16 09:53:49.275,418.8630773602557,101
2024-09-16 09:53:49.326,418.8805190317276,1002
2024-09-16 09:53:49.358,418.8377166057788,995
2024-09-16 09:53:49.363,418.7945848504991,105
2024-09-16 09:53:49.367,418.8341628743852,102
2024-09-16 09:53:49.444,418.8536404872906,96
2024-09-16 09:53:49.483,418.8600843771032,15
2024-09-16 09:53:49.532,418.8156788957483,13
2024-09-16 09:53:49.575,418.8418972090368,997
2024-09-16 09:53:49.591,418.8499728662059,99
2024-09-16 09:53:49.615,418.830625201097,9
2024-09-16 09:53:49.640,418.8636833776961,1004
2024-09-16 09:53:49.721,418.8012556893702,102
2024-09-16 09:53:49.801,418.8227345803932,997
2024-09-16 09:53:49.802,418.8549995014794,999
2024-09-16 09:53:49.821,418.845818987327,15
2024-09-16 09:53:49.846,418.8620956519719,96
2024-09-16 09:53:49.866,418.8510262934349,104
2024-09-16 09:53:49.980,418.85170767469657,102
2024-09-16 09:53:49.992,418.8831706789544,8
2024-09-16 09:53:50.254,418.77650815726025,1000
2024-09-16 09:53:50.345,418.81683969989007,105
2024-09-16 09:53:50.548,418.8031097048675,12
2024-09-16 09:53:50.715,418.793870507179,12
2024-09-16 09:53:50.926,41.88132186263657,105
2024-09-16 09:53:52.076,418.829650613566,11
2024-09-16 09:53:52.129,418.7990553343124,5
2024-09-16 09:53:52.305,418.820606931417,1003
2024-09-16 09:53:52.379,418.8079753568289,10
2024-09-16 09:53:52.380,418.83171992818336,96
2024-09-16 09:53:52.431,418.79486867092805,9
2024-09-16 09:53:52.481,418.8203256910631,102
2024-09-16 09:53:52.517,418.8191918701892,103
2024-09-16 09:53:52.610,418.8019964869869,10
2024-09-16 09:53:52.615,418.8074203050377,999
2024-09-16 09:53:52.633,418.82401956050006,9
2024-09-16 09:53:52.655,418.816481724466,997
2024-09-16 09:53:52.661,418.83569919129377,1005
2024-09-16 09:53:52.700,418.8275282158583,11
2024-09-16 09:53:52.740,418.7979857999171,11
2024-09-16 09:53:52.746,418.7807103192097,14
2024-09-16 09:53:52.790,418.8266744831026,13
2024-09-16 09:53:52.803,418.8310712168748,100
2024-09-16 09:53:52.906,418.8312071946365,1004
2024-09-16 09:53:52.957,418.8361080835367,6
2024-09-16 09:53:52.980,418.8081063064664,103
2024-09-16 09:53:52.995,418.79033654474745,97
2024-09-16 09:53:53.073,418.8350611342537,1004
2024-09-16 09:53:53.086,418.8408029212648,12
2024-09-16 09:53:53.104,418.8456073263288,99
2024-09-16 09:53:53.195,418.8539996718848,95
2024-09-16 09:53:53.209,,95
2024-09-16 09:53:53.215,418.8601816587418,996
2024-09-16 09:53:53.228,41.88464946501777,1005
2024-09-16 09:53:53.239,418.8373323815051,100
2024-09-16 09:53:53.253,418.8454383854842,6
2024-09-16 09:53:53.311,418.8524464838322,15
2024-09-16 09:53:53.313,418.8525926692372,14
2024-09-16 09:53:53.333,418.872748267121,995
2024-09-16 09:53:53.387,418.8657171278283,11
2024-09-16 09:53:53.448,418.8598051707375,102
2024-09-16 09:53:53.459,418.8576099840873,101
2024-09-16 09:53:53.493,418.8545541671529,998
2024-09-16 09:53:53.551,418.8508862953278,1004
2024-09-16 09:53:53.553,418.8447621519135,11
2024-09-16 09:53:53.640,418.8678504895472,1003
2024-09-16 09:53:53.683,418.8380324075794,102
2024-09-16 09:53:53.684,418.83659505849903,97
2024-09-16 09:53:53.714,418.84910159328206,97
2024-09-16 09:53:53.754,418.8428381620719,1001
2024-09-16 09:53:53.767,418.8665245421168,15
2024-09-16 09:53:53.795,418.85398812924416,13
2024-09-16 09:53:53.861,418.8457909517552,1001
2024-09-16 09:53:53.902,418.82086569322814,999
2024-09-16 09:53:53.940,418.85781800266176,13
2024-09-16 09:53:54.135,418.7601032936962,15
2024-09-16 09:53:54.236,418.7420924136847,95
2024-09-16 09:53:54.242,418.7577370402759,9
2024-09-16 09:53:54.289,418.8284251418938,6
2024-09-16 09:53:54.631,418.79492090480807,6
2024-09-16 09:53:54.641,418.8314261657368,8
2024-09-16 09:53:54.681,418.7525256227992,1003
2024-09-16 09:53:54.726,418.8348536305547,103
2024-09-16 09:53:54.779,418.7686223799878,8
2024-09-16 09:53:54.783,418.7240943162561,10
2024-09-16 09:53:54.818,418.7950944012994,995
2024-09-16 09:53:54.823,418.7586966946813,1003
2024-09-16 09:53:54.843,418.7468303033304,10
2024-09-16 09:53:54.885,418.8134710844759,97
2024-09-16 09:53:56.079,418.7350387075925,1004
2024-09-16 09:53:56.133,418.7512447284481,103
2024-09-16 09:53:56.138,418.73997900631673,102
2024-09-16 09:53:56.144,418.7531345960852,95
2024-09-16 09:53:56.157,418.73295368751616,8
2024-09-16 09:53:56.349,418.7364578645629,99
2024-09-16 09:53:56.432,418.7198706833506,1000
2024-09-16 09:53:56.462,418.7453784185688,995
2024-09-16 09:53:56.464,418.75859946383457,99
2024-09-16 09:53:56.517,418.7319006669643,1002
2024-09-16 09:53:56.520,418.7425060299633,10
2024-09-16 09:53:56.529,418.7489255070583,8
2024-09-16 09:53:56.584,418.7436882846386,103
2024-09-16 09:53:56.598,418.7548897757548,8
2024-09-16 09:53:56.603,418.7588837823922,102
2024-09-16 09:53:56.625,418.7395501502908,1003
2024-09-16 09:53:56.641,418.75338307582695,96
2024-09-16 09:53:56.772,418.77474010786375,997
2024-09-16 09:53:56.776,418.7724875722736,97
2024-09-16 09:53:56.829,-418.74713838777967,997
2024-09-16 09:53:56.843,418.7511438031752,99
2024-09-16 09:53:56.905,418.74245639663,11
2024-09-16 09:53:56.921,418.7693659159567,1003
2024-09-16 09:53:56.957,418.7303493153773,6
2024-09-16 09:53:57.127,418.7805028270869,996
2024-09-16 09:53:57.165,418.8081159685193,997
2024-09-16 09:53:57.245,418.8115340199286,1001
2024-09-16 09:53:57.294,418.7485464515239,8
2024-09-16 09:53:57.370,418.76851320966193,1002
2024-09-16 09:53:57.397,418.8241169218379,1003
2024-09-16 09:53:57.466,418.79572758158906,1001
2024-09-16 09:53:57.491,418.7870735505391,96
2024-09-16 09:53:57.558,418.7464502594949,995
2024-09-16 09:53:57.695,418.8059781570756,8
2024-09-16 09:53:57.707,418.7831718033995,10
2024-09-16 09:53:57.765,418.7869003816557,101
2024-09-16 09:53:57.773,418.8020971760978,7
2024-09-16 09:53:57.826,418.7866693263769,11
2024-09-16 09:53:57.829,418.75498327953454,1001
2024-09-16 09:53:57.847,418.8253371060226,13
2024-09-16 09:53:59.003,418.85043393086863,15
2024-09-16 09:53:59.005,418.85223260272096,103
2024-09-16 09:53:59.100,418.8292596414615,103
2024-09-16 09:53:59.157,418.89121382485314,998
2024-09-16 09:53:59.158,418.826665621746,99
2024-09-16 09:53:59.196,418.8252345447545,14
2024-09-16 09:53:59.215,,1005
2024-09-16 09:53:59.447,418.8803772012927,11
2024-09-16 09:53:59.618,418.8448124838502,102
2024-09-16 09:53:59.656,418.8176762532648,105
2024-09-16 09:53:59.671,418.8205129303881,1005
2024-09-16 09:53:59.693,418.8206088609135,1005
2024-09-16 09:53:59.842,418.9055370578009,100
2024-09-16 09:53:59.886,418.88873541558274,998
