Timestamp,Price,Size
2024-09-18 11:45:00.037,416.467085099027,101
2024-09-18 11:45:00.074,-416.4570219496015,12
2024-09-18 11:45:00.190,416.461553394172,9
2024-09-18 11:45:00.233,416.4731757499549,8
2024-09-18 11:45:00.472,416.4452624885953,100
2024-09-18 11:45:00.668,416.46030761002186,9
2024-09-18 11:45:01.026,416.33144934755495,1005
2024-09-18 11:45:01.027,416.48901761105526,99
2024-09-18 11:45:01.085,416.40720916516256,105
2024-09-18 11:45:01.106,416.4631743114721,12
2024-09-18 11:45:01.156,416.4674877194725,997
2024-09-18 11:45:01.216,416.4455938390843,997
2024-09-18 11:45:01.266,416.4095364684738,7
2024-09-18 11:45:01.266,416.4151251633242,1004
2024-09-18 11:45:01.267,416.31891037848766,97
2024-09-18 11:45:01.284,416.3909437876373,99
2024-09-18 11:45:01.302,416.34471264886514,1004
2024-09-18 11:45:01.308,416.4883430228496,999
2024-09-18 11:45:01.469,416.4074408362863,99
2024-09-18 11:45:01.545,416.3956355397948,7
2024-09-18 11:45:01.556,416.4219067851629,8
2024-09-18 11:45:01.589,416.4916617402582,996
2024-09-18 11:45:01.723,416.38389894619087,15
2024-09-18 11:45:01.759,416.3914387119025,13
2024-09-18 11:45:01.767,416.381444631572,103
2024-09-18 11:45:01.777,416.4025132479346,1004
2024-09-18 11:45:01.796,416.4797435089688,1004
2024-09-18 11:45:01.825,416.480117106643,95
2024-09-18 11:45:01.828,416.394850104479,9
2024-09-18 11:45:01.857,416.48923891909465,1000
2024-09-18 11:45:01.894,416.4188716730722,10
2024-09-18 11:45:01.940,416.3933010100629,13
2024-09-18 11:45:01.964,416.36162099669633,11
2024-09-18 11:45:02.012,416.28489910927885,1001
2024-09-18 11:45:02.036,416.2697890076194,97
2024-09-18 11:45:02.046,416.2864898914737,12
2024-09-18 11:45:02.056,416.31264283054537,13
2024-09-18 11:45:02.085,416.306818512274,6
2024-09-18 11:45:02.086,,11
2024-09-18 11:45:02.174,416.292687951492,102
2024-09-18 11:45:02.212,416.2361861082291,101
2024-09-18 11:45:02.218,416.3191279160964,11
2024-09-18 11:45:02.223,416.2705626672369,8
2024-09-18 11:45:02.268,416.3030545044469,99
2024-09-18 11:45:02.340,416.2703475957629,100
2024-09-18 11:45:02.344,416.2369886558628,7
2024-09-18 11:45:02.380,416.25684116891193,15
2024-09-18 11:45:02.413,416.2893475514669,7
2024-09-18 11:45:02.424,416.29209151087247,1004
2024-09-18 11:45:02.598,416.2739047028579,1004
2024-09-18 11:45:02.654,416.31445231927785,1001
2024-09-18 11:45:02.707,416.2383627060645,104
2024-09-18 11:45:02.899,416.2609595889125,105
2024-09-18 11:45:02.914,416.245567405038,999
2024-09-18 11:45:02.940,416.2225032711448,9
2024-09-18 11:45:02.951,416.2388428224863,1005
2024-09-18 11:45:02.982,416.22467377643136,11
2024-09-18 11:45:03.012,416.3016198039037,99
2024-09-18 11:45:03.031,416.22702845671006,8
2024-09-18 11:45:03.109,416.2540688727973,10
2024-09-18 11:45:03.322,416.3018579695506,97
2024-09-18 11:45:03.431,416.2566049540332,999
2024-09-18 11:45:03.541,416.2782174972348,97
2024-09-18 11:45:03.834,416.23749321432825,5
2024-09-18 11:45:03.863,416.2214110972634,100
2024-09-18 11:45:03.870,41.6241313687283,103
2024-09-18 11:45:03.932,416.2699077377754,101
2024-09-18 11:45:04.190,416.3210289928228,99
2024-09-18 11:45:04.268,416.3232250163765,1003
2024-09-18 11:45:04.268,416.3015658411655,104
2024-09-18 11:45:04.290,416.3250315421778,997
2024-09-18 11:45:04.335,416.3091992031439,97
2024-09-18 11:45:04.346,416.29050613385743,104
2024-09-18 11:45:04.482,416.28502487513,1001
2024-09-18 11:45:04.543,416.3358644635501,1003
2024-09-18 11:45:04.560,416.32257344607416,99
2024-09-18 11:45:04.664,416.2985946421962,102
2024-09-18 11:45:04.777,416.2754440744349,1002
2024-09-18 11:45:04.833,416.2999181857141,101
2024-09-18 11:45:04.835,416.3211860489368,1000
2024-09-18 11:45:04.841,416.2590475583817,13
2024-09-18 11:45:04.860,416.2422640222935,99
2024-09-18 11:45:04.886,416.34375778075344,105
2024-09-18 11:45:04.900,416.3350767306741,98
2024-09-18 11:45:04.903,416.2981626496453,14
2024-09-18 11:45:04.916,416.3265975866879,100
2024-09-18 11:45:04.936,416.2699031307208,1004
2024-09-18 11:45:05.015,416.3364605796852,98
2024-09-18 11:45:05.028,416.37953584023705,13
2024-09-18 11:45:05.087,416.34395019908027,998
2024-09-18 11:45:05.109,416.3103008222305,1001
2024-09-18 11:45:05.123,416.3132901126234,101
2024-09-18 11:45:05.130,416.2988828852346,104
2024-09-18 11:45:05.162,416.33305179326175,105
2024-09-18 11:45:05.167,416.3355468656074,8
2024-09-18 11:45:05.171,416.3161564436,13
2024-09-18 11:45:05.194,416.3413375818107,100
2024-09-18 11:45:05.204,416.3380067591961,98
2024-09-18 11:45:05.205,416.34146031835104,10
2024-09-18 11:45:05.256,416.3663292596238,6
2024-09-18 11:45:05.262,416.293707423673,104
2024-09-18 11:45:05.325,416.3406858837141,13
2024-09-18 11:45:05.330,416.2908202613078,98
2024-09-18 11:45:05.336,416.305660815592,98
2024-09-18 11:45:05.349,416.3028772059434,8
2024-09-18 11:45:05.441,416.35229020480335,105
2024-09-18 11:45:05.480,416.3314797290105,996
2024-09-18 11:45:05.549,416.3387896868343,99
2024-09-18 11:45:05.565,416.3578465454386,1002
2024-09-18 11:45:05.590,416.2978823036447,13
2024-09-18 11:45:05.639,416.3695548724475,999
2024-09-18 11:45:05.669,416.28780717665336,1003
2024-09-18 11:45:05.688,416.2905418558674,7
2024-09-18 11:45:05.745,416.3304067245783,101
2024-09-18 11:45:05.900,416.32001653414335,14
2024-09-18 11:45:05.973,416.34446820278527,102
2024-09-18 11:45:06.030,416.4040306429583,6
2024-09-18 11:45:06.070,416.3843912365365,995
2024-09-18 11:45:06.077,416.3976922951092,6
2024-09-18 11:45:06.081,416.3462055337758,6
2024-09-18 11:45:06.254,416.3518925640588,104
2024-09-18 11:45:06.285,416.4059203531532,999
2024-09-18 11:45:06.381,416.34804132245296,1001
2024-09-18 11:45:06.386,416.3503259257953,102
2024-09-18 11:45:06.387,416.3432033718202,97
2024-09-18 11:45:06.411,416.3687193683461,1001
2024-09-18 11:45:06.527,416.3496835413173,11
2024-09-18 11:45:06.553,416.358708894152,11
2024-09-18 11:45:06.579,416.3784833126588,100
2024-09-18 11:45:06.625,416.3496210625966,99
2024-09-18 11:45:06.760,416.3540678222392,8
2024-09-18 11:45:06.766,416.38012493692486,98
2024-09-18 11:45:06.782,416.35539230939065,101
2024-09-18 11:45:06.823,416.351097017547,1001
2024-09-18 11:45:06.867,416.3451109982213,15
2024-09-18 11:45:06.898,416.3839279044277,5
2024-09-18 11:45:06.924,416.3673153524624,12
2024-09-18 11:45:06.990,416.3405408894108,1002
2024-09-18 11:45:07.062,416.2734468508341,997
2024-09-18 11:45:07.101,416.21459069226825,103
2024-09-18 11:45:07.102,416.2820353087725,12
2024-09-18 11:45:07.113,416.3334500808376,998
2024-09-18 11:45:07.125,416.2711833476146,13
2024-09-18 11:45:07.222,416.2661297353087,12
2024-09-18 11:45:07.268,416.3373383085074,1001
2024-09-18 11:45:07.270,416.2773096894948,6
2024-09-18 11:45:07.271,416.2891227668301,7
2024-09-18 11:45:07.312,41.63517069331616,95
2024-09-18 11:45:07.393,416.2925038264437,6
2024-09-18 11:45:07.488,416.2720098768325,996
2024-09-18 11:45:07.683,416.2381117812475,14
2024-09-18 11:45:07.711,416.2158107974725,1004
2024-09-18 11:45:07.755,416.2489181301776,98
2024-09-18 11:45:07.806,416.3239989856095,12
2024-09-18 11:45:07.839,416.2138335221334,15
2024-09-18 11:45:07.925,416.28077523111466,8
2024-09-18 11:45:07.981,416.2760244320783,104
2024-09-18 11:45:08.213,416.2216652382194,996
2024-09-18 11:45:08.310,416.21583984722673,996
2024-09-18 11:45:08.335,416.1934264482685,99
2024-09-18 11:45:08.398,416.2204783943433,1005
2024-09-18 11:45:08.508,416.2111595138413,96
2024-09-18 11:45:08.605,416.2171846994534,96
2024-09-18 11:45:08.807,416.20544613485646,105
2024-09-18 11:45:08.830,416.2411970429823,6
2024-09-18 11:45:08.930,416.2262829429541,1002
2024-09-18 11:45:09.077,416.2298608328559,104
2024-09-18 11:45:09.151,416.2534818396312,96
2024-09-18 11:45:09.167,416.2087625835839,95
2024-09-18 11:45:09.332,416.21300748089743,996
2024-09-18 11:45:09.552,416.2462723356062,1001
2024-09-18 11:45:09.790,416.2341884460576,995
2024-09-18 11:45:09.846,-416.231942777601,995
2024-09-18 11:45:09.885,416.2466422366121,1003
2024-09-18 11:45:09.980,416.22931796792375,102
2024-09-18 11:45:10.019,416.267767703498,1004
2024-09-18 11:45:10.031,416.259252748902,100
2024-09-18 11:45:10.061,416.2489491264714,997
2024-09-18 11:45:10.138,416.2603031316253,11
2024-09-18 11:45:10.156,416.2746114596355,104
2024-09-18 11:45:10.216,416.2439691789808,998
2024-09-18 11:45:10.291,416.3036162871591,103
2024-09-18 11:45:10.304,416.2435934800572,15
2024-09-18 11:45:10.314,416.2780679940773,104
2024-09-18 11:45:10.342,416.2322576703375,14
2024-09-18 11:45:10.354,416.24131123343966,104
2024-09-18 11:45:10.387,416.255947900628,1001
2024-09-18 11:45:10.413,416.21964705131904,101
2024-09-18 11:45:10.452,416.2133604679675,97
2024-09-18 11:45:10.585,416.2540603032329,104
2024-09-18 11:45:10.645,416.27086842243625,13
2024-09-18 11:45:10.726,416.2678160456464,8
2024-09-18 11:45:10.766,416.2381507870334,12
2024-09-18 11:45:10.799,416.2818134751976,14
2024-09-18 11:45:10.799,416.2376114966472,15
2024-09-18 11:45:10.820,416.2839316498511,1002
2024-09-18 11:45:10.875,416.2562700132221,10
2024-09-18 11:45:10.976,416.2264304536936,14
2024-09-18 11:45:11.301,416.2042391612079,13
2024-09-18 11:45:11.352,416.1726179550419,9
2024-09-18 11:45:11.743,416.18837251713273,14
2024-09-18 11:45:11.891,416.2144764650493,997
2024-09-18 11:45:11.908,416.2184635989958,5
2024-09-18 11:45:11.988,416.1876541150974,997
2024-09-18 11:45:12.016,416.2155032418145,98
2024-09-18 11:45:12.246,416.24965497652113,101
2024-09-18 11:45:12.269,416.20578341708,102
2024-09-18 11:45:12.275,416.2561522083996,8
2024-09-18 11:45:12.291,416.2156263996748,1002
2024-09-18 11:45:12.377,416.2327327002412,97
2024-09-18 11:45:12.404,416.2267242971343,14
2024-09-18 11:45:12.436,416.2197804082651,100
2024-09-18 11:45:12.506,416.24809005321526,1005
2024-09-18 11:45:12.510,416.197995714098,98
2024-09-18 11:45:12.550,416.25748696503393,15
2024-09-18 11:45:12.678,416.2437590787185,97
2024-09-18 11:45:12.729,416.2334374233215,11
2024-09-18 11:45:12.799,416.2278284637776,1000
2024-09-18 11:45:12.995,416.2444486933447,1002
2024-09-18 11:45:13.001,416.31992387876136,103
2024-09-18 11:45:13.010,416.2688141440758,1004
2024-09-18 11:45:13.025,416.2914756386915,999
2024-09-18 11:45:13.035,416.2743020321229,1001
2024-09-18 11:45:13.072,416.26410945182624,13
2024-09-18 11:45:13.088,416.2981030468416,102
2024-09-18 11:45:13.204,416.2633252933371,7
2024-09-18 11:45:13.244,416.2981325221612,999
2024-09-18 11:45:13.273,416.2697633787442,1002
2024-09-18 11:45:13.331,416.2642709580551,995
2024-09-18 11:45:13.344,416.2905290738307,9
2024-09-18 11:45:13.392,416.2963151919388,997
2024-09-18 11:45:13.399,416.31089605413854,1000
2024-09-18 11:45:13.441,416.3087841510992,103
2024-09-18 11:45:13.442,416.3219207379672,1000
2024-09-18 11:45:13.447,416.2781001255199,1004
2024-09-18 11:45:13.483,416.29616354482016,1002
2024-09-18 11:45:13.543,416.3086570318709,8
2024-09-18 11:45:13.601,416.3130122318739,6
2024-09-18 11:45:13.608,-416.2693572615856,105
2024-09-18 11:45:13.634,416.3079876014726,103
2024-09-18 11:45:13.657,416.2987716320798,103
2024-09-18 11:45:13.731,416.2777219470019,8
2024-09-18 11:45:13.804,416.25016336209575,5
2024-09-18 11:45:13.872,416.2860012859778,102
2024-09-18 11:45:13.893,416.3201017402238,6
2024-09-18 11:45:13.894,416.2865468711244,102
2024-09-18 11:45:13.971,416.29044238387576,100
2024-09-18 11:45:13.990,416.283754924879,95
2024-09-18 11:45:15.003,416.2212646138627,95
2024-09-18 11:45:15.009,416.2217898303072,1001
2024-09-18 11:45:15.061,416.2055916815723,12
2024-09-18 11:45:15.115,416.2304731039017,7
2024-09-18 11:45:15.125,416.2287888774123,10
2024-09-18 11:45:15.126,416.2464836162444,11
2024-09-18 11:45:15.153,416.2032501985457,100
2024-09-18 11:45:15.165,416.2225523502199,98
2024-09-18 11:45:15.181,416.2188549718365,998
2024-09-18 11:45:15.194,416.2622505894776,10
2024-09-18 11:45:15.210,416.2334297982461,95
2024-09-18 11:45:15.221,416.2246926751058,98
2024-09-18 11:45:15.230,416.2422141318289,997
2024-09-18 11:45:15.248,416.2036581792146,13
2024-09-18 11:45:15.290,416.2334616429863,96
2024-09-18 11:45:15.351,416.221802721549,11
2024-09-18 11:45:15.395,416.2439442739632,7
2024-09-18 11:45:15.403,416.21920365666176,1005
2024-09-18 11:45:15.615,416.2512664732537,14
2024-09-18 11:45:15.635,416.2243732944521,1003
2024-09-18 11:45:15.660,416.2037096472405,102
2024-09-18 11:45:15.701,416.2367601327711,104
2024-09-18 11:45:15.725,416.2312689368685,1003
2024-09-18 11:45:15.729,416.2199726454596,101
2024-09-18 11:45:15.840,416.19443278258655,6
2024-09-18 11:45:15.915,416.2591927098889,999
2024-09-18 11:45:17.105,416.2326418657038,15
2024-09-18 11:45:17.135,416.2450268596828,8
2024-09-18 11:45:17.150,416.2276460900111,103
2024-09-18 11:45:17.158,416.249815659952,103
2024-09-18 11:45:17.267,416.211885645392,95
2024-09-18 11:45:17.383,416.24628862528346,99
2024-09-18 11:45:17.426,416.2421015597394,1005
2024-09-18 11:45:17.581,416.24130582368696,102
2024-09-18 11:45:17.666,416.2114083914335,9
2024-09-18 11:45:17.946,416.2615239383037,996
2024-09-18 11:45:17.983,416.22510696233286,104
2024-09-18 11:45:18.074,416.2537099150376,95
2024-09-18 11:45:18.324,416.21916843014367,6
2024-09-18 11:45:18.443,416.234540431677,6
2024-09-18 11:45:18.494,41.6214698611448,103
2024-09-18 11:45:18.562,416.2276211696535,96
2024-09-18 11:45:18.610,416.216691186536,6
2024-09-18 11:45:18.611,416.2490966281084,97
2024-09-18 11:45:18.688,416.2140623815848,1004
2024-09-18 11:45:18.697,416.2593847335264,996
2024-09-18 11:45:18.755,416.2187732777915,1001
2024-09-18 11:45:18.777,416.2224794102082,98
2024-09-18 11:45:18.794,416.2247394836592,1000
2024-09-18 11:45:18.880,416.2165069179989,12
2024-09-18 11:45:18.880,416.25813699433365,102
2024-09-18 11:45:19.156,416.2576372564939,5
2024-09-18 11:45:19.209,416.2534507332206,995
2024-09-18 11:45:19.387,416.2561367510209,995
2024-09-18 11:45:19.904,416.26319307843227,13
2024-09-18 11:45:20.203,416.2016437359316,9
2024-09-18 11:45:20.221,416.2443606756042,12
2024-09-18 11:45:20.260,416.134454154797,995
2024-09-18 11:45:20.375,416.19771660597706,995
2024-09-18 11:45:20.378,416.223459799163,13
2024-09-18 11:45:20.419,416.1915379922155,96
2024-09-18 11:45:20.556,416.17508272340217,996
2024-09-18 11:45:20.577,416.2510622627279,99
2024-09-18 11:45:20.654,416.2276351406686,12
2024-09-18 11:45:20.671,416.24900912559855,12
2024-09-18 11:45:20.809,416.25524358382376,96
2024-09-18 11:45:20.974,416.2160109298263,8
2024-09-18 11:45:21.058,416.1131102629194,1005
2024-09-18 11:45:21.136,416.1435721709357,102
2024-09-18 11:45:21.287,416.1079616157245,12
2024-09-18 11:45:21.287,416.1318611703222,996
2024-09-18 11:45:21.330,416.1162424233025,997
2024-09-18 11:45:21.434,416.0944405580046,105
2024-09-18 11:45:21.539,416.1420459237991,9
2024-09-18 11:45:21.567,416.12848974347366,1005
2024-09-18 11:45:21.619,416.1277555785352,10
2024-09-18 11:45:21.783,416.15270476261554,98
2024-09-18 11:45:21.796,416.1293598143003,97
2024-09-18 11:45:21.829,416.1483341539869,1003
2024-09-18 11:45:21.848,416.1514919765584,1005
2024-09-18 11:45:21.850,416.1228579432509,103
2024-09-18 11:45:21.896,416.1510139580064,15
2024-09-18 11:45:21.935,416.12845767268897,9
2024-09-18 11:45:21.948,41.611275816165296,95
2024-09-18 11:45:22.114,416.1015425525499,99
2024-09-18 11:45:22.208,416.1153789240224,1004
2024-09-18 11:45:22.273,416.1119623340862,105
2024-09-18 11:45:22.275,416.0997011457031,10
2024-09-18 11:45:22.805,416.1218908762499,1002
2024-09-18 11:45:22.895,416.1154564792314,998
2024-09-18 11:45:22.921,416.1059549487167,8
2024-09-18 11:45:22.923,416.10091792505847,101
2024-09-18 11:45:23.814,416.1015942791615,6
2024-09-18 11:45:24.108,416.0275389823808,1001
2024-09-18 11:45:24.127,416.0958311299112,1001
2024-09-18 11:45:24.277,416.0378525460409,100
2024-09-18 11:45:24.299,416.0585372993203,996
2024-09-18 11:45:24.364,416.056231829309,96
2024-09-18 11:45:24.401,416.0265746234613,104
2024-09-18 11:45:24.426,416.0785872294446,6
2024-09-18 11:45:24.534,416.0790271338711,5
2024-09-18 11:45:24.559,416.0449723433284,1003
2024-09-18 11:45:24.578,416.0440358533133,10
2024-09-18 11:45:24.693,416.0716824208963,995
2024-09-18 11:45:25.041,416.1048992143024,95
2024-09-18 11:45:25.096,416.0332665170756,97
2024-09-18 11:45:25.161,416.0989881267241,103
2024-09-18 11:45:25.303,416.0333938256337,1003
2024-09-18 11:45:25.315,416.0777506888447,999
2024-09-18 11:45:25.344,416.1149022430839,13
2024-09-18 11:45:25.377,416.0469004910223,5
2024-09-18 11:45:25.400,416.04003525161073,1000
2024-09-18 11:45:25.407,416.1116098621271,97
2024-09-18 11:45:25.422,416.0842909613652,995
2024-09-18 11:45:25.444,416.10166310195297,95
2024-09-18 11:45:25.527,416.1063368794658,997
2024-09-18 11:45:25.555,416.0590315393009,10
2024-09-18 11:45:25.683,416.0359172601531,103
2024-09-18 11:45:25.705,416.1065899054891,12
2024-09-18 11:45:25.730,416.0360402696784,996
2024-09-18 11:45:25.756,416.044131504377,98
2024-09-18 11:45:25.774,416.08883064639406,97
2024-09-18 11:45:25.831,416.0432181791556,100
2024-09-18 11:45:25.864,416.0847048715042,8
2024-09-18 11:45:25.870,416.0529423454859,97
2024-09-18 11:45:25.923,416.040077636543,1004
2024-09-18 11:45:25.927,416.031071529421,95
2024-09-18 11:45:25.945,416.1104104501722,1003
2024-09-18 11:45:26.217,416.062993022968,12
2024-09-18 11:45:26.396,416.0219810552066,995
2024-09-18 11:45:26.411,416.0231441381313,6
2024-09-18 11:45:26.528,416.0198403160207,999
2024-09-18 11:45:26.679,416.036542892146,8
2024-09-18 11:45:26.751,416.0039253955212,96
2024-09-18 11:45:26.859,416.0236009011734,95
2024-09-18 11:45:26.870,416.0512490503335,9
2024-09-18 11:45:26.977,416.0702055771497,96
2024-09-18 11:45:27.461,416.082426128753,99
2024-09-18 11:45:28.041,416.1418130811354,103
2024-09-18 11:45:28.132,416.1307161075571,1004
2024-09-18 11:45:28.138,416.12222495983616,1000
2024-09-18 11:45:28.194,416.1265377536866,105
2024-09-18 11:45:28.292,416.0946201588479,96
2024-09-18 11:45:28.303,416.0839204191203,1005
2024-09-18 11:45:28.442,416.0991062579116,5
2024-09-18 11:45:28.491,416.0855428160066,99
2024-09-18 11:45:28.548,,12
2024-09-18 11:45:28.592,416.13178763984206,100
2024-09-18 11:45:28.736,416.1241477636984,1004
2024-09-18 11:45:28.753,416.1069026117453,995
2024-09-18 11:45:28.877,416.1031751267154,997
2024-09-18 11:45:28.922,416.1130529371097,102
2024-09-18 11:45:29.441,416.1226777994528,999
2024-09-18 11:45:29.489,416.1056145846822,6
2024-09-18 11:45:29.552,416.1075833633042,995
2024-09-18 11:45:30.024,416.1223446800578,13
2024-09-18 11:45:30.179,416.11380141532027,101
2024-09-18 11:45:30.205,416.12306208901055,9
2024-09-18 11:45:30.210,416.1352035153966,7
2024-09-18 11:45:30.247,416.12752922209353,104
2024-09-18 11:45:30.264,416.1338762151364,97
2024-09-18 11:45:30.306,416.1453101137143,9
2024-09-18 11:45:30.382,416.1088084994,105
2024-09-18 11:45:30.406,416.1246543922138,1000
2024-09-18 11:45:30.481,416.1295888124626,98
2024-09-18 11:45:30.498,416.1340302728016,1004
2024-09-18 11:45:30.550,416.1288996821039,15
2024-09-18 11:45:30.659,416.1098322130267,97
2024-09-18 11:45:30.690,416.1441100918044,995
2024-09-18 11:45:30.721,416.1545311197646,95
2024-09-18 11:45:30.760,416.1278739174873,5
2024-09-18 11:45:30.824,416.14285894980327,100
2024-09-18 11:45:30.912,416.13252164798047,14
2024-09-18 11:45:31.021,416.1556436171844,102
2024-09-18 11:45:31.021,416.1705993313092,1002
2024-09-18 11:45:31.022,416.1371358345392,995
2024-09-18 11:45:31.029,416.19883405978777,995
2024-09-18 11:45:31.236,416.1152189026232,999
2024-09-18 11:45:31.325,416.17864470430834,103
2024-09-18 11:45:31.351,416.1931174066313,999
2024-09-18 11:45:31.403,416.2056942408869,1001
2024-09-18 11:45:31.528,416.1537359422591,1005
2024-09-18 11:45:31.659,416.1618745500234,5
2024-09-18 11:45:31.662,416.1727359446039,95
2024-09-18 11:45:31.684,416.0935756909474,13
2024-09-18 11:45:31.696,416.1461190724107,1004
2024-09-18 11:45:31.706,416.154501013364,12
2024-09-18 11:45:31.723,416.1472508400187,996
2024-09-18 11:45:31.732,416.122309488713,100
2024-09-18 11:45:31.857,416.1604272773788,13
2024-09-18 11:45:31.911,416.1735488688813,1003
2024-09-18 11:45:31.915,416.148469912374,95
2024-09-18 11:45:31.993,-416.193006946736,104
2024-09-18 11:45:32.107,416.1270555771454,99
2024-09-18 11:45:32.134,416.1068277061081,5
2024-09-18 11:45:32.311,416.11609210650687,8
2024-09-18 11:45:33.062,416.1748407699535,104
2024-09-18 11:45:33.069,416.1782694902481,998
2024-09-18 11:45:33.089,416.1446524894705,97
2024-09-18 11:45:33.123,416.168629375618,13
2024-09-18 11:45:33.136,416.1512715895164,13
2024-09-18 11:45:33.176,416.1496473808199,997
2024-09-18 11:45:33.279,416.186531126414,996
2024-09-18 11:45:33.280,416.1061629682563,14
2024-09-18 11:45:33.282,416.1660754551873,7
2024-09-18 11:45:33.301,416.1805885497116,15
2024-09-18 11:45:33.362,416.09621970642064,95
2024-09-18 11:45:33.425,416.1594041528101,100
2024-09-18 11:45:33.442,416.15952511079934,998
2024-09-18 11:45:33.463,416.1299833837631,97
2024-09-18 11:45:33.517,416.1619430357563,998
2024-09-18 11:45:33.572,416.11101840306657,105
2024-09-18 11:45:33.766,416.1625786743584,1002
2024-09-18 11:45:33.781,416.1562332579367,998
2024-09-18 11:45:33.792,416.15803062371225,996
2024-09-18 11:45:33.812,416.148439934945,7
2024-09-18 11:45:33.833,416.1146677685461,96
2024-09-18 11:45:33.926,416.1639681566142,1003
2024-09-18 11:45:33.973,416.112670778655,14
2024-09-18 11:45:33.974,416.1102235151431,1000
2024-09-18 11:45:34.023,416.1986132267974,995
2024-09-18 11:45:34.048,416.2232230016377,103
2024-09-18 11:45:34.377,416.1895671371962,8
2024-09-18 11:45:34.437,416.18473165892937,103
2024-09-18 11:45:34.496,416.1891636476339,1005
2024-09-18 11:45:34.670,416.2048237645156,997
2024-09-18 11:45:34.830,416.203826529113,10
2024-09-18 11:45:34.912,416.1839867772724,101
2024-09-18 11:45:35.133,416.2131606713744,1004
2024-09-18 11:45:35.330,416.20982123333727,6
2024-09-18 11:45:35.399,416.21907288636,1003
2024-09-18 11:45:35.539,416.2137277813621,1001
2024-09-18 11:45:35.680,416.2179658076311,96
2024-09-18 11:45:35.688,416.2112394962851,1001
2024-09-18 11:45:35.744,416.2107539631688,5
2024-09-18 11:45:35.792,416.21427308390633,1000
2024-09-18 11:45:35.808,416.2221341777399,96
2024-09-18 11:45:35.842,416.2124139575421,7
2024-09-18 11:45:35.865,416.2168570105044,98
2024-09-18 11:45:35.871,416.2220505842984,8
2024-09-18 11:45:36.074,416.2346166025967,104
2024-09-18 11:45:36.270,416.2109869096121,1000
2024-09-18 11:45:36.305,416.2109394407603,5
2024-09-18 11:45:36.374,416.2059523643289,998
2024-09-18 11:45:36.515,416.2405574872556,13
2024-09-18 11:45:36.532,416.2462532668206,7
2024-09-18 11:45:36.782,416.2194366025436,7
2024-09-18 11:45:36.916,416.23769991614125,8
2024-09-18 11:45:36.958,416.2377371082226,998
2024-09-18 11:45:37.190,416.2359445492133,996
2024-09-18 11:45:37.216,416.21678412733183,97
2024-09-18 11:45:37.237,416.2200897968353,999
2024-09-18 11:45:37.259,416.2309525086417,95
2024-09-18 11:45:37.297,416.2064048649871,14
2024-09-18 11:45:37.425,416.1999919090868,105
2024-09-18 11:45:37.543,416.19314818071007,15
2024-09-18 11:45:37.554,416.25261389998974,1005
2024-09-18 11:45:37.661,416.2066530874946,1003
2024-09-18 11:45:37.668,416.24238836015576,1005
2024-09-18 11:45:37.869,416.2229349374248,998
2024-09-18 11:45:37.883,416.2173074866239,10
2024-09-18 11:45:38.082,416.1934221178174,1003
2024-09-18 11:45:38.147,416.1966410048555,13
2024-09-18 11:45:38.237,416.22711970361,10
2024-09-18 11:45:38.259,-416.21672856699297,15
2024-09-18 11:45:38.278,416.2010122934705,14
2024-09-18 11:45:38.293,416.22799794145874,998
2024-09-18 11:45:38.349,416.2473234559741,6
2024-09-18 11:45:38.360,416.2165713829489,96
2024-09-18 11:45:38.468,416.2201970216132,12
2024-09-18 11:45:38.481,416.2220270551956,1003
2024-09-18 11:45:38.601,41.61977774078426,96
2024-09-18 11:45:38.610,416.1944468763228,995
2024-09-18 11:45:38.641,416.1995995154052,996
2024-09-18 11:45:38.651,416.20114361041664,6
2024-09-18 11:45:38.694,416.1993445731984,99
2024-09-18 11:45:38.744,416.2168744322215,1005
2024-09-18 11:45:38.807,416.25852994840096,996
2024-09-18 11:45:38.868,416.2046098812809,101
2024-09-18 11:45:38.876,416.1775736207136,1001
2024-09-18 11:45:38.890,41.62050699024714,1004
2024-09-18 11:45:38.920,416.2294609268497,14
2024-09-18 11:45:38.952,416.1809361501003,9
2024-09-18 11:45:38.992,416.184612072764,100
2024-09-18 11:45:39.712,416.230727304496,1002
2024-09-18 11:45:39.767,416.2131774608968,10
2024-09-18 11:45:40.789,416.2091242344113,10
2024-09-18 11:45:40.918,416.20274330387366,1004
2024-09-18 11:45:41.054,416.1945554605787,97
2024-09-18 11:45:41.098,416.22211977504185,100
2024-09-18 11:45:41.211,416.23042116209314,5
2024-09-18 11:45:41.218,416.21327246313206,1004
2024-09-18 11:45:41.370,416.2124141265163,97
2024-09-18 11:45:41.404,416.2009536335802,101
2024-09-18 11:45:41.455,416.2324764891656,999
2024-09-18 11:45:41.511,416.19443611185176,101
2024-09-18 11:45:41.549,416.2338218771228,1002
2024-09-18 11:45:41.610,416.21588503009866,98
2024-09-18 11:45:41.623,416.2115098084982,15
2024-09-18 11:45:41.703,416.19788088543766,14
2024-09-18 11:45:41.784,416.20303243185793,103
2024-09-18 11:45:41.805,416.20942428317824,6
2024-09-18 11:45:41.816,416.1946429055829,999
2024-09-18 11:45:41.921,416.2229060198406,5
2024-09-18 11:45:41.971,416.2246244950642,10
2024-09-18 11:45:41.996,416.2137436265479,995
2024-09-18 11:45:41.998,416.2034375900081,999
2024-09-18 11:45:42.123,416.1563519665266,8
2024-09-18 11:45:42.141,416.2039128137142,5
2024-09-18 11:45:42.150,416.2030587917172,100
2024-09-18 11:45:42.284,416.1990036481412,995
2024-09-18 11:45:42.286,416.20801661293,96
2024-09-18 11:45:42.295,416.1840635185418,12
2024-09-18 11:45:42.348,416.18626749662985,1002
2024-09-18 11:45:42.502,416.19822598421393,15
2024-09-18 11:45:42.524,416.18603205926286,8
2024-09-18 11:45:42.613,416.2011486944213,1000
2024-09-18 11:45:42.620,416.19107019253096,104
2024-09-18 11:45:42.715,416.1789929862686,1000
2024-09-18 11:45:42.785,416.20552060040734,102
2024-09-18 11:45:42.868,416.1834701505121,99
2024-09-18 11:45:42.907,416.192255991836,8
2024-09-18 11:45:43.217,416.16463832300553,96
2024-09-18 11:45:43.245,416.1629117577456,104
2024-09-18 11:45:43.255,41.61612652931484,95
2024-09-18 11:45:43.499,416.1500545909988,103
2024-09-18 11:45:43.548,416.167293536001,7
2024-09-18 11:45:43.733,416.14701726927154,9
2024-09-18 11:45:43.804,416.16994404083545,12
2024-09-18 11:45:43.814,416.15225573595296,1001
2024-09-18 11:45:44.055,416.1770286342475,6
2024-09-18 11:45:44.123,416.1864536132697,14
2024-09-18 11:45:44.155,416.1546320929997,1000
2024-09-18 11:45:44.164,416.178741446805,11
2024-09-18 11:45:44.237,41.61698563107095,96
2024-09-18 11:45:44.259,416.17185830595366,105
2024-09-18 11:45:44.320,416.18190376646606,7
2024-09-18 11:45:44.327,416.1645040189625,996
2024-09-18 11:45:44.340,416.1738658931045,104
2024-09-18 11:45:44.370,416.1728048840777,996
2024-09-18 11:45:44.572,416.1671906525876,1004
2024-09-18 11:45:44.592,416.1958620115414,999
2024-09-18 11:45:44.891,416.17899530180426,96
2024-09-18 11:45:45.017,416.1668089202535,96
2024-09-18 11:45:45.031,416.0896905153089,999
2024-09-18 11:45:45.103,416.1065367588489,13
2024-09-18 11:45:45.146,416.1533791435727,996
2024-09-18 11:45:45.205,416.15054817514834,105
2024-09-18 11:45:45.288,416.1137358735457,103
2024-09-18 11:45:45.378,416.1394581969544,1003
2024-09-18 11:45:45.407,416.1563160455124,104
2024-09-18 11:45:45.461,416.10137547665295,1004
2024-09-18 11:45:45.539,416.11512684652513,7
2024-09-18 11:45:45.599,416.1036011539299,999
2024-09-18 11:45:45.713,416.1101551737387,998
2024-09-18 11:45:45.752,416.1127625139348,104
2024-09-18 11:45:45.784,416.0991091762888,96
2024-09-18 11:45:45.820,416.1803165146749,996
2024-09-18 11:45:45.821,416.1333909625363,996
2024-09-18 11:45:45.854,416.09725736935707,102
2024-09-18 11:45:45.874,416.1538829635404,8
2024-09-18 11:45:45.912,416.1136614625548,6
2024-09-18 11:45:45.946,416.1182427236598,1001
2024-09-18 11:45:45.997,416.1403482325679,6
2024-09-18 11:45:46.051,416.14631568494366,8
2024-09-18 11:45:46.140,416.14870342255057,5
2024-09-18 11:45:46.145,416.18180883846776,1002
2024-09-18 11:45:46.146,416.1346039067242,1000
2024-09-18 11:45:46.180,416.1341452197632,99
2024-09-18 11:45:46.208,416.176681052759,105
2024-09-18 11:45:46.313,416.1688710778038,1000
2024-09-18 11:45:46.447,416.1459404366434,101
2024-09-18 11:45:46.487,416.1292173117989,14
2024-09-18 11:45:46.663,416.1160332378407,1004
2024-09-18 11:45:46.728,416.1432695904299,6
2024-09-18 11:45:46.746,416.1465812305238,102
2024-09-18 11:45:46.772,416.1792848164225,11
2024-09-18 11:45:46.867,416.1217216368775,997
2024-09-18 11:45:46.939,416.1386209535968,1004
2024-09-18 11:45:47.165,416.1993626996191,6
2024-09-18 11:45:47.259,416.1381261340598,8
2024-09-18 11:45:47.332,416.16616768629046,996
2024-09-18 11:45:47.373,416.1773636102877,98
2024-09-18 11:45:47.720,416.1560414279807,11
2024-09-18 11:45:47.774,416.1902067891946,99
2024-09-18 11:45:47.885,416.1895488252933,998
2024-09-18 11:45:47.919,416.1894714329901,99
2024-09-18 11:45:48.025,416.08940883585416,999
2024-09-18 11:45:48.029,416.0747385948063,5
2024-09-18 11:45:48.163,416.0680192873511,1004
2024-09-18 11:45:48.169,416.0852287854421,7
2024-09-18 11:45:48.173,416.076116285064,103
2024-09-18 11:45:48.203,416.1426310889229,95
2024-09-18 11:45:48.214,416.0555212454219,997
2024-09-18 11:45:48.244,416.0714864063948,1004
2024-09-18 11:45:48.289,416.180617420728,7
2024-09-18 11:45:48.343,416.15960485072446,95
2024-09-18 11:45:48.349,416.0784092070339,11
2024-09-18 11:45:48.487,416.14849169966,105
2024-09-18 11:45:48.522,416.0866776055431,12
2024-09-18 11:45:48.571,416.0687202984298,999
2024-09-18 11:45:48.636,416.0671160907156,13
2024-09-18 11:45:48.767,416.0485409435024,105
2024-09-18 11:45:48.781,416.0712928994384,8
2024-09-18 11:45:48.842,416.1237504386697,997
2024-09-18 11:45:48.901,416.18790140565176,101
2024-09-18 11:45:48.919,416.1357267235071,9
2024-09-18 11:45:48.945,416.1819498013269,10
2024-09-18 11:45:48.970,,995
2024-09-18 11:45:49.028,416.0569285719466,98
2024-09-18 11:45:49.030,416.0505776124316,99
2024-09-18 11:45:49.031,416.0897919774479,1000
2024-09-18 11:45:49.152,416.077654488458,11
2024-09-18 11:45:49.170,416.0989406570761,1002
2024-09-18 11:45:49.188,416.0605242013267,1000
2024-09-18 11:45:49.217,416.1406007407795,103
2024-09-18 11:45:49.221,416.0865133621521,1005
2024-09-18 11:45:49.243,416.165017037593,1002
2024-09-18 11:45:49.283,416.13633194684064,1005
2024-09-18 11:45:49.324,416.05521219182015,95
2024-09-18 11:45:49.431,416.07701870029496,995
2024-09-18 11:45:49.479,416.0524840491055,5
2024-09-18 11:45:49.635,416.07516229116897,95
2024-09-18 11:45:49.639,416.1427287956173,99
2024-09-18 11:45:49.647,416.0892526378438,999
2024-09-18 11:45:49.846,416.1270866876961,6
2024-09-18 11:45:49.869,416.0624406910465,9
2024-09-18 11:45:49.874,416.0754832802988,1001
2024-09-18 11:45:49.937,416.1250730414112,1005
2024-09-18 11:45:49.954,416.0789103559629,8
2024-09-18 11:45:49.960,416.06965839552265,998
2024-09-18 11:45:50.018,416.1289384539834,98
2024-09-18 11:45:50.040,416.1072661650166,1003
2024-09-18 11:45:50.048,416.0880532732555,96
2024-09-18 11:45:50.054,416.07247545154695,995
2024-09-18 11:45:50.177,416.15279466128845,99
2024-09-18 11:45:50.181,416.0907224690521,102
2024-09-18 11:45:50.215,416.0989859269987,12
2024-09-18 11:45:50.265,416.15007805411017,103
2024-09-18 11:45:50.310,416.0759690814032,103
2024-09-18 11:45:50.337,416.11225473918535,95
2024-09-18 11:45:50.343,416.1680518680244,100
2024-09-18 11:45:50.373,416.073027320148,1002
2024-09-18 11:45:50.376,416.066516618279,995
2024-09-18 11:45:50.417,416.1208199505123,1002
2024-09-18 11:45:50.464,416.1006842282896,999
2024-09-18 11:45:50.467,416.09502480795095,95
2024-09-18 11:45:50.493,416.1630621536715,95
2024-09-18 11:45:50.553,416.06819564044594,14
2024-09-18 11:45:50.582,416.1210524784788,6
2024-09-18 11:45:50.592,416.07504843712206,7
2024-09-18 11:45:50.609,416.09475137353286,1004
2024-09-18 11:45:50.661,416.1064875784375,96
2024-09-18 11:45:50.781,416.0978264005965,97
2024-09-18 11:45:50.896,416.093642218217,96
2024-09-18 11:45:50.909,416.06835982687767,11
2024-09-18 11:45:50.989,416.0985785424107,13
2024-09-18 11:45:50.991,416.13806764882463,105
2024-09-18 11:45:50.993,416.05894765912194,99
2024-09-18 11:45:51.518,416.1066915156885,995
2024-09-18 11:45:51.718,,96
2024-09-18 11:45:51.897,416.10924626080174,1004
2024-09-18 11:45:51.944,416.0853168014492,12
2024-09-18 11:45:52.070,416.046178531109,9
2024-09-18 11:45:52.260,416.078812317669,9
2024-09-18 11:45:52.281,416.0865450730355,95
2024-09-18 11:45:52.330,416.07246208810886,5
2024-09-18 11:45:52.348,416.0727115529026,995
2024-09-18 11:45:52.659,416.0437414986049,95
2024-09-18 11:45:52.693,416.03862201813536,8
2024-09-18 11:45:52.909,416.0258944365295,97
2024-09-18 11:45:52.921,415.9870943181972,101
2024-09-18 11:45:52.978,416.0014527567141,1002
2024-09-18 11:45:52.981,416.0196416203809,14
2024-09-18 11:45:53.159,416.0758547035293,996
2024-09-18 11:45:53.305,416.0441020328071,1000
2024-09-18 11:45:53.397,416.0487165408143,10
2024-09-18 11:45:53.496,415.9907766991639,15
2024-09-18 11:45:53.510,416.1125740367791,105
2024-09-18 11:45:53.520,416.0083400940917,11
2024-09-18 11:45:53.624,416.0573599045895,1002
2024-09-18 11:45:53.721,415.99122374349696,8
2024-09-18 11:45:53.761,416.0489243455633,105
2024-09-18 11:45:53.764,416.00481680685095,12
2024-09-18 11:45:53.791,416.07403749108016,998
2024-09-18 11:45:53.855,416.100757123236,10
2024-09-18 11:45:53.894,416.06120715918746,8
2024-09-18 11:45:53.980,416.0308858728405,6
2024-09-18 11:45:54.005,416.1397410625006,11
2024-09-18 11:45:54.045,416.100653159949,10
2024-09-18 11:45:54.095,-416.07494758210674,996
2024-09-18 11:45:54.161,416.0955779557532,999
2024-09-18 11:45:54.249,416.1211411750422,100
2024-09-18 11:45:54.405,416.15940030560375,103
2024-09-18 11:45:54.522,416.1083799285757,15
2024-09-18 11:45:54.565,416.124444668762,14
2024-09-18 11:45:54.571,416.11756371005055,97
2024-09-18 11:45:54.634,416.13677279885104,1000
2024-09-18 11:45:54.643,416.1488142375344,100
2024-09-18 11:45:54.683,416.0601590705529,13
2024-09-18 11:45:54.691,416.0751798122152,12
2024-09-18 11:45:54.717,416.1066706156659,97
2024-09-18 11:45:54.722,416.1010147805076,1001
2024-09-18 11:45:54.726,416.05580873399975,105
2024-09-18 11:45:54.729,,98
2024-09-18 11:45:54.802,416.0806879530061,103
2024-09-18 11:45:54.867,416.1002864477455,97
2024-09-18 11:45:54.895,416.15163943723707,95
2024-09-18 11:45:54.909,416.10764317154985,1001
2024-09-18 11:45:54.913,416.1430175524902,14
2024-09-18 11:45:54.926,416.1156869953,104
2024-09-18 11:45:54.960,416.0377101832692,997
2024-09-18 11:45:55.284,416.0333370341364,1005
2024-09-18 11:45:55.349,416.0128351120478,995
2024-09-18 11:45:55.642,415.9990089168962,6
2024-09-18 11:45:56.012,415.92096241817546,997
2024-09-18 11:45:56.066,415.9504291758847,6
2024-09-18 11:45:56.099,415.9126787257277,99
2024-09-18 11:45:56.115,415.9808838360014,13
2024-09-18 11:45:56.136,415.98826986249264,11
2024-09-18 11:45:56.208,415.8775316819618,1000
2024-09-18 11:45:56.340,415.9072424020728,997
2024-09-18 11:45:56.397,415.91408350389696,997
2024-09-18 11:45:56.423,415.9569502010575,105
2024-09-18 11:45:56.424,415.8833569103545,101
2024-09-18 11:45:56.428,415.92777608092905,9
2024-09-18 11:45:56.453,415.9510637372181,1004
2024-09-18 11:45:56.500,415.9013059037613,12
2024-09-18 11:45:56.524,415.9603822396955,6
2024-09-18 11:45:56.548,415.9003263979833,95
2024-09-18 11:45:56.583,415.9836399427972,95
2024-09-18 11:45:56.584,415.89629483198655,9
2024-09-18 11:45:56.596,415.9545323983422,11
2024-09-18 11:45:56.614,415.8834408120582,996
2024-09-18 11:45:56.616,415.9069921274929,5
2024-09-18 11:45:56.747,415.9296805647725,104
2024-09-18 11:45:56.789,415.9599298584996,6
2024-09-18 11:45:56.802,415.90210973146907,97
2024-09-18 11:45:56.841,415.9569769301205,102
2024-09-18 11:45:56.859,41.596711303413095,1001
2024-09-18 11:45:56.882,415.92117510029857,95
2024-09-18 11:45:56.915,415.8913058004893,14
2024-09-18 11:45:56.918,416.00066694675326,1002
2024-09-18 11:45:56.961,415.9206989639913,1003
2024-09-18 11:45:56.979,415.9199830163554,99
2024-09-18 11:45:57.045,415.9705886562572,998
2024-09-18 11:45:57.147,415.9950703026368,995
2024-09-18 11:45:57.208,415.974858925966,101
2024-09-18 11:45:57.272,415.977168480988,15
2024-09-18 11:45:57.290,415.9856125833171,100
2024-09-18 11:45:57.313,415.9775835466188,101
2024-09-18 11:45:57.317,415.9588768009648,98
2024-09-18 11:45:57.722,415.9929844971887,5
2024-09-18 11:45:57.816,415.9939773236717,15
2024-09-18 11:45:57.962,415.9827331246708,1005
2024-09-18 11:45:57.975,41.595978593944174,1000
2024-09-18 11:45:57.998,415.9794344833657,1004
2024-09-18 11:45:58.001,415.9711507377575,102
2024-09-18 11:45:58.018,415.9601260156188,1002
2024-09-18 11:45:58.089,415.9123659149874,101
2024-09-18 11:45:58.107,415.9345636370718,13
2024-09-18 11:45:58.133,415.997276326618,15
2024-09-18 11:45:58.167,415.9992639681133,96
2024-09-18 11:45:58.205,416.00033537539457,8
2024-09-18 11:45:58.379,415.9696778925686,12
2024-09-18 11:45:58.408,415.9313867539133,103
2024-09-18 11:45:58.418,415.9211973526808,14
2024-09-18 11:45:58.626,415.95763577247794,97
2024-09-18 11:45:58.684,415.9680514056465,96
2024-09-18 11:45:58.757,415.9756483249816,96
2024-09-18 11:45:58.760,415.9723229520255,97
2024-09-18 11:45:58.764,415.95809878697486,6
2024-09-18 11:45:58.825,415.9774477205491,1003
2024-09-18 11:45:58.837,415.97551933055337,1001
2024-09-18 11:45:58.897,415.933165626042,8
2024-09-18 11:45:58.970,415.95139616122384,1005
2024-09-18 11:45:59.101,416.0067543846802,998
2024-09-18 11:45:59.107,415.9800663831587,8
2024-09-18 11:45:59.172,415.97462507741,996
2024-09-18 11:45:59.194,415.9957025192458,997
2024-09-18 11:45:59.245,415.9703674398405,997
2024-09-18 11:45:59.286,415.9819527899169,96
2024-09-18 11:45:59.306,-415.9751456756106,101
2024-09-18 11:45:59.322,415.9848212470973,103
2024-09-18 11:45:59.340,415.975052257699,98
2024-09-18 11:45:59.399,415.9847313052109,999
2024-09-18 11:45:59.423,415.99046172268135,99
2024-09-18 11:45:59.643,415.9672125864968,10
2024-09-18 11:45:59.743,415.986264891632,1001
2024-09-18 11:45:59.765,415.9917530425485,103
2024-09-18 11:45:59.772,415.9901311091088,97
2024-09-18 11:45:59.779,415.9996895135645,13
2024-09-18 11:45:59.811,415.9785810910842,14
2024-09-18 11:45:59.812,415.9568354012074,99
2024-09-18 11:45:59.894,415.9875552328497,8
2024-09-18 11:45:59.895,415.9948855933732,99
2024-09-18 11:45:59.950,415.9935356493003,995
2024-09-18 11:45:59.973,415.9912522169542,95
