Timestamp,Price,Size
2024-09-18 13:23:00.084,416.0837008154034,1004
2024-09-18 13:23:00.118,416.0191572084895,95
2024-09-18 13:23:00.145,416.0989377074,1000
2024-09-18 13:23:00.216,416.0522520871185,104
2024-09-18 13:23:00.230,416.070768023241,996
2024-09-18 13:23:00.256,416.048015485572,97
2024-09-18 13:23:00.257,416.0597409428004,8
2024-09-18 13:23:00.384,,10
2024-09-18 13:23:00.414,416.0304848857696,999
2024-09-18 13:23:00.416,416.0325293016446,9
2024-09-18 13:23:00.425,-415.98875668631786,1003
2024-09-18 13:23:00.451,416.06067853190063,7
2024-09-18 13:23:00.466,416.1018752277303,14
2024-09-18 13:23:00.497,416.0717060476546,1002
2024-09-18 13:23:00.581,416.0774323441249,98
2024-09-18 13:23:00.644,416.00487518016274,102
2024-09-18 13:23:00.683,416.0732915002607,105
2024-09-18 13:23:00.701,416.0472064543691,1000
2024-09-18 13:23:00.739,416.0393526351982,13
2024-09-18 13:23:00.747,416.0211329341174,98
2024-09-18 13:23:00.824,416.0902325088336,12
2024-09-18 13:23:00.881,416.085488362307,12
2024-09-18 13:23:00.886,416.0441314727437,99
2024-09-18 13:23:00.957,416.0920387842808,14
2024-09-18 13:23:00.963,416.0837012477096,996
2024-09-18 13:23:01.003,416.1228584399259,10
2024-09-18 13:23:01.015,416.13029514276457,996
2024-09-18 13:23:01.066,416.0952528035537,8
2024-09-18 13:23:01.098,416.1484100892795,998
2024-09-18 13:23:01.264,416.14245869481937,1003
2024-09-18 13:23:01.272,416.11160073350027,96
2024-09-18 13:23:01.297,416.12811443921805,1004
2024-09-18 13:23:01.337,416.1442371329017,997
2024-09-18 13:23:01.387,416.19315496108703,15
2024-09-18 13:23:01.393,416.1295757697395,7
2024-09-18 13:23:01.396,416.1279769835277,105
2024-09-18 13:23:01.443,416.15258507808966,999
2024-09-18 13:23:01.504,416.1240251036512,14
2024-09-18 13:23:01.743,416.1299050649742,101
2024-09-18 13:23:01.759,416.1674475348238,6
2024-09-18 13:23:01.762,416.2193513521862,11
2024-09-18 13:23:01.780,416.1321905809695,996
2024-09-18 13:23:01.839,416.1135406858389,995
2024-09-18 13:23:01.939,,10
2024-09-18 13:23:01.952,416.1010442881085,5
2024-09-18 13:23:01.992,416.1572367906821,5
2024-09-18 13:23:02.196,416.2429763711075,10
2024-09-18 13:23:02.725,416.23054408672914,1005
2024-09-18 13:23:02.787,416.2369962598452,101
2024-09-18 13:23:02.817,,998
2024-09-18 13:23:02.855,416.2011343846466,7
2024-09-18 13:23:03.025,416.185987083135,8
2024-09-18 13:23:03.262,416.1768361742503,101
2024-09-18 13:23:03.601,416.2238005275877,996
2024-09-18 13:23:03.695,416.183937139554,11
2024-09-18 13:23:03.719,416.2234939559796,9
2024-09-18 13:23:03.919,416.2100049394491,99
2024-09-18 13:23:03.919,416.2044978971007,97
2024-09-18 13:23:04.027,416.19986112665663,1002
2024-09-18 13:23:04.083,416.2093997503712,103
2024-09-18 13:23:04.091,416.21503765197855,100
2024-09-18 13:23:04.102,416.2144510598492,1003
2024-09-18 13:23:04.110,416.1652126265816,998
2024-09-18 13:23:04.170,416.2103513881234,999
2024-09-18 13:23:04.189,416.1850411560416,6
2024-09-18 13:23:04.201,416.1929338604632,5
2024-09-18 13:23:04.208,416.1717220724413,7
2024-09-18 13:23:04.230,416.1867009378505,12
2024-09-18 13:23:04.356,416.2064157094382,104
2024-09-18 13:23:04.465,416.2059026542562,96
2024-09-18 13:23:04.482,416.1963423852871,11
2024-09-18 13:23:04.525,416.199650051036,99
2024-09-18 13:23:04.526,416.2188133847122,6
2024-09-18 13:23:04.571,416.2050592112339,101
2024-09-18 13:23:04.598,416.1986349016682,104
2024-09-18 13:23:04.788,416.1725385925359,13
2024-09-18 13:23:04.992,416.2083959301095,9
2024-09-18 13:23:05.057,416.22146588137554,1005
2024-09-18 13:23:05.065,416.1716303640835,98
2024-09-18 13:23:05.123,416.3008490373561,13
2024-09-18 13:23:05.165,416.1716970991127,1005
2024-09-18 13:23:05.202,416.18532201284125,15
2024-09-18 13:23:05.203,416.21954438494254,101
2024-09-18 13:23:05.273,416.22646161105325,13
2024-09-18 13:23:05.288,416.21321818080577,14
2024-09-18 13:23:05.339,416.32074132348646,95
2024-09-18 13:23:05.461,416.1935587052319,1005
2024-09-18 13:23:05.516,416.3065025635063,102
2024-09-18 13:23:05.676,416.29510932086936,1004
2024-09-18 13:23:05.690,416.3075863680751,996
2024-09-18 13:23:05.695,416.2816282063413,104
2024-09-18 13:23:05.796,416.229990861727,97
2024-09-18 13:23:05.843,416.2184133737538,1003
2024-09-18 13:23:05.844,416.2023658302545,103
2024-09-18 13:23:05.849,416.2608069760293,100
2024-09-18 13:23:05.875,416.2102250934616,103
2024-09-18 13:23:05.885,416.17480302604105,1005
2024-09-18 13:23:05.903,416.2059213703312,995
2024-09-18 13:23:05.930,416.3224202653946,14
2024-09-18 13:23:05.956,416.2397076456254,998
2024-09-18 13:23:05.963,416.1925746147356,14
2024-09-18 13:23:06.038,416.3463559829863,8
2024-09-18 13:23:06.074,416.3310220374355,99
2024-09-18 13:23:06.117,416.3860916525983,1003
2024-09-18 13:23:06.209,416.3508765443492,11
2024-09-18 13:23:06.243,416.3516990022881,97
2024-09-18 13:23:06.331,416.3537909377991,96
2024-09-18 13:23:06.357,416.365995227873,12
2024-09-18 13:23:06.416,416.36754569277656,15
2024-09-18 13:23:06.420,416.3394307601952,104
2024-09-18 13:23:06.473,416.3438060623876,12
2024-09-18 13:23:06.502,416.3284874228584,95
2024-09-18 13:23:06.704,416.3512289095952,10
2024-09-18 13:23:06.859,416.3391156073149,8
2024-09-18 13:23:06.927,416.343282597037,101
2024-09-18 13:23:07.006,416.37624306977926,996
2024-09-18 13:23:07.070,416.3423935221705,98
2024-09-18 13:23:07.344,416.35664689023946,95
2024-09-18 13:23:07.348,416.4033511346227,13
2024-09-18 13:23:07.354,416.35101444025327,7
2024-09-18 13:23:07.395,416.4034982988602,98
2024-09-18 13:23:07.425,416.4109720091334,96
2024-09-18 13:23:07.507,-416.3780467821348,998
2024-09-18 13:23:07.624,416.3539642604496,15
2024-09-18 13:23:07.628,416.3511086943331,998
2024-09-18 13:23:07.654,416.3688040097945,103
2024-09-18 13:23:07.809,416.40189223368697,1003
2024-09-18 13:23:07.851,416.41343656115896,96
2024-09-18 13:23:07.875,416.3758514719748,99
2024-09-18 13:23:07.893,416.36707460801466,103
2024-09-18 13:23:07.896,416.3917718999463,1004
2024-09-18 13:23:08.105,416.4421780045985,11
2024-09-18 13:23:08.157,416.435846053385,7
2024-09-18 13:23:08.207,416.402307433474,7
2024-09-18 13:23:08.209,416.40238897744297,105
2024-09-18 13:23:08.254,416.44779256208926,6
2024-09-18 13:23:08.305,416.4311774968333,105
2024-09-18 13:23:08.319,416.4315779578323,1000
2024-09-18 13:23:08.398,416.4222386601776,5
2024-09-18 13:23:08.400,416.4263712555962,1005
2024-09-18 13:23:08.411,416.4244392799599,13
2024-09-18 13:23:08.447,416.4002907178384,1000
2024-09-18 13:23:08.501,416.4383919793919,100
2024-09-18 13:23:08.581,416.4302746972004,103
2024-09-18 13:23:08.581,416.4036853673691,102
2024-09-18 13:23:08.596,-416.41628309809374,13
2024-09-18 13:23:08.621,416.4637891889334,996
2024-09-18 13:23:08.638,416.4193674747103,105
2024-09-18 13:23:08.705,416.4279005033818,1000
2024-09-18 13:23:08.752,416.4593547249033,1003
2024-09-18 13:23:08.762,416.44838898181393,9
2024-09-18 13:23:08.840,416.4287749302058,13
2024-09-18 13:23:08.843,416.41501552005707,104
2024-09-18 13:23:08.843,416.3996267628568,1000
2024-09-18 13:23:08.879,416.42165994641726,105
2024-09-18 13:23:08.905,416.45161299008777,105
2024-09-18 13:23:08.935,416.4310261244297,97
2024-09-18 13:23:08.946,416.4017937383016,5
2024-09-18 13:23:09.052,416.3794949101016,1004
2024-09-18 13:23:09.079,416.3537201613861,6
2024-09-18 13:23:09.085,416.39110919220366,102
2024-09-18 13:23:09.093,416.3915762580848,1002
2024-09-18 13:23:09.112,416.3773807223362,1005
2024-09-18 13:23:09.162,416.36931417425103,997
2024-09-18 13:23:09.175,416.36833721892464,1001
2024-09-18 13:23:09.227,416.3709721469717,997
2024-09-18 13:23:09.352,416.3756379127474,12
2024-09-18 13:23:09.412,416.3702647008451,8
2024-09-18 13:23:09.505,416.3513888327996,99
2024-09-18 13:23:09.613,416.3954236395052,100
2024-09-18 13:23:09.669,416.36223162026585,97
2024-09-18 13:23:09.675,416.3751574830344,10
2024-09-18 13:23:09.711,416.4036915045293,15
2024-09-18 13:23:09.757,416.35354241977393,1004
2024-09-18 13:23:09.757,416.3467820215333,101
2024-09-18 13:23:09.831,416.3505283929021,1001
2024-09-18 13:23:09.835,416.3521890207308,96
2024-09-18 13:23:09.862,416.3925714579549,1005
2024-09-18 13:23:09.865,416.38232897507095,11
2024-09-18 13:23:09.873,416.3665042115534,999
2024-09-18 13:23:09.877,416.3931116058744,102
2024-09-18 13:23:09.881,416.36762855779926,15
2024-09-18 13:23:09.921,416.3613595057531,995
2024-09-18 13:23:09.931,416.38574548108335,15
2024-09-18 13:23:09.966,416.36674698449815,1002
2024-09-18 13:23:09.981,416.3374463385931,1001
2024-09-18 13:23:10.074,416.3501589494652,105
2024-09-18 13:23:10.166,416.347760566953,101
2024-09-18 13:23:10.175,416.3419110033571,1005
2024-09-18 13:23:10.212,416.3467575035637,7
2024-09-18 13:23:10.232,416.3534096204236,104
2024-09-18 13:23:10.247,416.3529885620583,11
2024-09-18 13:23:10.321,416.3331744911943,1001
2024-09-18 13:23:10.331,416.3302011751488,15
2024-09-18 13:23:10.340,416.3571260450256,7
2024-09-18 13:23:10.351,416.3561536486277,1005
2024-09-18 13:23:10.370,416.3344630273763,1003
2024-09-18 13:23:10.506,416.3324030945338,6
2024-09-18 13:23:10.537,416.3410271798599,9
2024-09-18 13:23:10.593,416.3346993766084,103
2024-09-18 13:23:10.748,416.33714236218685,12
2024-09-18 13:23:10.763,-416.3664339960851,101
2024-09-18 13:23:10.787,41.6358368130438,96
2024-09-18 13:23:10.839,416.3812143959768,95
2024-09-18 13:23:10.917,416.3323800917895,104
2024-09-18 13:23:10.943,416.38568126072505,1001
2024-09-18 13:23:10.970,416.37156646724605,101
2024-09-18 13:23:10.977,416.3816543573906,102
2024-09-18 13:23:11.068,416.30588832777954,97
2024-09-18 13:23:11.387,416.33042376138974,996
2024-09-18 13:23:11.433,416.3273383239341,95
2024-09-18 13:23:11.563,416.3226136791867,996
2024-09-18 13:23:11.584,416.3461613320897,99
2024-09-18 13:23:11.772,416.3667094630302,1003
2024-09-18 13:23:11.826,416.29861756626366,12
2024-09-18 13:23:11.983,416.3441759128156,996
2024-09-18 13:23:12.125,,99
2024-09-18 13:23:12.194,416.314100072253,10
2024-09-18 13:23:12.217,416.30387318657296,99
2024-09-18 13:23:12.308,416.330682317968,103
2024-09-18 13:23:12.396,416.3275537979477,13
2024-09-18 13:23:12.407,416.3310444760377,97
2024-09-18 13:23:12.425,416.3414733920058,103
2024-09-18 13:23:12.568,416.3126022370721,11
2024-09-18 13:23:12.673,416.3420683579628,998
2024-09-18 13:23:12.709,416.35489563670455,999
2024-09-18 13:23:12.718,416.3494533788897,1001
2024-09-18 13:23:12.839,416.33014568552414,7
2024-09-18 13:23:12.907,416.3286412532083,96
2024-09-18 13:23:12.943,416.3186638175279,5
2024-09-18 13:23:12.952,416.3372533085847,96
2024-09-18 13:23:13.002,416.26774748987646,997
2024-09-18 13:23:13.034,416.2219001513465,999
2024-09-18 13:23:13.154,416.3331678252008,96
2024-09-18 13:23:13.192,416.31654283718746,8
2024-09-18 13:23:13.213,416.3295175288384,98
2024-09-18 13:23:13.215,416.2276232880832,103
2024-09-18 13:23:13.234,416.2633961722356,9
2024-09-18 13:23:13.245,416.32236978092425,996
2024-09-18 13:23:13.309,416.2083213561613,10
2024-09-18 13:23:13.330,416.3229048936641,104
2024-09-18 13:23:13.403,416.2749787933778,1000
2024-09-18 13:23:13.453,416.21612186369686,1000
2024-09-18 13:23:13.557,416.188825728186,1000
2024-09-18 13:23:13.575,416.2921188032736,13
2024-09-18 13:23:13.624,416.21280423389766,9
2024-09-18 13:23:13.691,41.6343937130651,1000
2024-09-18 13:23:13.697,416.3132534573122,99
2024-09-18 13:23:13.780,416.3295873362773,97
2024-09-18 13:23:13.822,416.2120890466384,103
2024-09-18 13:23:13.824,416.2393332791278,104
2024-09-18 13:23:13.829,416.30486612843856,6
2024-09-18 13:23:13.927,416.2835874603158,997
2024-09-18 13:23:13.939,416.327775853594,102
2024-09-18 13:23:13.971,416.1806670152285,1001
2024-09-18 13:23:13.997,416.19053720569065,999
2024-09-18 13:23:14.025,416.1280772255645,97
2024-09-18 13:23:14.033,416.1570286253023,9
2024-09-18 13:23:14.135,41.62065518691265,1001
2024-09-18 13:23:14.154,416.2088121634895,999
2024-09-18 13:23:14.178,416.17438622164906,14
2024-09-18 13:23:14.225,416.1860574235516,15
2024-09-18 13:23:14.225,416.1100904397065,96
2024-09-18 13:23:14.258,416.1821256291893,102
2024-09-18 13:23:14.260,416.13873349618297,102
2024-09-18 13:23:14.310,416.1691778921644,102
2024-09-18 13:23:14.316,416.1301598118824,13
2024-09-18 13:23:14.344,416.1616739123171,7
2024-09-18 13:23:14.349,416.133640228333,9
2024-09-18 13:23:14.389,416.1830332151392,1003
2024-09-18 13:23:14.407,416.11565872483976,1002
2024-09-18 13:23:14.421,416.17006089814026,997
2024-09-18 13:23:14.459,416.1727751524832,11
2024-09-18 13:23:14.505,416.20224015247777,13
2024-09-18 13:23:14.506,416.1391395981986,95
2024-09-18 13:23:14.564,416.12485876761264,9
2024-09-18 13:23:14.793,416.1666715458163,996
2024-09-18 13:23:14.804,416.1554022896007,102
2024-09-18 13:23:14.815,416.12635149994,10
2024-09-18 13:23:14.827,416.103977699804,12
2024-09-18 13:23:14.843,416.1603600157424,96
2024-09-18 13:23:14.846,416.12871815287366,98
2024-09-18 13:23:14.899,416.1175723427411,101
2024-09-18 13:23:14.938,416.11984281643606,1000
2024-09-18 13:23:14.971,416.18660090813097,12
2024-09-18 13:23:16.009,416.0789094254747,1005
2024-09-18 13:23:16.016,416.0797419626478,10
2024-09-18 13:23:16.037,416.1015043106297,7
2024-09-18 13:23:16.120,416.1068260692429,97
2024-09-18 13:23:16.121,416.1049018284065,100
2024-09-18 13:23:16.174,416.1014861773738,95
2024-09-18 13:23:16.219,416.1126836930579,5
2024-09-18 13:23:16.267,416.1127120226975,996
2024-09-18 13:23:16.276,416.1212833948477,1003
2024-09-18 13:23:16.281,416.1091477504187,997
2024-09-18 13:23:16.308,416.1091516448926,103
2024-09-18 13:23:16.324,416.1212420254376,1001
2024-09-18 13:23:16.328,416.0971487683152,1003
2024-09-18 13:23:16.360,416.09181188732697,102
2024-09-18 13:23:16.360,416.0911866576724,104
2024-09-18 13:23:16.541,416.1072817468821,6
2024-09-18 13:23:16.676,416.10417161590993,96
2024-09-18 13:23:16.677,416.0913643007317,95
2024-09-18 13:23:16.846,416.108214358937,100
2024-09-18 13:23:16.849,416.0996798049748,96
2024-09-18 13:23:16.871,416.12231642530463,995
2024-09-18 13:23:16.921,416.1108402317349,1004
2024-09-18 13:23:16.952,416.0951298105607,1003
2024-09-18 13:23:16.953,416.0929148387979,13
2024-09-18 13:23:16.986,416.10682582162167,8
2024-09-18 13:23:17.036,416.0834389235815,100
2024-09-18 13:23:17.082,416.0924696281913,98
2024-09-18 13:23:17.114,416.0929105470181,98
2024-09-18 13:23:17.160,416.066063668616,13
2024-09-18 13:23:17.301,416.0559847586277,1000
2024-09-18 13:23:17.303,416.0473568863621,1002
2024-09-18 13:23:17.319,416.0778504145392,1000
2024-09-18 13:23:17.448,416.0620142487653,96
2024-09-18 13:23:17.536,416.0744687563869,11
2024-09-18 13:23:17.561,416.0555535929789,9
2024-09-18 13:23:17.817,416.0690230654011,96
2024-09-18 13:23:17.866,416.0929009536147,10
2024-09-18 13:23:17.952,416.06873536475086,104
2024-09-18 13:23:17.970,416.0768620232717,15
2024-09-18 13:23:18.063,416.11412606575817,105
2024-09-18 13:23:18.065,416.1220058828547,97
2024-09-18 13:23:18.089,416.077474516742,996
2024-09-18 13:23:18.128,416.14100712220727,11
2024-09-18 13:23:18.131,416.1218989580074,103
2024-09-18 13:23:18.151,416.0548114986738,999
2024-09-18 13:23:18.327,416.12027141420566,104
2024-09-18 13:23:18.397,416.06716030753904,1001
2024-09-18 13:23:18.461,416.0555112708349,999
2024-09-18 13:23:18.482,416.1411175536362,6
2024-09-18 13:23:18.688,416.1397341764594,11
2024-09-18 13:23:18.695,416.13946774943975,105
2024-09-18 13:23:18.734,416.10056277579247,1004
2024-09-18 13:23:18.822,416.1092746287365,996
2024-09-18 13:23:18.825,416.07688866922285,998
2024-09-18 13:23:18.877,416.0772913537877,96
2024-09-18 13:23:18.920,-416.0624896883318,7
2024-09-18 13:23:18.975,416.0807295930322,101
2024-09-18 13:23:19.012,416.08214405626205,99
2024-09-18 13:23:19.033,416.0669057211018,15
2024-09-18 13:23:19.051,416.071822167728,100
2024-09-18 13:23:19.066,416.1012618439726,13
2024-09-18 13:23:19.083,416.1558470529565,1004
2024-09-18 13:23:19.091,416.1113723491284,999
2024-09-18 13:23:19.139,416.08500118117286,1004
2024-09-18 13:23:19.180,416.0803032522349,6
2024-09-18 13:23:19.297,416.1221592653733,1002
2024-09-18 13:23:19.405,416.06292497168863,1003
2024-09-18 13:23:19.451,416.0656292031669,1002
2024-09-18 13:23:19.538,416.1103369320403,12
2024-09-18 13:23:19.541,416.06014302211946,95
2024-09-18 13:23:19.546,416.08867580567926,999
2024-09-18 13:23:19.657,416.0850089189028,104
2024-09-18 13:23:19.659,416.127482197941,997
2024-09-18 13:23:19.708,416.08379439801433,9
2024-09-18 13:23:19.837,416.1058244838316,1004
2024-09-18 13:23:19.880,416.1387388372569,96
2024-09-18 13:23:19.907,416.1132551535245,15
2024-09-18 13:23:19.910,416.1217482440007,5
2024-09-18 13:23:19.929,416.06370113876494,102
2024-09-18 13:23:20.269,416.1409653357807,12
2024-09-18 13:23:20.395,416.1280996932873,1003
2024-09-18 13:23:20.555,416.1153240525959,6
2024-09-18 13:23:20.684,416.0916219445692,98
2024-09-18 13:23:20.708,416.14654282110007,996
2024-09-18 13:23:20.730,416.1485044823838,997
2024-09-18 13:23:20.835,416.1381393687665,9
2024-09-18 13:23:20.902,416.1219657303146,97
2024-09-18 13:23:21.007,416.1402323708836,1000
2024-09-18 13:23:21.053,416.13310261358976,14
2024-09-18 13:23:21.098,416.1441495013072,101
2024-09-18 13:23:21.152,416.1170727455637,1001
2024-09-18 13:23:21.221,416.1093949279329,105
2024-09-18 13:23:21.235,416.1232679365284,9
2024-09-18 13:23:21.243,416.137939705931,98
2024-09-18 13:23:21.254,416.1324564973031,1001
2024-09-18 13:23:21.264,416.1263190359571,102
2024-09-18 13:23:21.293,416.1335081213119,1000
2024-09-18 13:23:21.296,416.139361464457,1002
2024-09-18 13:23:21.306,416.14195109193327,99
2024-09-18 13:23:21.313,416.1563877745808,104
2024-09-18 13:23:21.377,416.1257768881739,995
2024-09-18 13:23:21.391,416.14795148866585,10
2024-09-18 13:23:21.414,416.146295319304,1004
2024-09-18 13:23:21.435,416.1274037056749,996
2024-09-18 13:23:21.467,416.1427797758605,995
2024-09-18 13:23:21.500,416.1163142999317,99
2024-09-18 13:23:21.538,416.1620342159316,102
2024-09-18 13:23:21.575,416.1429291376128,997
2024-09-18 13:23:21.587,416.1306766177316,105
2024-09-18 13:23:21.614,416.1493335174197,1003
2024-09-18 13:23:21.639,416.13419019084375,7
2024-09-18 13:23:21.662,416.14128637559537,1003
2024-09-18 13:23:21.732,416.121588157676,999
2024-09-18 13:23:21.769,416.1353467381492,95
2024-09-18 13:23:21.948,416.134938342083,98
2024-09-18 13:23:21.987,416.1397759510052,98
2024-09-18 13:23:22.165,416.1777733181825,14
2024-09-18 13:23:22.169,416.1558229909553,102
2024-09-18 13:23:22.184,416.1971742195815,998
2024-09-18 13:23:22.283,416.1906460622461,97
2024-09-18 13:23:22.412,416.21585264963727,100
2024-09-18 13:23:22.462,416.15868712143606,12
2024-09-18 13:23:22.501,416.214696439863,13
2024-09-18 13:23:22.579,416.197906404492,100
2024-09-18 13:23:22.590,416.2099009106081,101
2024-09-18 13:23:22.596,416.128310724003,997
2024-09-18 13:23:22.613,416.1604169789724,101
2024-09-18 13:23:22.702,416.1968174175853,14
2024-09-18 13:23:22.850,416.1870805270703,11
2024-09-18 13:23:22.895,416.1692530208674,1004
2024-09-18 13:23:22.913,416.16785462130906,1004
2024-09-18 13:23:23.123,416.1926174916396,105
2024-09-18 13:23:23.299,-416.2285558929091,8
2024-09-18 13:23:23.470,416.2284303492935,1002
2024-09-18 13:23:23.632,416.2138755583326,11
2024-09-18 13:23:23.642,416.2242843285171,5
2024-09-18 13:23:24.010,416.1930500605386,101
2024-09-18 13:23:24.025,416.0720285718138,9
2024-09-18 13:23:24.038,416.0961532323579,105
2024-09-18 13:23:24.045,416.2095726570279,97
2024-09-18 13:23:24.046,416.0948491981884,104
2024-09-18 13:23:24.079,416.2226960245055,8
2024-09-18 13:23:24.228,-416.143339262318,95
2024-09-18 13:23:24.327,416.12755765758,105
2024-09-18 13:23:24.386,416.0912180210802,102
2024-09-18 13:23:24.389,416.2058411562834,12
2024-09-18 13:23:24.423,416.19739552799086,100
2024-09-18 13:23:24.452,416.1380899725498,5
2024-09-18 13:23:24.529,416.1260787904659,105
2024-09-18 13:23:24.549,416.1053823544973,100
2024-09-18 13:23:24.615,416.1237517329678,98
2024-09-18 13:23:24.622,416.0846461990287,95
2024-09-18 13:23:24.649,416.1094853181434,15
2024-09-18 13:23:24.654,416.1133792950431,5
2024-09-18 13:23:24.657,416.1723801174372,998
2024-09-18 13:23:24.711,416.21362545224144,6
2024-09-18 13:23:24.724,416.13174189349246,100
2024-09-18 13:23:24.834,416.217473734852,97
2024-09-18 13:23:24.840,416.1681122775327,103
2024-09-18 13:23:24.866,416.2156764320421,100
2024-09-18 13:23:24.943,416.1600743492591,102
2024-09-18 13:23:24.971,416.08725743920127,97
2024-09-18 13:23:25.147,416.1588395879368,1004
2024-09-18 13:23:25.233,416.1422560084909,1002
2024-09-18 13:23:25.351,416.1504928404079,96
2024-09-18 13:23:25.571,416.1646244845043,8
2024-09-18 13:23:25.595,416.1366942413965,996
2024-09-18 13:23:25.612,,13
2024-09-18 13:23:25.642,416.1324766584845,1005
2024-09-18 13:23:25.642,416.167974000674,1000
2024-09-18 13:23:25.661,416.1517593477257,1000
2024-09-18 13:23:25.789,416.1568574291871,1000
2024-09-18 13:23:25.813,416.1541246442449,5
2024-09-18 13:23:25.849,416.1340234892163,1005
2024-09-18 13:23:25.919,416.1548727076544,997
2024-09-18 13:23:26.029,41.61761139436784,995
2024-09-18 13:23:26.183,416.1772980241993,99
2024-09-18 13:23:26.208,416.1658205412514,98
2024-09-18 13:23:26.217,416.1625521964766,999
2024-09-18 13:23:26.222,416.1663705788095,12
2024-09-18 13:23:26.252,416.1772546717067,1002
2024-09-18 13:23:26.474,416.1934942596612,1004
2024-09-18 13:23:26.506,416.1708895012842,99
2024-09-18 13:23:26.532,416.1805583210626,996
2024-09-18 13:23:26.556,416.1749471734423,13
2024-09-18 13:23:26.652,416.1726513477308,12
2024-09-18 13:23:26.664,416.1564039244448,6
2024-09-18 13:23:26.816,416.1645523219912,996
2024-09-18 13:23:26.832,416.1710622080557,12
2024-09-18 13:23:26.911,416.14340739808017,5
2024-09-18 13:23:26.965,416.1561903936324,1002
2024-09-18 13:23:26.976,416.1790809231179,1002
2024-09-18 13:23:27.027,416.1487752975646,6
2024-09-18 13:23:27.061,416.24411923711216,95
2024-09-18 13:23:27.101,416.22215193967,101
2024-09-18 13:23:27.178,416.16498754943393,11
2024-09-18 13:23:27.279,416.256870760451,14
2024-09-18 13:23:27.306,416.1634617987737,98
2024-09-18 13:23:27.340,416.19405349046406,997
2024-09-18 13:23:27.374,416.1320140049625,1005
2024-09-18 13:23:27.378,416.2564685174533,102
2024-09-18 13:23:27.459,416.2226724375434,105
2024-09-18 13:23:27.513,416.24446059496864,101
2024-09-18 13:23:27.549,416.13575671227903,98
2024-09-18 13:23:27.587,416.2278094226755,6
2024-09-18 13:23:27.598,416.13943846293785,15
2024-09-18 13:23:27.676,416.1248324633435,1001
2024-09-18 13:23:27.727,416.1399524029064,95
2024-09-18 13:23:27.765,416.189893715006,1004
2024-09-18 13:23:27.830,416.2378203087525,12
2024-09-18 13:23:27.881,416.1301600024138,995
2024-09-18 13:23:27.964,416.2176501481097,1005
2024-09-18 13:23:28.010,416.2983363920508,101
2024-09-18 13:23:28.019,416.2917308605709,15
2024-09-18 13:23:28.073,416.2869805275391,102
2024-09-18 13:23:28.099,416.307936650694,105
2024-09-18 13:23:28.121,416.3028948682497,995
2024-09-18 13:23:28.181,416.3200952594484,1004
2024-09-18 13:23:28.204,416.2941093896619,95
2024-09-18 13:23:28.256,416.3243914469212,5
2024-09-18 13:23:28.279,416.2613382821761,104
2024-09-18 13:23:28.286,416.304604366267,999
2024-09-18 13:23:28.298,416.2656191955178,1005
2024-09-18 13:23:28.362,416.31552109166057,104
2024-09-18 13:23:28.452,416.2662716609602,5
2024-09-18 13:23:28.454,416.3250394116281,10
2024-09-18 13:23:28.463,416.3193913364344,103
2024-09-18 13:23:28.476,416.3183175145091,1005
2024-09-18 13:23:28.501,416.2894715336205,105
2024-09-18 13:23:28.535,416.3231854026573,103
2024-09-18 13:23:28.549,416.31684518328456,99
2024-09-18 13:23:28.626,416.3127642400276,13
2024-09-18 13:23:28.639,416.3058297192467,1004
2024-09-18 13:23:28.673,416.30273029460176,102
2024-09-18 13:23:28.697,416.3245308285146,998
2024-09-18 13:23:28.751,416.2998476124607,97
2024-09-18 13:23:28.796,-416.31896233652105,8
2024-09-18 13:23:28.824,416.2487325967364,105
2024-09-18 13:23:28.942,416.2570769354817,8
2024-09-18 13:23:28.957,416.2687144063623,8
2024-09-18 13:23:28.980,416.29855277254944,104
2024-09-18 13:23:29.092,416.31248346448575,13
2024-09-18 13:23:29.132,416.2936866340225,995
2024-09-18 13:23:29.151,416.28789143809126,997
2024-09-18 13:23:29.192,416.2973725313379,15
2024-09-18 13:23:29.226,416.3080557584544,105
2024-09-18 13:23:29.275,416.31266801405127,999
2024-09-18 13:23:29.318,416.3028807039181,99
2024-09-18 13:23:29.392,416.3117139653599,7
2024-09-18 13:23:29.536,416.3016447401333,100
2024-09-18 13:23:29.594,416.31774429281126,98
2024-09-18 13:23:29.731,416.31830719019126,13
2024-09-18 13:23:29.762,416.2955003715241,12
2024-09-18 13:23:29.795,416.3103511987932,103
2024-09-18 13:23:30.036,416.3148722133411,13
2024-09-18 13:23:30.093,-416.3002843769636,1000
2024-09-18 13:23:30.128,416.3100377370219,1001
2024-09-18 13:23:30.192,416.2998451876185,97
2024-09-18 13:23:30.228,416.3085598741865,104
2024-09-18 13:23:30.249,416.3319597840888,1003
2024-09-18 13:23:30.321,416.3329949408291,15
2024-09-18 13:23:30.355,416.296671492796,98
2024-09-18 13:23:30.365,416.3043553181786,11
2024-09-18 13:23:30.402,416.3239839788944,102
2024-09-18 13:23:30.463,416.3091292049917,104
2024-09-18 13:23:30.769,416.3222262037565,103
2024-09-18 13:23:30.772,416.3358640823293,14
2024-09-18 13:23:30.794,,12
2024-09-18 13:23:30.818,416.3268438981421,105
2024-09-18 13:23:30.851,416.3313632573857,104
2024-09-18 13:23:30.921,41.63201384806426,1001
2024-09-18 13:23:30.923,416.3314453892359,105
2024-09-18 13:23:30.924,416.3363002624904,5
2024-09-18 13:23:30.926,416.31921322762526,1004
2024-09-18 13:23:30.969,416.3497143704329,995
2024-09-18 13:23:30.991,416.34346552514137,15
2024-09-18 13:23:31.002,416.2977734038447,9
2024-09-18 13:23:31.132,416.2799083465136,102
2024-09-18 13:23:31.136,416.3050128345952,98
2024-09-18 13:23:31.139,416.3230655455499,10
2024-09-18 13:23:31.140,416.3001035044871,1005
2024-09-18 13:23:31.174,-416.30424745728334,13
2024-09-18 13:23:31.191,416.2793704423563,13
2024-09-18 13:23:31.210,416.2985724214393,1001
2024-09-18 13:23:31.240,416.3104139210348,997
2024-09-18 13:23:31.320,416.29932996960537,95
2024-09-18 13:23:31.329,416.3373976949092,104
2024-09-18 13:23:31.356,416.3121122916523,1001
2024-09-18 13:23:31.380,416.3184902450403,102
2024-09-18 13:23:31.442,416.355643604398,7
2024-09-18 13:23:31.466,416.3415371847001,1001
2024-09-18 13:23:31.493,416.3233677765423,1002
2024-09-18 13:23:31.497,416.3247564634863,6
2024-09-18 13:23:31.500,416.3458464069166,8
2024-09-18 13:23:31.506,416.35108541676937,1005
2024-09-18 13:23:31.570,416.3643276670615,6
2024-09-18 13:23:31.578,416.3275040780064,7
2024-09-18 13:23:31.712,416.3410168139996,13
2024-09-18 13:23:31.744,416.2948320796927,999
2024-09-18 13:23:31.746,416.3119700806923,15
2024-09-18 13:23:31.751,416.3192696343952,97
2024-09-18 13:23:31.797,416.3557899572188,103
2024-09-18 13:23:31.848,416.3101168661882,105
2024-09-18 13:23:31.877,416.3227632248872,998
2024-09-18 13:23:32.339,416.28639986096056,10
2024-09-18 13:23:32.475,416.30014137877913,7
2024-09-18 13:23:32.569,416.2661831291052,15
2024-09-18 13:23:32.591,416.2789447545959,101
2024-09-18 13:23:32.631,416.2984778181854,1005
2024-09-18 13:23:32.781,416.27829672355097,9
2024-09-18 13:23:33.037,416.3392390169433,998
2024-09-18 13:23:33.069,416.3206735340384,1001
2024-09-18 13:23:33.322,416.3246618933173,12
2024-09-18 13:23:33.328,416.3599715603533,1002
2024-09-18 13:23:33.434,416.3117185956045,15
2024-09-18 13:23:33.475,41.6302478051156,1000
2024-09-18 13:23:33.585,416.3289651985653,5
2024-09-18 13:23:33.773,416.3441182276562,1001
2024-09-18 13:23:33.981,416.315033460678,98
2024-09-18 13:23:34.150,416.3096089796523,11
2024-09-18 13:23:34.231,416.3245435065214,97
2024-09-18 13:23:34.249,416.3198264179165,8
2024-09-18 13:23:34.292,416.31016868633134,102
2024-09-18 13:23:34.299,416.30788494263015,10
2024-09-18 13:23:34.428,416.3201034427662,14
2024-09-18 13:23:34.444,416.3115448164011,1002
2024-09-18 13:23:34.452,416.35751428830025,9
2024-09-18 13:23:34.459,416.32079717125606,100
2024-09-18 13:23:34.515,416.3687289810091,100
2024-09-18 13:23:34.541,416.3319687797776,10
2024-09-18 13:23:34.547,416.319747844332,101
2024-09-18 13:23:34.888,416.3146114277082,99
2024-09-18 13:23:34.931,416.33146330233103,1003
2024-09-18 13:23:34.978,416.3401997829012,105
2024-09-18 13:23:35.191,,100
2024-09-18 13:23:35.288,416.3455126064284,97
2024-09-18 13:23:35.471,416.34522442653935,998
2024-09-18 13:23:35.483,416.370286587227,99
2024-09-18 13:23:35.637,416.36235425267967,995
2024-09-18 13:23:35.832,416.3309523518682,97
2024-09-18 13:23:36.112,416.3718551610414,105
2024-09-18 13:23:36.210,416.36298612240046,9
2024-09-18 13:23:36.271,416.307772873408,98
2024-09-18 13:23:36.288,416.3231465810925,102
2024-09-18 13:23:36.290,416.3597527041716,96
2024-09-18 13:23:36.297,416.3060665243118,101
2024-09-18 13:23:36.314,416.3092297967069,996
2024-09-18 13:23:36.361,416.315048858965,98
2024-09-18 13:23:36.399,416.30220140518895,1002
2024-09-18 13:23:36.572,416.3519048815424,13
2024-09-18 13:23:36.589,416.3210254915461,95
2024-09-18 13:23:36.595,416.378060805618,102
2024-09-18 13:23:36.634,416.33896936904927,1004
2024-09-18 13:23:36.635,416.31011931302777,15
2024-09-18 13:23:36.652,416.3601196622933,105
2024-09-18 13:23:36.660,416.35937412005336,996
2024-09-18 13:23:36.671,416.3549481947545,13
2024-09-18 13:23:36.710,416.3694425669678,9
2024-09-18 13:23:36.738,416.3188863434128,98
2024-09-18 13:23:36.779,416.3700544556957,10
2024-09-18 13:23:36.790,416.3745980393404,1000
2024-09-18 13:23:36.792,416.3656365203632,998
2024-09-18 13:23:36.854,416.3460180293807,8
2024-09-18 13:23:36.894,416.3462905660433,997
2024-09-18 13:23:36.897,416.3631574328978,1002
2024-09-18 13:23:36.935,416.29355586820594,103
2024-09-18 13:23:36.992,416.364819180718,1001
2024-09-18 13:23:37.110,416.4108621290196,10
2024-09-18 13:23:37.393,416.40866343872045,10
2024-09-18 13:23:37.411,416.4163168138694,95
2024-09-18 13:23:37.411,416.4384333421718,98
2024-09-18 13:23:37.419,416.3833063721644,996
2024-09-18 13:23:37.529,416.4203618187896,7
2024-09-18 13:23:37.538,416.4319938070809,98
2024-09-18 13:23:37.541,416.4069303951244,102
2024-09-18 13:23:37.563,416.3519615772867,7
2024-09-18 13:23:37.577,416.44430213768624,996
2024-09-18 13:23:37.594,416.433232369549,996
2024-09-18 13:23:37.610,416.4161855128095,102
2024-09-18 13:23:37.654,416.36669977506,101
2024-09-18 13:23:37.739,416.4203075606903,102
2024-09-18 13:23:37.761,416.4318224165129,100
2024-09-18 13:23:37.909,416.4263992055844,998
2024-09-18 13:23:37.923,416.4300343362493,995
2024-09-18 13:23:37.943,416.41261727316623,97
2024-09-18 13:23:37.991,416.4261857537381,5
2024-09-18 13:23:38.075,416.3028429460585,96
2024-09-18 13:23:38.093,416.37761490648944,102
2024-09-18 13:23:38.174,416.3932127646942,8
2024-09-18 13:23:38.196,416.3198672220304,102
2024-09-18 13:23:38.231,416.296979829406,95
2024-09-18 13:23:38.295,416.3790578575052,95
2024-09-18 13:23:38.298,416.3893432163519,8
2024-09-18 13:23:38.299,416.41633287480187,95
2024-09-18 13:23:38.349,416.3145546057256,100
2024-09-18 13:23:38.366,416.402587007183,15
2024-09-18 13:23:38.460,416.4052060944552,13
2024-09-18 13:23:38.469,416.3298363958561,1004
2024-09-18 13:23:38.491,41.63262019263196,997
2024-09-18 13:23:38.512,416.3249457932166,998
2024-09-18 13:23:38.547,416.3487782966138,995
2024-09-18 13:23:38.550,416.325873219601,103
2024-09-18 13:23:38.556,416.31453101304686,9
2024-09-18 13:23:38.626,416.4010604199894,104
2024-09-18 13:23:38.646,416.3069351548148,95
2024-09-18 13:23:38.668,416.3400367305574,101
2024-09-18 13:23:38.776,416.3536893609904,999
2024-09-18 13:23:38.817,416.3851901184185,996
2024-09-18 13:23:38.858,416.328235407726,101
2024-09-18 13:23:38.887,416.3743303494373,12
2024-09-18 13:23:38.984,416.30145175154325,102
2024-09-18 13:23:38.991,416.3053539265058,995
2024-09-18 13:23:38.992,416.3229882207448,101
2024-09-18 13:23:39.267,416.3331597141495,103
2024-09-18 13:23:39.771,416.3160181864157,9
2024-09-18 13:23:39.806,416.31754642504006,6
2024-09-18 13:23:39.859,416.3176926860635,102
2024-09-18 13:23:39.861,416.3262692424772,9
2024-09-18 13:23:40.010,416.31792999700906,13
2024-09-18 13:23:40.033,416.3347603968704,98
2024-09-18 13:23:40.135,416.31642817707154,10
2024-09-18 13:23:40.145,416.3151170913581,10
2024-09-18 13:23:40.145,416.3144099405918,105
2024-09-18 13:23:40.149,416.3216755076487,98
2024-09-18 13:23:40.263,416.3236126405474,101
2024-09-18 13:23:40.288,416.3351250441729,14
2024-09-18 13:23:40.292,416.310142974453,15
2024-09-18 13:23:40.547,416.311779583194,99
2024-09-18 13:23:40.595,416.3297625383041,11
2024-09-18 13:23:40.664,416.3227641188508,1000
2024-09-18 13:23:40.666,416.3235038916346,8
2024-09-18 13:23:40.670,416.32347654095554,1003
2024-09-18 13:23:40.698,416.3138089417224,1000
2024-09-18 13:23:40.705,416.3174987145538,97
2024-09-18 13:23:40.747,416.3506425367535,104
2024-09-18 13:23:40.776,416.31984764749086,999
2024-09-18 13:23:40.798,416.3431981865295,9
2024-09-18 13:23:40.806,416.3119724980588,1003
2024-09-18 13:23:40.812,416.32457942970274,98
2024-09-18 13:23:40.816,416.3254522456724,105
2024-09-18 13:23:40.817,416.3516323442357,995
2024-09-18 13:23:40.845,416.313847842996,8
2024-09-18 13:23:40.956,416.2985479980642,101
2024-09-18 13:23:40.986,416.3504419385905,1003
2024-09-18 13:23:41.109,416.2760844758365,101
2024-09-18 13:23:41.183,416.2257335642853,101
2024-09-18 13:23:41.196,416.25690350113234,999
2024-09-18 13:23:41.228,416.2770824206103,999
2024-09-18 13:23:41.259,416.2710887080296,11
2024-09-18 13:23:41.268,416.2092921865741,1000
2024-09-18 13:23:41.282,416.2046448982953,97
2024-09-18 13:23:41.326,416.2140312500809,11
2024-09-18 13:23:41.350,416.206614663919,997
2024-09-18 13:23:41.405,416.2239192639404,97
2024-09-18 13:23:41.421,416.2174213718032,9
2024-09-18 13:23:41.424,416.277288428327,996
2024-09-18 13:23:41.545,416.2851821704354,1004
2024-09-18 13:23:41.547,416.21528643691335,10
2024-09-18 13:23:41.607,416.2158421156889,11
2024-09-18 13:23:41.618,416.23137763084713,999
2024-09-18 13:23:41.624,416.2780600083119,11
2024-09-18 13:23:41.691,416.2095394152645,1004
2024-09-18 13:23:41.722,416.2654710795841,100
2024-09-18 13:23:41.794,416.2673281445232,6
2024-09-18 13:23:41.796,416.31115399913926,98
2024-09-18 13:23:41.856,416.2593012443815,99
2024-09-18 13:23:41.883,416.2379102971335,996
2024-09-18 13:23:41.939,416.25470155960494,97
2024-09-18 13:23:41.954,416.2460240877782,8
2024-09-18 13:23:42.370,416.2320535029131,999
2024-09-18 13:23:42.520,416.2434282952702,7
2024-09-18 13:23:42.625,416.2425080943557,96
2024-09-18 13:23:42.686,416.2310280378537,8
2024-09-18 13:23:42.945,416.2342853732669,999
2024-09-18 13:23:43.007,416.196718924365,95
2024-09-18 13:23:43.091,416.20303180997627,995
2024-09-18 13:23:43.105,416.2132326069273,101
2024-09-18 13:23:43.423,416.1897021045888,1001
2024-09-18 13:23:43.770,416.1870615825026,995
2024-09-18 13:23:43.969,416.19931255749793,102
2024-09-18 13:23:44.055,416.24125676745456,15
2024-09-18 13:23:44.094,416.3019863582018,1002
2024-09-18 13:23:44.099,416.3653304791724,96
2024-09-18 13:23:44.121,416.2743066073707,102
2024-09-18 13:23:44.189,416.2770145326236,95
2024-09-18 13:23:44.238,416.3054502916347,996
2024-09-18 13:23:44.242,416.2167573816004,104
2024-09-18 13:23:44.253,416.22995803922953,105
2024-09-18 13:23:44.331,416.2373635287999,105
2024-09-18 13:23:44.359,416.28832632386326,100
2024-09-18 13:23:44.390,416.256233386492,95
2024-09-18 13:23:44.418,416.2131842598539,9
2024-09-18 13:23:44.439,416.25022238634193,10
2024-09-18 13:23:44.485,416.277474697253,995
2024-09-18 13:23:44.510,416.2079188773848,995
2024-09-18 13:23:44.543,416.3591652001844,999
2024-09-18 13:23:44.556,416.29943518782346,1001
2024-09-18 13:23:44.561,416.2677031860209,98
2024-09-18 13:23:44.610,416.2848163899672,95
2024-09-18 13:23:44.697,416.3358382112039,96
2024-09-18 13:23:44.786,416.2137814750935,8
2024-09-18 13:23:44.812,416.21582116774897,11
2024-09-18 13:23:44.880,416.21163248181546,999
2024-09-18 13:23:45.000,416.34208890006767,99
2024-09-18 13:23:45.069,416.3398538397013,1005
2024-09-18 13:23:45.078,41.63800945053728,14
2024-09-18 13:23:45.109,416.31862272869057,5
2024-09-18 13:23:45.237,416.3504935620007,104
2024-09-18 13:23:45.274,416.3363947675389,5
2024-09-18 13:23:45.338,416.3403326902715,104
2024-09-18 13:23:45.432,416.34020518684457,996
2024-09-18 13:23:45.477,416.3165833138434,105
2024-09-18 13:23:45.622,416.37382055122254,8
2024-09-18 13:23:45.634,416.3330995107639,14
2024-09-18 13:23:45.664,416.30538666274055,1003
2024-09-18 13:23:45.684,416.3258837073366,14
2024-09-18 13:23:45.803,416.3251830291706,1003
2024-09-18 13:23:45.824,416.3388066904865,12
2024-09-18 13:23:45.838,416.3181513237532,97
2024-09-18 13:23:45.843,416.3541745783744,1003
2024-09-18 13:23:45.877,416.3130337883061,103
2024-09-18 13:23:45.926,416.341777301822,5
2024-09-18 13:23:45.934,41.63446639544824,997
2024-09-18 13:23:45.945,416.3186626897135,96
2024-09-18 13:23:46.053,416.3669814967107,996
2024-09-18 13:23:46.084,416.3609240019248,97
2024-09-18 13:23:46.086,416.3135083801567,11
2024-09-18 13:23:46.231,416.3384838514616,1001
2024-09-18 13:23:46.261,416.3710391132978,7
2024-09-18 13:23:46.271,416.3732555425824,12
2024-09-18 13:23:46.283,416.3599629870165,998
2024-09-18 13:23:46.303,416.3355656170777,12
2024-09-18 13:23:46.321,416.3493758143935,102
2024-09-18 13:23:46.327,416.3600762626859,13
2024-09-18 13:23:46.375,416.3156579035853,1005
2024-09-18 13:23:46.454,416.3175116523717,15
2024-09-18 13:23:46.458,416.3403203875274,9
2024-09-18 13:23:46.472,416.3552323658679,97
2024-09-18 13:23:46.533,416.3368399360555,995
2024-09-18 13:23:46.565,416.3152895444199,1003
2024-09-18 13:23:46.601,416.3511807047691,105
2024-09-18 13:23:46.653,-416.347487932307,13
2024-09-18 13:23:46.676,416.3642093961639,13
2024-09-18 13:23:46.711,,998
2024-09-18 13:23:46.777,416.3209750018425,1000
2024-09-18 13:23:46.782,416.35327886216817,96
2024-09-18 13:23:46.810,416.33668172999927,997
2024-09-18 13:23:46.850,416.3476691078363,8
2024-09-18 13:23:46.905,416.3183752192779,97
2024-09-18 13:23:46.936,416.3239857946105,13
2024-09-18 13:23:46.976,416.31350972456704,1001
2024-09-18 13:23:47.082,416.336551313204,105
2024-09-18 13:23:47.166,-416.28731968845983,1001
2024-09-18 13:23:47.170,416.287949135897,998
2024-09-18 13:23:47.226,416.280718158394,1005
2024-09-18 13:23:47.234,416.3234332568285,1004
2024-09-18 13:23:47.290,416.3299091540612,12
2024-09-18 13:23:47.315,416.3465545835977,1002
2024-09-18 13:23:47.332,416.3056358283328,97
2024-09-18 13:23:47.392,416.30736092249225,14
2024-09-18 13:23:47.420,416.3775939175776,103
2024-09-18 13:23:47.460,416.2850238681988,997
2024-09-18 13:23:47.586,416.359898628539,10
2024-09-18 13:23:47.611,416.2680353008966,14
2024-09-18 13:23:47.616,416.30813978523867,98
2024-09-18 13:23:47.667,416.3544400565498,15
2024-09-18 13:23:47.761,416.2698858550262,1001
2024-09-18 13:23:47.833,416.30913378060114,15
2024-09-18 13:23:47.841,416.3339035865013,13
2024-09-18 13:23:47.854,416.3598846308184,11
2024-09-18 13:23:47.864,416.2988052636836,11
2024-09-18 13:23:47.912,416.34568960015457,15
2024-09-18 13:23:47.918,416.2938857057647,97
2024-09-18 13:23:47.942,416.290201064655,998
2024-09-18 13:23:47.982,416.36519552000834,10
2024-09-18 13:23:48.035,416.3171355259968,1003
2024-09-18 13:23:48.052,416.31777128274007,1003
2024-09-18 13:23:48.080,416.33626984888446,99
2024-09-18 13:23:48.122,416.3413778457181,996
2024-09-18 13:23:48.192,416.3225604894139,101
2024-09-18 13:23:48.237,416.34882173800816,12
2024-09-18 13:23:48.242,416.3263120843572,12
2024-09-18 13:23:48.317,416.3153570664643,999
2024-09-18 13:23:48.324,416.3276647369131,97
2024-09-18 13:23:48.430,416.3249215003215,999
2024-09-18 13:23:48.501,416.3509989482508,102
2024-09-18 13:23:48.719,416.3144831932413,103
2024-09-18 13:23:48.814,416.305471782862,995
2024-09-18 13:23:48.904,416.301339811589,102
2024-09-18 13:23:48.980,416.34172088227,12
2024-09-18 13:23:48.981,41.62963747317537,14
2024-09-18 13:23:49.048,416.2997492947796,10
2024-09-18 13:23:49.290,416.327012133496,105
2024-09-18 13:23:49.408,416.291340819419,7
2024-09-18 13:23:49.593,416.2938311940029,104
2024-09-18 13:23:49.819,416.3227692695378,9
2024-09-18 13:23:49.887,416.2921837668293,11
2024-09-18 13:23:49.923,416.31876198924,100
2024-09-18 13:23:50.423,416.3336985100519,996
2024-09-18 13:23:51.008,416.3231651490142,1005
2024-09-18 13:23:51.196,416.3585870810554,1004
2024-09-18 13:23:51.255,416.3233204599487,97
2024-09-18 13:23:51.305,416.2536619391203,10
2024-09-18 13:23:51.394,416.3247309677791,98
2024-09-18 13:23:51.539,416.3381992877066,96
2024-09-18 13:23:51.635,416.30361170211927,98
2024-09-18 13:23:51.659,416.344476409344,103
2024-09-18 13:23:51.691,416.33457271268975,105
2024-09-18 13:23:51.759,416.2829837184203,15
2024-09-18 13:23:51.764,416.2869574826283,996
2024-09-18 13:23:51.807,416.3099282613486,1001
2024-09-18 13:23:51.829,416.3172934030182,998
2024-09-18 13:23:51.848,416.3514073344172,95
2024-09-18 13:23:51.900,416.2664607367408,11
2024-09-18 13:23:51.954,416.3408991891894,6
2024-09-18 13:23:51.957,416.3271807494161,999
2024-09-18 13:23:51.997,416.28279071462487,100
2024-09-18 13:23:52.009,41.62107108597434,14
2024-09-18 13:23:52.038,416.2204029518104,104
2024-09-18 13:23:52.074,416.237776156257,101
2024-09-18 13:23:52.080,416.2214031775663,98
2024-09-18 13:23:52.085,416.2156047513504,15
2024-09-18 13:23:52.108,416.221917230024,9
2024-09-18 13:23:52.158,41.62316476267001,105
2024-09-18 13:23:52.159,416.22508117719445,1005
2024-09-18 13:23:52.179,416.2435345555291,104
2024-09-18 13:23:52.189,,998
2024-09-18 13:23:52.220,416.2339874517907,13
2024-09-18 13:23:52.231,416.2592362717058,98
2024-09-18 13:23:52.264,416.24990648162327,103
2024-09-18 13:23:52.430,416.2331762170098,12
2024-09-18 13:23:52.446,416.2037060518009,6
2024-09-18 13:23:52.476,416.232610885732,998
2024-09-18 13:23:52.484,416.2304422058716,15
2024-09-18 13:23:52.544,416.23928949009183,105
2024-09-18 13:23:52.546,416.2024520759848,99
2024-09-18 13:23:52.601,416.2426381154797,999
2024-09-18 13:23:52.638,416.222244845828,1000
2024-09-18 13:23:52.840,416.2544201053575,995
2024-09-18 13:23:52.879,416.2623348040463,1004
2024-09-18 13:23:52.884,416.229900686262,1002
2024-09-18 13:23:52.905,416.2292785802737,99
2024-09-18 13:23:52.951,416.2204215910687,99
2024-09-18 13:23:52.957,416.2279307095015,995
2024-09-18 13:23:53.084,416.312026515618,96
2024-09-18 13:23:53.201,416.2469029057218,8
2024-09-18 13:23:53.237,416.2770546117863,6
2024-09-18 13:23:53.289,416.2597479552738,11
2024-09-18 13:23:53.515,416.2735870271894,13
2024-09-18 13:23:53.589,416.3162268097788,103
2024-09-18 13:23:53.662,416.2818632850529,12
2024-09-18 13:23:53.663,416.25771494610507,104
2024-09-18 13:23:53.686,416.2793476660248,100
2024-09-18 13:23:53.711,416.3025368800204,997
2024-09-18 13:23:53.714,416.27728035853767,104
2024-09-18 13:23:53.719,416.2698004965216,998
2024-09-18 13:23:53.792,416.29777238674063,12
2024-09-18 13:23:53.832,416.3127644108677,1003
2024-09-18 13:23:53.867,416.2734582127151,997
2024-09-18 13:23:53.884,416.2582544103476,15
2024-09-18 13:23:53.888,416.2576347615371,6
2024-09-18 13:23:53.924,416.2794057258536,5
2024-09-18 13:23:53.945,416.2699366791623,5
2024-09-18 13:23:53.988,416.3045050030785,105
2024-09-18 13:23:54.072,416.20411218807214,14
2024-09-18 13:23:54.140,416.27713866745376,99
2024-09-18 13:23:54.148,416.26553809707735,1005
2024-09-18 13:23:54.229,416.2154135815603,97
2024-09-18 13:23:54.239,416.2705502651448,1001
2024-09-18 13:23:54.270,41.620942508413975,996
2024-09-18 13:23:54.327,416.254081175559,1002
2024-09-18 13:23:54.442,416.2038965965173,103
2024-09-18 13:23:54.444,416.2233429991803,99
2024-09-18 13:23:54.502,416.18966073812817,98
2024-09-18 13:23:54.510,,5
2024-09-18 13:23:54.578,416.2909049754277,103
2024-09-18 13:23:54.626,416.2747381228847,97
2024-09-18 13:23:54.631,416.2355326539479,105
2024-09-18 13:23:54.665,416.2757086615065,103
2024-09-18 13:23:54.765,416.2542348497917,996
2024-09-18 13:23:54.791,416.2485470688143,11
2024-09-18 13:23:54.823,416.2728062903667,95
2024-09-18 13:23:54.932,416.2214797697157,1003
2024-09-18 13:23:54.945,416.2320027085216,1004
2024-09-18 13:23:54.996,416.2829714257812,96
2024-09-18 13:23:55.065,416.251259021051,996
2024-09-18 13:23:55.315,416.28144905904384,998
2024-09-18 13:23:55.448,416.2577621592516,1005
2024-09-18 13:23:55.593,416.2778455806245,102
2024-09-18 13:23:55.627,416.2685272507133,105
2024-09-18 13:23:55.831,416.3026985967216,1002
2024-09-18 13:23:56.000,416.2246827864257,1004
2024-09-18 13:23:56.023,416.2192485438094,105
2024-09-18 13:23:56.095,416.1912250518551,997
2024-09-18 13:23:56.319,416.20077975088645,96
2024-09-18 13:23:56.323,416.2273229709445,101
2024-09-18 13:23:56.374,416.2310069237295,105
2024-09-18 13:23:56.656,416.2348877780736,1004
2024-09-18 13:23:56.763,416.24062732815855,9
2024-09-18 13:23:56.774,416.2272073764536,5
2024-09-18 13:23:56.894,,998
2024-09-18 13:23:56.969,416.2116443849559,13
2024-09-18 13:23:57.011,416.2502046873875,15
2024-09-18 13:23:57.060,416.2312558501399,96
2024-09-18 13:23:57.129,416.2401925493239,95
2024-09-18 13:23:57.148,416.2428267135705,97
2024-09-18 13:23:57.235,416.25753505729057,97
2024-09-18 13:23:57.237,416.2139609475753,104
2024-09-18 13:23:57.282,416.2462880813256,95
2024-09-18 13:23:57.284,416.23511142453305,98
2024-09-18 13:23:57.402,416.24875768252826,995
2024-09-18 13:23:57.449,416.2218810811815,1004
2024-09-18 13:23:57.516,416.251046713814,105
2024-09-18 13:23:57.604,416.24314175667854,100
2024-09-18 13:23:57.626,416.2375580821514,1000
2024-09-18 13:23:57.637,416.24794408083005,9
2024-09-18 13:23:57.662,416.2435689505367,998
2024-09-18 13:23:57.672,416.2178509345259,14
2024-09-18 13:23:57.772,416.24560964352673,998
2024-09-18 13:23:57.827,416.2447312762986,9
2024-09-18 13:23:57.997,416.22006327427727,103
2024-09-18 13:23:58.330,416.2681646573927,1003
2024-09-18 13:23:58.541,416.2768568186621,15
2024-09-18 13:23:59.014,416.2872578386919,1004
2024-09-18 13:23:59.042,416.25555846772346,103
2024-09-18 13:23:59.095,416.23682854574594,6
2024-09-18 13:23:59.109,416.2941742231456,98
2024-09-18 13:23:59.153,416.2679407491757,10
2024-09-18 13:23:59.163,416.2913148968516,102
2024-09-18 13:23:59.221,416.2603621334978,96
2024-09-18 13:23:59.221,416.2659475883519,99
2024-09-18 13:23:59.283,416.302793231947,102
2024-09-18 13:23:59.291,,9
2024-09-18 13:23:59.296,-416.2773732175616,105
2024-09-18 13:23:59.305,416.29975982026616,7
2024-09-18 13:23:59.330,416.2367275701639,6
2024-09-18 13:23:59.526,416.2797142608524,997
2024-09-18 13:23:59.585,416.2854065921194,1004
2024-09-18 13:23:59.586,416.2904149474657,1003
2024-09-18 13:23:59.709,416.29368862945705,998
2024-09-18 13:23:59.723,416.2680104003564,997
2024-09-18 13:23:59.784,416.2742608194815,97
2024-09-18 13:23:59.787,416.28956950779855,103
2024-09-18 13:23:59.815,416.2581038105313,5
2024-09-18 13:23:59.867,416.2825035239676,103
2024-09-18 13:23:59.909,416.3000120502917,102
2024-09-18 13:23:59.918,416.29700879493527,98
