Timestamp,Price,Size
2024-09-17 09:32:00.005,417.12622703049743,96
2024-09-17 09:32:00.152,417.1310920589632,7
2024-09-17 09:32:00.230,417.1221290967983,95
2024-09-17 09:32:00.241,417.1081007130399,995
2024-09-17 09:32:00.492,417.1297968370261,11
2024-09-17 09:32:00.562,417.12443740411385,97
2024-09-17 09:32:00.652,417.1137536687208,1001
2024-09-17 09:32:00.726,417.1341293073559,13
2024-09-17 09:32:00.749,417.14978486233775,14
2024-09-17 09:32:00.775,417.1290756526369,13
2024-09-17 09:32:01.011,417.157457122114,105
2024-09-17 09:32:01.018,417.11873545002135,999
2024-09-17 09:32:01.063,417.1240656344648,105
2024-09-17 09:32:01.082,417.13052316213447,14
2024-09-17 09:32:01.121,417.1514718570946,13
2024-09-17 09:32:01.197,417.1432877518924,1004
2024-09-17 09:32:01.214,417.13468812899714,1003
2024-09-17 09:32:01.218,417.1457208993692,97
2024-09-17 09:32:01.285,417.15013369012775,1005
2024-09-17 09:32:01.288,417.12277817027206,95
2024-09-17 09:32:01.296,417.1441443582792,95
2024-09-17 09:32:01.404,417.145987009772,1003
2024-09-17 09:32:01.482,417.1225566952347,10
2024-09-17 09:32:01.487,417.1478688679573,5
2024-09-17 09:32:01.592,417.1389292625205,98
2024-09-17 09:32:01.619,417.1288400247693,5
2024-09-17 09:32:01.646,417.13568508061314,10
2024-09-17 09:32:01.675,417.1557732029079,1002
2024-09-17 09:32:01.682,417.1467819065686,100
2024-09-17 09:32:01.738,417.1431805625267,96
2024-09-17 09:32:01.754,417.137993021854,101
2024-09-17 09:32:01.792,417.13188408476464,998
2024-09-17 09:32:01.839,417.143359891682,997
2024-09-17 09:32:01.839,417.14487706132695,997
2024-09-17 09:32:01.881,417.1381968439215,102
2024-09-17 09:32:01.979,417.1228822799959,14
2024-09-17 09:32:02.016,417.129603298462,95
2024-09-17 09:32:02.134,417.1024198859963,101
2024-09-17 09:32:02.205,417.1274652911855,99
2024-09-17 09:32:02.231,417.11995287640383,11
2024-09-17 09:32:02.243,417.1190187144503,98
2024-09-17 09:32:02.300,417.1056810122304,103
2024-09-17 09:32:02.330,417.1542326364569,5
2024-09-17 09:32:02.348,417.1086128432325,996
2024-09-17 09:32:02.399,417.109384110504,9
2024-09-17 09:32:02.426,417.1548426714765,97
2024-09-17 09:32:02.469,417.11842006452287,98
2024-09-17 09:32:02.492,417.1364302677605,5
2024-09-17 09:32:02.534,417.09505514929725,1005
2024-09-17 09:32:02.557,417.13336586867496,98
2024-09-17 09:32:02.597,417.1208633100501,999
2024-09-17 09:32:02.672,417.08943142074247,1005
2024-09-17 09:32:02.675,417.0918211077784,1000
2024-09-17 09:32:02.676,417.1084445110155,103
2024-09-17 09:32:02.717,417.0928940924792,103
2024-09-17 09:32:02.737,417.1372213075924,997
2024-09-17 09:32:02.760,417.123441216136,12
2024-09-17 09:32:02.826,417.1369157313043,12
2024-09-17 09:32:02.834,417.1218384146426,98
2024-09-17 09:32:02.844,417.130484081611,1000
2024-09-17 09:32:02.877,417.13531170546594,1004
2024-09-17 09:32:02.909,417.145735726592,95
2024-09-17 09:32:02.915,417.1279475261766,997
2024-09-17 09:32:02.950,417.09854550261616,11
2024-09-17 09:32:03.030,417.1003151152845,1000
2024-09-17 09:32:03.050,417.0289594244896,998
2024-09-17 09:32:03.062,417.0784808743655,99
2024-09-17 09:32:03.108,417.0398602243541,5
2024-09-17 09:32:03.131,417.0755894025547,14
2024-09-17 09:32:03.143,417.04923360425823,9
2024-09-17 09:32:03.205,417.04540712584605,7
2024-09-17 09:32:03.286,417.0461953590884,13
2024-09-17 09:32:03.309,417.0258106427572,998
2024-09-17 09:32:03.318,417.0132961134436,11
2024-09-17 09:32:03.403,417.0823171467699,13
2024-09-17 09:32:03.429,417.0994209495959,13
2024-09-17 09:32:03.458,417.027603902034,98
2024-09-17 09:32:03.459,417.0427966107752,1003
2024-09-17 09:32:03.492,417.0366157270605,996
2024-09-17 09:32:03.532,417.08322174501575,6
2024-09-17 09:32:03.642,417.0570529148088,97
2024-09-17 09:32:03.642,417.02908449783536,997
2024-09-17 09:32:03.661,417.03691765829217,102
2024-09-17 09:32:03.743,41.70325997286632,1001
2024-09-17 09:32:03.744,417.0330996213257,103
2024-09-17 09:32:03.865,417.04300285298007,999
2024-09-17 09:32:03.866,417.0319031408189,999
2024-09-17 09:32:03.882,417.057324453669,996
2024-09-17 09:32:03.885,417.0735968174944,97
2024-09-17 09:32:03.978,417.0470684765816,1005
2024-09-17 09:32:03.983,417.02959710269135,1001
2024-09-17 09:32:04.242,417.03504053768273,15
2024-09-17 09:32:04.255,417.0433303621915,998
2024-09-17 09:32:04.541,417.0458874252026,999
2024-09-17 09:32:04.643,417.0459942111641,995
2024-09-17 09:32:04.695,417.0666433130092,996
2024-09-17 09:32:04.703,417.0294127495084,998
2024-09-17 09:32:04.759,417.0537262655289,98
2024-09-17 09:32:04.797,417.0315166972789,997
2024-09-17 09:32:04.799,417.04703584292287,98
2024-09-17 09:32:05.024,417.0739607025275,13
2024-09-17 09:32:05.143,417.0543428946728,999
2024-09-17 09:32:05.165,417.0458502416229,95
2024-09-17 09:32:05.189,417.050804884257,98
2024-09-17 09:32:05.243,417.0971010339199,95
2024-09-17 09:32:05.340,417.0508421908335,99
2024-09-17 09:32:05.368,417.0772090079462,100
2024-09-17 09:32:05.444,417.0556249958776,1002
2024-09-17 09:32:05.725,417.0773907760525,102
2024-09-17 09:32:05.737,417.0874638850808,100
2024-09-17 09:32:05.844,417.0430897381345,5
2024-09-17 09:32:07.194,417.0263301449662,995
2024-09-17 09:32:08.441,417.0491588988189,1000
2024-09-17 09:32:08.550,417.0414063124904,999
2024-09-17 09:32:09.055,,996
2024-09-17 09:32:09.131,417.0174247585421,1005
2024-09-17 09:32:09.475,417.0344724206741,1004
2024-09-17 09:32:09.488,417.0475720034593,104
2024-09-17 09:32:09.608,417.0251412788227,7
2024-09-17 09:32:09.633,417.0205900609804,101
2024-09-17 09:32:09.809,417.05653491753503,99
2024-09-17 09:32:09.812,417.05294521841273,99
2024-09-17 09:32:10.480,417.0409971935808,14
2024-09-17 09:32:10.882,417.0308141497905,12
2024-09-17 09:32:10.900,417.0418848017738,996
2024-09-17 09:32:10.974,417.02414439581577,100
2024-09-17 09:32:11.006,417.0252977816132,13
2024-09-17 09:32:11.022,417.0434732544984,5
2024-09-17 09:32:11.083,417.0364338802289,104
2024-09-17 09:32:11.104,417.0160223166053,996
2024-09-17 09:32:11.141,417.0295332401691,9
2024-09-17 09:32:11.250,417.01322950516976,1005
2024-09-17 09:32:11.332,416.9940574861664,1002
2024-09-17 09:32:11.598,417.0004980926758,1001
2024-09-17 09:32:11.742,417.0285029612005,1002
2024-09-17 09:32:12.027,417.052654248877,7
2024-09-17 09:32:12.113,417.03720056909947,12
2024-09-17 09:32:12.320,417.0358478748087,100
2024-09-17 09:32:12.400,417.0179223336799,101
2024-09-17 09:32:12.474,417.02052142157214,99
2024-09-17 09:32:12.515,417.0550497563263,103
2024-09-17 09:32:12.516,417.05496209201823,1002
2024-09-17 09:32:12.548,417.0545110652941,6
2024-09-17 09:32:12.807,417.0401076054064,15
2024-09-17 09:32:13.123,417.1113170455308,9
2024-09-17 09:32:13.137,417.0818782915338,997
2024-09-17 09:32:13.153,417.0441147409717,999
2024-09-17 09:32:13.247,417.0593474643793,6
2024-09-17 09:32:13.317,417.0867165220134,97
2024-09-17 09:32:13.424,417.0478186110944,100
2024-09-17 09:32:13.459,417.0922377476934,14
2024-09-17 09:32:13.729,417.09540077614855,96
2024-09-17 09:32:13.823,417.0965224298406,96
2024-09-17 09:32:13.867,417.0369273628278,95
2024-09-17 09:32:13.907,417.10426053350005,1005
2024-09-17 09:32:14.044,417.0638695082845,9
2024-09-17 09:32:14.140,417.0625792120241,7
2024-09-17 09:32:14.195,417.095909195107,99
2024-09-17 09:32:14.227,417.07726453255776,1000
2024-09-17 09:32:14.236,417.0910949729842,95
2024-09-17 09:32:14.248,417.0800704987339,100
2024-09-17 09:32:14.306,417.1065605059005,1001
2024-09-17 09:32:14.356,417.0319860951138,99
2024-09-17 09:32:14.467,-417.08499328855305,1003
2024-09-17 09:32:14.491,417.0441409197974,998
2024-09-17 09:32:14.645,417.0990251793221,1001
2024-09-17 09:32:14.679,417.0870331884806,9
2024-09-17 09:32:14.710,417.0253760386549,100
2024-09-17 09:32:14.842,417.057170766388,14
2024-09-17 09:32:14.907,417.0719497373522,998
2024-09-17 09:32:14.923,417.053393980018,11
2024-09-17 09:32:14.925,417.0710547147308,14
2024-09-17 09:32:15.018,417.0877135223087,105
2024-09-17 09:32:15.040,417.0953506712089,997
2024-09-17 09:32:15.085,417.1114215315709,103
2024-09-17 09:32:15.092,417.1134812730335,101
2024-09-17 09:32:15.099,417.0974085421229,10
2024-09-17 09:32:15.127,417.0925693911455,103
2024-09-17 09:32:15.136,417.1068654798791,99
2024-09-17 09:32:15.137,417.09172071455725,100
2024-09-17 09:32:15.186,417.1079484698936,98
2024-09-17 09:32:15.256,417.0691481218639,997
2024-09-17 09:32:15.267,417.1154304736856,95
2024-09-17 09:32:15.339,417.12148683801377,96
2024-09-17 09:32:15.384,417.1028892935871,1002
2024-09-17 09:32:15.431,417.08058903566257,13
2024-09-17 09:32:15.443,417.1100961133161,102
2024-09-17 09:32:15.539,417.08253840946713,1000
2024-09-17 09:32:15.599,417.09740787633626,97
2024-09-17 09:32:15.716,417.1148858395106,995
2024-09-17 09:32:15.723,417.09689992926735,995
2024-09-17 09:32:15.749,417.105558343218,100
2024-09-17 09:32:15.806,417.0927070643362,101
2024-09-17 09:32:15.861,417.09875195898695,97
2024-09-17 09:32:15.899,417.09873242067175,103
2024-09-17 09:32:15.926,417.1213881891311,103
2024-09-17 09:32:15.986,417.0475259540528,12
2024-09-17 09:32:16.016,417.0329457772249,8
2024-09-17 09:32:16.019,417.08796182730686,101
2024-09-17 09:32:16.058,417.06886634352645,998
2024-09-17 09:32:16.108,417.0647304641146,999
2024-09-17 09:32:16.189,417.070200658692,7
2024-09-17 09:32:16.437,417.0854838295707,5
2024-09-17 09:32:16.498,417.09373826652376,102
2024-09-17 09:32:16.505,417.0823791382128,14
2024-09-17 09:32:16.506,417.0726081844651,14
2024-09-17 09:32:16.579,417.0836277043901,996
2024-09-17 09:32:16.660,417.0787937987608,100
2024-09-17 09:32:16.684,417.0537636228472,105
2024-09-17 09:32:16.704,417.0858027737759,998
2024-09-17 09:32:16.723,417.070754819101,105
2024-09-17 09:32:16.769,417.0835920856585,100
2024-09-17 09:32:16.803,417.06772337011466,96
2024-09-17 09:32:16.874,417.0506548696315,996
2024-09-17 09:32:16.960,417.0520340606433,96
2024-09-17 09:32:16.968,417.0763445581636,7
2024-09-17 09:32:16.994,417.0861651990176,998
2024-09-17 09:32:17.100,417.0650855903325,96
2024-09-17 09:32:17.103,417.0400585986217,7
2024-09-17 09:32:17.119,417.0704431501405,99
2024-09-17 09:32:17.129,417.0676995771608,1002
2024-09-17 09:32:17.177,417.0556433592175,1002
2024-09-17 09:32:17.235,417.0455307610809,5
2024-09-17 09:32:17.361,417.04264014179256,1005
2024-09-17 09:32:17.434,417.0845305506848,1004
2024-09-17 09:32:17.469,417.05828759247737,100
2024-09-17 09:32:17.478,417.0796445805369,1005
2024-09-17 09:32:17.579,417.0557706108136,104
2024-09-17 09:32:17.701,417.06925122545033,103
2024-09-17 09:32:17.707,417.07042553654463,14
2024-09-17 09:32:17.753,417.0641841922756,104
2024-09-17 09:32:17.757,417.0500786890454,11
2024-09-17 09:32:17.882,417.0865410850042,8
2024-09-17 09:32:17.911,417.0711388065486,995
2024-09-17 09:32:17.940,417.06392027313024,13
2024-09-17 09:32:17.985,417.04134283170833,7
2024-09-17 09:32:19.279,417.0401290784234,99
2024-09-17 09:32:19.977,417.0456773000978,998
2024-09-17 09:32:20.048,416.9709733854719,95
2024-09-17 09:32:20.502,417.0113835710505,95
2024-09-17 09:32:20.560,417.01975657602406,15
2024-09-17 09:32:20.968,416.9981204520393,7
2024-09-17 09:32:21.042,417.0732853214045,1000
2024-09-17 09:32:21.110,417.0130676667852,13
2024-09-17 09:32:21.146,417.00537073293526,102
2024-09-17 09:32:21.163,417.003135045484,13
2024-09-17 09:32:21.167,416.99298007277673,12
2024-09-17 09:32:21.230,417.0007617930666,998
2024-09-17 09:32:21.255,417.0243461330827,1004
2024-09-17 09:32:21.300,417.0653016603487,6
2024-09-17 09:32:21.318,417.0726713054769,96
2024-09-17 09:32:21.417,41.70743472397326,1002
2024-09-17 09:32:21.504,416.9860869090361,999
2024-09-17 09:32:21.571,417.0039690215243,96
2024-09-17 09:32:21.600,417.0729485037811,5
2024-09-17 09:32:21.666,416.9700521061119,8
2024-09-17 09:32:21.755,417.0054609256972,15
2024-09-17 09:32:21.775,417.0022479226842,9
2024-09-17 09:32:21.783,416.9910035812883,997
2024-09-17 09:32:21.814,417.067912542334,103
2024-09-17 09:32:21.817,417.0435533100627,98
2024-09-17 09:32:21.880,417.0730934046901,1000
2024-09-17 09:32:21.940,417.0816183760728,98
2024-09-17 09:32:21.944,417.0707815055892,8
2024-09-17 09:32:21.956,416.9832321346758,7
2024-09-17 09:32:21.970,,9
2024-09-17 09:32:22.149,417.0704832221648,95
2024-09-17 09:32:22.210,417.0078829387074,995
2024-09-17 09:32:22.239,417.01983226097855,8
2024-09-17 09:32:22.273,417.0457880033194,102
2024-09-17 09:32:22.389,417.08190400146185,1004
2024-09-17 09:32:22.429,417.0152150292043,5
2024-09-17 09:32:22.461,417.0034368386589,1003
2024-09-17 09:32:22.486,417.0262265561236,13
2024-09-17 09:32:22.490,417.033977510076,996
2024-09-17 09:32:22.570,417.0067906515519,99
2024-09-17 09:32:22.583,417.00953853770005,997
2024-09-17 09:32:22.612,417.0305733103787,14
2024-09-17 09:32:22.640,417.0815274696624,1003
2024-09-17 09:32:22.652,417.0756859211974,999
2024-09-17 09:32:22.655,417.0779416987146,97
2024-09-17 09:32:22.707,417.0573532924728,8
2024-09-17 09:32:22.720,417.0036151857012,10
2024-09-17 09:32:22.737,417.03373753110463,102
2024-09-17 09:32:22.769,417.0156625347397,105
2024-09-17 09:32:22.796,417.0754419368629,95
2024-09-17 09:32:22.834,417.0366584059648,999
2024-09-17 09:32:22.867,417.0761861587519,6
2024-09-17 09:32:22.869,417.047114793314,15
2024-09-17 09:32:22.961,417.002849944112,998
2024-09-17 09:32:23.142,416.99204683657103,7
2024-09-17 09:32:23.145,417.0008661274722,999
2024-09-17 09:32:23.240,416.9878587818096,8
2024-09-17 09:32:23.381,416.9859967039495,97
2024-09-17 09:32:23.463,417.006606215631,995
2024-09-17 09:32:23.494,416.989428219462,101
2024-09-17 09:32:23.510,417.0009358403447,1005
2024-09-17 09:32:23.702,416.9802504130161,9
2024-09-17 09:32:23.792,416.9920019363743,12
2024-09-17 09:32:23.801,416.9924176971555,95
2024-09-17 09:32:23.823,416.9928992033597,12
2024-09-17 09:32:23.824,416.9733251625701,96
2024-09-17 09:32:23.840,416.9580452615681,1004
2024-09-17 09:32:23.910,416.9916358070941,99
2024-09-17 09:32:23.922,416.986987047288,10
2024-09-17 09:32:23.943,416.9658536510741,1004
2024-09-17 09:32:24.138,416.9683807085463,8
2024-09-17 09:32:24.708,416.9779165159561,1000
2024-09-17 09:32:24.799,416.9731949870503,98
2024-09-17 09:32:24.906,416.95381479737375,996
2024-09-17 09:32:24.907,416.97752083349775,103
2024-09-17 09:32:24.926,416.99201226484814,103
2024-09-17 09:32:24.990,416.9903945702678,13
2024-09-17 09:32:25.044,416.94117692899306,1000
2024-09-17 09:32:25.227,416.94681605444464,102
2024-09-17 09:32:25.323,416.9141668425609,15
2024-09-17 09:32:25.352,416.96470351616114,13
2024-09-17 09:32:25.361,416.9427080080407,103
2024-09-17 09:32:25.394,416.9311499124301,1003
2024-09-17 09:32:25.394,416.9387752817277,8
2024-09-17 09:32:25.494,416.9457030238638,10
2024-09-17 09:32:25.505,416.92889910423935,99
2024-09-17 09:32:25.506,416.9141654057364,1005
2024-09-17 09:32:25.535,416.9246731198649,1001
2024-09-17 09:32:25.575,416.92602170460464,99
2024-09-17 09:32:25.598,416.9474274969981,1005
2024-09-17 09:32:25.622,416.9235023386039,9
2024-09-17 09:32:25.664,416.9415051947073,98
2024-09-17 09:32:25.689,41.69478403062493,998
2024-09-17 09:32:26.029,416.951218531616,8
2024-09-17 09:32:26.034,416.9629557289419,15
2024-09-17 09:32:26.226,416.9624194973151,996
2024-09-17 09:32:26.451,416.970175749225,9
2024-09-17 09:32:26.468,416.97065326320063,103
2024-09-17 09:32:26.757,416.9673902633298,1005
2024-09-17 09:32:26.849,416.9407432091797,8
2024-09-17 09:32:26.958,416.9591737126518,11
2024-09-17 09:32:27.055,416.9820291241292,5
2024-09-17 09:32:27.076,416.94740445533705,96
2024-09-17 09:32:27.241,416.9833652303687,995
2024-09-17 09:32:27.726,416.96577956138,10
2024-09-17 09:32:27.759,416.96800249752624,1005
2024-09-17 09:32:28.139,-417.0090798515494,102
2024-09-17 09:32:28.182,416.9726096900923,9
2024-09-17 09:32:28.184,416.949232254604,101
2024-09-17 09:32:28.206,417.0059457255359,13
2024-09-17 09:32:28.209,416.9996352715424,6
2024-09-17 09:32:28.419,416.9597377720559,97
2024-09-17 09:32:28.502,416.97628323747335,100
2024-09-17 09:32:28.574,417.00526626782295,104
2024-09-17 09:32:28.582,416.9572500802528,15
2024-09-17 09:32:28.654,417.0097031246752,998
2024-09-17 09:32:28.776,417.00613190121214,6
2024-09-17 09:32:28.871,416.96108754082593,11
2024-09-17 09:32:28.885,416.9998649534637,5
2024-09-17 09:32:28.895,417.0072111135541,14
2024-09-17 09:32:28.913,417.0095106496919,1001
2024-09-17 09:32:28.974,416.9795770223042,103
2024-09-17 09:32:29.100,417.0211244364225,997
2024-09-17 09:32:29.168,417.0345732308257,1000
2024-09-17 09:32:29.177,417.0499968307735,9
2024-09-17 09:32:29.214,417.0638213460925,100
2024-09-17 09:32:29.533,417.0354815502168,103
2024-09-17 09:32:29.638,417.013258948309,100
2024-09-17 09:32:29.671,417.0367499473432,997
2024-09-17 09:32:30.109,417.0303672350909,1000
2024-09-17 09:32:30.125,417.0365537622782,13
2024-09-17 09:32:30.154,416.97818768304654,11
2024-09-17 09:32:30.298,417.04503502471664,98
2024-09-17 09:32:30.353,416.9601399330138,9
2024-09-17 09:32:30.446,417.0278621388152,13
2024-09-17 09:32:30.458,417.02175562721135,1001
2024-09-17 09:32:30.474,416.993620151262,7
2024-09-17 09:32:30.480,416.9584264778913,104
2024-09-17 09:32:30.516,417.0563542589849,6
2024-09-17 09:32:30.573,416.9565517364553,104
2024-09-17 09:32:30.583,416.9434081821452,13
2024-09-17 09:32:30.651,416.9643154020417,7
2024-09-17 09:32:30.674,417.0190819738603,10
2024-09-17 09:32:30.758,416.9759193764292,1005
2024-09-17 09:32:30.808,417.0245993335265,1003
2024-09-17 09:32:30.890,416.95294290641925,103
2024-09-17 09:32:30.904,417.0315952946975,102
2024-09-17 09:32:30.923,416.96566937606025,998
2024-09-17 09:32:30.925,417.0277065727938,1000
2024-09-17 09:32:31.041,416.96729702993,97
2024-09-17 09:32:31.119,41.69732514751136,14
2024-09-17 09:32:31.226,416.960528554454,101
2024-09-17 09:32:31.295,416.9885372354661,99
2024-09-17 09:32:31.942,416.9668774815135,100
2024-09-17 09:32:31.974,416.9513750268452,8
2024-09-17 09:32:32.102,416.9469112791288,998
2024-09-17 09:32:32.347,416.9707378451955,5
2024-09-17 09:32:32.517,416.96951837413553,1000
2024-09-17 09:32:32.535,416.9529449220809,13
2024-09-17 09:32:32.646,416.9633778091863,1003
2024-09-17 09:32:32.770,416.9890078738738,9
2024-09-17 09:32:33.076,416.9678082019807,96
2024-09-17 09:32:33.091,416.9934246915887,14
2024-09-17 09:32:33.165,416.9597421624662,104
2024-09-17 09:32:33.174,417.0032384287804,103
2024-09-17 09:32:33.202,,6
2024-09-17 09:32:33.238,416.9636457293096,104
2024-09-17 09:32:33.556,416.9780645592052,1001
2024-09-17 09:32:33.565,416.96829593389447,1000
2024-09-17 09:32:33.635,417.00425661320895,7
2024-09-17 09:32:33.697,416.964757283561,14
2024-09-17 09:32:33.718,416.9703297759376,96
2024-09-17 09:32:33.760,416.97426172567526,7
2024-09-17 09:32:33.775,417.00993584752416,105
2024-09-17 09:32:33.974,-416.9730296705336,100
2024-09-17 09:32:34.068,416.98302839140985,12
2024-09-17 09:32:34.096,416.9798481299007,1001
2024-09-17 09:32:34.164,416.9676513641257,96
2024-09-17 09:32:34.355,416.9913655807979,1003
2024-09-17 09:32:34.367,416.9808137143924,100
2024-09-17 09:32:34.482,416.9693656721678,8
2024-09-17 09:32:35.007,416.95021865356375,1000
2024-09-17 09:32:35.038,416.96604805525953,101
2024-09-17 09:32:35.058,416.99221440414186,997
2024-09-17 09:32:35.218,416.9652877688728,103
2024-09-17 09:32:35.240,416.9596731910119,97
2024-09-17 09:32:35.247,416.9771293142382,996
2024-09-17 09:32:35.400,41.69552252096377,7
2024-09-17 09:32:35.437,416.9676034494254,1003
2024-09-17 09:32:35.444,416.9515859656258,995
2024-09-17 09:32:35.586,416.9729450659092,1001
2024-09-17 09:32:35.633,416.9662803039224,97
2024-09-17 09:32:35.643,416.9594527063008,11
2024-09-17 09:32:35.720,416.97655139862087,1004
2024-09-17 09:32:35.733,416.9540273445297,6
2024-09-17 09:32:35.792,416.9573817848519,998
2024-09-17 09:32:35.871,416.97551051354753,98
2024-09-17 09:32:35.882,416.98368423183433,7
2024-09-17 09:32:35.893,416.9771508472796,99
2024-09-17 09:32:35.903,416.9619471875354,998
2024-09-17 09:32:35.911,416.9696269956771,101
2024-09-17 09:32:35.916,416.96147232697535,103
2024-09-17 09:32:36.002,416.936842349282,1002
2024-09-17 09:32:36.011,416.9250065950059,11
2024-09-17 09:32:36.027,416.9395297862341,7
2024-09-17 09:32:36.033,416.9570100709093,5
2024-09-17 09:32:36.042,416.9812303796558,100
2024-09-17 09:32:36.068,416.9246870836403,13
2024-09-17 09:32:36.076,416.93586051401,1004
2024-09-17 09:32:36.103,416.939455818192,104
2024-09-17 09:32:36.301,416.934499115953,103
2024-09-17 09:32:36.330,416.9312521094821,998
2024-09-17 09:32:36.346,416.9444509358086,1002
2024-09-17 09:32:36.361,416.9606406734528,1005
2024-09-17 09:32:36.391,416.9464127255226,10
2024-09-17 09:32:36.435,416.949576291546,104
2024-09-17 09:32:36.546,416.9523071534047,1000
2024-09-17 09:32:36.554,416.9690389022003,9
2024-09-17 09:32:36.595,416.9340289480441,8
2024-09-17 09:32:36.623,416.9242565148728,105
2024-09-17 09:32:36.712,416.9689266596978,1005
2024-09-17 09:32:36.717,416.9522730239649,999
2024-09-17 09:32:36.719,416.9297758090128,999
2024-09-17 09:32:36.834,416.9633170878602,9
2024-09-17 09:32:36.859,416.9157573049622,105
2024-09-17 09:32:36.877,416.9558014620018,1001
2024-09-17 09:32:36.950,416.9723232093725,13
2024-09-17 09:32:36.999,416.9364161276037,100
2024-09-17 09:32:37.021,416.9845077041328,96
2024-09-17 09:32:37.053,-416.9920345839705,11
2024-09-17 09:32:37.138,416.9899388553095,7
2024-09-17 09:32:37.460,416.9998509612832,1000
2024-09-17 09:32:37.658,416.9943578783244,1004
2024-09-17 09:32:37.871,416.9893272254729,9
2024-09-17 09:32:37.980,416.9754053543385,7
2024-09-17 09:32:38.342,416.8963429401306,13
2024-09-17 09:32:38.456,416.98018806210695,11
2024-09-17 09:32:38.459,416.9121290576587,101
2024-09-17 09:32:38.512,41.69071898293386,1003
2024-09-17 09:32:38.670,416.9361194248792,5
2024-09-17 09:32:38.843,416.9493969972916,13
2024-09-17 09:32:38.848,416.9916069597978,6
2024-09-17 09:32:38.898,41.69691692001144,11
2024-09-17 09:32:39.020,416.9500773159764,96
2024-09-17 09:32:39.079,416.9526125707102,98
2024-09-17 09:32:39.101,416.9124766848689,1005
2024-09-17 09:32:39.110,,998
2024-09-17 09:32:39.173,416.9351370029359,9
2024-09-17 09:32:39.189,416.9317519375826,996
2024-09-17 09:32:39.191,416.95452789619554,97
2024-09-17 09:32:39.201,416.9007984779415,12
2024-09-17 09:32:39.228,416.8996352653597,12
2024-09-17 09:32:39.288,416.87079068773386,98
2024-09-17 09:32:39.308,416.9351939734399,999
2024-09-17 09:32:39.333,416.88755166765503,995
2024-09-17 09:32:39.353,416.9524153407416,999
2024-09-17 09:32:39.370,416.8938935259346,1003
2024-09-17 09:32:39.387,416.9184046364081,999
2024-09-17 09:32:39.390,416.9253733985115,13
2024-09-17 09:32:39.462,416.951119125233,999
2024-09-17 09:32:39.494,416.9397723732232,999
2024-09-17 09:32:39.610,416.9202048665215,998
2024-09-17 09:32:39.612,416.9276891883037,997
2024-09-17 09:32:39.718,416.9459697390964,102
2024-09-17 09:32:39.785,416.9467305848533,1000
2024-09-17 09:32:39.824,416.9711519305044,1002
2024-09-17 09:32:39.933,416.91879064867726,104
2024-09-17 09:32:39.976,416.9034215714545,105
2024-09-17 09:32:39.977,416.9553879284104,998
2024-09-17 09:32:39.985,416.9463609990982,6
2024-09-17 09:32:40.173,416.8247195776274,101
2024-09-17 09:32:40.231,416.8238911314408,105
2024-09-17 09:32:40.246,416.820105136728,13
2024-09-17 09:32:40.353,416.83761934267096,10
2024-09-17 09:32:40.453,416.8428046754889,105
2024-09-17 09:32:40.593,416.82174067687134,1001
2024-09-17 09:32:40.595,416.8634176977593,13
2024-09-17 09:32:40.710,416.8468684277451,103
2024-09-17 09:32:40.718,416.8546121904255,101
2024-09-17 09:32:40.769,416.8573176033599,999
2024-09-17 09:32:40.789,416.8097692730543,998
2024-09-17 09:32:40.897,416.8552610213936,1001
2024-09-17 09:32:40.951,416.8614353845587,10
2024-09-17 09:32:40.992,416.8405467331231,1002
2024-09-17 09:32:41.735,416.8424016139497,98
2024-09-17 09:32:42.235,416.86180372235566,12
2024-09-17 09:32:42.365,416.8675266371757,6
2024-09-17 09:32:42.482,416.8605859974779,999
2024-09-17 09:32:42.775,416.84845301975423,6
2024-09-17 09:32:42.853,416.8583378329779,1002
2024-09-17 09:32:42.914,416.8713420919426,1005
2024-09-17 09:32:43.061,416.8701180117061,7
2024-09-17 09:32:43.093,416.8413432303583,998
2024-09-17 09:32:43.113,416.8513788836156,1004
2024-09-17 09:32:43.138,416.83263055567056,1001
2024-09-17 09:32:43.151,416.8587584309586,998
2024-09-17 09:32:43.177,416.8435760518358,998
2024-09-17 09:32:43.186,416.8367301192415,7
2024-09-17 09:32:43.290,416.8788794085882,1002
2024-09-17 09:32:43.292,416.8519164127015,101
2024-09-17 09:32:43.310,416.85464228061824,7
2024-09-17 09:32:43.582,416.8491654876775,1004
2024-09-17 09:32:43.696,416.8386865606562,995
2024-09-17 09:32:43.741,416.88264287335,10
2024-09-17 09:32:43.801,416.86882831466266,104
2024-09-17 09:32:44.015,416.81206114558535,105
2024-09-17 09:32:44.035,416.8690665849936,1001
2024-09-17 09:32:44.130,,13
2024-09-17 09:32:44.148,416.8498141514075,997
2024-09-17 09:32:44.281,416.8231037672091,995
2024-09-17 09:32:44.455,416.8465934078149,5
2024-09-17 09:32:44.474,416.82684756495934,5
2024-09-17 09:32:44.481,416.82612453581424,7
2024-09-17 09:32:44.500,416.8626724522841,998
2024-09-17 09:32:44.526,416.82031792137735,5
2024-09-17 09:32:44.548,416.8283953636425,1001
2024-09-17 09:32:44.673,416.8244080059943,101
2024-09-17 09:32:44.740,416.842581269484,98
2024-09-17 09:32:44.787,416.8615605079298,996
2024-09-17 09:32:44.798,416.8330134740782,10
2024-09-17 09:32:44.933,416.7906744759075,1002
2024-09-17 09:32:44.943,416.83568998755584,95
2024-09-17 09:32:45.009,416.8814719302849,98
2024-09-17 09:32:45.058,416.86533861211336,1005
2024-09-17 09:32:45.078,416.8759311732264,11
2024-09-17 09:32:45.128,416.88434892900256,998
2024-09-17 09:32:45.199,416.8969724676769,999
2024-09-17 09:32:45.246,416.8807445026173,9
2024-09-17 09:32:45.333,416.8895770720527,103
2024-09-17 09:32:45.422,416.9063760941822,1001
2024-09-17 09:32:45.433,416.8758512109072,6
2024-09-17 09:32:45.496,416.8649361067795,105
2024-09-17 09:32:45.502,416.9069624664656,99
2024-09-17 09:32:45.569,416.873762933726,96
2024-09-17 09:32:45.577,416.8628263535846,998
2024-09-17 09:32:45.593,416.89563620573466,999
2024-09-17 09:32:45.633,416.886544520107,100
2024-09-17 09:32:45.669,,998
2024-09-17 09:32:45.711,416.8598023392656,15
2024-09-17 09:32:45.752,416.8803300545966,100
2024-09-17 09:32:45.753,416.8705819662094,11
2024-09-17 09:32:45.781,416.867726944426,101
2024-09-17 09:32:45.848,416.856657196398,102
2024-09-17 09:32:46.004,416.8180094002214,1000
2024-09-17 09:32:46.007,416.82363738063896,100
2024-09-17 09:32:46.016,,1001
2024-09-17 09:32:46.070,416.84053485220727,104
2024-09-17 09:32:46.171,416.8025598267416,9
2024-09-17 09:32:46.222,416.77521338818815,1002
2024-09-17 09:32:46.292,416.8613316694458,1002
2024-09-17 09:32:46.337,416.7002746821941,105
2024-09-17 09:32:46.422,416.8267637344591,995
2024-09-17 09:32:46.489,416.84176453531336,1003
2024-09-17 09:32:46.492,416.8101254053852,101
2024-09-17 09:32:46.620,416.81119594317,13
2024-09-17 09:32:46.650,416.86330315666027,1003
2024-09-17 09:32:46.669,416.7402156214758,102
2024-09-17 09:32:46.820,416.7261921134297,998
2024-09-17 09:32:46.835,,995
2024-09-17 09:32:47.045,416.70968204419927,6
2024-09-17 09:32:47.118,416.69498949742615,1001
2024-09-17 09:32:47.272,416.7115096393889,98
2024-09-17 09:32:47.286,416.7506814113013,15
2024-09-17 09:32:47.406,416.7428861384495,998
2024-09-17 09:32:47.549,416.7421457708506,1002
2024-09-17 09:32:47.648,416.7160976468389,1000
2024-09-17 09:32:47.728,416.7413078677908,1004
2024-09-17 09:32:47.810,416.7363002480544,5
2024-09-17 09:32:48.038,416.7690690219387,97
2024-09-17 09:32:48.091,416.7802205052657,1002
2024-09-17 09:32:48.098,416.768578223273,1000
2024-09-17 09:32:48.151,416.7965321034759,13
2024-09-17 09:32:48.168,416.7738569787036,96
2024-09-17 09:32:48.263,416.7749990662173,1001
2024-09-17 09:32:48.355,416.7624830543899,13
2024-09-17 09:32:48.355,416.7734407750853,999
2024-09-17 09:32:48.385,416.7830542471756,8
2024-09-17 09:32:48.417,416.784962786753,1000
2024-09-17 09:32:48.448,416.7404915661322,14
2024-09-17 09:32:48.493,416.7742846921005,999
2024-09-17 09:32:48.550,416.778935219117,14
2024-09-17 09:32:48.588,416.76959338847286,1001
2024-09-17 09:32:48.606,416.7864963680237,997
2024-09-17 09:32:48.610,416.7404149136808,8
2024-09-17 09:32:48.659,416.7358310839914,102
2024-09-17 09:32:48.696,416.7806828476223,12
2024-09-17 09:32:48.879,416.7407895730116,11
2024-09-17 09:32:48.922,416.80018951165385,14
2024-09-17 09:32:48.996,416.78086314368016,105
2024-09-17 09:32:49.028,416.7259483531862,102
2024-09-17 09:32:49.043,416.7256946091412,101
2024-09-17 09:32:49.055,416.73163303375065,1001
2024-09-17 09:32:49.172,416.7193049835536,998
2024-09-17 09:32:49.220,416.7362412036801,105
2024-09-17 09:32:49.255,416.7387823874504,1001
2024-09-17 09:32:49.257,416.736954589208,1000
2024-09-17 09:32:49.313,416.7385984207045,10
2024-09-17 09:32:49.422,416.7464358255755,1002
2024-09-17 09:32:49.545,416.73915324809457,12
2024-09-17 09:32:49.551,416.7248876272869,101
2024-09-17 09:32:49.716,416.731462871708,102
2024-09-17 09:32:49.717,416.7355837986137,9
2024-09-17 09:32:49.782,416.7481762912457,100
2024-09-17 09:32:49.820,416.7158252367535,998
2024-09-17 09:32:49.840,416.7485089721079,9
2024-09-17 09:32:49.938,416.7476780490287,1001
2024-09-17 09:32:51.245,416.7270639676077,104
2024-09-17 09:32:51.268,416.7174319285545,101
2024-09-17 09:32:51.428,416.7239365491865,6
2024-09-17 09:32:51.601,416.7304193220788,104
2024-09-17 09:32:51.805,416.72461498342176,1005
2024-09-17 09:32:51.856,416.7070720303283,999
2024-09-17 09:32:52.438,416.68957832427714,98
2024-09-17 09:32:52.892,416.6997473935631,6
2024-09-17 09:32:53.065,416.6904230750977,95
2024-09-17 09:32:53.146,41.66960599738675,105
2024-09-17 09:32:53.293,416.6828127441765,105
2024-09-17 09:32:53.512,416.7269614994035,97
2024-09-17 09:32:53.525,416.6764273686874,998
2024-09-17 09:32:53.553,416.6758261462929,7
2024-09-17 09:32:53.661,416.6862318092587,95
2024-09-17 09:32:53.675,416.6751974429561,103
2024-09-17 09:32:53.758,416.7125442428438,97
2024-09-17 09:32:53.822,416.6939966886404,14
2024-09-17 09:32:53.899,416.7071490108189,11
2024-09-17 09:32:53.948,416.69750127078055,13
2024-09-17 09:32:54.154,416.718860747066,99
2024-09-17 09:32:54.174,416.7278725670571,14
2024-09-17 09:32:54.295,416.685035879226,1004
2024-09-17 09:32:54.324,416.7157604785596,1002
2024-09-17 09:32:54.327,416.68442099008143,105
2024-09-17 09:32:54.359,416.68462352060686,101
2024-09-17 09:32:54.405,416.6911084688932,996
2024-09-17 09:32:54.507,416.7139872181482,998
2024-09-17 09:32:54.591,416.6798005199763,998
2024-09-17 09:32:54.796,416.6747412936988,1005
2024-09-17 09:32:54.933,416.6744775102067,103
2024-09-17 09:32:55.000,416.70300646489545,1005
2024-09-17 09:32:55.135,416.6659083794596,12
2024-09-17 09:32:55.223,416.69624372949727,11
2024-09-17 09:32:55.279,416.7010824476964,99
2024-09-17 09:32:55.378,416.7172771984979,996
2024-09-17 09:32:55.461,416.6960930410343,12
2024-09-17 09:32:55.557,416.7147460899316,5
2024-09-17 09:32:55.582,416.7031525406126,1004
2024-09-17 09:32:55.611,416.7074008759648,996
2024-09-17 09:32:55.752,416.6501826720193,12
2024-09-17 09:32:55.798,416.6830086599925,998
2024-09-17 09:32:55.847,416.6784771370215,1004
2024-09-17 09:32:55.900,416.7016102319676,12
2024-09-17 09:32:56.009,416.67378047065785,995
2024-09-17 09:32:56.066,416.7367313988439,11
2024-09-17 09:32:56.095,416.7541416752011,97
2024-09-17 09:32:56.105,416.7400056631034,105
2024-09-17 09:32:56.120,416.75044182709183,100
2024-09-17 09:32:56.169,416.68781442685554,1000
2024-09-17 09:32:56.181,416.7257298331589,997
2024-09-17 09:32:56.248,416.71685521601256,8
2024-09-17 09:32:56.257,416.703142977889,14
2024-09-17 09:32:56.332,416.7675065359465,101
2024-09-17 09:32:56.398,416.7147595440895,1003
2024-09-17 09:32:56.452,416.6526383757762,104
2024-09-17 09:32:56.467,416.7260862223527,13
2024-09-17 09:32:56.471,416.6475277527068,1000
2024-09-17 09:32:56.502,416.6455949300156,9
2024-09-17 09:32:56.523,416.727605441266,1002
2024-09-17 09:32:56.670,416.6318786723892,995
2024-09-17 09:32:56.693,416.68613003302346,104
2024-09-17 09:32:56.721,416.6369967702411,6
2024-09-17 09:32:56.723,416.64588694068624,997
2024-09-17 09:32:56.827,416.6789441589032,101
2024-09-17 09:32:56.837,416.66995120230825,12
2024-09-17 09:32:56.846,416.7537705476105,6
2024-09-17 09:32:56.863,416.6457150061012,15
2024-09-17 09:32:56.879,416.7213375465428,997
2024-09-17 09:32:56.938,416.6534615976488,1000
2024-09-17 09:32:56.966,416.6437130536658,999
2024-09-17 09:32:56.993,416.7377507518022,12
2024-09-17 09:32:57.281,416.7333016417951,10
2024-09-17 09:32:57.658,416.73446337540094,97
2024-09-17 09:32:57.832,416.7409122852708,997
2024-09-17 09:32:58.042,416.7249209060344,11
2024-09-17 09:32:58.172,416.7436970136816,98
2024-09-17 09:32:58.223,416.7477641322591,14
2024-09-17 09:32:58.283,416.73513596589385,10
2024-09-17 09:32:58.400,416.72684485418176,98
2024-09-17 09:32:58.441,416.72704706299226,1001
2024-09-17 09:32:58.520,416.74048738579296,1003
2024-09-17 09:32:58.533,416.7302757335044,1005
2024-09-17 09:32:58.681,416.7502508215685,7
2024-09-17 09:32:58.837,416.73318056636464,5
2024-09-17 09:32:58.882,416.7377945730473,96
2024-09-17 09:32:58.969,416.7432627486276,1002
2024-09-17 09:32:59.142,416.73033079843015,96
2024-09-17 09:32:59.142,416.73327749238143,1002
2024-09-17 09:32:59.238,416.7552955094778,97
2024-09-17 09:32:59.304,416.74065332819873,7
2024-09-17 09:32:59.405,416.727599529484,996
2024-09-17 09:32:59.496,416.7471426617176,1002
2024-09-17 09:32:59.559,-416.7390969220769,1002
2024-09-17 09:32:59.744,416.7583153151217,10
2024-09-17 09:32:59.758,416.728403640076,102
2024-09-17 09:32:59.791,416.7612195083827,8
2024-09-17 09:32:59.838,416.73172181267,999
2024-09-17 09:32:59.868,416.737107454026,96
2024-09-17 09:32:59.903,416.72519617249895,1005
2024-09-17 09:32:59.903,416.7200918908648,101
2024-09-17 09:32:59.992,416.70927129849326,100
