Timestamp,Price,Size
2024-09-16 14:28:00.093,415.32724926077896,1001
2024-09-16 14:28:00.153,415.289894530818,96
2024-09-16 14:28:00.229,415.34349744395934,8
2024-09-16 14:28:00.314,415.329995808214,15
2024-09-16 14:28:00.339,415.2851898536375,996
2024-09-16 14:28:00.370,415.3424546340429,995
2024-09-16 14:28:00.516,415.33051419426033,1003
2024-09-16 14:28:00.766,415.293471662909,995
2024-09-16 14:28:00.825,415.3411882850742,104
2024-09-16 14:28:00.979,415.3326134196978,997
2024-09-16 14:28:01.060,415.3281078951226,98
2024-09-16 14:28:01.848,415.3400959444572,5
2024-09-16 14:28:01.950,415.3369831077667,10
2024-09-16 14:28:01.955,415.3370122510947,101
2024-09-16 14:28:01.994,415.34130503213737,12
2024-09-16 14:28:02.100,415.3150076148252,1001
2024-09-16 14:28:02.149,415.33129272160767,5
2024-09-16 14:28:02.210,415.3497394556625,13
2024-09-16 14:28:02.231,415.3190989502183,1003
2024-09-16 14:28:02.233,415.3318856923447,999
2024-09-16 14:28:02.289,415.3592500641077,1003
2024-09-16 14:28:02.352,415.31305749195536,96
2024-09-16 14:28:02.635,415.3425774941612,1002
2024-09-16 14:28:02.845,415.352927397464,999
2024-09-16 14:28:02.902,415.3302947508941,1005
2024-09-16 14:28:02.972,415.3156049368668,11
2024-09-16 14:28:03.039,415.38163950517054,101
2024-09-16 14:28:03.065,415.3612990017144,1000
2024-09-16 14:28:03.095,415.3545510890036,5
2024-09-16 14:28:03.115,415.2955880704013,101
2024-09-16 14:28:03.134,415.2890462735924,6
2024-09-16 14:28:03.251,415.3054617214357,9
2024-09-16 14:28:03.303,415.3777021825442,1000
2024-09-16 14:28:03.316,415.31231785639335,12
2024-09-16 14:28:03.335,415.3181221006888,105
2024-09-16 14:28:03.349,415.320997217728,15
2024-09-16 14:28:03.374,415.3582347837428,1004
2024-09-16 14:28:03.462,415.3574836819487,1001
2024-09-16 14:28:03.471,415.3516009238425,996
2024-09-16 14:28:03.617,415.3663263341718,13
2024-09-16 14:28:03.635,415.3517096188292,8
2024-09-16 14:28:03.688,415.3714532253141,102
2024-09-16 14:28:03.698,415.3004149618676,10
2024-09-16 14:28:03.728,415.3388600200714,1004
2024-09-16 14:28:03.730,415.3262644506895,99
2024-09-16 14:28:03.750,415.3003728874759,95
2024-09-16 14:28:03.750,415.3806012014057,7
2024-09-16 14:28:03.778,415.3286105015204,97
2024-09-16 14:28:03.901,415.3074242181246,104
2024-09-16 14:28:03.924,415.3865981599255,999
2024-09-16 14:28:03.929,415.3838869169944,99
2024-09-16 14:28:03.950,415.3931091846241,13
2024-09-16 14:28:04.093,415.3509658904079,105
2024-09-16 14:28:04.106,415.3802622111807,10
2024-09-16 14:28:04.153,415.38104984664784,15
2024-09-16 14:28:04.304,415.3540279817235,104
2024-09-16 14:28:04.422,415.36283317528296,97
2024-09-16 14:28:04.503,415.3748577373136,1003
2024-09-16 14:28:04.559,415.3497323690991,6
2024-09-16 14:28:04.609,415.3451884485154,96
2024-09-16 14:28:05.005,415.3719650170443,1005
2024-09-16 14:28:05.031,415.3571138254136,98
2024-09-16 14:28:05.165,415.39284755194126,103
2024-09-16 14:28:05.226,415.3677190795613,11
2024-09-16 14:28:05.284,,1005
2024-09-16 14:28:05.299,415.3766449739699,101
2024-09-16 14:28:05.334,415.4015391677611,7
2024-09-16 14:28:05.350,415.35889198688346,996
2024-09-16 14:28:05.410,415.40386125772346,996
2024-09-16 14:28:05.413,415.3585919576661,11
2024-09-16 14:28:05.482,415.358308125992,14
2024-09-16 14:28:05.624,415.36755391245646,11
2024-09-16 14:28:05.664,,96
2024-09-16 14:28:05.742,,13
2024-09-16 14:28:05.780,415.3724381187441,1005
2024-09-16 14:28:05.789,415.40204106080455,103
2024-09-16 14:28:05.800,415.3959888204697,12
2024-09-16 14:28:05.881,415.3721219073779,101
2024-09-16 14:28:05.910,415.3670341587623,97
2024-09-16 14:28:05.925,415.39891174519335,1003
2024-09-16 14:28:05.961,415.3755909857031,15
2024-09-16 14:28:05.995,415.4062584112369,95
2024-09-16 14:28:05.996,415.3530975705246,102
2024-09-16 14:28:06.027,415.36652173011856,8
2024-09-16 14:28:06.069,415.3629422337589,95
2024-09-16 14:28:06.073,415.3773459858914,103
2024-09-16 14:28:06.224,415.35607204104207,14
2024-09-16 14:28:06.323,415.36160357334734,102
2024-09-16 14:28:06.494,415.3560290544103,9
2024-09-16 14:28:06.524,415.361432851214,102
2024-09-16 14:28:06.870,415.34247358437335,1000
2024-09-16 14:28:06.954,415.3616702954678,1005
2024-09-16 14:28:07.548,415.3977629397437,97
2024-09-16 14:28:07.715,415.3830013815467,1005
2024-09-16 14:28:08.512,415.403638488389,997
2024-09-16 14:28:08.958,415.4105757296989,96
2024-09-16 14:28:09.047,415.344473833154,97
2024-09-16 14:28:09.092,415.2951661255885,12
2024-09-16 14:28:09.152,415.41976828344406,9
2024-09-16 14:28:09.192,415.3513731970031,8
2024-09-16 14:28:09.254,415.4097713660522,9
2024-09-16 14:28:09.284,415.3522187373088,101
2024-09-16 14:28:09.294,41.54000736113446,1003
2024-09-16 14:28:09.312,415.3211939723116,1004
2024-09-16 14:28:09.319,415.4015710123122,14
2024-09-16 14:28:09.354,415.3383804189211,1004
2024-09-16 14:28:09.358,415.3108176028743,997
2024-09-16 14:28:09.368,415.3039328423221,7
2024-09-16 14:28:09.572,415.3970341471704,104
2024-09-16 14:28:09.651,415.3206800779083,1003
2024-09-16 14:28:09.668,415.3062664648991,1005
2024-09-16 14:28:09.801,415.40818923092513,98
2024-09-16 14:28:09.826,415.4128778084288,1003
2024-09-16 14:28:09.920,415.3639649081613,102
2024-09-16 14:28:09.980,415.377715100872,14
2024-09-16 14:28:10.005,415.2402642873787,95
2024-09-16 14:28:10.009,415.275009948567,1003
2024-09-16 14:28:10.047,415.287004567781,1003
2024-09-16 14:28:10.180,415.27501564437546,95
2024-09-16 14:28:10.222,415.261460684708,14
2024-09-16 14:28:10.292,-415.2923413131875,96
2024-09-16 14:28:10.293,415.2397148675822,13
2024-09-16 14:28:10.346,415.3032303294232,1002
2024-09-16 14:28:10.373,415.24638048080186,1002
2024-09-16 14:28:10.382,415.2463846502542,999
2024-09-16 14:28:10.407,415.2714177396374,998
2024-09-16 14:28:10.441,415.291368150944,12
2024-09-16 14:28:10.480,415.258758004424,996
2024-09-16 14:28:10.498,415.2892298591653,1002
2024-09-16 14:28:10.507,415.2954538864589,102
2024-09-16 14:28:10.560,415.2683119731992,101
2024-09-16 14:28:10.560,415.2577210873007,996
2024-09-16 14:28:10.635,415.28954208699,101
2024-09-16 14:28:10.637,415.2476572260405,9
2024-09-16 14:28:10.687,415.27180653405657,14
2024-09-16 14:28:10.732,415.2939397104671,13
2024-09-16 14:28:10.766,415.2250802370284,105
2024-09-16 14:28:10.788,415.2753198071673,13
2024-09-16 14:28:10.817,415.29293993757295,14
2024-09-16 14:28:10.820,415.31442330205965,103
2024-09-16 14:28:10.926,415.23002302139065,1000
2024-09-16 14:28:10.935,415.2815058216279,999
2024-09-16 14:28:11.048,415.2826017938212,6
2024-09-16 14:28:11.064,415.2718497936936,1002
2024-09-16 14:28:11.074,415.2209891017236,999
2024-09-16 14:28:11.078,415.28707417025305,95
2024-09-16 14:28:11.102,415.29195213124535,12
2024-09-16 14:28:11.150,415.1994637598247,996
2024-09-16 14:28:11.193,415.25366666027656,12
2024-09-16 14:28:11.217,415.2181453143117,1004
2024-09-16 14:28:11.229,415.21986622420576,999
2024-09-16 14:28:11.239,415.2638226084811,102
2024-09-16 14:28:11.333,415.2206748666722,105
2024-09-16 14:28:11.418,415.28121575583,12
2024-09-16 14:28:11.425,415.2265579620539,15
2024-09-16 14:28:11.431,415.2121695384875,996
2024-09-16 14:28:11.540,415.2063724021488,1003
2024-09-16 14:28:11.636,415.2609964730871,100
2024-09-16 14:28:11.714,415.2724364404046,997
2024-09-16 14:28:11.769,415.2877523228106,99
2024-09-16 14:28:11.793,415.2093544386318,1003
2024-09-16 14:28:11.813,415.24074246868327,102
2024-09-16 14:28:11.836,415.216700755722,999
2024-09-16 14:28:11.862,415.235668863144,999
2024-09-16 14:28:12.037,415.2351348754723,97
2024-09-16 14:28:12.091,415.2495419373392,103
2024-09-16 14:28:12.216,415.2272758860756,97
2024-09-16 14:28:12.217,415.2212892471682,1002
2024-09-16 14:28:12.235,415.2218442288839,11
2024-09-16 14:28:12.291,415.2256346133952,105
2024-09-16 14:28:12.301,415.21204898629526,1004
2024-09-16 14:28:12.303,415.24601940428505,95
2024-09-16 14:28:12.304,415.2050136004576,99
2024-09-16 14:28:12.544,415.2320810052835,100
2024-09-16 14:28:12.544,415.2379970721817,1005
2024-09-16 14:28:12.574,415.2409258578192,95
2024-09-16 14:28:12.674,415.239250757016,14
2024-09-16 14:28:12.759,415.24737531289713,1005
2024-09-16 14:28:12.963,415.2459645376102,13
2024-09-16 14:28:13.142,415.2468560259569,12
2024-09-16 14:28:13.316,415.2245557639308,10
2024-09-16 14:28:14.111,415.23369572969824,98
2024-09-16 14:28:14.319,415.2601616757573,1000
2024-09-16 14:28:14.375,415.22186869597766,96
2024-09-16 14:28:14.387,415.2729455040973,5
2024-09-16 14:28:14.419,415.2849473259488,99
2024-09-16 14:28:14.693,415.2632545923754,100
2024-09-16 14:28:14.709,415.237667017011,103
2024-09-16 14:28:14.769,415.2298356878774,998
2024-09-16 14:28:14.905,415.2660722317977,1001
2024-09-16 14:28:15.001,415.2539806408149,1000
2024-09-16 14:28:15.038,415.2419800634685,104
2024-09-16 14:28:15.150,415.2094184871215,12
2024-09-16 14:28:15.217,415.20945561463145,100
2024-09-16 14:28:15.279,415.23200329602736,13
2024-09-16 14:28:15.314,415.2235946714881,13
2024-09-16 14:28:15.341,415.2297152217861,102
2024-09-16 14:28:15.483,415.2328212221204,100
2024-09-16 14:28:15.484,415.2200895266583,102
2024-09-16 14:28:15.542,415.239217040377,1005
2024-09-16 14:28:15.590,415.2032009336762,1002
2024-09-16 14:28:15.601,415.22194024225325,996
2024-09-16 14:28:15.650,415.240544111326,1002
2024-09-16 14:28:15.670,415.22616067690177,9
2024-09-16 14:28:15.677,415.2588760462434,105
2024-09-16 14:28:15.722,415.255727740564,101
2024-09-16 14:28:15.729,415.2281214288798,95
2024-09-16 14:28:15.823,415.2235574342057,997
2024-09-16 14:28:15.906,415.2171062565533,104
2024-09-16 14:28:15.910,415.21647197213,104
2024-09-16 14:28:15.957,415.2038950693996,96
2024-09-16 14:28:16.028,415.2334422553435,100
2024-09-16 14:28:16.090,415.26355795246985,5
2024-09-16 14:28:16.410,415.1992710882529,998
2024-09-16 14:28:16.468,415.2582031238548,104
2024-09-16 14:28:16.555,415.2271057705994,5
2024-09-16 14:28:16.621,415.21621663030015,1005
2024-09-16 14:28:16.660,415.2078084923027,11
2024-09-16 14:28:16.785,415.2407865975188,8
2024-09-16 14:28:16.875,415.2300364457953,8
2024-09-16 14:28:16.908,415.2087193338183,999
2024-09-16 14:28:17.166,415.23288679910144,96
2024-09-16 14:28:17.545,415.2158245298133,995
2024-09-16 14:28:17.663,415.195432009065,11
2024-09-16 14:28:17.671,415.1747992113512,1004
2024-09-16 14:28:17.826,415.1774784204586,14
2024-09-16 14:28:17.852,415.2459698852416,13
2024-09-16 14:28:18.411,415.2221878465503,5
2024-09-16 14:28:18.477,415.2133843379869,105
2024-09-16 14:28:18.494,415.2101222772348,97
2024-09-16 14:28:18.666,415.2079216782416,98
2024-09-16 14:28:18.927,415.21342553478297,1004
2024-09-16 14:28:19.058,415.3177996506031,996
2024-09-16 14:28:19.060,415.3320102425933,100
2024-09-16 14:28:19.201,415.32233023208585,1001
2024-09-16 14:28:19.310,415.32423268743946,12
2024-09-16 14:28:19.323,415.3292829135121,996
2024-09-16 14:28:19.325,415.35402277480455,996
2024-09-16 14:28:19.494,415.3232627452412,13
2024-09-16 14:28:19.520,415.3379103851784,7
2024-09-16 14:28:19.604,41.523844914162574,1004
2024-09-16 14:28:19.699,415.3608338332875,6
2024-09-16 14:28:19.726,415.3246580966821,996
2024-09-16 14:28:19.757,415.3324632887284,9
2024-09-16 14:28:19.794,415.316717883482,12
2024-09-16 14:28:19.801,415.2742097825049,997
2024-09-16 14:28:19.804,415.24426251047976,999
2024-09-16 14:28:19.806,415.2187505989496,15
2024-09-16 14:28:19.909,415.36465550956393,12
2024-09-16 14:28:19.936,415.24720772449234,997
2024-09-16 14:28:19.943,415.3265819335329,1001
2024-09-16 14:28:20.130,415.3293536969441,6
2024-09-16 14:28:20.226,415.300760969268,98
2024-09-16 14:28:20.297,415.29120499057314,100
2024-09-16 14:28:20.302,415.3006273012,12
2024-09-16 14:28:20.408,415.27998714773446,995
2024-09-16 14:28:20.669,415.3035894293301,12
2024-09-16 14:28:20.723,415.2795880659605,1002
2024-09-16 14:28:20.767,415.3089851516869,995
2024-09-16 14:28:20.803,415.28909617569406,100
2024-09-16 14:28:20.929,415.3156612695983,95
2024-09-16 14:28:21.074,415.3501874599767,12
2024-09-16 14:28:21.098,415.2913456973947,996
2024-09-16 14:28:21.112,415.3965308670777,6
2024-09-16 14:28:21.116,415.3713916569297,100
2024-09-16 14:28:21.203,415.3743825681917,8
2024-09-16 14:28:21.272,415.3435323466704,12
2024-09-16 14:28:21.301,415.36015152878105,1005
2024-09-16 14:28:21.301,415.3139430758696,1005
2024-09-16 14:28:21.315,415.3184042674533,998
2024-09-16 14:28:21.471,415.2971378345831,103
2024-09-16 14:28:21.513,415.3043225080317,105
2024-09-16 14:28:21.517,415.3211658708035,1005
2024-09-16 14:28:21.537,415.2985183165199,1004
2024-09-16 14:28:21.563,415.3410589412838,103
2024-09-16 14:28:21.587,415.3234095205207,96
2024-09-16 14:28:21.615,415.3862036329576,15
2024-09-16 14:28:21.659,415.3016006944388,998
2024-09-16 14:28:21.680,415.3674497724591,1005
2024-09-16 14:28:21.717,415.2982679759075,99
2024-09-16 14:28:21.720,415.3402321827017,7
2024-09-16 14:28:21.744,415.33574613457824,104
2024-09-16 14:28:21.801,415.3074104716896,100
2024-09-16 14:28:21.819,415.3412249605527,13
2024-09-16 14:28:21.837,415.2998807564978,98
2024-09-16 14:28:21.840,415.3385742664775,96
2024-09-16 14:28:21.897,415.3263979072122,96
2024-09-16 14:28:21.968,415.3575719140591,102
2024-09-16 14:28:22.045,415.3638542199008,7
2024-09-16 14:28:22.080,415.3690283489158,9
2024-09-16 14:28:22.092,415.3926232857492,105
2024-09-16 14:28:22.110,415.35545853496205,98
2024-09-16 14:28:22.148,415.3591474925463,1001
2024-09-16 14:28:22.220,415.3541829803624,95
2024-09-16 14:28:22.258,415.34966434190505,104
2024-09-16 14:28:22.306,415.3733229991926,1004
2024-09-16 14:28:22.309,415.3582758349439,1005
2024-09-16 14:28:22.359,415.3792909005799,1002
2024-09-16 14:28:22.367,415.36221382414686,95
2024-09-16 14:28:22.388,415.35516264331153,101
2024-09-16 14:28:22.393,415.37236082340166,15
2024-09-16 14:28:22.399,415.3766358036088,1005
2024-09-16 14:28:22.429,415.3551909507835,1003
2024-09-16 14:28:22.512,415.3681290880137,96
2024-09-16 14:28:22.570,415.3593785571016,1002
2024-09-16 14:28:22.576,415.3727372859764,999
2024-09-16 14:28:22.652,415.3635327516544,7
2024-09-16 14:28:22.656,415.37246545118506,105
2024-09-16 14:28:22.688,415.40354369744745,99
2024-09-16 14:28:22.780,415.3953569737302,999
2024-09-16 14:28:22.783,415.3901425893845,105
2024-09-16 14:28:22.848,415.3698129632899,1003
2024-09-16 14:28:22.879,415.3893197153548,1000
2024-09-16 14:28:22.955,415.36526687104976,99
2024-09-16 14:28:23.011,415.2892327259463,95
2024-09-16 14:28:23.034,415.3243205767265,97
2024-09-16 14:28:23.122,415.33641480574926,1001
2024-09-16 14:28:23.297,415.3549299479757,14
2024-09-16 14:28:23.333,415.34527105415566,1004
2024-09-16 14:28:23.333,415.3005760969772,96
2024-09-16 14:28:23.339,415.35576482003165,105
2024-09-16 14:28:23.423,415.2950426298455,8
2024-09-16 14:28:23.490,415.32440373498974,10
2024-09-16 14:28:23.530,415.2850596734519,8
2024-09-16 14:28:23.670,415.3350044565722,100
2024-09-16 14:28:23.676,415.2804913848023,997
2024-09-16 14:28:23.692,415.3296957188027,8
2024-09-16 14:28:23.701,415.3371470586992,104
2024-09-16 14:28:23.716,415.3547756504311,7
2024-09-16 14:28:23.776,415.2880616844927,10
2024-09-16 14:28:23.787,415.3096239188007,97
2024-09-16 14:28:23.863,415.3400391937899,96
2024-09-16 14:28:23.929,415.29129056916827,5
2024-09-16 14:28:23.970,415.349322956843,6
2024-09-16 14:28:24.116,415.3429621080522,1002
2024-09-16 14:28:24.210,415.32679100114126,101
2024-09-16 14:28:24.263,415.3712460894874,102
2024-09-16 14:28:24.315,415.34128319818,12
2024-09-16 14:28:24.515,415.40021621133866,13
2024-09-16 14:28:24.609,415.3958780446996,13
2024-09-16 14:28:24.663,415.31533212663714,13
2024-09-16 14:28:24.670,415.3939201645517,13
2024-09-16 14:28:24.928,415.3564308977445,13
2024-09-16 14:28:24.961,415.4027194785148,99
2024-09-16 14:28:25.121,415.4012403714675,105
2024-09-16 14:28:25.158,415.377837387998,97
2024-09-16 14:28:25.229,415.35055108083833,1002
2024-09-16 14:28:25.290,415.36684293546296,1000
2024-09-16 14:28:25.315,415.367188143298,1004
2024-09-16 14:28:25.373,415.39246628212777,7
2024-09-16 14:28:25.433,415.4119385888404,103
2024-09-16 14:28:25.571,415.3785416105263,1001
2024-09-16 14:28:25.607,-415.3966611996899,11
2024-09-16 14:28:25.684,415.3721283907311,995
2024-09-16 14:28:25.723,415.3450883162744,12
2024-09-16 14:28:25.827,415.3686580909778,1003
2024-09-16 14:28:25.834,415.35497151344026,997
2024-09-16 14:28:25.839,415.3679916828509,9
2024-09-16 14:28:25.869,415.3656016267973,98
2024-09-16 14:28:26.058,415.3984950708111,97
2024-09-16 14:28:26.138,415.3692609683632,14
2024-09-16 14:28:26.139,415.3767528422442,1000
2024-09-16 14:28:26.141,415.40988628894553,997
2024-09-16 14:28:26.143,415.4240386772207,105
2024-09-16 14:28:26.225,415.3854379903356,99
2024-09-16 14:28:26.355,415.4111542854233,102
2024-09-16 14:28:26.394,415.37513610740143,97
2024-09-16 14:28:26.420,415.393611731151,102
2024-09-16 14:28:26.460,415.3738190887016,103
2024-09-16 14:28:26.647,415.4001878766363,7
2024-09-16 14:28:26.694,415.3672641786203,9
2024-09-16 14:28:26.771,415.418660755652,100
2024-09-16 14:28:26.808,415.400403122597,9
2024-09-16 14:28:26.869,415.4231321799486,998
2024-09-16 14:28:26.876,415.379505398792,102
2024-09-16 14:28:26.977,415.3833913030937,10
2024-09-16 14:28:27.073,-415.4597052338331,104
2024-09-16 14:28:27.148,415.4675124027098,1003
2024-09-16 14:28:27.277,415.4689916861719,7
2024-09-16 14:28:27.330,415.4602868441247,998
2024-09-16 14:28:27.477,415.4514212322528,11
2024-09-16 14:28:27.572,415.44760501013326,998
2024-09-16 14:28:27.586,415.4485576809253,97
2024-09-16 14:28:27.645,415.4661631497973,9
2024-09-16 14:28:27.791,415.4474797095746,997
2024-09-16 14:28:27.824,415.4678843906087,995
2024-09-16 14:28:27.841,415.472806340301,11
2024-09-16 14:28:27.978,415.4779475512311,101
2024-09-16 14:28:28.017,415.3950083665145,15
2024-09-16 14:28:28.196,415.38078423089377,996
2024-09-16 14:28:28.215,415.4108109487121,102
2024-09-16 14:28:28.362,415.4189847578241,1003
2024-09-16 14:28:28.388,415.419681875899,996
2024-09-16 14:28:28.436,415.4041273617248,102
2024-09-16 14:28:28.476,415.4067840568686,105
2024-09-16 14:28:28.480,415.4148683240952,1001
2024-09-16 14:28:28.624,415.3925733645559,103
2024-09-16 14:28:28.693,415.4209948727957,100
2024-09-16 14:28:28.730,415.4178555846536,1005
2024-09-16 14:28:28.742,415.410555277552,96
2024-09-16 14:28:28.744,415.39052910680624,103
2024-09-16 14:28:28.816,415.387762844715,99
2024-09-16 14:28:28.865,415.4276276009815,7
2024-09-16 14:28:28.872,415.40450256952175,999
2024-09-16 14:28:28.877,415.4156480733203,13
2024-09-16 14:28:28.917,415.38252679881896,11
2024-09-16 14:28:28.939,415.4187090944908,11
2024-09-16 14:28:28.953,415.4269387754881,996
2024-09-16 14:28:29.214,415.3931570133559,100
2024-09-16 14:28:29.948,415.38057026090416,997
2024-09-16 14:28:30.000,415.4249407204079,1005
2024-09-16 14:28:30.190,415.3915546552597,1001
2024-09-16 14:28:30.207,415.4175806826813,998
2024-09-16 14:28:30.365,415.4048518050503,12
2024-09-16 14:28:30.480,415.40700364610905,103
2024-09-16 14:28:30.576,415.3838829590741,7
2024-09-16 14:28:30.585,415.3947025344559,11
2024-09-16 14:28:30.594,415.3772004154826,15
2024-09-16 14:28:30.743,415.422535505712,9
2024-09-16 14:28:30.758,415.4286518097664,6
2024-09-16 14:28:30.764,415.4243841392748,6
2024-09-16 14:28:30.855,415.38968472240265,103
2024-09-16 14:28:30.870,415.3855391600516,11
2024-09-16 14:28:30.911,415.415108660138,99
2024-09-16 14:28:31.056,415.397561572338,1004
2024-09-16 14:28:31.075,-415.4004386952525,96
2024-09-16 14:28:31.153,415.41670981461664,15
2024-09-16 14:28:31.197,415.4090446791681,100
2024-09-16 14:28:31.229,415.3934582610611,10
2024-09-16 14:28:31.367,415.4135015717315,103
2024-09-16 14:28:31.401,415.36781407545857,1005
2024-09-16 14:28:31.617,415.4208017907324,8
2024-09-16 14:28:31.622,415.4017237380328,15
2024-09-16 14:28:31.632,415.3691359766273,97
2024-09-16 14:28:31.633,415.4022302228892,96
2024-09-16 14:28:31.740,415.3537070320342,998
2024-09-16 14:28:31.779,415.4001481810871,6
2024-09-16 14:28:31.798,415.4080951646564,7
2024-09-16 14:28:31.810,415.3560946042886,12
2024-09-16 14:28:31.841,415.3751201768109,14
2024-09-16 14:28:31.918,415.4209233040229,10
2024-09-16 14:28:31.923,415.4032873891013,9
2024-09-16 14:28:31.925,415.34359644618223,1005
2024-09-16 14:28:31.969,415.3699073157047,101
2024-09-16 14:28:31.971,415.3855339292437,105
2024-09-16 14:28:32.031,415.4376557757774,1004
2024-09-16 14:28:32.040,415.36717000166175,995
2024-09-16 14:28:32.051,415.3693136989562,100
2024-09-16 14:28:32.153,415.3696218768011,1001
2024-09-16 14:28:32.195,415.3665899139879,13
2024-09-16 14:28:32.198,415.37739475626375,13
2024-09-16 14:28:32.245,415.3755158887861,7
2024-09-16 14:28:32.325,415.367677858116,97
2024-09-16 14:28:32.398,415.4114572120321,98
2024-09-16 14:28:32.449,415.3636626320068,6
2024-09-16 14:28:32.461,415.423110094332,1005
2024-09-16 14:28:32.500,415.35203979174514,99
2024-09-16 14:28:32.516,415.4012900750269,6
2024-09-16 14:28:32.564,415.4084072481571,999
2024-09-16 14:28:32.667,415.3591775542405,5
2024-09-16 14:28:32.723,415.3460874782783,100
2024-09-16 14:28:32.761,415.3732007054828,104
2024-09-16 14:28:32.778,415.35062979265166,1001
2024-09-16 14:28:32.784,415.4084998048654,100
2024-09-16 14:28:32.840,415.3852248613293,15
2024-09-16 14:28:32.852,415.40331113554464,1000
2024-09-16 14:28:32.852,415.3499396538098,105
2024-09-16 14:28:32.878,415.3833849165956,96
2024-09-16 14:28:32.910,-415.44060633191856,13
2024-09-16 14:28:32.946,415.3679209006254,1001
2024-09-16 14:28:32.954,415.35610315997593,12
2024-09-16 14:28:33.076,415.345654580686,7
2024-09-16 14:28:33.097,415.3497448571521,1004
2024-09-16 14:28:33.119,415.3475724533533,11
2024-09-16 14:28:33.128,415.4195835485928,8
2024-09-16 14:28:33.160,415.4248765934326,14
2024-09-16 14:28:33.164,415.3383076754915,1004
2024-09-16 14:28:33.237,415.40492572877537,1002
2024-09-16 14:28:33.287,415.363231416252,995
2024-09-16 14:28:33.334,415.3473520080227,13
2024-09-16 14:28:33.406,415.34827843500005,1005
2024-09-16 14:28:33.439,415.3579481172997,1005
2024-09-16 14:28:33.551,415.3741781374167,102
2024-09-16 14:28:33.584,415.43566361028985,1001
2024-09-16 14:28:33.629,415.38804251395726,104
2024-09-16 14:28:33.771,415.43530608324727,104
2024-09-16 14:28:33.811,415.38633587895634,1001
2024-09-16 14:28:33.845,415.3781937316688,7
2024-09-16 14:28:33.874,415.3635662851456,997
2024-09-16 14:28:33.885,415.3938988882592,9
2024-09-16 14:28:33.890,415.3673015650732,10
2024-09-16 14:28:34.070,415.3708739711824,10
2024-09-16 14:28:34.077,415.3696809413436,1002
2024-09-16 14:28:34.087,415.3457343449791,96
2024-09-16 14:28:34.103,415.3531513533087,14
2024-09-16 14:28:34.166,415.3477817616098,14
2024-09-16 14:28:34.309,415.3637647425776,97
2024-09-16 14:28:34.616,415.3677347026559,104
2024-09-16 14:28:34.635,415.3452093177069,103
2024-09-16 14:28:34.751,415.3822562981926,97
2024-09-16 14:28:34.854,415.35426003462976,96
2024-09-16 14:28:34.866,415.3546441396469,102
2024-09-16 14:28:34.933,415.3786847882578,12
2024-09-16 14:28:34.957,415.3593918551685,8
2024-09-16 14:28:35.033,415.4674058688341,8
2024-09-16 14:28:35.043,415.3847912997375,7
2024-09-16 14:28:35.146,415.456521698196,99
2024-09-16 14:28:35.262,415.4407537183518,105
2024-09-16 14:28:35.278,415.4785500893484,1000
2024-09-16 14:28:35.298,415.4629327636548,995
2024-09-16 14:28:35.324,415.4772203325878,104
2024-09-16 14:28:35.325,415.3777133215,11
2024-09-16 14:28:35.423,415.470003758334,999
2024-09-16 14:28:35.425,415.3780300585292,13
2024-09-16 14:28:35.519,415.3886850335615,98
2024-09-16 14:28:35.541,415.46260993777565,999
2024-09-16 14:28:35.557,415.4626023320407,5
2024-09-16 14:28:35.621,415.4010909681027,101
2024-09-16 14:28:35.779,415.47745282779226,105
2024-09-16 14:28:35.830,415.3640191644084,101
2024-09-16 14:28:35.848,415.4231657686085,104
2024-09-16 14:28:36.059,415.4513983764837,8
2024-09-16 14:28:36.071,415.4102624208476,6
2024-09-16 14:28:36.072,415.4491966469078,1005
2024-09-16 14:28:36.083,415.46757841701583,12
2024-09-16 14:28:36.092,415.46065870830085,996
2024-09-16 14:28:36.135,415.4698830175169,7
2024-09-16 14:28:36.161,415.4552882225227,10
2024-09-16 14:28:36.206,415.4347893683023,1004
2024-09-16 14:28:36.217,415.4212721445358,1003
2024-09-16 14:28:36.239,415.45610714525424,999
2024-09-16 14:28:36.249,415.4344336104601,95
2024-09-16 14:28:36.283,415.4553180175013,95
2024-09-16 14:28:36.285,415.41362295211246,10
2024-09-16 14:28:36.331,415.45050504555047,7
2024-09-16 14:28:36.346,415.4410872855498,10
2024-09-16 14:28:36.373,415.4513404626664,6
2024-09-16 14:28:36.393,415.4202782819227,15
2024-09-16 14:28:36.438,415.4213296129656,102
2024-09-16 14:28:36.475,415.4261577635956,101
2024-09-16 14:28:36.481,415.4294078079775,996
2024-09-16 14:28:36.589,415.4444180588806,9
2024-09-16 14:28:36.652,415.4517616268301,14
2024-09-16 14:28:36.669,415.4505934461847,9
2024-09-16 14:28:36.688,415.4280822235662,1002
2024-09-16 14:28:36.767,415.4263197782387,14
2024-09-16 14:28:36.837,415.4320337825247,9
2024-09-16 14:28:36.888,415.44132794139273,1000
2024-09-16 14:28:36.947,415.443599889353,8
2024-09-16 14:28:36.983,415.4648639929571,99
2024-09-16 14:28:36.997,415.42045295255633,95
2024-09-16 14:28:37.008,415.4509446101673,1000
2024-09-16 14:28:37.027,415.49950800429446,103
2024-09-16 14:28:37.029,415.4455931680606,13
2024-09-16 14:28:37.040,415.4395480915244,14
2024-09-16 14:28:37.064,415.5043695804122,6
2024-09-16 14:28:37.095,415.50472101834345,5
2024-09-16 14:28:37.154,415.4307624463614,15
2024-09-16 14:28:37.166,415.43743585026647,6
2024-09-16 14:28:37.243,415.509642426353,1002
2024-09-16 14:28:37.300,415.5159937433385,101
2024-09-16 14:28:37.368,415.48891091596096,97
2024-09-16 14:28:37.378,415.4817014462911,95
2024-09-16 14:28:37.399,415.5065243877414,12
2024-09-16 14:28:37.417,415.4498808245637,1002
2024-09-16 14:28:37.442,415.494030762051,14
2024-09-16 14:28:37.520,415.4357643092913,10
2024-09-16 14:28:37.604,415.4610457152144,1005
2024-09-16 14:28:37.646,415.5184530039365,996
2024-09-16 14:28:37.689,415.47311765466486,11
2024-09-16 14:28:37.714,415.49872319206935,1003
2024-09-16 14:28:37.771,415.4905010830389,999
2024-09-16 14:28:37.782,415.4698893054359,1005
2024-09-16 14:28:37.797,415.4151286601537,1002
2024-09-16 14:28:37.908,415.4768595617304,15
2024-09-16 14:28:37.924,415.47714809916096,99
2024-09-16 14:28:37.927,415.4780769411181,11
2024-09-16 14:28:37.936,415.50460315490506,14
2024-09-16 14:28:38.143,415.3790151890015,98
2024-09-16 14:28:38.197,415.4085993515016,996
2024-09-16 14:28:38.201,415.3698023284687,1004
2024-09-16 14:28:38.219,415.43919277974726,12
2024-09-16 14:28:38.240,415.4237555927422,96
2024-09-16 14:28:38.294,415.3615797314425,1004
2024-09-16 14:28:38.324,415.3792280854004,9
2024-09-16 14:28:38.345,415.3738900530141,7
2024-09-16 14:28:38.395,415.41509826145466,1005
2024-09-16 14:28:38.398,415.45873828204367,9
2024-09-16 14:28:38.412,415.3747319187819,15
2024-09-16 14:28:38.429,415.3939420240556,1000
2024-09-16 14:28:38.449,415.396165454133,97
2024-09-16 14:28:38.453,415.44084277188006,1004
2024-09-16 14:28:38.478,415.3868598101558,101
2024-09-16 14:28:38.504,415.363263660938,10
2024-09-16 14:28:38.567,415.416234504058,10
2024-09-16 14:28:38.624,415.426282498434,102
2024-09-16 14:28:38.634,415.4276584576656,9
2024-09-16 14:28:38.651,415.3563342605276,14
2024-09-16 14:28:38.817,415.36796681121314,5
2024-09-16 14:28:38.818,415.404130243017,100
2024-09-16 14:28:38.871,415.3648550476685,105
2024-09-16 14:28:38.909,415.4449872799011,996
2024-09-16 14:28:38.928,415.3590228391945,6
2024-09-16 14:28:38.934,415.40670824489047,998
2024-09-16 14:28:38.964,415.37646866809376,10
2024-09-16 14:28:39.079,415.3981418448354,96
2024-09-16 14:28:39.299,415.4269606377074,1002
2024-09-16 14:28:39.354,415.4175327631661,1003
2024-09-16 14:28:39.423,415.409340809892,1003
2024-09-16 14:28:39.434,415.4075754078834,97
2024-09-16 14:28:39.670,415.4253359070753,1000
2024-09-16 14:28:39.682,415.37783608377015,1002
2024-09-16 14:28:39.730,415.4008192850133,997
2024-09-16 14:28:39.763,415.4403927831827,95
2024-09-16 14:28:39.763,415.4214728684483,1000
2024-09-16 14:28:39.783,415.4281127633544,96
2024-09-16 14:28:39.933,415.37883501926217,96
2024-09-16 14:28:39.950,415.40239280651696,101
2024-09-16 14:28:40.020,415.4087199531568,103
2024-09-16 14:28:40.114,415.4155312210117,8
2024-09-16 14:28:40.354,415.40805405002016,995
2024-09-16 14:28:40.908,415.42073286884704,104
2024-09-16 14:28:41.044,415.4126984828669,998
2024-09-16 14:28:41.123,415.42456058167886,1003
2024-09-16 14:28:41.201,415.4171543277123,998
2024-09-16 14:28:41.213,415.4344138772118,11
2024-09-16 14:28:41.356,41.54073442324892,9
2024-09-16 14:28:41.402,415.440347031698,997
2024-09-16 14:28:41.419,415.417636982329,6
2024-09-16 14:28:41.479,415.4266356250823,996
2024-09-16 14:28:41.592,415.4193105431655,1003
2024-09-16 14:28:41.594,415.4446880536336,9
2024-09-16 14:28:41.655,415.42210079199407,12
2024-09-16 14:28:41.667,415.4289135239482,13
2024-09-16 14:28:41.679,-415.4160621691662,96
2024-09-16 14:28:41.701,415.4272441060945,100
2024-09-16 14:28:41.724,415.4371717144952,1003
2024-09-16 14:28:41.735,415.4282594148747,98
2024-09-16 14:28:41.848,415.40930230835465,105
2024-09-16 14:28:41.908,415.4126111399359,9
2024-09-16 14:28:41.940,415.40886642423845,1004
2024-09-16 14:28:41.969,415.404980167405,11
2024-09-16 14:28:42.105,415.41126070576416,1003
2024-09-16 14:28:42.326,415.343336277244,1000
2024-09-16 14:28:42.365,415.4268830466105,999
2024-09-16 14:28:42.431,415.3198059061023,102
2024-09-16 14:28:42.656,415.3187397855755,101
2024-09-16 14:28:42.709,415.3486789082726,997
2024-09-16 14:28:42.716,415.4087382981125,997
2024-09-16 14:28:42.728,415.3154154907596,105
2024-09-16 14:28:42.742,415.4308957391442,997
2024-09-16 14:28:42.773,415.3919598732722,103
2024-09-16 14:28:42.832,415.3458635414511,102
2024-09-16 14:28:42.847,415.3671047346383,105
2024-09-16 14:28:42.972,415.4291984731593,101
2024-09-16 14:28:43.009,415.17219321108087,995
2024-09-16 14:28:43.176,415.2655507734413,995
2024-09-16 14:28:43.209,415.1608946839488,97
2024-09-16 14:28:43.260,415.1622968452763,104
2024-09-16 14:28:43.264,415.1570688365045,1002
2024-09-16 14:28:43.351,415.2591284337972,105
2024-09-16 14:28:43.364,415.273772681927,97
2024-09-16 14:28:43.367,415.24928042855583,1001
2024-09-16 14:28:43.375,415.1932680698556,10
2024-09-16 14:28:43.387,415.1948553226204,103
2024-09-16 14:28:43.415,415.1739763502668,100
2024-09-16 14:28:43.422,415.1638474362596,998
2024-09-16 14:28:43.457,415.2778351564165,11
2024-09-16 14:28:43.494,415.171912268034,15
2024-09-16 14:28:43.505,415.23893584579855,98
2024-09-16 14:28:43.507,415.17018241225054,999
2024-09-16 14:28:43.514,415.17002067657927,12
2024-09-16 14:28:43.558,415.1962019917753,97
2024-09-16 14:28:43.560,415.1901153319882,1004
2024-09-16 14:28:43.828,415.24075014458623,1005
2024-09-16 14:28:43.902,415.27475834279176,1002
2024-09-16 14:28:43.919,415.2677654623637,1003
2024-09-16 14:28:43.983,415.2715839616366,105
2024-09-16 14:28:43.985,415.18874766817504,102
2024-09-16 14:28:44.010,415.1824821006682,1000
2024-09-16 14:28:44.030,415.1633778438318,15
2024-09-16 14:28:44.162,415.1864761425229,5
2024-09-16 14:28:44.177,415.1907308810464,999
2024-09-16 14:28:44.226,415.1599068804313,998
2024-09-16 14:28:44.261,415.0924939676595,1000
2024-09-16 14:28:44.287,415.08283288697226,99
2024-09-16 14:28:44.299,415.0918715103897,1001
2024-09-16 14:28:44.325,415.0888865058734,1002
2024-09-16 14:28:44.337,415.1780118892319,1005
2024-09-16 14:28:44.371,415.1226030719637,10
2024-09-16 14:28:44.407,415.09798747634,12
2024-09-16 14:28:44.477,415.194983140197,6
2024-09-16 14:28:44.529,415.1363840806203,1000
2024-09-16 14:28:44.542,415.2026173387559,14
2024-09-16 14:28:44.604,415.0740166487528,13
2024-09-16 14:28:44.658,415.0857399303525,999
2024-09-16 14:28:44.711,415.1796388337491,104
2024-09-16 14:28:44.717,415.1617706555333,10
2024-09-16 14:28:44.740,415.12696560885377,1004
2024-09-16 14:28:44.768,415.0869960349097,999
2024-09-16 14:28:44.834,415.076732678136,105
2024-09-16 14:28:44.858,415.0908965023992,101
2024-09-16 14:28:44.894,415.11029637347406,5
2024-09-16 14:28:44.974,415.160484010979,8
2024-09-16 14:28:44.989,415.1559630128995,99
2024-09-16 14:28:45.196,415.09335771716735,6
2024-09-16 14:28:45.309,415.0746603851947,12
2024-09-16 14:28:45.322,415.07118862050606,1004
2024-09-16 14:28:45.324,415.0725036371106,95
2024-09-16 14:28:45.606,415.06971013984895,99
2024-09-16 14:28:45.671,415.0421270850512,1005
2024-09-16 14:28:45.965,415.04418634571255,12
2024-09-16 14:28:46.111,415.0657753652199,12
2024-09-16 14:28:46.118,415.0651051409649,96
2024-09-16 14:28:46.209,415.0978622938875,999
2024-09-16 14:28:46.211,415.0665401015624,7
2024-09-16 14:28:46.297,,1000
2024-09-16 14:28:46.300,415.0675133358032,100
2024-09-16 14:28:46.308,415.07565937762206,13
2024-09-16 14:28:46.335,415.0506280098578,13
2024-09-16 14:28:46.419,415.0796391750904,5
2024-09-16 14:28:46.436,415.06354156202696,6
2024-09-16 14:28:46.478,415.0534299293895,5
2024-09-16 14:28:46.494,415.0909140227608,5
2024-09-16 14:28:46.495,415.09365609672886,1001
2024-09-16 14:28:46.609,415.0989109137212,101
2024-09-16 14:28:46.618,415.0648703198288,5
2024-09-16 14:28:46.670,415.0481540921151,102
2024-09-16 14:28:46.671,415.07688858335,96
2024-09-16 14:28:46.770,415.0593306922724,95
2024-09-16 14:28:46.785,415.0793369064491,102
2024-09-16 14:28:46.786,415.1003610114663,99
2024-09-16 14:28:46.792,415.0720686002455,8
2024-09-16 14:28:46.796,415.0583743787338,11
2024-09-16 14:28:46.923,415.1159418020745,996
2024-09-16 14:28:46.968,415.04608107615286,14
2024-09-16 14:28:46.984,415.0784160240125,1001
2024-09-16 14:28:46.986,415.0843092572394,101
2024-09-16 14:28:46.996,415.0684881761573,997
2024-09-16 14:28:47.029,415.0619976814189,8
2024-09-16 14:28:47.100,415.1014691013376,97
2024-09-16 14:28:47.166,415.0641298764295,96
2024-09-16 14:28:47.169,415.0785428413443,99
2024-09-16 14:28:47.212,415.07550032924166,101
2024-09-16 14:28:47.226,415.04686689689385,103
2024-09-16 14:28:47.269,415.0629265173955,105
2024-09-16 14:28:47.275,415.08954539377,102
2024-09-16 14:28:47.330,415.0663974533444,995
2024-09-16 14:28:47.341,415.07561331777066,100
2024-09-16 14:28:47.385,415.08642261004906,995
2024-09-16 14:28:47.423,415.0947935477997,100
2024-09-16 14:28:47.432,415.0780323706404,5
2024-09-16 14:28:47.463,415.0893970120245,10
2024-09-16 14:28:47.488,415.0632822463088,12
2024-09-16 14:28:47.582,415.06840295279926,6
2024-09-16 14:28:47.593,415.07018275268894,98
2024-09-16 14:28:47.653,415.1032315264924,101
2024-09-16 14:28:47.668,415.08733713514494,102
2024-09-16 14:28:47.684,415.063731656592,998
2024-09-16 14:28:47.835,415.0490857659992,12
2024-09-16 14:28:47.841,415.0744833967907,1002
2024-09-16 14:28:47.848,415.0465232225128,15
2024-09-16 14:28:47.857,415.0824387370411,8
2024-09-16 14:28:47.907,415.10190990210447,1001
2024-09-16 14:28:47.908,415.0655889404578,999
2024-09-16 14:28:47.987,415.0670164136134,104
2024-09-16 14:28:48.054,415.0352726865527,14
2024-09-16 14:28:48.062,415.0238423692098,1001
2024-09-16 14:28:48.094,415.0033198127731,96
2024-09-16 14:28:48.121,415.0300731669925,101
2024-09-16 14:28:48.124,415.0307316929327,102
2024-09-16 14:28:48.133,415.0078791909564,1002
2024-09-16 14:28:48.203,415.0137497197978,13
2024-09-16 14:28:48.323,415.0143023675965,998
2024-09-16 14:28:48.333,415.0465044902336,1000
2024-09-16 14:28:48.366,415.0186014378239,1005
2024-09-16 14:28:48.435,415.0140099971616,5
2024-09-16 14:28:48.440,415.0407711359874,101
2024-09-16 14:28:48.567,415.0246762977181,1001
2024-09-16 14:28:48.628,415.0520986738887,103
2024-09-16 14:28:48.806,415.0184198734705,8
2024-09-16 14:28:48.808,415.0134449217732,1003
2024-09-16 14:28:48.809,415.048155371074,96
2024-09-16 14:28:48.832,415.0368564289602,98
2024-09-16 14:28:48.836,414.9983758963619,1003
2024-09-16 14:28:48.920,415.0203920883665,97
2024-09-16 14:28:48.929,415.0012348922436,105
2024-09-16 14:28:48.989,414.99150069465,9
2024-09-16 14:28:49.011,415.10583615649375,12
2024-09-16 14:28:49.044,415.0876642094934,6
2024-09-16 14:28:49.108,415.09235146371145,7
2024-09-16 14:28:49.148,415.10104145880496,12
2024-09-16 14:28:49.149,415.1088553271246,11
2024-09-16 14:28:49.211,415.0972245907509,1001
2024-09-16 14:28:49.214,415.0729859130016,103
2024-09-16 14:28:49.350,415.0819612217102,998
2024-09-16 14:28:49.420,415.1364676671124,99
2024-09-16 14:28:49.458,415.12295883705326,10
2024-09-16 14:28:49.483,415.1367357766397,1001
2024-09-16 14:28:49.494,415.11220989252354,1002
2024-09-16 14:28:49.497,415.1170232780115,1002
2024-09-16 14:28:49.499,415.1335417218924,8
2024-09-16 14:28:49.548,415.0331895665259,1004
2024-09-16 14:28:49.598,415.1409057439552,1003
2024-09-16 14:28:49.633,415.1503308162208,11
2024-09-16 14:28:49.683,415.12199939553415,999
2024-09-16 14:28:49.722,415.14093263706553,95
2024-09-16 14:28:49.757,415.13400637360337,1002
2024-09-16 14:28:49.771,415.1375495168081,997
2024-09-16 14:28:49.783,415.0860052950698,13
2024-09-16 14:28:49.798,415.0678894033801,1005
2024-09-16 14:28:49.844,415.1090121127799,11
2024-09-16 14:28:49.852,415.03800878731886,103
2024-09-16 14:28:49.852,415.06626989447886,14
2024-09-16 14:28:49.897,415.0923669104691,1000
2024-09-16 14:28:49.948,415.087016692,10
2024-09-16 14:28:49.991,415.0948805690891,103
2024-09-16 14:28:49.997,415.0734344498042,7
2024-09-16 14:28:50.043,415.17308475291065,101
2024-09-16 14:28:50.045,415.1469792011445,103
2024-09-16 14:28:50.264,415.1735473312828,997
2024-09-16 14:28:50.331,415.1483850043031,105
2024-09-16 14:28:50.379,415.1584012629958,96
2024-09-16 14:28:50.443,415.1749682194215,995
2024-09-16 14:28:50.530,415.18948227543245,997
2024-09-16 14:28:50.590,415.1686809023849,105
2024-09-16 14:28:50.607,415.1715719888044,97
2024-09-16 14:28:50.648,415.1473165719343,11
2024-09-16 14:28:50.675,415.1621101935747,1004
2024-09-16 14:28:50.711,415.1693645942914,996
2024-09-16 14:28:50.958,415.1774869192384,997
2024-09-16 14:28:50.989,415.18372066030565,996
2024-09-16 14:28:51.030,415.1813644199311,13
2024-09-16 14:28:51.048,415.1992283077046,7
2024-09-16 14:28:51.078,415.1726520323064,997
2024-09-16 14:28:51.088,415.2065968194475,995
2024-09-16 14:28:51.119,415.1872541522185,15
2024-09-16 14:28:51.123,41.51971615361587,13
2024-09-16 14:28:51.126,415.144441274878,102
2024-09-16 14:28:51.174,415.1424679818412,1005
2024-09-16 14:28:51.250,415.1967143965979,95
2024-09-16 14:28:51.259,415.20471323130863,97
2024-09-16 14:28:51.264,415.2071509518676,95
2024-09-16 14:28:51.304,415.18388835739046,8
2024-09-16 14:28:51.315,415.206266369844,104
2024-09-16 14:28:51.378,415.1886576166922,105
2024-09-16 14:28:51.413,415.1289147645546,99
2024-09-16 14:28:51.454,415.1423029076951,999
2024-09-16 14:28:51.564,415.2130232260855,103
2024-09-16 14:28:51.594,415.1497761218807,101
2024-09-16 14:28:51.594,415.1997391250109,5
2024-09-16 14:28:51.776,415.2116933376683,96
2024-09-16 14:28:51.787,415.16206504952754,5
2024-09-16 14:28:51.800,415.1849320141626,101
2024-09-16 14:28:51.802,415.1829997760488,100
2024-09-16 14:28:51.880,415.203152785423,999
2024-09-16 14:28:51.910,,96
2024-09-16 14:28:51.916,415.1695900100218,102
2024-09-16 14:28:52.000,415.144306192941,1004
2024-09-16 14:28:52.162,415.1854508660259,1005
2024-09-16 14:28:52.192,415.1688514760364,1005
2024-09-16 14:28:52.271,415.1540160462375,103
2024-09-16 14:28:52.352,415.17763386522415,1004
2024-09-16 14:28:52.366,415.1588263191162,102
2024-09-16 14:28:52.400,415.1756662430665,1004
2024-09-16 14:28:52.467,415.1515452359879,7
2024-09-16 14:28:52.507,415.14466750931496,13
2024-09-16 14:28:52.534,415.1671125952316,5
2024-09-16 14:28:52.551,415.1778502884213,1001
2024-09-16 14:28:52.576,415.1612298985175,996
2024-09-16 14:28:52.576,415.1444572545999,102
2024-09-16 14:28:52.585,415.19078125659627,103
2024-09-16 14:28:52.607,415.156079650462,5
2024-09-16 14:28:52.625,415.1583738820746,1000
2024-09-16 14:28:52.642,415.1377233754308,95
2024-09-16 14:28:52.693,415.19129708406086,1000
2024-09-16 14:28:52.697,415.1657711684952,1000
2024-09-16 14:28:52.722,415.162093733924,996
2024-09-16 14:28:52.729,415.1499614691772,1004
2024-09-16 14:28:52.789,415.1626853671034,7
2024-09-16 14:28:52.799,415.18825042044745,101
2024-09-16 14:28:52.849,415.1889283387853,102
2024-09-16 14:28:52.879,415.1851085877322,7
2024-09-16 14:28:52.881,415.17833516109147,99
2024-09-16 14:28:52.974,415.16520752081976,1005
2024-09-16 14:28:52.985,415.1560472976645,999
2024-09-16 14:28:53.070,415.1312562103283,103
2024-09-16 14:28:53.208,415.21039476709393,1005
2024-09-16 14:28:53.234,415.2031946594177,5
2024-09-16 14:28:53.236,415.1433839968937,997
2024-09-16 14:28:53.240,415.2226831300549,100
2024-09-16 14:28:53.476,415.1854753003863,999
2024-09-16 14:28:53.482,415.2120221879805,8
2024-09-16 14:28:53.555,415.1856945918221,12
2024-09-16 14:28:53.646,415.2113472236938,13
2024-09-16 14:28:53.676,415.1970334320688,11
2024-09-16 14:28:53.697,415.1582892365998,102
2024-09-16 14:28:53.766,415.2147140227731,101
2024-09-16 14:28:53.834,415.1676362283083,8
2024-09-16 14:28:53.954,415.235772364474,95
2024-09-16 14:28:54.103,415.25159110585446,999
2024-09-16 14:28:54.159,415.2662902953326,998
2024-09-16 14:28:54.176,415.24205029973393,998
2024-09-16 14:28:54.218,415.2862247994927,8
2024-09-16 14:28:54.230,415.2906483813781,9
2024-09-16 14:28:54.242,415.1992494537065,12
2024-09-16 14:28:54.263,415.2731092326135,97
2024-09-16 14:28:54.276,415.2424246753569,1003
2024-09-16 14:28:54.308,415.2136600332968,997
2024-09-16 14:28:54.333,415.19746798782455,1005
2024-09-16 14:28:54.390,415.1984514974245,1000
2024-09-16 14:28:54.394,415.2789709886194,997
2024-09-16 14:28:54.434,415.2939372149875,15
2024-09-16 14:28:54.442,415.2347158682607,14
2024-09-16 14:28:54.492,415.24730904342806,998
2024-09-16 14:28:54.496,415.27149522589417,8
2024-09-16 14:28:54.514,415.280895826869,102
2024-09-16 14:28:54.683,415.2124623192454,10
2024-09-16 14:28:54.739,415.2678940966702,1002
2024-09-16 14:28:54.779,415.2025554571886,5
2024-09-16 14:28:54.813,415.28215319621233,14
2024-09-16 14:28:54.825,415.221707460722,1001
2024-09-16 14:28:54.846,415.2737521241469,1005
2024-09-16 14:28:54.854,415.2962400541546,10
2024-09-16 14:28:54.872,415.261081399004,105
2024-09-16 14:28:54.888,415.2891246946424,998
2024-09-16 14:28:54.933,415.2173056674161,99
2024-09-16 14:28:54.949,415.2700314566648,999
2024-09-16 14:28:54.957,415.20216089337856,999
2024-09-16 14:28:55.016,415.294396540921,97
2024-09-16 14:28:55.019,415.3032865913656,6
2024-09-16 14:28:55.107,415.2930105807,104
2024-09-16 14:28:55.139,415.3114197880713,1005
2024-09-16 14:28:55.189,415.3057127582844,104
2024-09-16 14:28:55.247,415.2987653743101,1002
2024-09-16 14:28:55.445,415.3124009760893,12
2024-09-16 14:28:55.470,415.29553863240096,1003
2024-09-16 14:28:55.483,415.2983363853119,6
2024-09-16 14:28:55.547,415.3044537243862,998
2024-09-16 14:28:55.551,415.30516362145016,9
2024-09-16 14:28:55.571,415.3105778972442,999
2024-09-16 14:28:55.576,415.2901703019137,1002
2024-09-16 14:28:55.744,415.3210997744696,98
2024-09-16 14:28:55.768,415.3025186975685,7
2024-09-16 14:28:55.859,415.2906508922563,15
2024-09-16 14:28:55.906,415.2906985662548,1001
2024-09-16 14:28:55.928,415.29538403917263,998
2024-09-16 14:28:56.018,415.3535728639136,1002
2024-09-16 14:28:56.181,415.2657213921472,14
2024-09-16 14:28:56.222,415.2731161221526,104
2024-09-16 14:28:56.255,415.3411949318308,5
2024-09-16 14:28:56.283,415.3402656968542,8
2024-09-16 14:28:56.283,415.3338588699588,103
2024-09-16 14:28:56.290,415.29827926614354,5
2024-09-16 14:28:56.322,415.2646119606488,13
2024-09-16 14:28:56.327,415.2914756119655,97
2024-09-16 14:28:56.337,415.2788092299026,105
2024-09-16 14:28:56.346,415.336575322612,5
2024-09-16 14:28:56.365,415.2946337183601,15
2024-09-16 14:28:56.387,415.30080938517386,12
2024-09-16 14:28:56.390,415.2678400447755,14
2024-09-16 14:28:56.440,415.3423023460205,11
2024-09-16 14:28:56.444,415.27468697412826,104
2024-09-16 14:28:56.601,415.3371144790931,9
2024-09-16 14:28:56.610,415.321772077684,6
2024-09-16 14:28:56.649,415.34044845705705,15
2024-09-16 14:28:56.680,415.2932538464812,7
2024-09-16 14:28:56.681,415.26941025050377,104
2024-09-16 14:28:56.733,415.2921512059625,103
2024-09-16 14:28:56.808,415.343469803201,104
2024-09-16 14:28:56.816,415.27915021613535,95
2024-09-16 14:28:56.929,415.2561992653134,103
2024-09-16 14:28:57.141,415.2050043695487,95
2024-09-16 14:28:57.151,415.2236457692798,99
2024-09-16 14:28:57.173,415.2130431902423,95
2024-09-16 14:28:57.237,415.26667356936895,101
2024-09-16 14:28:57.386,415.24701241352665,105
2024-09-16 14:28:57.392,415.2619663641421,6
2024-09-16 14:28:57.484,415.2249294208747,13
2024-09-16 14:28:57.509,415.23498426957406,11
2024-09-16 14:28:57.532,415.25684869548127,105
2024-09-16 14:28:57.536,415.2099072669542,104
2024-09-16 14:28:57.589,415.21594957279206,997
2024-09-16 14:28:57.601,415.1952134288498,96
2024-09-16 14:28:57.627,415.2216700670608,1003
2024-09-16 14:28:57.654,415.2126352427648,5
2024-09-16 14:28:57.694,415.2397660070727,1005
2024-09-16 14:28:57.714,415.2240377787705,13
2024-09-16 14:28:57.723,415.21338312545527,103
2024-09-16 14:28:57.860,415.2226147233273,999
2024-09-16 14:28:57.959,415.2219834036612,1001
2024-09-16 14:28:58.063,415.2169178441866,99
2024-09-16 14:28:58.129,415.1987280736007,1003
2024-09-16 14:28:58.568,415.224023096515,13
2024-09-16 14:28:58.627,415.2091368061107,103
2024-09-16 14:28:58.729,415.2224632737168,99
2024-09-16 14:28:59.026,415.1802399761437,15
2024-09-16 14:28:59.132,415.2083841901053,1003
2024-09-16 14:28:59.174,415.2149564958219,99
2024-09-16 14:28:59.335,415.2069216126159,102
2024-09-16 14:28:59.408,415.2104003821259,1002
2024-09-16 14:28:59.441,415.2109939311033,102
2024-09-16 14:28:59.478,415.2173783787954,997
2024-09-16 14:28:59.485,415.1993684142729,11
2024-09-16 14:28:59.507,415.2072458725588,104
2024-09-16 14:28:59.536,415.2236330248553,102
2024-09-16 14:28:59.710,415.20214334958206,998
2024-09-16 14:28:59.716,415.21525813700106,1003
2024-09-16 14:28:59.820,415.2014781334692,998
2024-09-16 14:28:59.824,415.179812854761,995
2024-09-16 14:28:59.835,415.2194390573944,95
2024-09-16 14:28:59.836,415.2102597686178,104
2024-09-16 14:28:59.943,415.2271605576531,1000
2024-09-16 14:28:59.957,415.2232116826488,1003
