Timestamp,Price,Size
2024-09-18 10:21:00.013,410.4692750674852,999
2024-09-18 10:21:00.016,410.4533925380712,1001
2024-09-18 10:21:00.045,410.55957416010426,999
2024-09-18 10:21:00.224,410.50192329115686,15
2024-09-18 10:21:00.226,410.5597181726836,99
2024-09-18 10:21:00.251,410.5157232272072,95
2024-09-18 10:21:00.348,410.4956659294758,95
2024-09-18 10:21:00.369,410.5282354915816,999
2024-09-18 10:21:00.375,410.55145944260687,10
2024-09-18 10:21:00.382,410.5546503663791,99
2024-09-18 10:21:00.411,410.4579579246218,96
2024-09-18 10:21:00.419,410.43338425374367,6
2024-09-18 10:21:00.445,410.4872969741276,14
2024-09-18 10:21:00.469,410.5679773113536,996
2024-09-18 10:21:00.470,410.54343529933146,98
2024-09-18 10:21:00.508,410.4465211417774,105
2024-09-18 10:21:00.610,-410.4821494935771,1002
2024-09-18 10:21:00.677,,9
2024-09-18 10:21:00.677,41.04935876635885,12
2024-09-18 10:21:00.768,410.5700054623018,11
2024-09-18 10:21:00.775,-410.4667675893248,996
2024-09-18 10:21:00.842,410.43423738684703,995
2024-09-18 10:21:00.852,410.5461090706814,6
2024-09-18 10:21:00.888,410.5766457348606,1000
2024-09-18 10:21:00.976,410.47926189119056,15
2024-09-18 10:21:00.987,410.4507441951861,5
2024-09-18 10:21:01.029,410.5880195635689,998
2024-09-18 10:21:01.035,410.50264248792905,996
2024-09-18 10:21:01.175,410.5956063025979,1003
2024-09-18 10:21:01.190,410.55753063036144,11
2024-09-18 10:21:01.341,410.59309111809785,13
2024-09-18 10:21:01.352,410.6131897466926,9
2024-09-18 10:21:01.425,410.5287121023618,99
2024-09-18 10:21:01.483,410.55194033692135,98
2024-09-18 10:21:01.513,410.5656857782341,99
2024-09-18 10:21:01.633,410.5135470141496,12
2024-09-18 10:21:01.639,410.5865274851441,12
2024-09-18 10:21:01.720,410.5687944545306,1003
2024-09-18 10:21:01.824,410.5969302951749,1001
2024-09-18 10:21:01.931,410.62604007803225,14
2024-09-18 10:21:01.940,410.61048540884406,995
2024-09-18 10:21:03.350,410.6208536428962,8
2024-09-18 10:21:03.450,410.6175400603723,96
2024-09-18 10:21:03.761,410.6308031370387,7
2024-09-18 10:21:03.778,410.62230518291017,103
2024-09-18 10:21:04.057,410.5687432408334,1005
2024-09-18 10:21:04.070,410.5549978350699,999
2024-09-18 10:21:04.175,410.57477914167487,12
2024-09-18 10:21:04.280,410.56363162217576,99
2024-09-18 10:21:04.306,410.5676865299014,103
2024-09-18 10:21:04.325,410.5644888260617,98
2024-09-18 10:21:04.342,410.5502679442952,96
2024-09-18 10:21:04.408,410.58909848494096,999
2024-09-18 10:21:04.441,410.5587800685127,14
2024-09-18 10:21:04.656,410.5752147923381,1002
2024-09-18 10:21:04.687,410.5810312582242,1005
2024-09-18 10:21:04.728,410.6097311546167,996
2024-09-18 10:21:05.037,410.5242610546243,11
2024-09-18 10:21:05.144,410.5623824520907,96
2024-09-18 10:21:05.178,410.549022389965,1001
2024-09-18 10:21:05.214,410.5631875409859,7
2024-09-18 10:21:05.442,41.0557382319652,1002
2024-09-18 10:21:05.592,410.5344855149209,995
2024-09-18 10:21:05.648,410.5480198919189,996
2024-09-18 10:21:05.654,410.565413245324,998
2024-09-18 10:21:05.735,410.53582188190046,997
2024-09-18 10:21:05.782,410.5667812816578,104
2024-09-18 10:21:05.823,410.5454777895583,102
2024-09-18 10:21:05.852,410.5475608866501,97
2024-09-18 10:21:06.420,410.5239245452664,1003
2024-09-18 10:21:06.686,410.5280960099346,996
2024-09-18 10:21:07.014,410.5403886865786,14
2024-09-18 10:21:07.124,410.5457990768503,12
2024-09-18 10:21:07.125,410.511114799669,103
2024-09-18 10:21:07.188,410.5288897614647,100
2024-09-18 10:21:07.195,410.51282694710784,104
2024-09-18 10:21:07.248,410.5194804055423,6
2024-09-18 10:21:07.337,410.5115649547986,1000
2024-09-18 10:21:07.459,410.51518217142166,1000
2024-09-18 10:21:07.464,410.5082990005819,97
2024-09-18 10:21:07.485,410.5096706439057,99
2024-09-18 10:21:07.575,410.52656421369,10
2024-09-18 10:21:07.579,410.51106935667127,1004
2024-09-18 10:21:07.591,410.5116244578657,11
2024-09-18 10:21:07.660,410.5126162138013,1003
2024-09-18 10:21:07.776,410.5062198287317,105
2024-09-18 10:21:07.785,410.55177584104433,98
2024-09-18 10:21:08.076,410.5128864938997,10
2024-09-18 10:21:08.221,410.4947992455564,13
2024-09-18 10:21:08.230,410.5096516034791,1003
2024-09-18 10:21:08.244,410.5111750636904,15
2024-09-18 10:21:08.249,410.51009597294063,1000
2024-09-18 10:21:08.252,410.5359867064242,999
2024-09-18 10:21:08.299,410.5046609611709,105
2024-09-18 10:21:08.313,410.4804048671177,1001
2024-09-18 10:21:08.330,410.4833967162089,11
2024-09-18 10:21:08.414,410.52501913689736,10
2024-09-18 10:21:08.508,410.5285422813512,11
2024-09-18 10:21:08.567,410.50409121228415,998
2024-09-18 10:21:08.636,410.5084127060077,1004
2024-09-18 10:21:08.766,410.51160815443495,995
2024-09-18 10:21:08.828,410.51280440446953,105
2024-09-18 10:21:08.863,410.5180168540372,10
2024-09-18 10:21:08.894,410.523677035512,97
2024-09-18 10:21:08.924,410.527001180129,999
2024-09-18 10:21:09.223,410.5292225640659,13
2024-09-18 10:21:09.690,410.52590947246455,105
2024-09-18 10:21:09.764,410.5154133401751,1000
2024-09-18 10:21:10.035,410.5569843750812,5
2024-09-18 10:21:10.869,410.5397968824984,104
2024-09-18 10:21:10.954,410.5592527456663,12
2024-09-18 10:21:10.961,410.5307509555146,1004
2024-09-18 10:21:11.086,410.5324580298961,6
2024-09-18 10:21:11.158,410.51040796800095,96
2024-09-18 10:21:11.284,410.50410435750825,999
2024-09-18 10:21:11.352,410.494525803096,102
2024-09-18 10:21:11.398,410.5183782127122,998
2024-09-18 10:21:11.413,410.5569526186825,13
2024-09-18 10:21:11.586,410.5124583819817,105
2024-09-18 10:21:11.594,410.5590826285331,96
2024-09-18 10:21:11.595,410.5173671847203,1001
2024-09-18 10:21:11.628,410.57750987608034,997
2024-09-18 10:21:11.632,410.5079811788739,996
2024-09-18 10:21:11.847,410.575835453861,1002
2024-09-18 10:21:11.932,410.5118496123159,96
2024-09-18 10:21:11.961,410.5386400089759,998
2024-09-18 10:21:12.011,410.514818316166,1002
2024-09-18 10:21:12.076,410.5283096057743,98
2024-09-18 10:21:12.146,410.5284067329944,1003
2024-09-18 10:21:12.287,410.5340422133432,96
2024-09-18 10:21:12.457,410.5238900308258,1002
2024-09-18 10:21:12.594,,95
2024-09-18 10:21:12.760,410.5355355766216,102
2024-09-18 10:21:12.921,410.5268764270186,100
2024-09-18 10:21:12.989,410.5246335276568,7
2024-09-18 10:21:13.115,410.5280406959503,6
2024-09-18 10:21:13.263,410.564758449445,11
2024-09-18 10:21:13.279,410.5356921747828,96
2024-09-18 10:21:13.346,410.53540101870806,15
2024-09-18 10:21:13.390,410.56466812681145,13
2024-09-18 10:21:13.563,410.5242950722936,8
2024-09-18 10:21:13.614,410.58478746018056,104
2024-09-18 10:21:13.641,410.5571834594618,103
2024-09-18 10:21:13.791,410.5180839852407,1002
2024-09-18 10:21:13.937,410.5381339354053,5
2024-09-18 10:21:13.954,410.5791804245072,103
2024-09-18 10:21:14.005,410.55873432511765,105
2024-09-18 10:21:14.021,410.5743354048519,999
2024-09-18 10:21:14.057,410.6013504987526,995
2024-09-18 10:21:14.097,410.6096436120569,11
2024-09-18 10:21:14.103,410.593237096204,11
2024-09-18 10:21:14.229,410.6118807435859,1000
2024-09-18 10:21:14.256,410.5958906937183,12
2024-09-18 10:21:14.305,410.62941178236366,1005
2024-09-18 10:21:14.310,410.6221092608128,14
2024-09-18 10:21:14.314,410.56507640136624,105
2024-09-18 10:21:14.367,410.599100753496,101
2024-09-18 10:21:14.412,410.5440397953078,104
2024-09-18 10:21:14.455,410.6247691314433,8
2024-09-18 10:21:14.456,410.6044198648432,5
2024-09-18 10:21:14.555,410.5960402717696,997
2024-09-18 10:21:14.563,410.5930921530587,99
2024-09-18 10:21:14.630,410.5719823270084,103
2024-09-18 10:21:14.680,410.5461829140349,7
2024-09-18 10:21:14.700,410.60776512977776,95
2024-09-18 10:21:14.718,410.6116349921627,997
2024-09-18 10:21:14.795,410.59032039770847,15
2024-09-18 10:21:14.824,410.6064503511038,996
2024-09-18 10:21:14.936,410.5826249652978,1005
2024-09-18 10:21:15.188,410.5631582915446,1001
2024-09-18 10:21:15.255,410.5283883231386,102
2024-09-18 10:21:15.364,410.5091972528272,5
2024-09-18 10:21:15.424,410.49475700557,101
2024-09-18 10:21:15.449,410.5052164228102,995
2024-09-18 10:21:15.561,410.5712842804379,7
2024-09-18 10:21:15.567,410.4981034290342,1000
2024-09-18 10:21:15.716,410.5477775158941,13
2024-09-18 10:21:15.784,410.4965421546429,6
2024-09-18 10:21:15.948,410.48499112988816,1005
2024-09-18 10:21:17.131,410.3568424513196,105
2024-09-18 10:21:17.184,410.3928856733153,103
2024-09-18 10:21:17.205,410.473691204554,1000
2024-09-18 10:21:17.226,410.3914834216196,13
2024-09-18 10:21:17.266,410.4411353790192,97
2024-09-18 10:21:17.295,410.3859828839366,14
2024-09-18 10:21:17.359,410.3733207478892,99
2024-09-18 10:21:17.446,410.37319601365857,998
2024-09-18 10:21:17.467,410.3850954373802,97
2024-09-18 10:21:17.470,410.3398415279343,14
2024-09-18 10:21:17.504,410.4532888694157,6
2024-09-18 10:21:17.522,410.432697107502,1003
2024-09-18 10:21:17.671,410.37730702593103,96
2024-09-18 10:21:17.701,410.4403212631368,996
2024-09-18 10:21:17.774,410.4704920593703,99
2024-09-18 10:21:17.822,410.4249141274288,1005
2024-09-18 10:21:17.824,410.348778673093,12
2024-09-18 10:21:17.844,410.4652418124382,6
2024-09-18 10:21:17.888,410.3468471753645,6
2024-09-18 10:21:17.908,410.3840502593896,995
2024-09-18 10:21:17.947,410.3759268154695,1001
2024-09-18 10:21:18.011,410.35812943832224,100
2024-09-18 10:21:18.029,410.3545083921245,10
2024-09-18 10:21:18.140,410.3622852727575,103
2024-09-18 10:21:18.176,410.388429387996,14
2024-09-18 10:21:18.221,410.3474136222929,13
2024-09-18 10:21:18.227,410.3794609964188,998
2024-09-18 10:21:18.286,410.3712670825817,1003
2024-09-18 10:21:18.330,410.37068312143975,14
2024-09-18 10:21:18.354,410.3810115265658,1000
2024-09-18 10:21:18.401,410.36581687622106,5
2024-09-18 10:21:18.421,410.3783258924551,97
2024-09-18 10:21:18.437,410.3630862200196,1004
2024-09-18 10:21:18.474,410.3835832594494,995
2024-09-18 10:21:18.481,410.3667666793116,96
2024-09-18 10:21:18.527,410.3822616862561,96
2024-09-18 10:21:18.693,410.3462345278254,5
2024-09-18 10:21:18.696,410.3523898461647,104
2024-09-18 10:21:18.702,410.3562226243544,97
2024-09-18 10:21:18.900,410.3645400987106,100
2024-09-18 10:21:18.903,410.3658802810508,5
2024-09-18 10:21:19.089,410.3430456354317,100
2024-09-18 10:21:19.271,410.3443620049695,6
2024-09-18 10:21:20.075,410.3281022227607,102
2024-09-18 10:21:20.077,410.3309444312711,998
2024-09-18 10:21:20.944,410.3182003834523,96
2024-09-18 10:21:21.028,410.3201973476245,99
2024-09-18 10:21:21.089,410.35595085049096,15
2024-09-18 10:21:21.222,410.36033771875714,1005
2024-09-18 10:21:21.240,410.3332976005816,105
2024-09-18 10:21:21.286,410.3128192725888,1000
2024-09-18 10:21:21.334,410.3103792833845,101
2024-09-18 10:21:21.336,410.3428411782543,95
2024-09-18 10:21:21.471,410.3366454297717,13
2024-09-18 10:21:21.600,410.31565862333366,95
2024-09-18 10:21:21.665,410.334789362066,96
2024-09-18 10:21:21.668,410.34428791548174,8
2024-09-18 10:21:21.722,410.337738663597,999
2024-09-18 10:21:21.726,410.3338087675387,1003
2024-09-18 10:21:21.729,410.3660922368023,97
2024-09-18 10:21:21.736,410.3194619561429,1005
2024-09-18 10:21:21.743,410.3341011428511,97
2024-09-18 10:21:21.823,410.3181836663928,100
2024-09-18 10:21:21.894,410.3179243010241,1000
2024-09-18 10:21:22.049,410.3935763113286,99
2024-09-18 10:21:22.059,410.3838843750788,13
2024-09-18 10:21:22.086,410.3385926003373,12
2024-09-18 10:21:22.091,410.34662763286303,103
2024-09-18 10:21:22.219,410.3336051667382,13
2024-09-18 10:21:22.258,410.33810390563366,1005
2024-09-18 10:21:22.406,410.3555617866325,1005
2024-09-18 10:21:22.411,410.3425945218309,1005
2024-09-18 10:21:22.571,410.38167334716064,12
2024-09-18 10:21:22.585,410.3316311175944,14
2024-09-18 10:21:22.626,410.3870126752204,98
2024-09-18 10:21:22.653,410.34553868394215,11
2024-09-18 10:21:22.664,410.3967688908086,1002
2024-09-18 10:21:22.678,410.3755895673187,1001
2024-09-18 10:21:22.728,410.3690317029949,15
2024-09-18 10:21:22.730,410.38790857787023,104
2024-09-18 10:21:22.766,-410.37047936267874,96
2024-09-18 10:21:22.794,410.36325567661095,105
2024-09-18 10:21:22.843,410.3812249294834,99
2024-09-18 10:21:22.851,410.3586097008064,9
2024-09-18 10:21:22.904,410.3242578488952,6
2024-09-18 10:21:22.932,410.3844090052783,100
2024-09-18 10:21:22.947,410.39169832948215,1004
2024-09-18 10:21:23.025,410.4285399004551,1004
2024-09-18 10:21:23.028,410.4613191737076,1003
2024-09-18 10:21:23.048,410.4489970317938,99
2024-09-18 10:21:23.145,410.4255286054154,15
2024-09-18 10:21:23.146,410.3651135287366,1003
2024-09-18 10:21:23.229,410.468827405496,12
2024-09-18 10:21:23.263,410.407119879925,101
2024-09-18 10:21:23.270,410.431992119265,998
2024-09-18 10:21:23.389,410.3929787878597,1004
2024-09-18 10:21:23.483,410.3677709388422,1005
2024-09-18 10:21:23.537,410.3920928249235,10
2024-09-18 10:21:23.545,410.4289124358612,7
2024-09-18 10:21:23.566,410.4392645967169,105
2024-09-18 10:21:23.577,410.46672800033207,95
2024-09-18 10:21:23.626,410.4263505209613,7
2024-09-18 10:21:23.792,410.364301829474,995
2024-09-18 10:21:23.839,410.4633326918747,14
2024-09-18 10:21:23.886,410.3641120844767,6
2024-09-18 10:21:23.982,410.41513041068856,98
2024-09-18 10:21:24.017,410.4106985760085,14
2024-09-18 10:21:24.951,410.3919568032407,98
2024-09-18 10:21:25.086,410.3739861272137,998
2024-09-18 10:21:25.114,410.38112681225147,1004
2024-09-18 10:21:25.134,410.3808121176256,99
2024-09-18 10:21:25.179,410.3946630701524,14
2024-09-18 10:21:25.186,410.3669689911137,1003
2024-09-18 10:21:25.291,410.3765754591795,1000
2024-09-18 10:21:25.408,410.3519196018675,15
2024-09-18 10:21:25.568,410.3840107626586,10
2024-09-18 10:21:25.601,410.4030787372732,96
2024-09-18 10:21:25.648,410.3833871463096,103
2024-09-18 10:21:25.679,410.3477277233577,9
2024-09-18 10:21:25.799,410.3956461396891,102
2024-09-18 10:21:25.830,410.367853537882,997
2024-09-18 10:21:25.870,410.3846023003109,1002
2024-09-18 10:21:25.913,410.40203681724296,101
2024-09-18 10:21:25.920,410.3708414036871,95
2024-09-18 10:21:25.944,410.34639780767833,8
2024-09-18 10:21:26.537,410.39488968712914,11
2024-09-18 10:21:26.814,410.3940753521347,1001
2024-09-18 10:21:27.313,410.4008221558371,1002
2024-09-18 10:21:27.383,410.3658160888814,5
2024-09-18 10:21:27.657,410.3658287321357,1003
2024-09-18 10:21:27.843,410.3668312757522,15
2024-09-18 10:21:27.889,410.4069841565158,995
2024-09-18 10:21:27.997,410.38725712023313,995
2024-09-18 10:21:28.011,410.31086144435744,8
2024-09-18 10:21:28.078,410.3082128903651,98
2024-09-18 10:21:28.116,410.3620882157629,11
2024-09-18 10:21:28.134,410.32079495817067,102
2024-09-18 10:21:28.190,410.357956901791,104
2024-09-18 10:21:28.217,410.35111201390833,96
2024-09-18 10:21:28.301,410.350174033838,13
2024-09-18 10:21:28.314,410.3487115438307,998
2024-09-18 10:21:28.405,410.3319013122874,8
2024-09-18 10:21:28.419,410.3279473072019,100
2024-09-18 10:21:28.439,410.3224523632517,102
2024-09-18 10:21:28.546,410.3463012708718,105
2024-09-18 10:21:28.629,410.3466328111981,104
2024-09-18 10:21:28.668,410.30955564006086,996
2024-09-18 10:21:28.674,410.3545434833863,11
2024-09-18 10:21:28.743,410.3504929429617,105
2024-09-18 10:21:28.804,410.34881224018727,105
2024-09-18 10:21:28.814,410.3327429211551,101
2024-09-18 10:21:28.861,410.3071402390922,9
2024-09-18 10:21:28.906,410.2937898399714,101
2024-09-18 10:21:29.028,410.30564183446666,10
2024-09-18 10:21:29.057,410.3142844108333,5
2024-09-18 10:21:29.117,410.31461927271374,105
2024-09-18 10:21:29.206,410.3131849918803,1005
2024-09-18 10:21:29.232,410.3288368670465,101
2024-09-18 10:21:29.254,410.2769703552295,9
2024-09-18 10:21:29.257,410.28541696071886,10
2024-09-18 10:21:29.293,410.3268190542352,1002
2024-09-18 10:21:29.299,410.3303619647021,8
2024-09-18 10:21:29.356,410.2972398667534,1000
2024-09-18 10:21:29.358,410.31730706235726,11
2024-09-18 10:21:29.420,410.2927367222413,6
2024-09-18 10:21:29.458,410.33384680384427,7
2024-09-18 10:21:29.488,410.30070919661625,1002
2024-09-18 10:21:29.534,410.3138804754238,15
2024-09-18 10:21:29.581,410.305344785663,10
2024-09-18 10:21:29.667,410.3013843534205,1001
2024-09-18 10:21:29.749,410.32893097703777,99
2024-09-18 10:21:29.752,410.3087026470136,15
2024-09-18 10:21:29.783,410.2868723385316,996
2024-09-18 10:21:29.795,410.2836677807064,96
2024-09-18 10:21:29.869,410.2839447416716,995
2024-09-18 10:21:29.884,410.3278156650193,1000
2024-09-18 10:21:29.946,410.29728749066527,97
2024-09-18 10:21:29.962,410.3060061236224,13
2024-09-18 10:21:30.016,,1004
2024-09-18 10:21:30.017,410.3583386359165,995
2024-09-18 10:21:30.037,410.3798229585231,7
2024-09-18 10:21:30.058,410.33348959925775,13
2024-09-18 10:21:30.063,410.3554837252592,13
2024-09-18 10:21:30.083,410.3355690858572,8
2024-09-18 10:21:30.175,410.3239369013095,96
2024-09-18 10:21:30.215,410.3429278360034,998
2024-09-18 10:21:30.315,410.3529234712344,96
2024-09-18 10:21:30.337,410.388563662023,8
2024-09-18 10:21:30.348,410.3221867541593,15
2024-09-18 10:21:30.463,410.3234541931822,996
2024-09-18 10:21:30.475,410.3263307957597,99
2024-09-18 10:21:30.493,410.3321893090359,13
2024-09-18 10:21:30.494,410.314732162736,1004
2024-09-18 10:21:30.509,410.36247205464247,1003
2024-09-18 10:21:30.543,410.3256281795856,1000
2024-09-18 10:21:30.600,410.3097745279158,1003
2024-09-18 10:21:30.620,410.3537653756825,995
2024-09-18 10:21:30.689,410.33550567932576,101
2024-09-18 10:21:30.705,410.3321376883036,9
2024-09-18 10:21:30.736,410.3064701359928,996
2024-09-18 10:21:30.768,410.334441426325,12
2024-09-18 10:21:30.803,410.35572953040094,7
2024-09-18 10:21:30.859,410.32910136764406,995
2024-09-18 10:21:30.932,410.3269632988601,995
2024-09-18 10:21:30.974,410.3395325493674,97
2024-09-18 10:21:31.017,410.3885770663383,95
2024-09-18 10:21:31.038,410.3722146494232,8
2024-09-18 10:21:31.062,410.4333512829173,999
2024-09-18 10:21:31.078,,1001
2024-09-18 10:21:31.241,410.39785056694177,98
2024-09-18 10:21:31.291,410.3701905964821,12
2024-09-18 10:21:31.390,410.3937224742395,1003
2024-09-18 10:21:31.404,410.4112360785737,13
2024-09-18 10:21:31.426,410.4420524057621,1001
2024-09-18 10:21:31.454,410.3970380472582,96
2024-09-18 10:21:31.465,410.39112259286446,1001
2024-09-18 10:21:31.494,410.3683448375135,8
2024-09-18 10:21:31.499,410.4051481786086,11
2024-09-18 10:21:31.550,410.36720640973925,99
2024-09-18 10:21:31.574,410.4000439015944,6
2024-09-18 10:21:31.579,410.4300491007705,9
2024-09-18 10:21:31.716,410.3907565104095,1003
2024-09-18 10:21:31.758,410.41900204913895,1004
2024-09-18 10:21:31.763,410.3821647447033,14
2024-09-18 10:21:31.827,410.4032848593919,998
2024-09-18 10:21:31.863,410.3749826217656,5
2024-09-18 10:21:31.868,410.380266920592,1005
2024-09-18 10:21:31.882,410.43079182742497,99
2024-09-18 10:21:31.886,410.4136087250216,1003
2024-09-18 10:21:31.892,410.3941554742888,9
2024-09-18 10:21:31.901,410.43367174094334,14
2024-09-18 10:21:31.917,410.439788003984,1002
2024-09-18 10:21:31.956,410.3805131807271,999
2024-09-18 10:21:32.003,410.4546225502015,97
2024-09-18 10:21:32.013,410.468887006321,15
2024-09-18 10:21:32.033,410.4815621900121,14
2024-09-18 10:21:32.040,410.4729458254265,995
2024-09-18 10:21:32.094,-410.4804722313584,7
2024-09-18 10:21:32.235,410.4617519209034,1000
2024-09-18 10:21:32.240,,13
2024-09-18 10:21:32.304,410.4594957920684,7
2024-09-18 10:21:32.331,410.4818018243783,99
2024-09-18 10:21:32.528,410.46394193665697,95
2024-09-18 10:21:32.546,410.4841524765928,100
2024-09-18 10:21:32.640,410.4634262430556,996
2024-09-18 10:21:32.719,410.4714133437686,998
2024-09-18 10:21:32.719,410.4717474323209,1002
2024-09-18 10:21:32.755,410.4657377917034,1001
2024-09-18 10:21:32.760,410.4753183556098,1004
2024-09-18 10:21:32.812,410.4772980771066,8
2024-09-18 10:21:32.857,410.4634120508935,5
2024-09-18 10:21:32.918,410.47435358155127,9
2024-09-18 10:21:32.979,410.4470347721441,996
2024-09-18 10:21:33.004,410.4729173943828,999
2024-09-18 10:21:33.060,410.337004822233,104
2024-09-18 10:21:33.095,410.4773358359252,105
2024-09-18 10:21:33.116,410.470354905432,97
2024-09-18 10:21:33.117,410.41487734920014,10
2024-09-18 10:21:33.295,-410.468786582276,11
2024-09-18 10:21:33.353,410.48143035094006,1000
2024-09-18 10:21:33.359,410.4429377184677,995
2024-09-18 10:21:33.425,410.3731456403162,1000
2024-09-18 10:21:33.447,410.3926020653164,1003
2024-09-18 10:21:33.476,410.3644147049866,5
2024-09-18 10:21:33.487,410.4609753569576,1004
2024-09-18 10:21:33.523,410.46775572965385,1002
2024-09-18 10:21:33.556,410.3489387313208,5
2024-09-18 10:21:33.580,410.48526306138666,999
2024-09-18 10:21:33.592,410.4601957926993,7
2024-09-18 10:21:33.622,410.4320202295691,15
2024-09-18 10:21:33.737,410.4243604242703,1000
2024-09-18 10:21:33.764,410.45942370096,9
2024-09-18 10:21:33.778,410.4451675002807,101
2024-09-18 10:21:33.856,410.4490142580552,99
2024-09-18 10:21:33.879,410.33262523767473,100
2024-09-18 10:21:34.025,410.2994925899018,103
2024-09-18 10:21:34.082,410.2741411585524,1005
2024-09-18 10:21:34.110,410.353347014729,12
2024-09-18 10:21:34.113,410.3445740145051,1000
2024-09-18 10:21:34.146,410.3133531089708,96
2024-09-18 10:21:34.158,410.2262712637609,1003
2024-09-18 10:21:34.241,410.2425133320114,104
2024-09-18 10:21:34.299,410.27588422815074,96
2024-09-18 10:21:34.301,410.34532702173954,995
2024-09-18 10:21:34.302,410.2592007623534,8
2024-09-18 10:21:34.352,410.286576915268,96
2024-09-18 10:21:34.513,410.2706421462896,999
2024-09-18 10:21:34.525,410.2690905633227,1004
2024-09-18 10:21:34.569,410.2682195673296,1000
2024-09-18 10:21:34.584,410.3390906706941,1004
2024-09-18 10:21:34.607,410.2727839642748,102
2024-09-18 10:21:34.625,41.02595078980892,103
2024-09-18 10:21:34.679,410.2736630715249,1005
2024-09-18 10:21:34.684,410.3218159350184,98
2024-09-18 10:21:34.689,410.3041522751983,98
2024-09-18 10:21:34.695,410.222212875248,1005
2024-09-18 10:21:34.703,410.2324903005604,99
2024-09-18 10:21:34.799,410.2563971104504,14
2024-09-18 10:21:34.867,410.2771616361308,15
2024-09-18 10:21:34.889,410.27480878536886,997
2024-09-18 10:21:34.914,410.296988467817,11
2024-09-18 10:21:36.050,410.2289382394779,104
2024-09-18 10:21:36.120,410.2585706706887,102
2024-09-18 10:21:36.185,410.2496913930962,1002
2024-09-18 10:21:36.198,410.23639844827215,104
2024-09-18 10:21:36.199,410.2544201605103,998
2024-09-18 10:21:36.219,-410.21662952880047,997
2024-09-18 10:21:36.225,410.2420682423621,1002
2024-09-18 10:21:36.284,410.2278740751867,102
2024-09-18 10:21:36.292,410.223129711843,103
2024-09-18 10:21:36.382,410.235619208474,9
2024-09-18 10:21:36.458,410.2556085543357,1004
2024-09-18 10:21:36.557,410.2386302861815,102
2024-09-18 10:21:36.578,410.2324943316723,13
2024-09-18 10:21:36.709,410.23153835364025,11
2024-09-18 10:21:36.767,410.25578933232765,998
2024-09-18 10:21:36.785,410.265749781596,1001
2024-09-18 10:21:36.917,410.23268471551165,5
2024-09-18 10:21:36.958,410.2555512717565,14
2024-09-18 10:21:37.032,410.2781777387408,10
2024-09-18 10:21:37.054,410.3458078386103,998
2024-09-18 10:21:37.136,410.3178476164501,996
2024-09-18 10:21:37.157,410.3336093175527,96
2024-09-18 10:21:37.188,410.3264781159682,996
2024-09-18 10:21:37.256,-410.3285341428075,996
2024-09-18 10:21:37.453,410.3043731698561,100
2024-09-18 10:21:37.476,410.3461160611732,997
2024-09-18 10:21:37.555,410.2951172273037,1005
2024-09-18 10:21:37.700,410.312743524148,14
2024-09-18 10:21:37.711,410.349538414731,14
2024-09-18 10:21:37.762,410.3208228433908,96
2024-09-18 10:21:37.810,410.3474736952935,15
2024-09-18 10:21:37.867,410.3436085058229,11
2024-09-18 10:21:37.874,410.271563441793,95
2024-09-18 10:21:37.928,410.2975047667375,7
2024-09-18 10:21:37.977,410.3552595583404,997
2024-09-18 10:21:38.775,410.357744951784,95
2024-09-18 10:21:39.004,410.2714123499972,102
2024-09-18 10:21:39.033,410.256990491435,99
2024-09-18 10:21:39.044,410.3161933614095,98
2024-09-18 10:21:39.047,410.3437504423615,1004
2024-09-18 10:21:39.048,410.35800873443816,8
2024-09-18 10:21:39.068,410.3427138797746,102
2024-09-18 10:21:39.151,41.0284527355885,1003
2024-09-18 10:21:39.196,410.34241259693033,9
2024-09-18 10:21:39.253,410.3374078466825,14
2024-09-18 10:21:39.272,410.34324700419046,100
2024-09-18 10:21:39.322,410.34671711098594,96
2024-09-18 10:21:39.354,410.32736545171423,13
2024-09-18 10:21:39.418,410.2807219995004,999
2024-09-18 10:21:39.444,410.2934807239444,1001
2024-09-18 10:21:39.481,410.30729382260256,998
2024-09-18 10:21:39.498,410.2768246318819,13
2024-09-18 10:21:39.507,410.2549915180581,996
2024-09-18 10:21:39.615,410.3443547787096,1002
2024-09-18 10:21:39.616,410.32346454656096,13
2024-09-18 10:21:39.775,410.2502637294436,1004
2024-09-18 10:21:39.811,410.3581825824039,105
2024-09-18 10:21:39.819,410.2671126186205,15
2024-09-18 10:21:39.846,410.3548702992379,103
2024-09-18 10:21:39.898,410.3407555574872,101
2024-09-18 10:21:39.942,410.3306344670964,1002
2024-09-18 10:21:39.953,410.3364543796037,7
2024-09-18 10:21:39.967,410.3032356441292,12
2024-09-18 10:21:40.008,410.2730553135036,104
2024-09-18 10:21:40.009,410.2821543847284,1004
2024-09-18 10:21:40.076,410.2834795320031,95
2024-09-18 10:21:40.161,410.2880842274723,104
2024-09-18 10:21:40.169,410.250555076506,998
2024-09-18 10:21:40.282,410.3142222906664,103
2024-09-18 10:21:40.371,410.3318666441511,1005
2024-09-18 10:21:40.380,410.3077550380266,12
2024-09-18 10:21:40.383,410.3035704038031,10
2024-09-18 10:21:40.412,410.2985180886962,104
2024-09-18 10:21:40.415,410.2514122350782,1005
2024-09-18 10:21:40.433,410.33773405542337,1003
2024-09-18 10:21:40.479,410.2932598825169,1005
2024-09-18 10:21:40.497,410.2830246007568,11
2024-09-18 10:21:40.524,410.32822944678,99
2024-09-18 10:21:40.555,410.2381552291412,104
2024-09-18 10:21:40.571,410.3127983737826,98
2024-09-18 10:21:40.681,410.3365060027814,998
2024-09-18 10:21:40.722,410.2500844030903,98
2024-09-18 10:21:40.763,410.3398844908381,997
2024-09-18 10:21:40.774,410.2781320469244,1001
2024-09-18 10:21:40.784,410.3320241646136,1000
2024-09-18 10:21:40.803,410.2586197267509,100
2024-09-18 10:21:40.892,-410.3005865854209,7
2024-09-18 10:21:40.928,410.2884670463686,98
2024-09-18 10:21:40.991,410.3154103290182,9
2024-09-18 10:21:41.050,410.23794080926905,998
2024-09-18 10:21:41.304,410.2658262712907,6
2024-09-18 10:21:41.425,410.2438527583334,8
2024-09-18 10:21:41.458,410.2359351675261,1005
2024-09-18 10:21:41.530,410.2493030767439,13
2024-09-18 10:21:41.601,410.24452615477065,95
2024-09-18 10:21:41.682,410.245739907969,97
2024-09-18 10:21:41.825,410.2525663324299,102
2024-09-18 10:21:41.994,410.26154586053696,1003
2024-09-18 10:21:41.997,410.2390497884072,13
2024-09-18 10:21:42.036,410.2552954726251,8
2024-09-18 10:21:42.141,410.2753205750872,8
2024-09-18 10:21:42.153,410.230810981394,1004
2024-09-18 10:21:42.247,410.271911507889,104
2024-09-18 10:21:42.274,410.28603401891576,14
2024-09-18 10:21:42.356,410.26351464823904,96
2024-09-18 10:21:42.442,410.2724186366161,102
2024-09-18 10:21:42.515,410.2438903758751,996
2024-09-18 10:21:42.595,410.249114241866,1000
2024-09-18 10:21:42.622,410.2436156321573,5
2024-09-18 10:21:42.701,410.2496388301537,1002
2024-09-18 10:21:42.722,410.26478124579467,104
2024-09-18 10:21:42.760,410.2748715558291,9
2024-09-18 10:21:42.854,410.2287064970752,100
2024-09-18 10:21:42.885,410.24819765791193,97
2024-09-18 10:21:42.995,410.2331293831248,10
2024-09-18 10:21:43.011,410.2079457167818,1001
2024-09-18 10:21:43.032,410.2239041057573,13
2024-09-18 10:21:43.057,410.2177673363073,13
2024-09-18 10:21:43.156,410.2241233607005,95
2024-09-18 10:21:43.188,410.2066702490001,6
2024-09-18 10:21:43.226,410.1907898012505,11
2024-09-18 10:21:43.247,410.2149646291692,7
2024-09-18 10:21:43.274,410.263151068506,5
2024-09-18 10:21:43.368,410.21943062481705,95
2024-09-18 10:21:43.505,410.2518992727229,95
2024-09-18 10:21:43.518,410.2284480286076,8
2024-09-18 10:21:43.527,410.2072178936969,11
2024-09-18 10:21:43.592,410.20758475046273,8
2024-09-18 10:21:43.740,410.2276641082128,104
2024-09-18 10:21:43.747,410.2320678159394,998
2024-09-18 10:21:43.761,410.21549334117856,999
2024-09-18 10:21:43.763,410.2159403135488,97
2024-09-18 10:21:43.769,410.20222797683147,101
2024-09-18 10:21:43.800,410.2124129071357,999
2024-09-18 10:21:43.944,410.2286003126382,5
2024-09-18 10:21:44.053,410.2213475819833,1004
2024-09-18 10:21:44.087,410.241283989544,6
2024-09-18 10:21:44.098,410.2283346757183,102
2024-09-18 10:21:44.134,410.2302820903125,102
2024-09-18 10:21:44.165,410.22465061998025,105
2024-09-18 10:21:44.308,410.2148100648871,98
2024-09-18 10:21:44.351,410.2138629302359,104
2024-09-18 10:21:44.399,410.20645249155655,14
2024-09-18 10:21:44.526,410.19296144911766,13
2024-09-18 10:21:44.553,410.2571366870213,96
2024-09-18 10:21:44.596,410.24771833257927,12
2024-09-18 10:21:44.652,410.2200832696688,1005
2024-09-18 10:21:44.652,410.2202780623652,96
2024-09-18 10:21:44.669,410.2050897467287,998
2024-09-18 10:21:44.675,410.2180448413815,1003
2024-09-18 10:21:44.692,410.2348941867196,101
2024-09-18 10:21:44.708,410.2422234786751,1001
2024-09-18 10:21:44.834,410.24027623084174,104
2024-09-18 10:21:44.912,410.228433557111,98
2024-09-18 10:21:44.969,410.1985533040119,998
2024-09-18 10:21:45.138,410.2208025521045,95
2024-09-18 10:21:45.632,410.2033119983219,998
2024-09-18 10:21:46.293,410.1818868581784,1004
2024-09-18 10:21:46.357,410.20418503178615,9
2024-09-18 10:21:46.373,410.2072681050249,999
2024-09-18 10:21:46.422,410.2018184311389,999
2024-09-18 10:21:46.440,410.2208918137365,999
2024-09-18 10:21:46.560,410.1920872355495,101
2024-09-18 10:21:46.714,410.1858456803742,98
2024-09-18 10:21:46.725,410.1934242767602,999
2024-09-18 10:21:46.856,410.2130402246952,1003
2024-09-18 10:21:46.882,410.2164431413887,102
2024-09-18 10:21:46.993,410.1844831647932,995
2024-09-18 10:21:47.014,410.2427008026802,8
2024-09-18 10:21:47.088,41.02736561966751,9
2024-09-18 10:21:47.094,410.2776671769608,96
2024-09-18 10:21:47.115,410.2733363404199,96
2024-09-18 10:21:47.117,410.25338450567824,995
2024-09-18 10:21:47.142,410.2679791908855,102
2024-09-18 10:21:47.171,410.24428377602135,1001
2024-09-18 10:21:47.183,410.2199619088606,1003
2024-09-18 10:21:47.247,-410.287886033983,1005
2024-09-18 10:21:47.340,410.2572826420315,12
2024-09-18 10:21:47.471,410.29532962748254,7
2024-09-18 10:21:47.474,410.2764410312368,101
2024-09-18 10:21:47.501,410.2537678795468,95
2024-09-18 10:21:47.538,41.02331560789153,104
2024-09-18 10:21:47.643,410.2625541749313,97
2024-09-18 10:21:47.683,410.2430615223236,102
2024-09-18 10:21:47.704,410.29756455226783,103
2024-09-18 10:21:47.747,410.2656034463732,5
2024-09-18 10:21:47.796,410.25476088814935,13
2024-09-18 10:21:47.828,410.2685881325743,7
2024-09-18 10:21:47.838,410.2386301836728,12
2024-09-18 10:21:47.839,410.2916402144491,102
2024-09-18 10:21:47.886,410.2231289962252,96
2024-09-18 10:21:47.929,410.2676381608955,97
2024-09-18 10:21:47.944,410.2555112820982,15
2024-09-18 10:21:47.950,410.2458495822093,9
2024-09-18 10:21:47.950,410.2417786133698,99
2024-09-18 10:21:48.008,410.20035197076896,100
2024-09-18 10:21:48.045,410.24054529568383,1004
2024-09-18 10:21:48.128,410.1948990759479,8
2024-09-18 10:21:48.169,410.2529110969946,7
2024-09-18 10:21:48.170,410.2244713768352,98
2024-09-18 10:21:48.289,410.2356126185108,97
2024-09-18 10:21:48.340,410.28091813637616,1002
2024-09-18 10:21:48.382,410.22677466314593,6
2024-09-18 10:21:48.392,410.2380041532088,103
2024-09-18 10:21:48.413,410.2336791649052,6
2024-09-18 10:21:48.418,410.18853484637424,1003
2024-09-18 10:21:48.454,410.28447437762287,98
2024-09-18 10:21:48.490,410.2737088222291,1002
2024-09-18 10:21:48.491,410.2992842167833,13
2024-09-18 10:21:48.538,410.1895678697751,12
2024-09-18 10:21:48.616,410.2091006560116,997
2024-09-18 10:21:48.663,410.2789258248215,999
2024-09-18 10:21:48.718,410.1921749449703,1005
2024-09-18 10:21:48.819,-410.2842750727594,998
2024-09-18 10:21:48.858,410.18709716965054,103
2024-09-18 10:21:48.926,410.1718761997721,999
2024-09-18 10:21:48.929,410.2212841811105,101
2024-09-18 10:21:48.978,410.1996590831481,101
2024-09-18 10:21:49.107,410.2307279139393,1003
2024-09-18 10:21:49.170,410.22153628634914,1002
2024-09-18 10:21:49.274,410.23686533496186,1003
2024-09-18 10:21:49.363,410.2382632572112,995
2024-09-18 10:21:49.394,410.205923084011,104
2024-09-18 10:21:49.450,410.20339659140814,1005
2024-09-18 10:21:49.456,,8
2024-09-18 10:21:49.577,410.23072319816913,1005
2024-09-18 10:21:49.620,410.2469983380521,98
2024-09-18 10:21:49.744,410.2022210683279,14
2024-09-18 10:21:49.835,410.23318197667686,104
2024-09-18 10:21:50.025,410.19172001235296,105
2024-09-18 10:21:50.178,410.212383474038,15
2024-09-18 10:21:50.180,410.1937787419012,996
2024-09-18 10:21:50.308,410.1868291246981,103
2024-09-18 10:21:50.873,410.1700678698864,103
2024-09-18 10:21:51.040,410.21080772126,6
2024-09-18 10:21:51.071,410.2271688285354,101
2024-09-18 10:21:51.077,410.17888424150266,101
2024-09-18 10:21:51.197,410.19695399698406,105
2024-09-18 10:21:51.210,410.1753361946833,1003
2024-09-18 10:21:51.266,410.2304495202729,998
2024-09-18 10:21:51.277,410.2511141742734,99
2024-09-18 10:21:51.394,410.1604688585125,6
2024-09-18 10:21:51.422,410.2505235689991,98
2024-09-18 10:21:51.454,410.20844534074666,102
2024-09-18 10:21:51.481,410.2131468186952,95
2024-09-18 10:21:51.485,410.1777680950165,95
2024-09-18 10:21:51.523,410.1866011947325,1005
2024-09-18 10:21:51.562,410.2092088378574,105
2024-09-18 10:21:51.568,410.16039775580447,95
2024-09-18 10:21:51.585,410.1626393838057,995
2024-09-18 10:21:51.608,410.1722995694424,1003
2024-09-18 10:21:51.618,410.1731313982083,5
2024-09-18 10:21:51.627,410.24822046165775,1004
2024-09-18 10:21:51.649,410.1758368466658,7
2024-09-18 10:21:51.654,410.250000742381,1001
2024-09-18 10:21:51.697,410.2000650738863,996
2024-09-18 10:21:51.770,410.2382723262086,97
2024-09-18 10:21:51.786,410.214562228973,10
2024-09-18 10:21:51.824,410.1984270846841,9
2024-09-18 10:21:51.847,410.1529616924852,11
2024-09-18 10:21:51.903,410.17429510653545,1000
2024-09-18 10:21:51.938,410.23426061592585,104
2024-09-18 10:21:51.968,410.1807918837358,100
2024-09-18 10:21:52.147,410.211174211496,10
2024-09-18 10:21:52.174,410.2094689966997,102
2024-09-18 10:21:52.522,410.2285414468308,99
2024-09-18 10:21:52.542,410.2157524572053,98
2024-09-18 10:21:52.585,410.2161000900397,100
2024-09-18 10:21:52.625,410.2142509094909,995
2024-09-18 10:21:52.684,410.2061470387347,103
2024-09-18 10:21:52.793,410.2254878952365,8
2024-09-18 10:21:52.945,410.2062189860451,8
2024-09-18 10:21:53.045,410.2414579716794,10
2024-09-18 10:21:53.057,410.2210326233528,104
2024-09-18 10:21:53.060,410.2770932081025,101
2024-09-18 10:21:53.062,410.2774121432109,103
2024-09-18 10:21:53.112,410.3010295665329,1004
2024-09-18 10:21:53.138,410.2071632280101,11
2024-09-18 10:21:53.163,410.2700187483402,15
2024-09-18 10:21:53.177,410.27464071112496,8
2024-09-18 10:21:53.185,,6
2024-09-18 10:21:53.207,410.1922245830168,8
2024-09-18 10:21:53.238,410.2708662872354,100
2024-09-18 10:21:53.312,410.2158569138605,102
2024-09-18 10:21:53.396,410.2793795259216,101
2024-09-18 10:21:53.397,410.1940843834685,997
2024-09-18 10:21:53.501,410.2028068324911,1004
2024-09-18 10:21:53.508,410.26097882832295,97
2024-09-18 10:21:53.530,410.1817228435715,97
2024-09-18 10:21:53.592,410.1855261379719,5
2024-09-18 10:21:53.592,410.1968050983139,14
2024-09-18 10:21:53.705,410.2658166542965,999
2024-09-18 10:21:53.767,410.1895661592336,998
2024-09-18 10:21:53.776,410.1846211427364,1001
2024-09-18 10:21:53.778,410.2799617344118,1002
2024-09-18 10:21:53.792,410.2748596577704,97
2024-09-18 10:21:53.863,410.2645394268031,10
2024-09-18 10:21:53.890,410.28663702822,1005
2024-09-18 10:21:53.952,410.272022922507,997
2024-09-18 10:21:53.960,410.2861221677831,1000
2024-09-18 10:21:53.976,410.2856662502778,995
2024-09-18 10:21:54.039,410.2661041313755,10
2024-09-18 10:21:54.078,410.23869973213647,15
2024-09-18 10:21:54.096,410.2399683498327,9
2024-09-18 10:21:54.131,410.27147565999815,998
2024-09-18 10:21:54.219,410.2709690737328,6
2024-09-18 10:21:54.250,410.275295358449,1001
2024-09-18 10:21:54.277,410.2441897349602,6
2024-09-18 10:21:54.472,410.24762893977226,103
2024-09-18 10:21:54.488,410.2606231541181,8
2024-09-18 10:21:54.546,410.246600309262,1005
2024-09-18 10:21:54.551,410.2547963557632,104
2024-09-18 10:21:54.587,410.2439546436119,14
2024-09-18 10:21:54.624,410.26150768017385,10
2024-09-18 10:21:54.658,410.2324255411555,6
2024-09-18 10:21:54.777,410.27099509460913,8
2024-09-18 10:21:54.857,410.2339249451429,999
2024-09-18 10:21:54.887,410.262570726849,97
2024-09-18 10:21:54.939,410.2303458171993,996
2024-09-18 10:21:54.956,410.2683521057548,103
2024-09-18 10:21:54.990,410.2463417544962,100
2024-09-18 10:21:54.993,410.2459898846121,95
2024-09-18 10:21:55.020,410.25968112739207,95
2024-09-18 10:21:55.097,410.2478879902741,997
2024-09-18 10:21:55.143,410.2805139662976,1004
2024-09-18 10:21:55.181,410.2934312124892,10
2024-09-18 10:21:55.262,410.2798944505339,996
2024-09-18 10:21:55.267,410.2524721900013,8
2024-09-18 10:21:55.377,410.23764648308514,96
2024-09-18 10:21:55.377,410.2991095217852,105
2024-09-18 10:21:55.393,410.25970313398994,15
2024-09-18 10:21:55.497,410.2598587620556,13
2024-09-18 10:21:55.607,410.2866222759209,1002
2024-09-18 10:21:55.625,410.2469154936481,99
2024-09-18 10:21:55.634,410.2511922070672,12
2024-09-18 10:21:55.662,410.30423055638266,999
2024-09-18 10:21:55.696,410.2320144700126,5
2024-09-18 10:21:55.697,410.2524122389901,9
2024-09-18 10:21:55.748,410.2457776503452,8
2024-09-18 10:21:55.753,410.2833381073565,996
2024-09-18 10:21:55.765,410.2798187277644,97
2024-09-18 10:21:55.808,410.2990019719556,96
2024-09-18 10:21:55.830,410.3043112817074,9
2024-09-18 10:21:55.931,410.2457746990463,1000
2024-09-18 10:21:55.936,410.2641967795515,100
2024-09-18 10:21:55.996,410.2573622775379,11
2024-09-18 10:21:56.059,410.24007812461633,105
2024-09-18 10:21:56.140,410.26339199529633,9
2024-09-18 10:21:56.342,410.24174148224927,1002
2024-09-18 10:21:56.548,410.2350365597361,99
2024-09-18 10:21:56.660,410.241032260974,9
2024-09-18 10:21:57.163,410.22379694212594,995
2024-09-18 10:21:57.254,410.2378250424255,105
2024-09-18 10:21:57.266,410.23452914234286,995
2024-09-18 10:21:57.273,410.2358287765275,13
2024-09-18 10:21:57.289,410.2243190828144,1003
2024-09-18 10:21:57.361,410.246383752206,6
2024-09-18 10:21:57.408,410.23949609182654,1000
2024-09-18 10:21:57.471,410.232016287358,100
2024-09-18 10:21:57.487,410.2387533384186,100
2024-09-18 10:21:57.567,410.2334272496995,14
2024-09-18 10:21:57.775,410.2422058769303,12
2024-09-18 10:21:57.918,410.2311856120048,10
2024-09-18 10:21:57.954,410.24324276890746,10
2024-09-18 10:21:58.910,410.2356360269136,998
2024-09-18 10:21:59.120,410.1577353117559,104
2024-09-18 10:21:59.125,410.22689868216,1005
2024-09-18 10:21:59.546,410.1847213860772,100
2024-09-18 10:21:59.552,410.1654236069436,5
2024-09-18 10:21:59.645,410.1961814302811,1000
2024-09-18 10:21:59.648,410.1933967142293,99
2024-09-18 10:21:59.697,410.1707448553023,97
2024-09-18 10:21:59.771,410.2023162022241,996
2024-09-18 10:21:59.924,-410.2179860182328,95
2024-09-18 10:21:59.975,410.18760832230623,995
