Timestamp,Price,Size
2024-09-17 13:40:00.012,401.0594582564598,999
2024-09-17 13:40:00.062,401.0932368316115,5
2024-09-17 13:40:00.082,401.0900120193917,995
2024-09-17 13:40:00.206,401.0730459717294,13
2024-09-17 13:40:00.212,401.1158895932657,102
2024-09-17 13:40:00.218,401.10313566275056,102
2024-09-17 13:40:00.232,401.0560045741729,997
2024-09-17 13:40:00.243,401.10768953344177,6
2024-09-17 13:40:00.260,401.13011400199247,97
2024-09-17 13:40:00.308,401.08054806318,1004
2024-09-17 13:40:00.310,401.07758188137,6
2024-09-17 13:40:00.319,401.140935065713,995
2024-09-17 13:40:00.342,401.0643345716014,7
2024-09-17 13:40:00.347,401.1287566971918,5
2024-09-17 13:40:00.367,401.0904492693304,10
2024-09-17 13:40:00.419,401.0592704549938,997
2024-09-17 13:40:00.503,401.13163431198114,102
2024-09-17 13:40:00.510,401.0962113483847,8
2024-09-17 13:40:00.526,401.0918724036704,105
2024-09-17 13:40:00.668,40.1138999462198,8
2024-09-17 13:40:00.782,401.0641074427159,101
2024-09-17 13:40:00.825,401.06216592445617,1002
2024-09-17 13:40:00.865,401.08078574326254,998
2024-09-17 13:40:00.880,401.0969556142163,9
2024-09-17 13:40:00.902,401.08553729480815,7
2024-09-17 13:40:00.904,401.11550112195295,1002
2024-09-17 13:40:00.939,401.0924598523858,1002
2024-09-17 13:40:00.973,401.0934739611416,95
2024-09-17 13:40:00.996,401.089422226675,997
2024-09-17 13:40:01.010,401.07860930702464,12
2024-09-17 13:40:01.223,401.0995727182684,104
2024-09-17 13:40:01.324,401.07016385985656,96
2024-09-17 13:40:01.360,401.0966535088213,995
2024-09-17 13:40:01.639,401.0938314914568,1003
2024-09-17 13:40:01.837,401.0661662681598,98
2024-09-17 13:40:01.874,401.0858085585693,103
2024-09-17 13:40:01.894,401.0835600066552,10
2024-09-17 13:40:02.034,401.1053753038001,1003
2024-09-17 13:40:02.039,401.0971717443272,13
2024-09-17 13:40:02.113,401.1177051186487,997
2024-09-17 13:40:02.140,401.10952737056783,1003
2024-09-17 13:40:02.195,,1000
2024-09-17 13:40:02.236,401.0881057092376,13
2024-09-17 13:40:02.285,401.1180836981507,9
2024-09-17 13:40:02.335,401.1015990814465,995
2024-09-17 13:40:02.382,401.0982696028235,102
2024-09-17 13:40:02.521,401.1245065933948,1003
2024-09-17 13:40:02.611,401.07468121544537,9
2024-09-17 13:40:02.643,401.111379813719,11
2024-09-17 13:40:02.671,401.0844402374227,14
2024-09-17 13:40:02.743,401.129344769384,13
2024-09-17 13:40:02.743,401.0955724664743,996
2024-09-17 13:40:02.769,401.112184183776,995
2024-09-17 13:40:02.784,401.0714880475323,99
2024-09-17 13:40:02.806,401.1221066336068,12
2024-09-17 13:40:02.846,401.0986914333933,1000
2024-09-17 13:40:02.887,401.1178465218592,104
2024-09-17 13:40:03.396,401.1418702591469,1001
2024-09-17 13:40:03.411,401.1309622010584,98
2024-09-17 13:40:03.915,401.1449614733833,10
2024-09-17 13:40:04.865,401.13967749143234,1002
2024-09-17 13:40:05.041,401.0983932270933,103
2024-09-17 13:40:05.095,401.0975956015,1000
2024-09-17 13:40:05.110,401.0997421035063,98
2024-09-17 13:40:05.126,401.1070378228937,1000
2024-09-17 13:40:05.152,401.0999755743805,97
2024-09-17 13:40:05.173,401.0975853152272,1003
2024-09-17 13:40:05.210,401.1025262171564,104
2024-09-17 13:40:05.224,401.0961037870051,1001
2024-09-17 13:40:05.231,401.0966088380046,104
2024-09-17 13:40:05.260,401.11348526482095,997
2024-09-17 13:40:05.296,401.1020757434972,101
2024-09-17 13:40:05.327,401.0952685244378,96
2024-09-17 13:40:05.347,401.1018588688475,95
2024-09-17 13:40:05.355,401.07846134598645,15
2024-09-17 13:40:05.425,401.09331862899086,103
2024-09-17 13:40:05.494,401.1228741881264,104
2024-09-17 13:40:05.501,401.1324095954791,999
2024-09-17 13:40:05.510,401.1477382806014,9
2024-09-17 13:40:05.518,401.1524774589104,7
2024-09-17 13:40:05.533,401.0925707359066,12
2024-09-17 13:40:05.590,401.0825564864722,10
2024-09-17 13:40:05.626,401.1078692650794,98
2024-09-17 13:40:05.628,401.1358200152147,100
2024-09-17 13:40:05.676,401.0859725835096,11
2024-09-17 13:40:05.691,401.1262214644562,103
2024-09-17 13:40:05.829,401.09460200035977,5
2024-09-17 13:40:05.990,401.1105121125869,105
2024-09-17 13:40:06.021,401.1542207469372,1004
2024-09-17 13:40:06.382,401.1599553784872,102
2024-09-17 13:40:06.501,401.1606801021304,998
2024-09-17 13:40:06.724,401.1412703927661,100
2024-09-17 13:40:06.757,401.1477492334152,97
2024-09-17 13:40:06.842,401.1561453357566,95
2024-09-17 13:40:06.951,401.14915111618205,101
2024-09-17 13:40:06.971,401.14315171311057,97
2024-09-17 13:40:07.234,401.0803607882034,9
2024-09-17 13:40:07.289,401.0597967545834,1002
2024-09-17 13:40:07.346,401.0740654468135,11
2024-09-17 13:40:07.372,40.11059548435423,995
2024-09-17 13:40:07.415,401.0833260865065,102
2024-09-17 13:40:07.488,401.1317284772352,1000
2024-09-17 13:40:07.520,401.12075543037975,1002
2024-09-17 13:40:07.544,401.128730098992,100
2024-09-17 13:40:07.559,401.0910509230612,996
2024-09-17 13:40:07.573,401.1342965931718,13
2024-09-17 13:40:07.584,401.14069683469984,6
2024-09-17 13:40:07.638,401.1119028828618,1004
2024-09-17 13:40:07.660,401.0730628156902,100
2024-09-17 13:40:07.665,401.0473608324023,101
2024-09-17 13:40:07.675,401.0531376334,99
2024-09-17 13:40:07.724,401.0799762616708,10
2024-09-17 13:40:07.737,401.1327021615338,98
2024-09-17 13:40:07.756,401.0424852703247,13
2024-09-17 13:40:07.840,401.1106253275993,102
2024-09-17 13:40:07.921,401.09946700711936,14
2024-09-17 13:40:07.946,401.1186850283887,96
2024-09-17 13:40:08.014,401.07221082887503,1004
2024-09-17 13:40:08.035,401.0862044498177,100
2024-09-17 13:40:08.061,401.06016294496,15
2024-09-17 13:40:08.078,401.0315736233529,995
2024-09-17 13:40:08.121,401.0722860617539,999
2024-09-17 13:40:08.154,401.0259531924885,1003
2024-09-17 13:40:08.162,401.0644024832898,97
2024-09-17 13:40:08.184,401.0575040496195,5
2024-09-17 13:40:08.251,401.0412264867021,101
2024-09-17 13:40:08.293,401.07940926899926,996
2024-09-17 13:40:08.329,401.0276000963026,100
2024-09-17 13:40:08.347,401.0868464318265,996
2024-09-17 13:40:08.363,401.0430699178726,1000
2024-09-17 13:40:08.390,401.0651517496507,7
2024-09-17 13:40:08.402,401.0473170753564,103
2024-09-17 13:40:08.419,401.0685144194007,105
2024-09-17 13:40:08.482,401.055696775437,997
2024-09-17 13:40:08.603,401.0241335288789,13
2024-09-17 13:40:08.620,401.07940436548114,98
2024-09-17 13:40:08.624,401.0727382645746,12
2024-09-17 13:40:08.665,401.07128272367504,101
2024-09-17 13:40:08.670,401.0869225398996,100
2024-09-17 13:40:08.744,401.0410864439355,10
2024-09-17 13:40:08.763,401.0926465263097,105
2024-09-17 13:40:08.775,401.06663705490456,1002
2024-09-17 13:40:08.780,401.1011064525997,1000
2024-09-17 13:40:08.816,401.0501447240448,10
2024-09-17 13:40:08.838,401.062053331473,15
2024-09-17 13:40:08.857,401.0882607412549,105
2024-09-17 13:40:08.942,401.0606104368496,997
2024-09-17 13:40:09.019,401.0583059483221,97
2024-09-17 13:40:09.032,401.0626024634101,99
2024-09-17 13:40:09.081,401.0172582016328,14
2024-09-17 13:40:09.137,401.0387174494634,998
2024-09-17 13:40:09.303,401.0547752515244,7
2024-09-17 13:40:09.308,401.0196915319352,95
2024-09-17 13:40:09.321,401.0285889301592,6
2024-09-17 13:40:09.329,401.019506890323,1005
2024-09-17 13:40:09.344,401.06980994759874,15
2024-09-17 13:40:09.402,401.0560308596512,1001
2024-09-17 13:40:09.412,401.0067821138532,1003
2024-09-17 13:40:09.421,401.0679945004628,996
2024-09-17 13:40:09.470,40.10623726777752,12
2024-09-17 13:40:09.489,401.01974994073305,999
2024-09-17 13:40:09.529,401.0147493359781,102
2024-09-17 13:40:09.579,401.0241708669605,101
2024-09-17 13:40:09.619,401.0532398632193,997
2024-09-17 13:40:09.638,401.0463747115466,996
2024-09-17 13:40:09.651,401.0319664876624,1005
2024-09-17 13:40:09.706,401.022743097273,1000
2024-09-17 13:40:09.711,401.0243608680544,997
2024-09-17 13:40:09.726,401.0337627480771,5
2024-09-17 13:40:09.748,401.056972637453,100
2024-09-17 13:40:09.874,401.0225012179498,14
2024-09-17 13:40:10.069,401.0023158462968,996
2024-09-17 13:40:10.566,401.00455882853873,14
2024-09-17 13:40:10.659,401.01082704735023,6
2024-09-17 13:40:10.864,400.99048401715686,99
2024-09-17 13:40:11.236,400.960893257968,13
2024-09-17 13:40:11.239,400.99330749535073,997
2024-09-17 13:40:11.846,401.00235041569374,1000
2024-09-17 13:40:12.037,400.9593634877557,1002
2024-09-17 13:40:12.047,400.9706985737249,1002
2024-09-17 13:40:12.051,401.016550659437,997
2024-09-17 13:40:12.134,401.0126153199998,10
2024-09-17 13:40:12.183,400.9536656187703,15
2024-09-17 13:40:12.191,401.0102723146367,97
2024-09-17 13:40:12.206,401.01063142648366,15
2024-09-17 13:40:12.206,400.9759802423835,102
2024-09-17 13:40:12.348,401.016155758059,11
2024-09-17 13:40:12.393,401.0316137690995,5
2024-09-17 13:40:12.427,401.0121050496858,1002
2024-09-17 13:40:12.446,401.0103781961945,102
2024-09-17 13:40:12.498,400.9471123235825,99
2024-09-17 13:40:12.581,401.015923763508,95
2024-09-17 13:40:12.688,400.9996726309753,100
2024-09-17 13:40:12.690,400.9697029609115,1000
2024-09-17 13:40:12.736,401.0089327591421,12
2024-09-17 13:40:12.777,401.0294273714076,104
2024-09-17 13:40:12.795,400.99393510634826,103
2024-09-17 13:40:12.852,400.96538614960303,1004
2024-09-17 13:40:12.882,-401.0149396028799,104
2024-09-17 13:40:13.108,401.0275559677781,996
2024-09-17 13:40:13.317,401.04225152607086,995
2024-09-17 13:40:13.446,401.0351252091694,1000
2024-09-17 13:40:13.774,401.0414932030105,997
2024-09-17 13:40:14.020,-401.0896983162106,102
2024-09-17 13:40:14.040,401.0245987351769,1004
2024-09-17 13:40:14.099,401.0994756683624,5
2024-09-17 13:40:14.119,401.04560611201225,100
2024-09-17 13:40:14.134,401.0709790154295,11
2024-09-17 13:40:14.174,401.0822326335928,99
2024-09-17 13:40:14.221,401.1066989726947,102
2024-09-17 13:40:14.249,401.07468964336266,98
2024-09-17 13:40:14.267,401.0872378441007,11
2024-09-17 13:40:14.271,401.1005549104455,95
2024-09-17 13:40:14.358,401.0414106308219,96
2024-09-17 13:40:14.440,401.0823311507736,8
2024-09-17 13:40:14.531,401.02468019127656,103
2024-09-17 13:40:14.539,401.1072269829976,104
2024-09-17 13:40:14.698,401.031360345376,999
2024-09-17 13:40:14.713,401.0587079401827,105
2024-09-17 13:40:14.723,401.10301872439766,12
2024-09-17 13:40:14.775,401.0984639327764,8
2024-09-17 13:40:14.794,401.0304580884854,999
2024-09-17 13:40:14.796,401.02196372576975,1000
2024-09-17 13:40:14.887,401.08266614261726,95
2024-09-17 13:40:14.896,401.0844153433363,998
2024-09-17 13:40:14.921,401.1039229579618,95
2024-09-17 13:40:15.037,401.0915209118839,14
2024-09-17 13:40:15.116,401.0956796865398,999
2024-09-17 13:40:15.185,401.04927348185805,999
2024-09-17 13:40:15.208,401.07852399981056,105
2024-09-17 13:40:15.222,,12
2024-09-17 13:40:15.243,401.0545056506107,14
2024-09-17 13:40:15.269,401.0508383678799,6
2024-09-17 13:40:15.270,401.0895953192415,95
2024-09-17 13:40:15.312,401.0575235051047,999
2024-09-17 13:40:15.385,401.0729476869665,1004
2024-09-17 13:40:15.397,401.0809013404306,997
2024-09-17 13:40:15.453,401.044469250767,1001
2024-09-17 13:40:15.484,401.0518207016086,102
2024-09-17 13:40:15.607,401.0626866123177,10
2024-09-17 13:40:15.627,401.0417792747188,11
2024-09-17 13:40:15.633,401.0531733528466,12
2024-09-17 13:40:15.708,401.0483906485141,13
2024-09-17 13:40:15.745,401.0788104235641,9
2024-09-17 13:40:15.761,401.0575096926008,7
2024-09-17 13:40:15.847,401.0394043706442,8
2024-09-17 13:40:15.866,401.0762812173352,8
2024-09-17 13:40:15.869,401.0636266955597,103
2024-09-17 13:40:15.991,401.0380046735722,98
2024-09-17 13:40:16.085,-401.0435128854904,98
2024-09-17 13:40:16.102,401.0473942337693,96
2024-09-17 13:40:16.166,401.025225778646,105
2024-09-17 13:40:16.228,401.06311739277817,102
2024-09-17 13:40:16.253,401.0612829223188,100
2024-09-17 13:40:16.261,401.0619210185488,995
2024-09-17 13:40:16.298,401.05196450923086,13
2024-09-17 13:40:16.299,401.06776422947553,997
2024-09-17 13:40:16.320,401.0772777723409,995
2024-09-17 13:40:16.333,401.0644696799976,101
2024-09-17 13:40:16.340,401.0695243271399,1005
2024-09-17 13:40:16.341,401.04968401582255,96
2024-09-17 13:40:16.341,401.0387248089512,996
2024-09-17 13:40:16.357,401.0867135007501,15
2024-09-17 13:40:16.365,401.0607250713261,99
2024-09-17 13:40:16.384,401.0645866746569,9
2024-09-17 13:40:16.393,401.0211348684381,998
2024-09-17 13:40:16.450,401.0278846408419,105
2024-09-17 13:40:16.485,401.0582444884849,999
2024-09-17 13:40:16.494,401.0449424818712,6
2024-09-17 13:40:16.508,401.06394010539145,10
2024-09-17 13:40:16.561,401.0285107924119,995
2024-09-17 13:40:16.584,401.0453938031218,1005
2024-09-17 13:40:16.701,401.0194394822229,5
2024-09-17 13:40:16.703,401.03141345763,10
2024-09-17 13:40:16.768,401.04811142079865,100
2024-09-17 13:40:16.801,401.05182744073335,101
2024-09-17 13:40:16.883,401.0522121580302,1001
2024-09-17 13:40:17.000,400.9787126801285,11
2024-09-17 13:40:17.006,401.0247453980104,5
2024-09-17 13:40:17.031,401.0020833582076,9
2024-09-17 13:40:17.138,401.02537841319145,997
2024-09-17 13:40:17.150,,1002
2024-09-17 13:40:17.230,401.00394286515456,1003
2024-09-17 13:40:17.291,401.0152996198272,995
2024-09-17 13:40:17.336,401.0177916685535,14
2024-09-17 13:40:17.475,401.0347322081786,101
2024-09-17 13:40:17.539,401.03221786604126,96
2024-09-17 13:40:17.850,400.9864129937479,1003
2024-09-17 13:40:17.879,400.9973037493477,12
2024-09-17 13:40:17.931,400.9782255228305,95
2024-09-17 13:40:17.961,401.0254467355401,10
2024-09-17 13:40:17.968,401.02253743377736,999
2024-09-17 13:40:17.981,400.99894416162346,1005
2024-09-17 13:40:18.050,401.06858165681416,997
2024-09-17 13:40:18.192,401.0348928743169,1000
2024-09-17 13:40:18.243,401.029239399992,14
2024-09-17 13:40:18.251,401.061519011448,1004
2024-09-17 13:40:18.261,401.0381237304571,10
2024-09-17 13:40:18.387,401.0154423104334,1003
2024-09-17 13:40:18.545,401.03271388554793,95
2024-09-17 13:40:18.617,401.0410357922128,999
2024-09-17 13:40:18.750,401.0372289717857,102
2024-09-17 13:40:18.755,401.029751477234,105
2024-09-17 13:40:18.889,401.0622333879874,103
2024-09-17 13:40:18.906,401.0208487992269,98
2024-09-17 13:40:19.056,401.08932906069214,96
2024-09-17 13:40:19.097,401.0355160710416,11
2024-09-17 13:40:19.103,401.0336838625217,104
2024-09-17 13:40:19.164,401.0801785677048,96
2024-09-17 13:40:19.179,401.0766335025219,7
2024-09-17 13:40:19.261,401.05327594732455,998
2024-09-17 13:40:19.303,401.0392266049432,1005
2024-09-17 13:40:19.311,401.0765597223917,95
2024-09-17 13:40:19.344,401.087765907068,996
2024-09-17 13:40:19.350,401.0508258463682,13
2024-09-17 13:40:19.403,401.0677214090889,14
2024-09-17 13:40:19.427,401.0489401352856,1001
2024-09-17 13:40:19.430,401.0508690271124,1004
2024-09-17 13:40:19.438,401.0666262011927,1003
2024-09-17 13:40:19.439,401.0472680581611,15
2024-09-17 13:40:19.477,401.08843807963865,100
2024-09-17 13:40:19.478,401.1023333029499,104
2024-09-17 13:40:19.495,401.0289117269739,1001
2024-09-17 13:40:19.627,401.04553710946726,6
2024-09-17 13:40:19.666,401.0706270786298,1002
2024-09-17 13:40:19.689,401.10409649282406,1005
2024-09-17 13:40:19.706,401.0575603580808,102
2024-09-17 13:40:19.716,401.0621599054653,10
2024-09-17 13:40:19.781,401.0925851384872,1000
2024-09-17 13:40:19.803,401.0863202169427,96
2024-09-17 13:40:19.821,401.0502030482539,101
2024-09-17 13:40:19.836,401.076975122785,6
2024-09-17 13:40:19.865,401.03203322235225,105
2024-09-17 13:40:19.910,401.0484549651754,101
2024-09-17 13:40:19.916,401.1132405184638,105
2024-09-17 13:40:20.030,401.0788025169945,102
2024-09-17 13:40:20.652,401.0738906329234,97
2024-09-17 13:40:20.783,401.0791949074318,5
2024-09-17 13:40:20.786,401.0802816899641,1001
2024-09-17 13:40:21.041,401.06375275434783,96
2024-09-17 13:40:21.075,401.07519629112585,13
2024-09-17 13:40:21.085,401.0288022975096,100
2024-09-17 13:40:21.201,401.0386959128695,7
2024-09-17 13:40:21.255,401.04337008545326,1003
2024-09-17 13:40:21.356,401.03866672599,95
2024-09-17 13:40:21.364,401.0770920379832,105
2024-09-17 13:40:21.385,401.08566119037806,99
2024-09-17 13:40:21.458,401.05330415011287,103
2024-09-17 13:40:21.486,401.057618792221,11
2024-09-17 13:40:21.498,401.0500832725317,101
2024-09-17 13:40:21.516,401.0771792140926,98
2024-09-17 13:40:21.531,-401.0710735173227,95
2024-09-17 13:40:21.562,401.0575466066663,6
2024-09-17 13:40:21.671,401.05643137693886,1002
2024-09-17 13:40:21.679,,7
2024-09-17 13:40:21.690,401.0694323703252,999
2024-09-17 13:40:21.761,401.0368567813285,14
2024-09-17 13:40:21.818,401.0623279903398,13
2024-09-17 13:40:21.839,401.0841633732255,997
2024-09-17 13:40:21.845,401.0684312284472,100
2024-09-17 13:40:21.921,401.0707255934392,11
2024-09-17 13:40:21.925,401.036928314995,105
2024-09-17 13:40:21.977,401.0639550636218,1001
2024-09-17 13:40:22.049,401.07136474652646,96
2024-09-17 13:40:22.084,401.0811169234551,101
2024-09-17 13:40:22.170,401.0986100696576,996
2024-09-17 13:40:22.172,401.0948729556089,9
2024-09-17 13:40:22.182,401.0821985767814,95
2024-09-17 13:40:22.218,401.0842672692688,97
2024-09-17 13:40:22.228,401.0817825391181,95
2024-09-17 13:40:22.298,401.0593252202504,99
2024-09-17 13:40:22.332,401.0377350220394,8
2024-09-17 13:40:22.372,401.0829044964714,997
2024-09-17 13:40:22.413,401.06972155695365,102
2024-09-17 13:40:22.421,401.02205808994495,15
2024-09-17 13:40:22.510,401.0462989392574,103
2024-09-17 13:40:22.518,401.0974800530923,13
2024-09-17 13:40:22.537,401.0317670600947,102
2024-09-17 13:40:22.601,401.0308510514864,10
2024-09-17 13:40:22.647,401.0728980587413,97
2024-09-17 13:40:22.652,401.0264621385434,15
2024-09-17 13:40:22.685,401.05694994765054,996
2024-09-17 13:40:22.733,401.0204144289795,995
2024-09-17 13:40:22.765,401.0858384550682,103
2024-09-17 13:40:22.901,401.023732832729,95
2024-09-17 13:40:22.943,-401.0880378936865,8
2024-09-17 13:40:23.023,400.9906180185887,999
2024-09-17 13:40:23.045,401.03180269571146,104
2024-09-17 13:40:23.080,401.0417943574443,1004
2024-09-17 13:40:23.107,401.0143774983165,1002
2024-09-17 13:40:23.113,401.0070366321186,995
2024-09-17 13:40:23.161,40.101502996666376,15
2024-09-17 13:40:23.163,400.9967059822697,6
2024-09-17 13:40:23.265,401.0119985186532,96
2024-09-17 13:40:23.447,401.0105393510891,7
2024-09-17 13:40:23.460,400.9779252471835,12
2024-09-17 13:40:23.529,401.04435004883766,12
2024-09-17 13:40:23.603,401.02815280304566,997
2024-09-17 13:40:23.694,401.0203083547888,103
2024-09-17 13:40:23.771,401.0108489006018,13
2024-09-17 13:40:23.781,401.0249435271596,99
2024-09-17 13:40:23.826,401.0353277766592,1005
2024-09-17 13:40:23.915,400.9782768373846,100
2024-09-17 13:40:23.940,401.007363312266,7
2024-09-17 13:40:24.046,401.0062901500485,1001
2024-09-17 13:40:24.096,400.9868507168073,98
2024-09-17 13:40:24.097,400.9637028052019,101
2024-09-17 13:40:24.179,401.0767014792392,10
2024-09-17 13:40:24.224,401.07539163913947,102
2024-09-17 13:40:24.285,401.01588417918833,102
2024-09-17 13:40:24.365,400.9638598728821,12
2024-09-17 13:40:24.515,400.9711434972734,105
2024-09-17 13:40:24.526,401.0747688914091,100
2024-09-17 13:40:24.590,401.00249602941705,95
2024-09-17 13:40:24.592,401.0851764478987,14
2024-09-17 13:40:24.596,401.0227619572148,6
2024-09-17 13:40:24.656,400.9899986943888,97
2024-09-17 13:40:24.720,401.0579448440329,13
2024-09-17 13:40:24.750,400.97897002997735,102
2024-09-17 13:40:24.776,401.05544913749713,102
2024-09-17 13:40:24.801,401.0147667409324,14
2024-09-17 13:40:24.887,400.9491535086578,101
2024-09-17 13:40:24.892,400.9933614874377,10
2024-09-17 13:40:24.897,401.0330908781508,98
2024-09-17 13:40:24.937,401.0745998086495,997
2024-09-17 13:40:24.974,400.9851110881995,1001
2024-09-17 13:40:25.316,401.0980050548421,8
2024-09-17 13:40:25.602,401.1052953702856,99
2024-09-17 13:40:26.009,401.03979023695854,103
2024-09-17 13:40:26.099,401.0313005069464,1003
2024-09-17 13:40:26.126,401.035839015995,995
2024-09-17 13:40:26.129,401.10333533722246,12
2024-09-17 13:40:26.142,401.040738660913,999
2024-09-17 13:40:26.143,401.0405811975306,98
2024-09-17 13:40:26.154,401.0556351882423,103
2024-09-17 13:40:26.161,401.0353841604759,105
2024-09-17 13:40:26.183,401.08646317879976,15
2024-09-17 13:40:26.203,401.02650465806687,12
2024-09-17 13:40:26.302,401.0544343076992,996
2024-09-17 13:40:26.374,401.0642346224224,999
2024-09-17 13:40:26.388,401.1084675963448,14
2024-09-17 13:40:26.420,401.0333180750064,104
2024-09-17 13:40:26.433,401.097722168809,1002
2024-09-17 13:40:26.511,401.09867113487,1002
2024-09-17 13:40:26.572,401.0939057095599,1004
2024-09-17 13:40:26.582,401.0446244381854,5
2024-09-17 13:40:26.595,401.0137307464608,8
2024-09-17 13:40:26.628,401.0786452686618,6
2024-09-17 13:40:26.672,401.054999339489,100
2024-09-17 13:40:26.713,401.082408323661,14
2024-09-17 13:40:26.757,401.09147217823255,1001
2024-09-17 13:40:26.768,401.064760775545,97
2024-09-17 13:40:26.779,401.07605616083913,1004
2024-09-17 13:40:26.861,401.0498546892799,105
2024-09-17 13:40:26.886,401.0943845838743,15
2024-09-17 13:40:26.887,401.1048464050346,14
2024-09-17 13:40:26.932,401.04186086949215,103
2024-09-17 13:40:26.957,401.09126687027737,5
2024-09-17 13:40:27.000,400.9751979189926,97
2024-09-17 13:40:27.061,401.01305675546587,997
2024-09-17 13:40:27.085,400.9821225152277,98
2024-09-17 13:40:27.109,400.96095254129074,1004
2024-09-17 13:40:27.207,401.0126388324306,104
2024-09-17 13:40:27.284,400.9982913791609,98
2024-09-17 13:40:27.422,400.9817325171235,9
2024-09-17 13:40:27.485,400.9919912273807,997
2024-09-17 13:40:27.510,401.0137947536494,997
2024-09-17 13:40:27.515,400.9898066945036,8
2024-09-17 13:40:27.521,400.9835560081068,14
2024-09-17 13:40:27.531,400.99675000522456,99
2024-09-17 13:40:27.585,400.9925929263261,104
2024-09-17 13:40:27.619,400.9999907461988,1005
2024-09-17 13:40:27.638,400.9904266353619,999
2024-09-17 13:40:27.833,400.9847782544509,99
2024-09-17 13:40:27.834,401.0003723377304,10
2024-09-17 13:40:27.863,40.098639108028976,1003
2024-09-17 13:40:27.866,400.9971782938872,15
2024-09-17 13:40:27.870,400.9894154877891,103
2024-09-17 13:40:27.904,400.99575422464505,10
2024-09-17 13:40:28.197,400.9060026945656,7
2024-09-17 13:40:28.266,400.9447794592685,98
2024-09-17 13:40:28.331,400.9375505128299,1001
2024-09-17 13:40:28.396,400.918879042708,8
2024-09-17 13:40:28.400,400.9112418894222,1000
2024-09-17 13:40:28.414,400.89592105355234,6
2024-09-17 13:40:28.602,400.90070597010026,12
2024-09-17 13:40:28.615,400.9122191491885,8
2024-09-17 13:40:28.627,400.9652911957021,103
2024-09-17 13:40:28.679,400.9038274513235,6
2024-09-17 13:40:28.688,400.960668390045,1000
2024-09-17 13:40:28.707,400.913463228951,12
2024-09-17 13:40:28.744,400.9546333523523,104
2024-09-17 13:40:28.753,400.8998122574424,95
2024-09-17 13:40:28.855,400.9083749871458,10
2024-09-17 13:40:28.904,400.96161274845446,97
2024-09-17 13:40:29.091,400.9129629801092,102
2024-09-17 13:40:29.122,400.8962643289663,104
2024-09-17 13:40:29.673,400.9179164336613,998
2024-09-17 13:40:29.756,400.9109298172581,103
2024-09-17 13:40:29.792,400.91015373055046,6
2024-09-17 13:40:30.226,400.8863873262361,103
2024-09-17 13:40:30.701,400.8767508768597,996
2024-09-17 13:40:30.777,400.8874906892485,997
2024-09-17 13:40:30.830,400.8634338648757,997
2024-09-17 13:40:30.951,-400.8842829254068,105
2024-09-17 13:40:31.034,400.8942700044758,96
2024-09-17 13:40:31.098,400.89717746155617,1003
2024-09-17 13:40:31.161,400.8938058863295,1002
2024-09-17 13:40:31.191,400.92009975553833,12
2024-09-17 13:40:31.194,400.88591129165474,13
2024-09-17 13:40:31.202,400.90833913946506,10
2024-09-17 13:40:31.211,400.8982812562868,15
2024-09-17 13:40:31.294,400.8897651225843,996
2024-09-17 13:40:31.336,400.897676298592,996
2024-09-17 13:40:31.347,400.879981642064,1003
2024-09-17 13:40:31.408,400.9171103698357,999
2024-09-17 13:40:31.417,400.8923189154261,13
2024-09-17 13:40:31.456,400.9109373873585,1002
2024-09-17 13:40:31.510,400.9042217516784,9
2024-09-17 13:40:31.528,,13
2024-09-17 13:40:31.544,400.91146708601633,8
2024-09-17 13:40:31.576,400.92332906635966,95
2024-09-17 13:40:31.592,400.9083951682525,103
2024-09-17 13:40:31.674,400.9134692641869,6
2024-09-17 13:40:31.693,400.8907002582232,13
2024-09-17 13:40:31.736,400.8835025939191,95
2024-09-17 13:40:31.743,400.878097270908,999
2024-09-17 13:40:31.974,400.8783383071725,1000
2024-09-17 13:40:32.174,400.9043501730381,998
2024-09-17 13:40:32.357,400.9032930150457,95
2024-09-17 13:40:32.565,,95
2024-09-17 13:40:32.567,400.9051604095927,6
2024-09-17 13:40:33.128,400.86540347212537,96
2024-09-17 13:40:33.154,400.8700568369047,15
2024-09-17 13:40:33.157,400.84912692949945,5
2024-09-17 13:40:33.164,400.9003975682104,100
2024-09-17 13:40:33.198,400.8545685868242,101
2024-09-17 13:40:33.199,400.8915475243309,1002
2024-09-17 13:40:33.224,400.8853522712815,100
2024-09-17 13:40:33.273,400.851729940802,9
2024-09-17 13:40:33.368,400.87941584813257,8
2024-09-17 13:40:33.382,400.8833919814351,95
2024-09-17 13:40:33.405,400.88826570950425,97
2024-09-17 13:40:33.452,400.89481368229536,99
2024-09-17 13:40:33.566,400.906419528199,996
2024-09-17 13:40:33.568,400.8546574351165,998
2024-09-17 13:40:33.582,400.84709065163247,8
2024-09-17 13:40:33.623,400.8815007706009,95
2024-09-17 13:40:33.646,400.8537233565967,12
2024-09-17 13:40:33.651,400.9129576195696,996
2024-09-17 13:40:33.658,400.8699939049708,1005
2024-09-17 13:40:33.662,400.8471845256522,998
2024-09-17 13:40:33.773,400.8728617204269,8
2024-09-17 13:40:33.794,400.8550912947955,13
2024-09-17 13:40:33.839,400.90281340304426,102
2024-09-17 13:40:33.855,400.8886010241621,98
2024-09-17 13:40:33.862,400.8769336886307,7
2024-09-17 13:40:33.923,400.8450717718722,998
2024-09-17 13:40:33.931,400.8927546620701,15
2024-09-17 13:40:33.970,400.8840295067131,102
2024-09-17 13:40:33.971,400.8474738412677,14
2024-09-17 13:40:35.003,400.9063066394232,6
2024-09-17 13:40:35.027,400.92760189336127,998
2024-09-17 13:40:35.070,400.9560366653552,1004
2024-09-17 13:40:35.103,400.9244494005441,1003
2024-09-17 13:40:35.104,400.8778389656521,99
2024-09-17 13:40:35.110,400.9354082067528,96
2024-09-17 13:40:35.116,400.8816237182162,103
2024-09-17 13:40:35.129,400.9853684457877,6
2024-09-17 13:40:35.158,400.9175126663615,102
2024-09-17 13:40:35.370,400.9196097748152,101
2024-09-17 13:40:35.438,400.95379167231965,5
2024-09-17 13:40:35.455,400.9516078833379,11
2024-09-17 13:40:35.463,400.8830788563813,1005
2024-09-17 13:40:35.481,400.8828023886742,10
2024-09-17 13:40:35.493,400.8951214067189,13
2024-09-17 13:40:35.518,400.9685882954759,98
2024-09-17 13:40:35.545,400.9481566468471,7
2024-09-17 13:40:35.609,400.9767311023997,1002
2024-09-17 13:40:35.611,400.9142481008264,1001
2024-09-17 13:40:35.669,400.9048783675198,15
2024-09-17 13:40:35.675,400.9001688048609,99
2024-09-17 13:40:35.681,400.8858688224425,15
2024-09-17 13:40:35.701,400.9288244446268,12
2024-09-17 13:40:35.745,400.976202282104,1000
2024-09-17 13:40:35.752,400.8829902426534,998
2024-09-17 13:40:35.944,400.8720054634,103
2024-09-17 13:40:35.948,400.9517859442343,998
2024-09-17 13:40:35.950,400.89742562815616,104
2024-09-17 13:40:35.955,400.8864830445698,996
2024-09-17 13:40:35.987,400.9711305871524,998
2024-09-17 13:40:36.020,400.983465706842,999
2024-09-17 13:40:36.067,400.9855826760588,6
2024-09-17 13:40:36.258,400.9528021892872,95
2024-09-17 13:40:36.650,400.9875050327612,105
2024-09-17 13:40:36.705,400.98325822541136,95
2024-09-17 13:40:36.741,400.9773202849555,998
2024-09-17 13:40:36.841,400.9836050557154,95
2024-09-17 13:40:37.006,401.0069477496058,995
2024-09-17 13:40:37.034,40.10080185386221,97
2024-09-17 13:40:37.072,401.0012455660236,12
2024-09-17 13:40:37.077,401.00469712504895,100
2024-09-17 13:40:37.089,401.00535588240894,995
2024-09-17 13:40:37.092,-400.9878558384593,15
2024-09-17 13:40:37.100,400.9862683280473,997
2024-09-17 13:40:37.126,401.0280455329252,101
2024-09-17 13:40:37.128,401.0091377331992,98
2024-09-17 13:40:37.202,400.9968340178418,998
2024-09-17 13:40:37.210,400.9924657875387,1001
2024-09-17 13:40:37.242,400.9686964018928,998
2024-09-17 13:40:37.260,400.97139493983406,96
2024-09-17 13:40:37.336,400.9732250167596,997
2024-09-17 13:40:37.478,400.99379367529616,15
2024-09-17 13:40:37.542,,996
2024-09-17 13:40:37.653,400.9784251606603,5
2024-09-17 13:40:37.659,401.03978928016505,1003
2024-09-17 13:40:37.677,400.9783548881063,100
2024-09-17 13:40:37.699,400.9829499066821,6
2024-09-17 13:40:37.784,401.0224887000975,1000
2024-09-17 13:40:37.829,400.98529292882847,15
2024-09-17 13:40:37.861,400.9828615544217,103
2024-09-17 13:40:37.892,400.97259917480943,104
2024-09-17 13:40:37.916,401.0085271438476,100
2024-09-17 13:40:37.959,400.9866986379615,997
2024-09-17 13:40:38.000,401.0315418422737,104
2024-09-17 13:40:38.085,401.055655201404,101
2024-09-17 13:40:38.094,401.0647129341992,102
2024-09-17 13:40:38.178,401.03012027960506,13
2024-09-17 13:40:38.204,401.0484361639528,998
2024-09-17 13:40:38.222,401.0301944954418,1004
2024-09-17 13:40:38.243,401.0647427347649,999
2024-09-17 13:40:38.268,401.0654743592946,103
2024-09-17 13:40:38.315,401.0663885856994,14
2024-09-17 13:40:38.331,401.0179053399602,999
2024-09-17 13:40:38.364,401.0652704645124,100
2024-09-17 13:40:38.393,401.0427325870459,11
2024-09-17 13:40:38.478,401.0334509448859,100
2024-09-17 13:40:38.603,401.04200082916327,998
2024-09-17 13:40:38.626,401.0557199459363,9
2024-09-17 13:40:38.628,401.04954175725055,1002
2024-09-17 13:40:38.671,401.0545244393637,98
2024-09-17 13:40:38.704,40.1040773911454,1000
2024-09-17 13:40:38.724,401.067575504033,98
2024-09-17 13:40:38.861,401.04720913735184,6
2024-09-17 13:40:38.871,401.0591611172711,99
2024-09-17 13:40:38.946,401.0441813482717,13
2024-09-17 13:40:38.967,401.0154829090547,997
2024-09-17 13:40:38.978,401.0654861540874,99
2024-09-17 13:40:40.096,401.0576991413563,11
2024-09-17 13:40:40.116,401.12220652893205,104
2024-09-17 13:40:40.122,401.1322771187297,998
2024-09-17 13:40:40.206,401.1370255506727,996
2024-09-17 13:40:40.211,401.1285524582492,11
2024-09-17 13:40:40.225,401.1329246504364,105
2024-09-17 13:40:40.229,401.1120695576989,105
2024-09-17 13:40:40.263,401.1381198102336,12
2024-09-17 13:40:40.331,401.1298308045447,15
2024-09-17 13:40:40.400,401.1229890298825,995
2024-09-17 13:40:40.401,401.1240784941352,997
2024-09-17 13:40:40.431,401.1261165807972,7
2024-09-17 13:40:40.497,401.1135332226711,998
2024-09-17 13:40:40.506,401.1402411087047,996
2024-09-17 13:40:40.630,401.08067311416784,12
2024-09-17 13:40:40.649,401.1154832718293,999
2024-09-17 13:40:40.670,401.1280962779472,96
2024-09-17 13:40:40.757,401.0700717200533,998
2024-09-17 13:40:40.837,401.0964367860016,95
2024-09-17 13:40:40.990,401.1201758319917,998
2024-09-17 13:40:41.035,401.1437496759337,103
2024-09-17 13:40:41.123,401.1453738263892,97
2024-09-17 13:40:41.183,401.19942150951937,105
2024-09-17 13:40:41.257,401.1581276906688,5
2024-09-17 13:40:41.275,401.14644272637895,13
2024-09-17 13:40:41.281,401.209752875258,104
2024-09-17 13:40:41.290,401.1889683376296,995
2024-09-17 13:40:41.302,401.1635141019497,98
2024-09-17 13:40:41.304,401.17895572856986,1000
2024-09-17 13:40:41.347,401.21630125296974,995
2024-09-17 13:40:41.376,401.2063113492286,999
2024-09-17 13:40:41.393,401.2070482035715,96
2024-09-17 13:40:41.428,401.1623604616836,1002
2024-09-17 13:40:41.466,401.1482764457821,998
2024-09-17 13:40:41.492,401.1935986522722,97
2024-09-17 13:40:41.497,401.1480344549535,7
2024-09-17 13:40:41.548,401.1362202745841,1004
2024-09-17 13:40:41.573,401.2122404130548,9
2024-09-17 13:40:41.612,401.19597780241,997
2024-09-17 13:40:41.699,-401.15857579021394,7
2024-09-17 13:40:41.843,401.1844323625415,95
2024-09-17 13:40:41.856,401.2001183871295,95
2024-09-17 13:40:41.867,401.1646475541621,15
2024-09-17 13:40:41.938,401.1628875756964,101
2024-09-17 13:40:41.953,401.17896987145167,104
2024-09-17 13:40:41.976,401.177485412391,997
2024-09-17 13:40:41.984,401.1851143629115,1004
2024-09-17 13:40:42.225,401.177563146008,98
2024-09-17 13:40:42.331,401.18033831514447,102
2024-09-17 13:40:42.812,401.18311541331,13
2024-09-17 13:40:42.848,401.1761094442904,102
2024-09-17 13:40:42.919,401.1897599635862,998
2024-09-17 13:40:43.005,401.15867522315887,5
2024-09-17 13:40:43.017,401.17936203798655,96
2024-09-17 13:40:43.131,401.1505817502403,8
2024-09-17 13:40:43.226,401.1681140378468,15
2024-09-17 13:40:43.243,401.1490794758736,104
2024-09-17 13:40:43.274,401.16280557994094,105
2024-09-17 13:40:43.424,401.1389134143062,100
2024-09-17 13:40:43.491,401.1489204325965,14
2024-09-17 13:40:43.516,401.14523498012153,1005
2024-09-17 13:40:43.529,401.1442635257997,1004
2024-09-17 13:40:43.571,401.1502860959298,999
2024-09-17 13:40:43.587,401.14699799491785,96
2024-09-17 13:40:43.621,401.15503710486087,105
2024-09-17 13:40:43.681,401.1606888007951,995
2024-09-17 13:40:43.822,401.14488006207455,14
2024-09-17 13:40:43.834,401.1683749122927,102
2024-09-17 13:40:43.856,401.1711262666082,14
2024-09-17 13:40:43.902,401.16548658762616,1003
2024-09-17 13:40:43.946,401.1567209056453,100
2024-09-17 13:40:44.280,401.1516742629957,101
2024-09-17 13:40:44.374,401.161590930046,1000
2024-09-17 13:40:44.388,401.1578839347488,14
2024-09-17 13:40:44.410,401.168733069302,97
2024-09-17 13:40:44.446,401.1862622974765,1005
2024-09-17 13:40:44.461,401.19776649562857,999
2024-09-17 13:40:44.497,401.1553561712868,1003
2024-09-17 13:40:44.546,401.15756598936906,5
2024-09-17 13:40:44.682,401.1630536782199,998
2024-09-17 13:40:44.712,401.1577202201525,999
2024-09-17 13:40:44.844,401.1694022315257,5
2024-09-17 13:40:44.885,401.173580091193,99
2024-09-17 13:40:44.971,401.157464219312,6
2024-09-17 13:40:45.064,401.1599938722287,97
2024-09-17 13:40:45.157,401.12872966933134,996
2024-09-17 13:40:45.162,401.1482884086647,1000
2024-09-17 13:40:45.473,401.1545811482163,103
2024-09-17 13:40:45.603,401.13337456726447,997
2024-09-17 13:40:45.621,401.1442441045394,95
2024-09-17 13:40:45.819,401.1254597158571,999
2024-09-17 13:40:45.848,401.1603651821146,15
2024-09-17 13:40:45.912,401.1648747434683,996
2024-09-17 13:40:45.968,401.1458499462635,1004
2024-09-17 13:40:46.463,401.1338341513942,95
2024-09-17 13:40:47.026,401.0947404540647,104
2024-09-17 13:40:47.045,401.14773800717273,97
2024-09-17 13:40:47.047,401.1297972522117,5
2024-09-17 13:40:47.100,401.1259561305786,95
2024-09-17 13:40:47.226,401.1378029397377,95
2024-09-17 13:40:47.294,401.1232170753671,1005
2024-09-17 13:40:47.351,401.1065007341496,96
2024-09-17 13:40:47.356,401.12360704853575,1002
2024-09-17 13:40:47.364,401.1309626124855,14
2024-09-17 13:40:47.466,401.1346004237722,12
2024-09-17 13:40:47.496,401.132401484226,104
2024-09-17 13:40:47.498,401.1258589155531,995
2024-09-17 13:40:47.500,401.1239000816591,999
2024-09-17 13:40:47.532,401.1286792961231,15
2024-09-17 13:40:47.599,401.14766159775314,6
2024-09-17 13:40:47.601,401.1287471877221,1001
2024-09-17 13:40:47.676,401.1238346879608,104
2024-09-17 13:40:47.683,401.1091698391031,98
2024-09-17 13:40:47.876,401.1230274197137,98
2024-09-17 13:40:47.951,401.1215022522405,12
2024-09-17 13:40:48.037,401.0740871602377,103
2024-09-17 13:40:48.047,401.0784319194,6
2024-09-17 13:40:48.048,401.0947778946853,96
2024-09-17 13:40:48.102,401.0935716167229,9
2024-09-17 13:40:48.117,401.1025492786279,999
2024-09-17 13:40:48.133,401.0877074266895,1005
2024-09-17 13:40:48.167,401.0913236075856,9
2024-09-17 13:40:48.183,401.06830694389566,14
2024-09-17 13:40:48.226,401.0846189838173,995
2024-09-17 13:40:48.302,401.0812375757394,104
2024-09-17 13:40:48.330,401.0826328195136,5
2024-09-17 13:40:48.392,401.0694091020262,999
2024-09-17 13:40:48.458,401.1115867510648,1000
2024-09-17 13:40:48.460,401.0723301304112,12
2024-09-17 13:40:48.476,401.082537264061,7
2024-09-17 13:40:48.480,401.0621075187379,1002
2024-09-17 13:40:48.504,401.0545493385115,98
2024-09-17 13:40:48.553,401.0854207605833,9
2024-09-17 13:40:48.605,401.0837173310431,105
2024-09-17 13:40:48.626,401.0981137261456,1002
2024-09-17 13:40:48.679,401.0686292276475,95
2024-09-17 13:40:48.722,401.1051184554592,101
2024-09-17 13:40:48.727,401.0708770496439,102
2024-09-17 13:40:48.772,401.0970228531702,6
2024-09-17 13:40:48.783,401.0782472199999,1004
2024-09-17 13:40:48.838,401.0749293460429,105
2024-09-17 13:40:48.846,401.0986397522744,996
2024-09-17 13:40:48.854,401.0747247040732,101
2024-09-17 13:40:48.926,401.0834996237439,104
2024-09-17 13:40:49.105,401.03971102909054,995
2024-09-17 13:40:49.142,401.0618644233212,105
2024-09-17 13:40:49.161,401.03438922769294,999
2024-09-17 13:40:49.166,401.0516128886857,14
2024-09-17 13:40:49.216,401.05191877104977,1004
2024-09-17 13:40:49.250,401.0473770681917,1002
2024-09-17 13:40:49.279,401.11786194042014,995
2024-09-17 13:40:49.302,401.0624261609696,6
2024-09-17 13:40:49.345,401.0539133233131,100
2024-09-17 13:40:49.374,401.048310888343,8
2024-09-17 13:40:49.396,401.04808327523966,6
2024-09-17 13:40:49.420,401.0724168799125,96
2024-09-17 13:40:49.428,401.0612781207184,998
2024-09-17 13:40:49.438,401.0664790343835,103
2024-09-17 13:40:49.511,401.0540911180376,102
2024-09-17 13:40:49.512,401.1056496343754,5
2024-09-17 13:40:49.550,401.046272834333,101
2024-09-17 13:40:49.565,401.0360289539319,14
2024-09-17 13:40:49.582,401.03994069444536,12
2024-09-17 13:40:49.609,401.0535233413908,102
2024-09-17 13:40:49.632,401.09552280721726,103
2024-09-17 13:40:49.730,401.05459030864864,103
2024-09-17 13:40:49.741,401.0623649103072,6
2024-09-17 13:40:49.756,401.05239444050574,104
2024-09-17 13:40:49.758,401.04280769398497,7
2024-09-17 13:40:49.802,401.0692756803914,1002
2024-09-17 13:40:49.855,401.0909317799624,12
2024-09-17 13:40:49.894,401.0269923412812,96
2024-09-17 13:40:50.163,401.03918769965776,10
2024-09-17 13:40:50.628,401.057776775142,10
2024-09-17 13:40:50.695,401.0508925173642,9
2024-09-17 13:40:51.186,401.0058258040991,1001
2024-09-17 13:40:51.354,401.0399371033578,9
2024-09-17 13:40:51.361,401.0393156221391,103
2024-09-17 13:40:51.385,401.0010435165148,95
2024-09-17 13:40:51.450,401.0396923023658,104
2024-09-17 13:40:51.612,401.0131530735491,105
2024-09-17 13:40:51.666,400.998472680748,1005
2024-09-17 13:40:51.752,401.0077015299568,13
2024-09-17 13:40:51.799,401.01763772330247,104
2024-09-17 13:40:51.802,401.01144459279686,995
2024-09-17 13:40:51.867,401.0297264316656,1005
2024-09-17 13:40:51.871,401.0516014867581,9
2024-09-17 13:40:52.016,401.0046204444661,1003
2024-09-17 13:40:52.326,401.0276567536067,13
2024-09-17 13:40:52.656,401.0067785738013,12
2024-09-17 13:40:52.727,401.02570658577855,995
2024-09-17 13:40:52.757,401.0252771739388,999
2024-09-17 13:40:52.773,401.0133842897767,1001
2024-09-17 13:40:53.133,401.0132240941883,11
2024-09-17 13:40:53.427,401.0112965278973,1005
2024-09-17 13:40:53.547,401.012319267487,999
2024-09-17 13:40:53.743,401.0205986720255,998
2024-09-17 13:40:53.934,401.0146803464299,7
2024-09-17 13:40:54.102,401.0270223014838,9
2024-09-17 13:40:54.126,401.01960932027976,99
2024-09-17 13:40:55.060,401.00479198280095,11
2024-09-17 13:40:55.108,400.9878949003896,995
2024-09-17 13:40:55.224,400.9832401543079,12
2024-09-17 13:40:55.257,401.0150923511528,999
2024-09-17 13:40:55.351,400.99449150041767,105
2024-09-17 13:40:55.435,400.9899565023541,103
2024-09-17 13:40:55.450,400.9785126110932,1004
2024-09-17 13:40:55.954,400.9652182501558,102
2024-09-17 13:40:56.007,400.9502138257016,995
2024-09-17 13:40:56.114,400.9740114352493,100
2024-09-17 13:40:56.186,400.9735099625445,14
2024-09-17 13:40:56.241,400.9660092977063,1003
2024-09-17 13:40:56.297,400.9622389840289,6
2024-09-17 13:40:56.397,400.97230843794176,1002
2024-09-17 13:40:56.450,400.96196437336727,104
2024-09-17 13:40:56.528,400.9791027526642,1004
2024-09-17 13:40:56.607,400.9613106376862,104
2024-09-17 13:40:56.795,400.95880855777415,1005
2024-09-17 13:40:56.838,400.9700272482736,95
2024-09-17 13:40:56.912,400.95762476459697,95
2024-09-17 13:40:56.965,400.9655284621085,998
2024-09-17 13:40:57.006,400.91733290374367,1004
2024-09-17 13:40:57.042,400.90845777850666,103
2024-09-17 13:40:57.076,400.9275182645727,14
2024-09-17 13:40:57.082,400.9073713032304,7
2024-09-17 13:40:57.086,,97
2024-09-17 13:40:57.097,400.9238890960404,14
2024-09-17 13:40:57.115,400.9281516351192,995
2024-09-17 13:40:57.121,400.9247594677213,96
2024-09-17 13:40:57.266,400.9232532753409,99
2024-09-17 13:40:57.288,400.9246706720326,7
2024-09-17 13:40:57.386,400.91334185413615,6
2024-09-17 13:40:57.447,400.9244224426716,998
2024-09-17 13:40:57.522,400.8907693456992,13
2024-09-17 13:40:57.562,400.9240057608752,999
2024-09-17 13:40:57.610,400.9512557540949,1003
2024-09-17 13:40:57.697,-400.90348030145935,13
2024-09-17 13:40:57.785,400.9391041278116,6
2024-09-17 13:40:57.820,400.9007181625127,102
2024-09-17 13:40:58.011,400.8302854068664,9
2024-09-17 13:40:58.077,400.8752672788825,6
2024-09-17 13:40:58.111,400.8502806872271,998
2024-09-17 13:40:58.123,400.8225542677808,102
2024-09-17 13:40:58.185,40.0831148129463,995
2024-09-17 13:40:58.197,400.82697905058666,996
2024-09-17 13:40:58.212,400.80632845689473,1003
2024-09-17 13:40:58.238,400.8324279348288,98
2024-09-17 13:40:58.243,400.8069046550026,98
2024-09-17 13:40:58.267,400.9034533578233,1001
2024-09-17 13:40:58.297,400.8335187725517,995
2024-09-17 13:40:58.308,400.85555714795214,5
2024-09-17 13:40:58.312,400.8470424008856,11
2024-09-17 13:40:58.329,400.8114483746101,14
2024-09-17 13:40:58.379,40.08280615578917,999
2024-09-17 13:40:58.391,40.08392472744529,7
2024-09-17 13:40:58.416,400.8459417336043,5
2024-09-17 13:40:58.441,400.8265780098432,95
2024-09-17 13:40:58.473,400.8295278293903,1000
2024-09-17 13:40:58.474,400.8218360436471,104
2024-09-17 13:40:58.512,400.8280685694733,95
2024-09-17 13:40:58.601,,1004
2024-09-17 13:40:58.812,400.8428283147504,6
2024-09-17 13:40:58.817,400.8546738315869,15
2024-09-17 13:40:58.831,400.8475116097757,5
2024-09-17 13:40:58.844,400.89524820059415,14
2024-09-17 13:40:58.847,400.8339164483791,998
2024-09-17 13:40:58.857,400.8485949845497,6
2024-09-17 13:40:58.928,400.8320748899834,100
2024-09-17 13:40:58.993,400.8857678695732,15
2024-09-17 13:40:59.081,400.7874827893534,96
2024-09-17 13:40:59.264,400.7959875499864,105
2024-09-17 13:40:59.302,400.8137848014261,95
2024-09-17 13:40:59.358,400.80117520025215,6
2024-09-17 13:40:59.542,400.7909202429582,100
2024-09-17 13:40:59.590,400.7792512202113,98
2024-09-17 13:40:59.740,400.7770214699812,1001
2024-09-17 13:40:59.856,400.7841357187838,6
2024-09-17 13:40:59.933,400.7836610276137,1001
2024-09-17 13:40:59.981,400.77717408194167,98
