Timestamp,Price,Size
2024-09-19 10:07:00.032,418.96115157613576,100
2024-09-19 10:07:00.048,418.8837641253889,8
2024-09-19 10:07:00.059,418.93785673071153,14
2024-09-19 10:07:00.147,418.9317686463404,10
2024-09-19 10:07:00.158,418.98311009884975,100
2024-09-19 10:07:00.262,418.9337421616016,96
2024-09-19 10:07:00.340,418.9260178498317,1003
2024-09-19 10:07:00.342,418.97096068039286,5
2024-09-19 10:07:00.380,418.96964964292334,100
2024-09-19 10:07:00.393,418.92842324369934,997
2024-09-19 10:07:00.407,418.9756970967925,104
2024-09-19 10:07:00.439,418.9422974414325,103
2024-09-19 10:07:00.442,418.9675386119368,15
2024-09-19 10:07:00.466,418.93824338496825,9
2024-09-19 10:07:00.485,418.9337299805575,1004
2024-09-19 10:07:00.536,418.96491490227953,11
2024-09-19 10:07:00.542,418.8921371922016,1002
2024-09-19 10:07:00.577,418.9282799548297,14
2024-09-19 10:07:00.613,418.9629324438191,14
2024-09-19 10:07:00.653,418.98441250201904,96
2024-09-19 10:07:00.666,418.9429006965056,1002
2024-09-19 10:07:00.699,418.9743439737953,998
2024-09-19 10:07:00.699,418.93872805854016,12
2024-09-19 10:07:00.729,418.98066944424687,13
2024-09-19 10:07:00.859,418.8970171906229,998
2024-09-19 10:07:00.890,418.964320144737,95
2024-09-19 10:07:00.899,418.8755818451311,12
2024-09-19 10:07:00.900,418.9821392718168,100
2024-09-19 10:07:00.901,418.9746519720325,996
2024-09-19 10:07:00.915,418.9524128087083,96
2024-09-19 10:07:01.238,418.88038388955255,14
2024-09-19 10:07:01.526,418.8790596286856,15
2024-09-19 10:07:01.604,418.8813495573774,14
2024-09-19 10:07:02.121,418.83948236898857,999
2024-09-19 10:07:02.188,418.8488685105476,100
2024-09-19 10:07:02.271,418.8965474750994,11
2024-09-19 10:07:02.348,418.84015722883805,104
2024-09-19 10:07:02.355,418.8921200658762,99
2024-09-19 10:07:02.385,418.8411678408164,8
2024-09-19 10:07:02.390,418.8310705439466,103
2024-09-19 10:07:02.519,418.8623264279325,1003
2024-09-19 10:07:02.529,418.88430748554936,101
2024-09-19 10:07:02.669,418.8494251529567,997
2024-09-19 10:07:02.746,418.8794983254526,98
2024-09-19 10:07:02.777,418.8744814117182,100
2024-09-19 10:07:02.778,418.8924886823057,1001
2024-09-19 10:07:02.892,418.82643049708577,996
2024-09-19 10:07:03.108,418.79904982786906,1004
2024-09-19 10:07:03.212,418.89971366328206,101
2024-09-19 10:07:03.238,418.8148844587006,998
2024-09-19 10:07:03.314,418.8177701804002,7
2024-09-19 10:07:03.314,418.90933950903946,11
2024-09-19 10:07:03.317,418.84663063768,1002
2024-09-19 10:07:03.358,418.9166730736838,1004
2024-09-19 10:07:03.508,418.9104044627681,98
2024-09-19 10:07:03.602,418.925797005119,105
2024-09-19 10:07:03.628,418.8101943340548,98
2024-09-19 10:07:03.813,418.8779271915105,10
2024-09-19 10:07:03.871,418.90603174518526,8
2024-09-19 10:07:03.919,418.89970360847656,105
2024-09-19 10:07:03.935,418.86381965508656,5
2024-09-19 10:07:03.965,418.82201012883337,100
2024-09-19 10:07:04.077,418.9158340028795,995
2024-09-19 10:07:04.079,418.8692020802154,998
2024-09-19 10:07:04.114,418.8716537972846,1002
2024-09-19 10:07:04.185,418.8997935889549,102
2024-09-19 10:07:04.276,418.89393461303337,1002
2024-09-19 10:07:04.384,418.8740110623415,15
2024-09-19 10:07:04.401,418.8738342616437,7
2024-09-19 10:07:04.490,418.8941028291761,10
2024-09-19 10:07:04.509,418.8824524845073,95
2024-09-19 10:07:04.527,418.90777194881264,101
2024-09-19 10:07:04.565,418.9086970073684,1000
2024-09-19 10:07:04.568,418.9137782349984,7
2024-09-19 10:07:04.578,418.8938764651983,105
2024-09-19 10:07:04.603,418.88340671143897,10
2024-09-19 10:07:04.645,418.88002240510014,1000
2024-09-19 10:07:04.696,418.8891437402439,1001
2024-09-19 10:07:04.751,418.8666164584567,100
2024-09-19 10:07:04.792,418.8833221154777,1004
2024-09-19 10:07:04.949,418.8780545065642,9
2024-09-19 10:07:04.952,418.8792649200965,1005
2024-09-19 10:07:04.984,41.88789518278235,96
2024-09-19 10:07:05.029,418.8361311287428,1005
2024-09-19 10:07:05.066,418.8220734860644,1000
2024-09-19 10:07:05.112,418.8529757808767,12
2024-09-19 10:07:05.153,418.79487564831845,97
2024-09-19 10:07:05.195,418.8032019467766,13
2024-09-19 10:07:05.247,418.87666127297217,1002
2024-09-19 10:07:05.252,418.8511990376803,7
2024-09-19 10:07:05.288,418.8916058746856,5
2024-09-19 10:07:05.294,418.877296297718,98
2024-09-19 10:07:05.311,418.8266865434161,7
2024-09-19 10:07:05.334,418.8415237674359,997
2024-09-19 10:07:05.378,418.8499879694539,10
2024-09-19 10:07:05.396,41.88816174958488,95
2024-09-19 10:07:05.407,418.9179282375744,5
2024-09-19 10:07:05.423,418.8498747957776,997
2024-09-19 10:07:05.454,418.8437868970124,1005
2024-09-19 10:07:05.457,418.8027620170232,1003
2024-09-19 10:07:05.591,418.7929491584384,99
2024-09-19 10:07:05.632,418.8323894119007,99
2024-09-19 10:07:05.693,418.8999164890311,995
2024-09-19 10:07:05.716,418.8392743987732,105
2024-09-19 10:07:05.734,418.8756028872182,1001
2024-09-19 10:07:05.784,418.85477017530417,1002
2024-09-19 10:07:05.845,418.794920451129,1003
2024-09-19 10:07:05.851,418.79120503008295,96
2024-09-19 10:07:05.859,418.84173946856816,95
2024-09-19 10:07:05.866,418.7854286703609,999
2024-09-19 10:07:05.869,418.8652309005834,15
2024-09-19 10:07:05.917,418.84082421677385,997
2024-09-19 10:07:05.921,418.8912558669248,995
2024-09-19 10:07:06.021,418.8013661887394,997
2024-09-19 10:07:06.034,418.7915041139803,996
2024-09-19 10:07:06.044,418.7932593762722,1000
2024-09-19 10:07:06.209,418.8359513045838,8
2024-09-19 10:07:06.221,418.8129666778853,12
2024-09-19 10:07:06.404,418.8144197344967,12
2024-09-19 10:07:06.511,418.7873283749201,14
2024-09-19 10:07:06.816,418.7927558797717,1004
2024-09-19 10:07:06.828,418.7864678096,7
2024-09-19 10:07:06.993,418.8311467815451,1005
2024-09-19 10:07:07.076,418.7774204977133,1003
2024-09-19 10:07:07.088,418.7761013709127,996
2024-09-19 10:07:07.095,418.7827517526373,12
2024-09-19 10:07:07.101,418.79008270299454,8
2024-09-19 10:07:07.115,418.7965388242903,13
2024-09-19 10:07:07.117,418.8203633017345,999
2024-09-19 10:07:07.189,41.87916871852609,6
2024-09-19 10:07:07.209,-418.78866818228255,7
2024-09-19 10:07:07.242,418.8272932578107,101
2024-09-19 10:07:07.284,418.7900442400216,105
2024-09-19 10:07:07.299,418.7978745714194,102
2024-09-19 10:07:07.377,418.7983607676083,998
2024-09-19 10:07:07.393,418.8245457890835,999
2024-09-19 10:07:07.456,418.7945521614528,10
2024-09-19 10:07:07.470,418.8113456550183,1000
2024-09-19 10:07:07.493,418.8040995723106,13
2024-09-19 10:07:07.542,418.7824550396008,10
2024-09-19 10:07:07.591,418.76494894931136,1005
2024-09-19 10:07:07.628,418.8006562056877,999
2024-09-19 10:07:07.667,418.7924339734537,10
2024-09-19 10:07:07.782,418.8052642144403,11
2024-09-19 10:07:07.787,41.87993432028552,100
2024-09-19 10:07:07.808,418.7985876685056,1001
2024-09-19 10:07:07.867,418.791516040926,95
2024-09-19 10:07:07.903,418.81040005729096,15
2024-09-19 10:07:07.951,418.80441216334793,14
2024-09-19 10:07:07.982,-418.7839833386964,10
2024-09-19 10:07:08.287,418.77185680943546,1001
2024-09-19 10:07:08.466,418.77491903680345,11
2024-09-19 10:07:08.520,41.87610080283992,101
2024-09-19 10:07:08.574,418.7539114001154,95
2024-09-19 10:07:08.979,418.7647502876317,105
2024-09-19 10:07:08.988,418.7451349881039,98
2024-09-19 10:07:09.048,418.73876698969417,100
2024-09-19 10:07:09.052,418.7467546899533,1005
2024-09-19 10:07:09.092,418.7334876628962,99
2024-09-19 10:07:09.107,418.7289685595723,997
2024-09-19 10:07:09.111,418.74618094868,995
2024-09-19 10:07:09.258,,15
2024-09-19 10:07:09.297,418.7382679802676,97
2024-09-19 10:07:09.408,418.7366557846133,7
2024-09-19 10:07:09.502,418.7334182815727,8
2024-09-19 10:07:09.551,418.74121542006895,104
2024-09-19 10:07:09.561,418.73845613808186,996
2024-09-19 10:07:09.639,418.7628095424821,12
2024-09-19 10:07:09.660,418.7437768331492,96
2024-09-19 10:07:09.680,418.7381674177866,1004
2024-09-19 10:07:09.739,418.7535677351977,102
2024-09-19 10:07:09.952,418.7277705072386,1005
2024-09-19 10:07:09.984,418.7100003797682,105
2024-09-19 10:07:10.163,418.7540080254713,1003
2024-09-19 10:07:10.629,418.7487900957416,104
2024-09-19 10:07:10.977,418.7597856092118,7
2024-09-19 10:07:10.982,418.7416695975011,5
2024-09-19 10:07:10.998,418.7400033902077,997
2024-09-19 10:07:11.019,418.75906964800055,1000
2024-09-19 10:07:11.037,418.7652771792934,1002
2024-09-19 10:07:11.064,418.738544347162,1000
2024-09-19 10:07:11.269,418.7633750367001,95
2024-09-19 10:07:11.274,418.7489937249108,101
2024-09-19 10:07:11.297,418.7777360853432,13
2024-09-19 10:07:11.379,41.87915531754976,99
2024-09-19 10:07:11.440,418.7377473094009,15
2024-09-19 10:07:11.446,418.78206216412815,997
2024-09-19 10:07:11.457,418.8027523902481,102
2024-09-19 10:07:11.502,418.73477965205086,6
2024-09-19 10:07:11.576,418.7469315905442,1001
2024-09-19 10:07:11.597,418.778699566082,998
2024-09-19 10:07:11.613,418.756119152017,99
2024-09-19 10:07:11.738,418.7698047392655,1000
2024-09-19 10:07:11.782,418.7733183534849,97
2024-09-19 10:07:11.814,418.7646983792154,995
2024-09-19 10:07:11.841,,996
2024-09-19 10:07:11.853,418.7513530411339,14
2024-09-19 10:07:11.931,418.74669508654847,5
2024-09-19 10:07:11.976,418.7520016146579,14
2024-09-19 10:07:11.980,418.7518938038248,8
2024-09-19 10:07:12.052,418.77554524592216,14
2024-09-19 10:07:12.071,418.7471028982973,998
2024-09-19 10:07:12.076,418.7732839325757,996
2024-09-19 10:07:12.101,418.7799726081007,999
2024-09-19 10:07:12.106,418.8079457071764,8
2024-09-19 10:07:12.189,418.7518677734892,1000
2024-09-19 10:07:12.257,418.78180277441226,105
2024-09-19 10:07:12.272,418.7598491345118,10
2024-09-19 10:07:12.309,418.7658702542304,1001
2024-09-19 10:07:12.328,418.7905837833274,11
2024-09-19 10:07:12.426,418.74373766386486,98
2024-09-19 10:07:12.450,418.787311884726,104
2024-09-19 10:07:12.470,418.72630234884616,11
2024-09-19 10:07:12.485,418.7468000337549,10
2024-09-19 10:07:12.575,418.7576260575795,998
2024-09-19 10:07:12.657,418.799361312101,105
2024-09-19 10:07:12.670,418.73817487379705,999
2024-09-19 10:07:12.728,418.7304961449509,1002
2024-09-19 10:07:12.744,418.77471460301,96
2024-09-19 10:07:12.783,418.7652962506246,13
2024-09-19 10:07:12.784,418.78047061428833,104
2024-09-19 10:07:12.788,418.7595548828872,15
2024-09-19 10:07:12.791,418.780633456216,96
2024-09-19 10:07:12.813,418.78329254361694,15
2024-09-19 10:07:12.822,418.7622973795236,95
2024-09-19 10:07:12.841,418.7642355432114,96
2024-09-19 10:07:12.856,418.7566400233432,1005
2024-09-19 10:07:12.861,418.7219434470846,9
2024-09-19 10:07:12.900,418.7799893154062,999
2024-09-19 10:07:12.973,418.7926710679188,999
2024-09-19 10:07:13.090,418.7549335556198,15
2024-09-19 10:07:13.253,418.7626145051971,1001
2024-09-19 10:07:13.779,,97
2024-09-19 10:07:14.009,418.8060793315138,100
2024-09-19 10:07:14.092,418.8015202548999,1003
2024-09-19 10:07:14.106,418.80576597785154,1001
2024-09-19 10:07:14.661,418.7951499310958,997
2024-09-19 10:07:15.016,418.81087319431936,9
2024-09-19 10:07:15.030,418.8032140488519,1003
2024-09-19 10:07:15.034,418.8106112866577,995
2024-09-19 10:07:15.045,418.8164715882096,11
2024-09-19 10:07:15.047,418.8143752908916,8
2024-09-19 10:07:15.077,418.75875782871583,95
2024-09-19 10:07:15.104,418.8195483271933,996
2024-09-19 10:07:15.105,418.7639741054814,13
2024-09-19 10:07:15.147,418.7998059577593,1005
2024-09-19 10:07:15.181,418.8138699014799,104
2024-09-19 10:07:15.519,418.80603928121377,96
2024-09-19 10:07:15.523,418.7917272751136,97
2024-09-19 10:07:15.690,418.8044560232133,95
2024-09-19 10:07:15.734,418.81645283337,1003
2024-09-19 10:07:15.752,418.8486154516068,998
2024-09-19 10:07:15.810,418.7851437703616,100
2024-09-19 10:07:15.830,418.7959730512023,999
2024-09-19 10:07:15.872,418.7783625987983,10
2024-09-19 10:07:15.932,418.7841561161404,99
2024-09-19 10:07:15.945,418.79500421953446,12
2024-09-19 10:07:15.948,418.822656329536,104
2024-09-19 10:07:15.949,418.77233882178206,999
2024-09-19 10:07:15.969,418.80291172588505,11
2024-09-19 10:07:16.692,418.8574431075736,1000
2024-09-19 10:07:16.807,418.853068273879,15
2024-09-19 10:07:17.201,418.8376360374744,104
2024-09-19 10:07:17.422,418.8610958061868,105
2024-09-19 10:07:17.473,418.8437792738672,11
2024-09-19 10:07:17.716,418.8354843287773,14
2024-09-19 10:07:17.909,418.8373716658248,14
2024-09-19 10:07:18.191,418.8064750484573,101
2024-09-19 10:07:18.223,418.8130294551435,99
2024-09-19 10:07:18.510,418.81980755495766,95
2024-09-19 10:07:18.512,418.8255379599333,998
2024-09-19 10:07:18.531,418.80853552247765,13
2024-09-19 10:07:18.557,418.7911531352539,101
2024-09-19 10:07:18.614,418.8394779068771,6
2024-09-19 10:07:18.690,418.8338479098185,6
2024-09-19 10:07:18.750,418.83132786909806,99
2024-09-19 10:07:18.834,418.8422118085353,1005
2024-09-19 10:07:18.842,418.83605282269406,102
2024-09-19 10:07:18.897,418.826086364373,9
2024-09-19 10:07:18.903,418.8184687055647,99
2024-09-19 10:07:20.085,418.88206842956345,105
2024-09-19 10:07:20.115,418.7810746671534,11
2024-09-19 10:07:20.198,418.7887835622472,997
2024-09-19 10:07:20.265,418.85752742725066,1001
2024-09-19 10:07:20.273,418.88580432908793,11
2024-09-19 10:07:20.291,418.8692208089324,104
2024-09-19 10:07:20.415,41.88956564548392,100
2024-09-19 10:07:20.421,418.8855430199708,11
2024-09-19 10:07:20.437,418.795501902756,7
2024-09-19 10:07:20.463,418.8808543177216,1005
2024-09-19 10:07:20.619,418.83141465056747,13
2024-09-19 10:07:20.658,418.7968182781988,98
2024-09-19 10:07:20.697,418.9022148049245,999
2024-09-19 10:07:20.817,418.824433788298,100
2024-09-19 10:07:20.861,418.8386995065548,1003
2024-09-19 10:07:20.861,418.810791153426,12
2024-09-19 10:07:20.910,418.8905040150284,995
2024-09-19 10:07:20.914,418.7935185452561,6
2024-09-19 10:07:20.916,418.8792768408825,13
2024-09-19 10:07:21.052,418.8810320418787,98
2024-09-19 10:07:21.082,-418.89355633739706,999
2024-09-19 10:07:21.212,418.8801518894276,998
2024-09-19 10:07:21.285,418.849501766161,105
2024-09-19 10:07:21.347,418.89344347570375,999
2024-09-19 10:07:21.425,418.8966669823154,1005
2024-09-19 10:07:21.510,418.91450432365184,99
2024-09-19 10:07:21.549,418.84471504447447,1001
2024-09-19 10:07:21.578,418.8367614603978,7
2024-09-19 10:07:21.695,418.8429217986553,9
2024-09-19 10:07:21.776,418.8649163485732,999
2024-09-19 10:07:21.818,418.85464054131137,95
2024-09-19 10:07:21.977,-418.8739726678779,104
2024-09-19 10:07:22.126,418.84159707317184,11
2024-09-19 10:07:22.223,418.86665000657536,997
2024-09-19 10:07:22.362,418.8469525450878,98
2024-09-19 10:07:22.680,418.82983482534354,15
2024-09-19 10:07:22.788,418.83932285511344,1005
2024-09-19 10:07:23.594,418.8297805950629,15
2024-09-19 10:07:23.623,418.8583949593304,101
2024-09-19 10:07:24.037,418.80983915507454,98
2024-09-19 10:07:24.098,418.8255489969104,998
2024-09-19 10:07:24.209,418.8404628038777,9
2024-09-19 10:07:24.282,418.8492640174592,999
2024-09-19 10:07:24.461,418.8226809666375,996
2024-09-19 10:07:24.588,418.8238830649037,99
2024-09-19 10:07:24.625,418.8238989118353,997
2024-09-19 10:07:24.637,418.818663444024,998
2024-09-19 10:07:24.645,418.81167956516776,1001
2024-09-19 10:07:24.688,418.8338738605395,995
2024-09-19 10:07:24.718,418.8691181708847,1004
2024-09-19 10:07:24.719,418.8160263204041,15
2024-09-19 10:07:24.749,418.83992443756847,1004
2024-09-19 10:07:24.752,418.8408967901802,1001
2024-09-19 10:07:24.795,-418.8294250220766,11
2024-09-19 10:07:25.053,418.8324785691808,1003
2024-09-19 10:07:25.111,418.8140267287895,96
2024-09-19 10:07:25.125,418.8068623592083,1003
2024-09-19 10:07:25.152,418.83901050166895,99
2024-09-19 10:07:25.275,418.8391894745613,102
2024-09-19 10:07:25.335,418.81059763260174,996
2024-09-19 10:07:25.391,418.8202277603071,12
2024-09-19 10:07:25.394,418.8090205589977,12
2024-09-19 10:07:25.412,418.8245975176378,95
2024-09-19 10:07:25.445,418.8302662965588,995
2024-09-19 10:07:25.477,418.8236346512095,6
2024-09-19 10:07:25.519,418.8267108029322,15
2024-09-19 10:07:25.596,418.8414565270722,98
2024-09-19 10:07:25.704,418.8091598732214,998
2024-09-19 10:07:25.729,418.84828384665377,98
2024-09-19 10:07:25.781,41.88234371473008,98
2024-09-19 10:07:25.800,418.86404756538747,1004
2024-09-19 10:07:25.829,418.8440246227423,100
2024-09-19 10:07:25.831,418.860228089471,95
2024-09-19 10:07:25.882,-418.83507913758734,10
2024-09-19 10:07:26.013,418.8988324933249,1000
2024-09-19 10:07:26.014,418.882884870324,1003
2024-09-19 10:07:26.077,418.8972497986226,999
2024-09-19 10:07:26.175,418.8802492107456,1000
2024-09-19 10:07:26.237,418.8751465171128,97
2024-09-19 10:07:26.271,418.8663874148656,9
2024-09-19 10:07:26.374,418.88564278512393,102
2024-09-19 10:07:26.542,418.84362809770056,998
2024-09-19 10:07:26.549,418.87281714889656,10
2024-09-19 10:07:26.749,418.84346027052175,5
2024-09-19 10:07:26.760,418.8640904712119,5
2024-09-19 10:07:26.767,418.8706563010612,9
2024-09-19 10:07:26.898,418.85538215913226,5
2024-09-19 10:07:27.022,418.8399193452509,99
2024-09-19 10:07:27.130,418.8397653884984,102
2024-09-19 10:07:27.142,418.9028494166735,97
2024-09-19 10:07:27.217,-418.8901496003728,995
2024-09-19 10:07:27.315,418.8986015735183,11
2024-09-19 10:07:27.387,418.8782387594696,8
2024-09-19 10:07:27.498,418.8892012844353,99
2024-09-19 10:07:27.580,418.8969538053063,8
2024-09-19 10:07:27.585,418.8922516532248,14
2024-09-19 10:07:27.593,418.880977441669,96
2024-09-19 10:07:27.641,418.8964837863849,14
2024-09-19 10:07:27.687,418.8453655278021,7
2024-09-19 10:07:27.781,418.89418417615263,995
2024-09-19 10:07:27.793,418.8733302238796,1000
2024-09-19 10:07:27.846,418.8549436886789,996
2024-09-19 10:07:27.854,418.8944081116486,1004
2024-09-19 10:07:27.905,418.9013906057998,995
2024-09-19 10:07:27.987,418.88555349471886,997
2024-09-19 10:07:28.043,418.88873635788906,998
2024-09-19 10:07:28.051,418.889882013545,13
2024-09-19 10:07:28.164,418.8984708282894,999
2024-09-19 10:07:28.334,418.9064990540881,100
2024-09-19 10:07:28.337,418.8495428181232,104
2024-09-19 10:07:28.370,418.8211914647209,10
2024-09-19 10:07:28.405,418.853067676584,10
2024-09-19 10:07:28.421,418.8806403352572,15
2024-09-19 10:07:28.439,418.8241011031967,100
2024-09-19 10:07:28.480,418.87310506321785,11
2024-09-19 10:07:28.484,418.87712177252473,7
2024-09-19 10:07:28.487,418.8699024138811,9
2024-09-19 10:07:28.572,418.8229152598712,997
2024-09-19 10:07:28.611,418.86393123250656,95
2024-09-19 10:07:28.616,418.8957764488707,7
2024-09-19 10:07:28.620,418.8268405320593,998
2024-09-19 10:07:28.663,418.8684202997309,100
2024-09-19 10:07:28.799,418.8664528952076,98
2024-09-19 10:07:28.812,418.8819890816144,8
2024-09-19 10:07:28.890,418.8363966534268,11
2024-09-19 10:07:28.956,418.8827750982656,9
2024-09-19 10:07:28.998,418.8787397065412,11
2024-09-19 10:07:29.182,418.7702325007039,997
2024-09-19 10:07:29.571,418.7927617253448,14
2024-09-19 10:07:29.644,418.8049702824922,97
2024-09-19 10:07:29.715,418.7855878990901,1001
2024-09-19 10:07:29.764,418.7865655241957,95
2024-09-19 10:07:29.854,418.8250914563235,999
2024-09-19 10:07:30.241,-418.8212849482029,1004
2024-09-19 10:07:30.337,418.7871153516224,1002
2024-09-19 10:07:30.388,418.8589061821622,1001
2024-09-19 10:07:30.430,41.88050500855702,14
2024-09-19 10:07:30.480,418.7904952512027,7
2024-09-19 10:07:30.514,418.8107279643585,103
2024-09-19 10:07:30.626,418.85506497809104,5
2024-09-19 10:07:30.748,418.84269848180975,15
2024-09-19 10:07:30.804,418.8223363043125,15
2024-09-19 10:07:30.882,418.8586899884459,1005
2024-09-19 10:07:31.008,418.8488213679272,5
2024-09-19 10:07:31.180,418.8254064660291,1005
2024-09-19 10:07:31.274,418.8756085419605,6
2024-09-19 10:07:31.331,418.8911986616379,100
2024-09-19 10:07:31.693,418.82353167280576,105
2024-09-19 10:07:31.803,418.8500542976658,5
2024-09-19 10:07:32.025,418.9093238121392,100
2024-09-19 10:07:32.218,418.9260487334332,5
2024-09-19 10:07:32.246,418.8992426202684,5
2024-09-19 10:07:32.600,418.9096639094229,102
2024-09-19 10:07:32.634,418.8997016220824,996
2024-09-19 10:07:32.649,418.8888182699116,997
2024-09-19 10:07:32.657,418.940586852734,9
2024-09-19 10:07:32.759,418.8983045620754,996
2024-09-19 10:07:32.769,418.9213138939277,12
2024-09-19 10:07:32.793,418.8874062206695,98
2024-09-19 10:07:32.855,418.8744531879705,103
2024-09-19 10:07:32.903,418.90808678751824,102
2024-09-19 10:07:33.001,418.9963023035566,105
2024-09-19 10:07:33.078,419.0133825398881,98
2024-09-19 10:07:33.080,418.9810889508016,12
2024-09-19 10:07:33.144,419.0039788400809,97
2024-09-19 10:07:33.178,41.8970967330325,5
2024-09-19 10:07:33.215,419.0035948793265,1003
2024-09-19 10:07:33.231,418.9959071549106,1001
2024-09-19 10:07:33.233,418.9747323446717,7
2024-09-19 10:07:33.242,418.9918379137348,99
2024-09-19 10:07:33.273,418.98964097128936,103
2024-09-19 10:07:33.290,418.9885877264404,5
2024-09-19 10:07:33.521,418.9919514639668,1000
2024-09-19 10:07:33.563,418.9958841280426,11
2024-09-19 10:07:33.573,418.98466299654257,10
2024-09-19 10:07:33.611,,96
2024-09-19 10:07:33.615,418.98718432253696,1000
2024-09-19 10:07:33.648,418.99286616282814,12
2024-09-19 10:07:33.697,419.00854747818505,105
2024-09-19 10:07:33.714,419.003981668801,997
2024-09-19 10:07:33.761,419.01778770728254,100
2024-09-19 10:07:33.764,418.993731329047,101
2024-09-19 10:07:33.832,418.97653215675336,105
2024-09-19 10:07:33.844,418.9421118979601,1003
2024-09-19 10:07:33.856,418.99914253047217,95
2024-09-19 10:07:33.872,418.9390818675637,12
2024-09-19 10:07:33.887,418.9899004922192,1003
2024-09-19 10:07:33.906,419.0048867586085,995
2024-09-19 10:07:34.028,418.98850059274633,101
2024-09-19 10:07:34.035,419.0407975320257,995
2024-09-19 10:07:34.053,419.0402958970526,997
2024-09-19 10:07:34.148,419.004369428906,1003
2024-09-19 10:07:34.195,419.0309376931639,9
2024-09-19 10:07:34.352,,11
2024-09-19 10:07:34.365,418.9778329478083,105
2024-09-19 10:07:34.377,-419.0076325556973,1004
2024-09-19 10:07:34.403,419.0451442352265,1001
2024-09-19 10:07:34.436,-419.0339361002841,95
2024-09-19 10:07:34.437,418.9961793613575,8
2024-09-19 10:07:34.470,419.04440449644926,1004
2024-09-19 10:07:34.553,419.0541692201342,1005
2024-09-19 10:07:34.557,419.007127917744,996
2024-09-19 10:07:34.628,418.98493378345,10
2024-09-19 10:07:34.764,,95
2024-09-19 10:07:34.784,419.0101699683957,98
2024-09-19 10:07:34.840,419.0248924281743,8
2024-09-19 10:07:34.842,419.0630259393977,104
2024-09-19 10:07:34.854,419.01766472420826,998
2024-09-19 10:07:34.859,419.05335326458686,10
2024-09-19 10:07:34.972,418.9739864198735,11
2024-09-19 10:07:34.995,419.0266538054474,1005
2024-09-19 10:07:35.020,418.98859433175454,999
2024-09-19 10:07:35.050,419.0019791349335,13
2024-09-19 10:07:35.070,418.9803982870934,97
2024-09-19 10:07:35.145,418.97010974549806,997
2024-09-19 10:07:35.230,418.96142019214034,1005
2024-09-19 10:07:35.240,418.9808744137027,6
2024-09-19 10:07:35.263,418.9959068929379,100
2024-09-19 10:07:35.302,418.98970615109823,105
2024-09-19 10:07:35.396,418.9885121738093,8
2024-09-19 10:07:35.403,418.97627046345,105
2024-09-19 10:07:35.403,418.96780270363325,995
2024-09-19 10:07:35.436,418.969668234897,1000
2024-09-19 10:07:35.554,418.99944593897527,100
2024-09-19 10:07:35.638,418.96310035383794,10
2024-09-19 10:07:35.704,418.99732880085,100
2024-09-19 10:07:35.797,419.00981305790606,7
2024-09-19 10:07:35.832,419.00474550970137,1000
2024-09-19 10:07:35.874,419.0082077265409,12
2024-09-19 10:07:35.908,418.9932367255116,1000
2024-09-19 10:07:35.923,418.9724593030417,103
2024-09-19 10:07:35.954,419.0101735743253,1005
2024-09-19 10:07:35.980,419.00462126940295,104
2024-09-19 10:07:36.002,418.9594284892535,1004
2024-09-19 10:07:36.038,418.9624668801919,98
2024-09-19 10:07:36.078,418.9237335191788,99
2024-09-19 10:07:36.093,418.9827256578747,9
2024-09-19 10:07:36.283,418.9218159150521,95
2024-09-19 10:07:36.298,418.91687426735706,11
2024-09-19 10:07:36.318,418.9584775926883,996
2024-09-19 10:07:36.323,418.9476479544626,99
2024-09-19 10:07:36.344,418.9312026298692,99
2024-09-19 10:07:36.347,418.9738334092974,12
2024-09-19 10:07:36.359,418.96762920559,7
2024-09-19 10:07:36.382,418.9817551052932,103
2024-09-19 10:07:36.431,418.9404103390206,103
2024-09-19 10:07:36.451,418.92838263895584,997
2024-09-19 10:07:36.487,418.9484294710748,6
2024-09-19 10:07:36.655,418.9093963020036,1003
2024-09-19 10:07:36.704,418.91704275031486,995
2024-09-19 10:07:36.736,418.9091926612164,103
2024-09-19 10:07:36.742,418.9366783364415,1003
2024-09-19 10:07:36.998,418.915010228162,103
2024-09-19 10:07:37.018,418.9600376718313,100
2024-09-19 10:07:37.047,418.9619990030079,105
2024-09-19 10:07:37.072,418.937032639003,103
2024-09-19 10:07:37.078,418.9465224330291,1003
2024-09-19 10:07:37.127,418.9865053355397,998
2024-09-19 10:07:37.157,419.0002068285313,100
2024-09-19 10:07:37.160,418.9286857332601,1000
2024-09-19 10:07:37.196,418.9403722462853,102
2024-09-19 10:07:37.198,-418.9528567182852,8
2024-09-19 10:07:37.261,419.0018386836027,105
2024-09-19 10:07:37.298,418.9239175096536,6
2024-09-19 10:07:37.307,419.00168983540215,1003
2024-09-19 10:07:37.334,418.9481671990272,12
2024-09-19 10:07:37.361,419.00296427958097,11
2024-09-19 10:07:37.493,-418.9629821505761,12
2024-09-19 10:07:37.499,418.9387425936105,14
2024-09-19 10:07:37.579,418.9288494193434,105
2024-09-19 10:07:37.604,418.9520788875075,11
2024-09-19 10:07:37.620,418.952599568743,999
2024-09-19 10:07:37.697,418.9512349330363,10
2024-09-19 10:07:37.701,-418.94021450164166,15
2024-09-19 10:07:37.779,419.0176762251127,998
2024-09-19 10:07:37.792,418.9613308344492,1005
2024-09-19 10:07:37.885,418.9531989160161,1004
2024-09-19 10:07:37.885,418.9158489011159,14
2024-09-19 10:07:38.019,418.8751171440194,995
2024-09-19 10:07:38.042,418.93914779676646,105
2024-09-19 10:07:38.096,418.8889228600644,10
2024-09-19 10:07:38.137,418.8913048106448,1003
2024-09-19 10:07:38.214,418.9281956333216,102
2024-09-19 10:07:38.221,418.928808414683,14
2024-09-19 10:07:38.338,418.92383964885744,1002
2024-09-19 10:07:38.419,418.9027269695211,104
2024-09-19 10:07:38.447,418.9405764106107,6
2024-09-19 10:07:38.461,418.8677567968863,999
2024-09-19 10:07:38.678,418.90195686925006,8
2024-09-19 10:07:38.685,-418.8903620083421,96
2024-09-19 10:07:38.796,418.9142607697962,105
2024-09-19 10:07:38.825,418.8784668315731,8
2024-09-19 10:07:38.840,418.8862309155217,1000
2024-09-19 10:07:38.872,418.8772884910405,12
2024-09-19 10:07:38.888,418.87736695035903,7
2024-09-19 10:07:38.893,418.899098211273,104
2024-09-19 10:07:38.899,418.94821323728974,998
2024-09-19 10:07:38.929,418.9437710390663,15
2024-09-19 10:07:38.937,418.89166980440416,13
2024-09-19 10:07:38.979,418.8886048793629,96
2024-09-19 10:07:38.984,418.931972654424,96
2024-09-19 10:07:39.174,418.9417317005859,1001
2024-09-19 10:07:39.236,418.9140774197505,1003
2024-09-19 10:07:39.267,418.9241955099712,101
2024-09-19 10:07:39.298,41.89224100149272,997
2024-09-19 10:07:39.327,418.93283545098,7
2024-09-19 10:07:39.338,418.9407126021453,1003
2024-09-19 10:07:39.533,418.9128918144046,102
2024-09-19 10:07:39.625,418.9088049528821,998
2024-09-19 10:07:39.689,418.9126094931237,999
2024-09-19 10:07:39.830,418.9105442906325,100
2024-09-19 10:07:39.925,418.9275656737978,98
2024-09-19 10:07:39.928,418.9099220999789,12
2024-09-19 10:07:39.952,418.9362654236488,11
2024-09-19 10:07:40.044,418.9259266967672,100
2024-09-19 10:07:40.293,418.8974541102857,13
2024-09-19 10:07:40.409,418.91615775894746,13
2024-09-19 10:07:40.443,418.8823800436781,1000
2024-09-19 10:07:40.476,418.8795176366002,11
2024-09-19 10:07:40.531,418.928448002048,11
2024-09-19 10:07:40.548,418.9349000816953,14
2024-09-19 10:07:40.549,418.94328353077066,95
2024-09-19 10:07:40.630,418.90341499634434,103
2024-09-19 10:07:40.654,418.89408791352935,8
2024-09-19 10:07:40.664,418.9245739690419,10
2024-09-19 10:07:40.737,418.9230039029642,997
2024-09-19 10:07:40.801,-418.8979302041551,999
2024-09-19 10:07:40.828,418.94466358318215,996
2024-09-19 10:07:40.836,418.9183767855714,8
2024-09-19 10:07:40.836,418.9128963917837,11
2024-09-19 10:07:40.885,418.8984960246183,100
2024-09-19 10:07:40.935,418.9298886896164,1001
2024-09-19 10:07:40.950,418.9285497471274,1001
2024-09-19 10:07:40.956,418.9276912785136,996
2024-09-19 10:07:40.968,418.9059224158584,14
2024-09-19 10:07:40.981,418.9209133384639,12
2024-09-19 10:07:41.067,418.96604631468017,15
2024-09-19 10:07:41.105,418.8864589890211,97
2024-09-19 10:07:41.118,418.9539907635776,1001
2024-09-19 10:07:41.148,418.93730063394935,998
2024-09-19 10:07:41.362,418.9096810568268,95
2024-09-19 10:07:41.614,418.9829488599284,997
2024-09-19 10:07:41.657,418.9899013610528,13
2024-09-19 10:07:41.725,418.9945568065367,1002
2024-09-19 10:07:41.821,418.916932266334,999
2024-09-19 10:07:41.938,418.89504778547,5
2024-09-19 10:07:42.180,418.9791515536708,100
2024-09-19 10:07:42.215,418.96099202297415,10
2024-09-19 10:07:42.581,418.99138835712375,1001
2024-09-19 10:07:42.694,418.9491604881544,6
2024-09-19 10:07:42.781,419.0128596262279,998
2024-09-19 10:07:42.848,418.9944086141372,5
2024-09-19 10:07:42.911,418.97787896629376,105
2024-09-19 10:07:43.032,418.9678027857563,997
2024-09-19 10:07:43.032,419.0194088521803,997
2024-09-19 10:07:43.045,419.0003037218567,15
2024-09-19 10:07:43.047,419.0069031855433,13
2024-09-19 10:07:43.116,418.9345122384535,12
2024-09-19 10:07:43.229,418.9988135361293,1002
2024-09-19 10:07:43.247,418.990022142658,996
2024-09-19 10:07:43.328,418.9932394750809,1001
2024-09-19 10:07:43.349,418.9152787913936,105
2024-09-19 10:07:43.366,418.9940762611251,1000
2024-09-19 10:07:43.407,418.95463968633993,5
2024-09-19 10:07:43.418,418.9539128103005,7
2024-09-19 10:07:43.441,418.9519307280688,1005
2024-09-19 10:07:43.540,418.95878950042254,95
2024-09-19 10:07:43.567,418.9288413751064,6
2024-09-19 10:07:43.581,418.9918034979953,11
2024-09-19 10:07:43.590,419.0058803453357,996
2024-09-19 10:07:43.596,419.0060796837316,95
2024-09-19 10:07:43.633,418.9911428897874,997
2024-09-19 10:07:43.656,418.9099140782749,7
2024-09-19 10:07:43.670,418.9368327378637,101
2024-09-19 10:07:43.778,418.94692818451495,996
2024-09-19 10:07:43.797,418.9578942245657,1005
2024-09-19 10:07:43.834,418.925201244257,100
2024-09-19 10:07:43.838,418.94088489679086,105
2024-09-19 10:07:43.874,418.93904355373496,1004
2024-09-19 10:07:43.884,418.9015481713573,98
2024-09-19 10:07:43.921,419.0071482258528,9
2024-09-19 10:07:43.936,418.9666734358252,1003
2024-09-19 10:07:43.947,418.92146886029457,1001
2024-09-19 10:07:44.032,418.91559990086057,9
2024-09-19 10:07:44.068,418.9463865080553,7
2024-09-19 10:07:44.251,418.9324490084993,1005
2024-09-19 10:07:44.342,418.9470692262733,8
2024-09-19 10:07:44.522,418.940107286,10
2024-09-19 10:07:44.641,418.91486499489577,9
2024-09-19 10:07:44.836,418.9179702205604,11
2024-09-19 10:07:44.853,418.897286911374,1002
2024-09-19 10:07:44.908,418.914109278341,14
2024-09-19 10:07:44.924,418.9147081556832,1000
2024-09-19 10:07:44.974,418.9260337127548,5
2024-09-19 10:07:45.084,418.880363809755,1004
2024-09-19 10:07:45.144,418.8952208945439,1000
2024-09-19 10:07:45.175,418.9111140516459,1003
2024-09-19 10:07:45.184,418.9035731939948,12
2024-09-19 10:07:45.246,418.9121463750859,999
2024-09-19 10:07:45.310,418.894989715167,11
2024-09-19 10:07:45.353,418.8859713239202,13
2024-09-19 10:07:45.474,418.8965911378048,8
2024-09-19 10:07:45.541,418.9054972977967,98
2024-09-19 10:07:45.590,418.8749318734922,1003
2024-09-19 10:07:45.723,418.92919835249785,1001
2024-09-19 10:07:45.795,418.9085215075234,98
2024-09-19 10:07:45.845,418.9148216547543,104
2024-09-19 10:07:45.962,418.9025570218809,998
2024-09-19 10:07:46.084,418.8974294981403,96
2024-09-19 10:07:46.257,418.8922559928375,1003
2024-09-19 10:07:46.354,418.8740231203036,15
2024-09-19 10:07:46.421,418.9021586829825,98
2024-09-19 10:07:46.469,418.8929830751293,999
2024-09-19 10:07:46.540,418.8892073767439,98
2024-09-19 10:07:46.695,418.8860612310858,1001
2024-09-19 10:07:46.785,418.89041919436926,1000
2024-09-19 10:07:46.929,418.88461453945376,15
2024-09-19 10:07:47.049,418.9119347757777,11
2024-09-19 10:07:47.056,418.9113359463106,997
2024-09-19 10:07:47.098,418.9092865911886,105
2024-09-19 10:07:47.244,418.9076619778576,8
2024-09-19 10:07:47.247,,996
2024-09-19 10:07:47.250,418.90248604672615,105
2024-09-19 10:07:47.257,418.9032171654284,104
2024-09-19 10:07:47.259,418.9013978519088,8
2024-09-19 10:07:47.431,418.9077338696838,7
2024-09-19 10:07:47.494,418.9204548745173,101
2024-09-19 10:07:47.560,418.8981135657793,7
2024-09-19 10:07:47.612,418.9113970393423,105
2024-09-19 10:07:47.626,418.9186454218937,13
2024-09-19 10:07:47.632,418.9081156216328,14
2024-09-19 10:07:47.719,418.917374059387,15
2024-09-19 10:07:47.780,418.9140155899984,99
2024-09-19 10:07:47.804,418.8874960598132,12
2024-09-19 10:07:47.873,418.8988765557419,103
2024-09-19 10:07:47.970,418.9065813391217,998
2024-09-19 10:07:47.970,418.9264329637189,98
2024-09-19 10:07:47.988,418.9188483772033,100
2024-09-19 10:07:48.497,418.89441327370304,997
2024-09-19 10:07:49.013,418.8960868849883,95
2024-09-19 10:07:49.077,418.8617973968298,10
2024-09-19 10:07:49.096,418.85121872934775,99
2024-09-19 10:07:49.103,418.83232092657965,15
2024-09-19 10:07:49.230,418.8393284699527,1004
2024-09-19 10:07:49.234,418.8431537042157,6
2024-09-19 10:07:49.302,418.8682174551533,5
2024-09-19 10:07:49.308,418.8398174652373,10
2024-09-19 10:07:49.353,418.8656511796233,96
2024-09-19 10:07:49.373,418.858001477807,6
2024-09-19 10:07:49.464,418.8838993641921,1002
2024-09-19 10:07:49.511,418.8632882894301,9
2024-09-19 10:07:49.530,418.8954264493989,102
2024-09-19 10:07:49.561,418.8770068637669,15
2024-09-19 10:07:49.587,418.82814707383847,103
2024-09-19 10:07:49.777,418.8198842469493,1001
2024-09-19 10:07:49.785,418.8389736172411,1000
2024-09-19 10:07:49.842,418.8585226872372,7
2024-09-19 10:07:49.852,418.8668297750736,1005
2024-09-19 10:07:49.854,418.8415964166996,1000
2024-09-19 10:07:49.873,418.8507899046222,997
2024-09-19 10:07:49.961,418.8064540756725,103
2024-09-19 10:07:49.972,418.83195441816457,6
2024-09-19 10:07:50.036,418.8673532610937,1001
2024-09-19 10:07:50.087,418.7996992053128,1005
2024-09-19 10:07:50.110,418.8693701933378,103
2024-09-19 10:07:50.151,418.83526599992985,1005
2024-09-19 10:07:50.244,418.84068702586416,997
2024-09-19 10:07:50.427,418.8333644221631,1004
2024-09-19 10:07:50.665,418.8314423137351,102
2024-09-19 10:07:50.730,418.8018234355209,101
2024-09-19 10:07:50.762,418.80756113389873,103
2024-09-19 10:07:50.823,418.80815682221663,11
2024-09-19 10:07:50.963,418.8268306481464,103
2024-09-19 10:07:50.976,418.8618196207075,98
2024-09-19 10:07:51.012,418.8323966754176,1004
2024-09-19 10:07:51.180,41.883906203733474,1003
2024-09-19 10:07:51.322,418.8371665143291,95
2024-09-19 10:07:51.494,418.8252271681699,1000
2024-09-19 10:07:51.566,418.8326974292037,8
2024-09-19 10:07:51.682,418.84242280174107,1003
2024-09-19 10:07:51.797,418.8183509332197,102
2024-09-19 10:07:51.812,418.8350985307681,999
2024-09-19 10:07:51.918,418.8290086985719,8
2024-09-19 10:07:52.007,418.76362443139766,99
2024-09-19 10:07:52.038,418.8196010173288,101
2024-09-19 10:07:52.130,418.82582390994514,102
2024-09-19 10:07:52.150,418.7650565044543,102
2024-09-19 10:07:52.235,418.77086728488194,1005
2024-09-19 10:07:52.284,418.76132872090864,103
2024-09-19 10:07:52.307,418.7819862609771,996
2024-09-19 10:07:52.352,418.81292977191697,104
2024-09-19 10:07:52.391,418.779248422997,100
2024-09-19 10:07:52.392,418.772212702092,999
2024-09-19 10:07:52.407,418.8301836657787,997
2024-09-19 10:07:52.438,418.8073494782119,999
2024-09-19 10:07:52.472,418.7503051794549,14
2024-09-19 10:07:52.504,418.8328512093006,97
2024-09-19 10:07:52.545,418.7765916639936,996
2024-09-19 10:07:52.554,418.81067246938585,5
2024-09-19 10:07:52.652,418.78954942955033,7
2024-09-19 10:07:52.694,418.76573982347793,102
2024-09-19 10:07:52.755,418.7658310488453,996
2024-09-19 10:07:52.797,418.7872967526392,9
2024-09-19 10:07:52.822,418.751368176078,101
2024-09-19 10:07:52.828,-418.7498463091352,995
2024-09-19 10:07:52.829,418.7592085792792,95
2024-09-19 10:07:52.869,418.82944557278665,95
2024-09-19 10:07:52.870,418.7488076302432,9
2024-09-19 10:07:52.942,418.7766467632762,1002
2024-09-19 10:07:52.971,418.7791472962211,1005
2024-09-19 10:07:52.997,418.8013454480016,105
2024-09-19 10:07:53.007,41.87999556604928,8
2024-09-19 10:07:53.050,418.7940487710508,99
2024-09-19 10:07:53.077,418.7230154318386,100
2024-09-19 10:07:53.078,418.7185172713537,103
2024-09-19 10:07:53.096,418.7830793963007,103
2024-09-19 10:07:53.161,418.72066947495694,7
2024-09-19 10:07:53.287,418.7784017075305,10
2024-09-19 10:07:53.332,418.7516381731461,99
2024-09-19 10:07:53.484,418.67819363152216,996
2024-09-19 10:07:53.649,418.737768033417,101
2024-09-19 10:07:53.804,418.79544431959545,1004
2024-09-19 10:07:53.805,418.7648840827575,997
2024-09-19 10:07:53.826,418.6875473855015,98
2024-09-19 10:07:53.906,418.802413574525,105
2024-09-19 10:07:53.925,418.77563697804766,995
2024-09-19 10:07:53.954,418.7064856354044,15
2024-09-19 10:07:54.026,418.6298410070694,98
2024-09-19 10:07:54.051,418.6578557991964,11
2024-09-19 10:07:54.055,418.6313150751117,999
2024-09-19 10:07:54.117,418.6567515612716,95
2024-09-19 10:07:54.216,418.6442480803181,100
2024-09-19 10:07:54.244,418.6549848306275,97
2024-09-19 10:07:54.257,418.63501917398247,998
2024-09-19 10:07:54.262,418.6326217104987,1001
2024-09-19 10:07:54.310,418.6566545887992,7
2024-09-19 10:07:54.349,418.6463863949896,1005
2024-09-19 10:07:54.353,418.6745526920981,10
2024-09-19 10:07:54.366,418.6527077317227,998
2024-09-19 10:07:54.394,418.6349752024045,100
2024-09-19 10:07:54.423,418.6424345061024,1003
2024-09-19 10:07:54.473,418.67012011184585,105
2024-09-19 10:07:54.505,418.6669148752441,998
2024-09-19 10:07:54.637,418.65823609216807,8
2024-09-19 10:07:54.663,418.6533127278864,5
2024-09-19 10:07:54.708,418.6475127192808,11
2024-09-19 10:07:54.749,418.6722467294493,7
2024-09-19 10:07:54.793,418.64564857458623,998
2024-09-19 10:07:54.796,418.6559149241262,14
2024-09-19 10:07:54.891,418.6800916272017,998
2024-09-19 10:07:54.928,418.6593155361517,9
2024-09-19 10:07:55.017,418.60427813129337,100
2024-09-19 10:07:55.157,418.6569127794798,11
2024-09-19 10:07:55.215,418.6227297595261,96
2024-09-19 10:07:55.292,418.6274421302016,1001
2024-09-19 10:07:55.311,418.59780505627714,95
2024-09-19 10:07:55.313,418.65613871840327,5
2024-09-19 10:07:55.323,418.63794028694525,1003
2024-09-19 10:07:55.347,418.6544395914357,99
2024-09-19 10:07:55.356,418.6764560680984,12
2024-09-19 10:07:55.359,418.6591091076662,103
2024-09-19 10:07:55.426,,14
2024-09-19 10:07:55.441,418.6823306428224,1003
2024-09-19 10:07:55.552,418.6054184046762,7
2024-09-19 10:07:55.580,418.67056560994905,7
2024-09-19 10:07:55.581,418.6561448140067,104
2024-09-19 10:07:55.582,418.6572896587492,98
2024-09-19 10:07:55.594,418.66574719333954,997
2024-09-19 10:07:55.653,418.61185205349335,14
2024-09-19 10:07:55.738,418.62373458142287,10
2024-09-19 10:07:55.785,418.67768877104015,105
2024-09-19 10:07:55.826,418.6199041849176,101
2024-09-19 10:07:55.895,418.6400370236345,1003
2024-09-19 10:07:55.931,418.6855706253005,15
2024-09-19 10:07:55.991,418.6444934045284,101
2024-09-19 10:07:56.020,418.62640710193807,101
2024-09-19 10:07:56.033,418.5933361473319,995
2024-09-19 10:07:56.134,418.6284495805146,101
2024-09-19 10:07:56.162,418.57156613772617,998
2024-09-19 10:07:56.173,418.5957175390475,14
2024-09-19 10:07:56.217,418.5879901774136,105
2024-09-19 10:07:56.235,418.60239308390646,101
2024-09-19 10:07:56.243,418.63751514837446,1004
2024-09-19 10:07:56.261,418.59457444024986,996
2024-09-19 10:07:56.430,418.57344090343,10
2024-09-19 10:07:56.553,418.6005187123965,996
2024-09-19 10:07:56.572,418.6088436778872,5
2024-09-19 10:07:56.584,,98
2024-09-19 10:07:56.650,418.5786799999751,104
2024-09-19 10:07:56.700,418.5996261798545,6
2024-09-19 10:07:56.728,418.5785789732655,8
2024-09-19 10:07:56.734,418.6030269215154,95
2024-09-19 10:07:56.753,418.5807181936119,14
2024-09-19 10:07:56.763,418.5936795200956,97
2024-09-19 10:07:56.861,41.85901564117575,97
2024-09-19 10:07:56.925,418.5964682074064,997
2024-09-19 10:07:57.009,418.6226389681527,996
2024-09-19 10:07:57.219,418.6086973369478,995
2024-09-19 10:07:57.495,418.5982670903269,100
2024-09-19 10:07:57.542,418.6460847046882,999
2024-09-19 10:07:57.599,418.6363882149194,8
2024-09-19 10:07:57.654,418.6242801425749,998
2024-09-19 10:07:57.900,418.59572157073774,998
2024-09-19 10:07:57.949,418.6337917231525,100
2024-09-19 10:07:57.998,418.5974846923895,7
2024-09-19 10:07:58.102,418.5920976900139,1001
2024-09-19 10:07:58.105,418.6059582524919,995
2024-09-19 10:07:58.149,418.62892806445393,105
2024-09-19 10:07:58.260,418.6206552904843,5
2024-09-19 10:07:58.263,418.5795983184483,995
2024-09-19 10:07:58.339,418.60467723726975,105
2024-09-19 10:07:58.518,,13
2024-09-19 10:07:58.520,418.6198817263401,1001
2024-09-19 10:07:58.538,418.61963809601,95
2024-09-19 10:07:58.569,418.5856549355564,15
2024-09-19 10:07:58.650,418.598716137586,9
2024-09-19 10:07:58.654,418.59465662711,1004
2024-09-19 10:07:58.717,418.62308317082096,998
2024-09-19 10:07:58.730,418.6145722118507,996
2024-09-19 10:07:58.756,418.5860793873317,1003
2024-09-19 10:07:58.766,418.5910118804067,1004
2024-09-19 10:07:58.768,418.5937554500072,104
2024-09-19 10:07:58.808,418.619771794564,14
2024-09-19 10:07:58.883,418.6008777588386,104
2024-09-19 10:07:58.921,418.6118309895132,1002
2024-09-19 10:07:58.997,418.5932306418828,7
2024-09-19 10:07:59.027,418.59915213328,1005
2024-09-19 10:07:59.272,418.5837885197989,5
2024-09-19 10:07:59.276,418.60034565470846,105
2024-09-19 10:07:59.870,418.596891641151,95
2024-09-19 10:07:59.985,418.5787145207228,100
