Timestamp,Price,Size
2024-09-19 14:55:00.044,420.3033773822565,13
2024-09-19 14:55:00.070,420.3153992998218,6
2024-09-19 14:55:00.147,420.2701997163442,101
2024-09-19 14:55:00.342,420.2799048557,104
2024-09-19 14:55:00.435,420.268840926219,1001
2024-09-19 14:55:00.461,420.3115858324044,1000
2024-09-19 14:55:00.462,420.2767509483568,1000
2024-09-19 14:55:00.540,420.29429620495085,104
2024-09-19 14:55:00.632,420.2724746412717,1002
2024-09-19 14:55:00.649,420.28277789885936,8
2024-09-19 14:55:00.773,420.2799681560853,15
2024-09-19 14:55:00.916,420.2809590302768,12
2024-09-19 14:55:01.007,420.3315705065072,13
2024-09-19 14:55:01.035,420.3473691400882,1003
2024-09-19 14:55:01.048,420.2959091481158,1000
2024-09-19 14:55:01.221,420.3313366436028,102
2024-09-19 14:55:01.227,420.303167024734,96
2024-09-19 14:55:01.227,420.3458640434278,95
2024-09-19 14:55:01.309,420.3428054122046,105
2024-09-19 14:55:01.312,420.3122541517773,1000
2024-09-19 14:55:01.348,420.35083436766416,99
2024-09-19 14:55:01.373,420.3473847572324,8
2024-09-19 14:55:01.414,420.328168171524,105
2024-09-19 14:55:01.494,420.3398481605073,95
2024-09-19 14:55:01.543,420.3332235946894,997
2024-09-19 14:55:01.548,420.3174097416986,995
2024-09-19 14:55:01.558,420.3339681734093,1003
2024-09-19 14:55:01.571,420.3284784205441,13
2024-09-19 14:55:01.617,420.30757884090144,1000
2024-09-19 14:55:01.633,420.346373219284,97
2024-09-19 14:55:01.742,420.3250100230224,10
2024-09-19 14:55:01.749,420.3437198265498,95
2024-09-19 14:55:01.795,420.3133849142612,13
2024-09-19 14:55:01.853,420.3285646886487,104
2024-09-19 14:55:01.873,420.30649736320873,9
2024-09-19 14:55:01.927,420.3318881046444,103
2024-09-19 14:55:01.938,420.3388029903758,101
2024-09-19 14:55:01.969,420.3172077381688,1001
2024-09-19 14:55:02.086,420.3690836282689,6
2024-09-19 14:55:02.142,420.2718773875839,996
2024-09-19 14:55:02.152,420.3208830916109,12
2024-09-19 14:55:02.189,420.27410713762913,6
2024-09-19 14:55:02.197,420.34075128382017,999
2024-09-19 14:55:02.281,420.2615599321821,105
2024-09-19 14:55:02.325,420.30235296551206,997
2024-09-19 14:55:02.330,420.3084765700588,6
2024-09-19 14:55:02.494,420.3052121500261,99
2024-09-19 14:55:02.497,420.2602500536188,998
2024-09-19 14:55:02.544,420.307975087912,99
2024-09-19 14:55:02.545,420.34857007089386,100
2024-09-19 14:55:02.548,420.2944718964095,96
2024-09-19 14:55:02.650,420.28149610024354,105
2024-09-19 14:55:02.786,420.2587145769821,997
2024-09-19 14:55:02.814,420.2661773730092,6
2024-09-19 14:55:02.863,420.2795901301025,104
2024-09-19 14:55:02.869,420.34780757782806,999
2024-09-19 14:55:02.885,420.3151159761522,104
2024-09-19 14:55:03.161,420.23966991626014,103
2024-09-19 14:55:03.163,420.2369390656687,97
2024-09-19 14:55:03.293,420.24128927871095,1002
2024-09-19 14:55:03.385,420.2521205557175,9
2024-09-19 14:55:03.415,420.2366393109297,101
2024-09-19 14:55:03.543,420.227777387212,95
2024-09-19 14:55:03.987,420.239780282968,97
2024-09-19 14:55:04.060,420.25088431871467,102
2024-09-19 14:55:04.470,420.2762970973488,99
2024-09-19 14:55:04.613,,95
2024-09-19 14:55:04.709,420.2863335247838,1005
2024-09-19 14:55:04.764,420.28002215332367,100
2024-09-19 14:55:04.797,416.25752153159954,103
2024-09-19 14:55:04.810,420.2734618338102,101
2024-09-19 14:55:05.056,420.3660340149335,96
2024-09-19 14:55:05.098,420.3467938896421,12
2024-09-19 14:55:05.106,420.2936359897864,97
2024-09-19 14:55:05.195,420.3151976351161,1001
2024-09-19 14:55:05.280,420.35123571865086,101
2024-09-19 14:55:05.290,420.3291513002943,8
2024-09-19 14:55:05.317,420.3470435711853,13
2024-09-19 14:55:05.373,420.3363529532255,97
2024-09-19 14:55:05.409,420.3359184554367,1005
2024-09-19 14:55:05.497,420.3747282558466,104
2024-09-19 14:55:05.513,420.3490918484579,100
2024-09-19 14:55:05.529,420.36726482884114,1005
2024-09-19 14:55:05.559,420.3235988371348,1001
2024-09-19 14:55:05.568,420.3574462871351,7
2024-09-19 14:55:05.572,420.3819358997767,97
2024-09-19 14:55:05.655,416.1774450708335,8
2024-09-19 14:55:05.666,420.3303499820757,1004
2024-09-19 14:55:05.691,420.3003113281065,1002
2024-09-19 14:55:05.709,420.3164766419302,13
2024-09-19 14:55:05.740,420.3657321574256,15
2024-09-19 14:55:05.752,420.3360549009088,11
2024-09-19 14:55:05.765,420.3442984551024,6
2024-09-19 14:55:05.766,420.3318489689233,100
2024-09-19 14:55:05.789,420.3501286288924,12
2024-09-19 14:55:05.855,420.3056493557358,1005
2024-09-19 14:55:05.999,420.34398132991294,9
2024-09-19 14:55:06.000,420.313059562904,100
2024-09-19 14:55:06.043,420.3028363998584,101
2024-09-19 14:55:06.053,420.28678605117767,8
2024-09-19 14:55:06.084,420.341966451611,101
2024-09-19 14:55:06.088,420.2911928463282,1000
2024-09-19 14:55:06.205,420.2982567112003,996
2024-09-19 14:55:06.223,420.29482518129646,99
2024-09-19 14:55:06.267,420.3078466822633,995
2024-09-19 14:55:06.447,420.3359193291261,13
2024-09-19 14:55:06.552,420.3318667486116,101
2024-09-19 14:55:06.554,420.3310339417149,999
2024-09-19 14:55:06.557,420.3263512189865,1004
2024-09-19 14:55:06.564,420.3156658528099,998
2024-09-19 14:55:06.648,420.3379742917565,996
2024-09-19 14:55:06.654,420.34112520166855,1001
2024-09-19 14:55:06.663,420.2971724899931,1003
2024-09-19 14:55:06.677,420.310777910183,15
2024-09-19 14:55:06.680,420.30659059414927,15
2024-09-19 14:55:06.729,420.2882153731261,5
2024-09-19 14:55:06.822,420.3542203390653,96
2024-09-19 14:55:06.829,420.30812003981055,100
2024-09-19 14:55:06.860,420.3426630920916,101
2024-09-19 14:55:06.924,420.3374313565595,10
2024-09-19 14:55:06.973,420.3391582708177,1004
2024-09-19 14:55:07.007,420.37767574379257,99
2024-09-19 14:55:07.062,420.3684497590161,103
2024-09-19 14:55:07.075,420.4118780008582,104
2024-09-19 14:55:07.078,420.4275720270375,1000
2024-09-19 14:55:07.166,420.37409985749935,105
2024-09-19 14:55:07.171,42.03838979418951,98
2024-09-19 14:55:07.249,420.3951337774092,14
2024-09-19 14:55:07.255,420.3702038735141,1004
2024-09-19 14:55:07.383,420.384204970331,998
2024-09-19 14:55:07.402,420.42041028366646,104
2024-09-19 14:55:07.445,420.4044429499597,1005
2024-09-19 14:55:07.475,420.3926138749138,8
2024-09-19 14:55:07.600,420.40627828245965,9
2024-09-19 14:55:07.658,420.379852024482,105
2024-09-19 14:55:07.679,420.3787960593186,10
2024-09-19 14:55:07.686,420.4129792706141,104
2024-09-19 14:55:07.752,420.3855002962633,996
2024-09-19 14:55:07.800,420.3979302243944,101
2024-09-19 14:55:07.866,420.3953492833514,103
2024-09-19 14:55:07.876,420.4152750243046,11
2024-09-19 14:55:07.926,420.3785255459501,995
2024-09-19 14:55:07.974,420.3955635976111,97
2024-09-19 14:55:07.986,420.3948795485663,6
2024-09-19 14:55:08.005,420.42480662614713,15
2024-09-19 14:55:08.019,420.4599551839849,995
2024-09-19 14:55:08.071,420.4153435421129,1005
2024-09-19 14:55:08.139,420.457271200299,95
2024-09-19 14:55:08.165,420.4512602215488,102
2024-09-19 14:55:08.165,420.45991724953245,13
2024-09-19 14:55:08.172,420.4113914584863,10
2024-09-19 14:55:08.194,420.4298485144004,1003
2024-09-19 14:55:08.222,420.453206632272,995
2024-09-19 14:55:08.296,420.408932118966,12
2024-09-19 14:55:08.321,420.4134453518295,1003
2024-09-19 14:55:08.327,420.4546621577264,104
2024-09-19 14:55:08.332,420.43668372861634,1000
2024-09-19 14:55:08.360,420.46971479323474,996
2024-09-19 14:55:08.404,420.4459986369623,997
2024-09-19 14:55:08.446,420.4381128572412,1000
2024-09-19 14:55:08.549,420.4118509337885,98
2024-09-19 14:55:08.564,420.4140806683934,996
2024-09-19 14:55:08.571,420.4339712210585,995
2024-09-19 14:55:08.640,420.440295638533,97
2024-09-19 14:55:08.687,420.4532918958668,95
2024-09-19 14:55:08.688,420.437838759119,1005
2024-09-19 14:55:08.823,420.4356850884941,104
2024-09-19 14:55:08.849,420.4393246465859,104
2024-09-19 14:55:08.874,420.4047516882903,12
2024-09-19 14:55:08.876,420.3810018463223,99
2024-09-19 14:55:08.900,420.47413846216506,103
2024-09-19 14:55:08.930,420.4016864676411,997
2024-09-19 14:55:09.043,,1003
2024-09-19 14:55:09.113,420.4550052074021,98
2024-09-19 14:55:09.154,420.4536063506224,95
2024-09-19 14:55:09.167,420.416779020846,11
2024-09-19 14:55:09.187,420.44461722493867,996
2024-09-19 14:55:09.196,420.388220452203,96
2024-09-19 14:55:09.309,420.4084610939376,95
2024-09-19 14:55:09.319,420.4534292901436,5
2024-09-19 14:55:09.370,420.3881136865851,12
2024-09-19 14:55:09.385,420.44509050620127,101
2024-09-19 14:55:09.463,420.3764035962039,98
2024-09-19 14:55:09.535,420.3878410044156,6
2024-09-19 14:55:09.557,420.4488984590365,1000
2024-09-19 14:55:09.574,420.45165795303706,95
2024-09-19 14:55:09.595,420.4018544081361,13
2024-09-19 14:55:09.615,420.38478825305634,999
2024-09-19 14:55:09.684,420.4494762424145,1000
2024-09-19 14:55:09.766,420.3995640265962,100
2024-09-19 14:55:09.770,420.3836042616816,100
2024-09-19 14:55:09.807,420.3767532104717,997
2024-09-19 14:55:09.862,420.3923571718146,105
2024-09-19 14:55:09.931,420.395146735112,102
2024-09-19 14:55:10.012,420.4678438790625,1004
2024-09-19 14:55:10.046,,101
2024-09-19 14:55:10.135,420.5024553968998,104
2024-09-19 14:55:10.221,420.4755595047481,95
2024-09-19 14:55:10.278,420.4800429700208,102
2024-09-19 14:55:10.281,420.50030638656347,104
2024-09-19 14:55:10.326,420.4853681176352,105
2024-09-19 14:55:10.334,420.4776841831106,7
2024-09-19 14:55:10.393,420.4890959035226,1004
2024-09-19 14:55:10.403,420.5196192542991,99
2024-09-19 14:55:10.413,420.46755072117134,104
2024-09-19 14:55:10.461,420.433883269452,1002
2024-09-19 14:55:10.630,420.45027193375233,999
2024-09-19 14:55:10.652,420.4539630210816,999
2024-09-19 14:55:10.791,420.4792309677895,103
2024-09-19 14:55:10.800,420.4414010258733,1003
2024-09-19 14:55:10.824,420.50873175757647,1000
2024-09-19 14:55:10.833,420.4373241665549,995
2024-09-19 14:55:10.909,420.4814114312567,1004
2024-09-19 14:55:10.957,420.4532087740501,5
2024-09-19 14:55:10.960,-420.4929273937532,15
2024-09-19 14:55:11.048,420.4096273017487,6
2024-09-19 14:55:11.049,420.4084199911941,1004
2024-09-19 14:55:11.053,420.3512623182186,13
2024-09-19 14:55:11.155,420.416743848405,100
2024-09-19 14:55:11.210,420.3772598062306,999
2024-09-19 14:55:11.343,420.3634467370388,1001
2024-09-19 14:55:11.418,420.3917398970704,997
2024-09-19 14:55:11.502,420.3891815060031,8
2024-09-19 14:55:11.538,420.4115523001634,1002
2024-09-19 14:55:11.543,420.4088712368959,9
2024-09-19 14:55:11.594,420.4203469058803,6
2024-09-19 14:55:11.658,420.37817435478007,995
2024-09-19 14:55:11.727,420.3899475260166,1005
2024-09-19 14:55:11.759,420.4321638721565,101
2024-09-19 14:55:11.804,420.3973754412364,999
2024-09-19 14:55:11.846,420.4347301960794,1000
2024-09-19 14:55:11.918,,998
2024-09-19 14:55:11.987,420.3982663266202,1003
2024-09-19 14:55:12.008,420.4043324132328,5
2024-09-19 14:55:12.013,420.4098724079569,10
2024-09-19 14:55:12.046,420.32807272850255,96
2024-09-19 14:55:12.057,420.3790118698155,6
2024-09-19 14:55:12.062,420.2762318820707,102
2024-09-19 14:55:12.094,420.29651844267454,998
2024-09-19 14:55:12.171,420.3943395611496,999
2024-09-19 14:55:12.188,420.3918053154492,1001
2024-09-19 14:55:12.376,420.2597893456313,103
2024-09-19 14:55:12.392,420.2958394858268,103
2024-09-19 14:55:12.491,420.3179801478898,96
2024-09-19 14:55:12.597,420.3996148480241,99
2024-09-19 14:55:12.622,420.3525714365816,10
2024-09-19 14:55:12.647,420.3842137557444,97
2024-09-19 14:55:12.647,420.3193587755875,95
2024-09-19 14:55:12.665,420.3143366338818,997
2024-09-19 14:55:12.677,420.3785390700149,105
2024-09-19 14:55:12.703,420.29821079997134,9
2024-09-19 14:55:12.737,420.2704407159199,99
2024-09-19 14:55:12.739,420.25971178265627,14
2024-09-19 14:55:12.758,420.336778857744,996
2024-09-19 14:55:12.763,420.3000513977657,995
2024-09-19 14:55:12.773,420.4197623840618,95
2024-09-19 14:55:12.891,420.29464641601794,104
2024-09-19 14:55:12.989,420.3763837336288,104
2024-09-19 14:55:13.104,420.2685389374111,1000
2024-09-19 14:55:13.120,420.2210397268446,12
2024-09-19 14:55:13.192,420.2068039091958,95
2024-09-19 14:55:13.268,420.2061538603824,1005
2024-09-19 14:55:13.315,420.234496543004,99
2024-09-19 14:55:13.318,420.2361783569204,9
2024-09-19 14:55:13.333,420.21068214480727,6
2024-09-19 14:55:13.404,420.2164506680873,995
2024-09-19 14:55:13.427,420.21821058521,1005
2024-09-19 14:55:13.439,420.2336642528012,8
2024-09-19 14:55:13.467,420.2439656674419,103
2024-09-19 14:55:13.546,420.2524467702905,105
2024-09-19 14:55:13.609,420.2028110400623,1004
2024-09-19 14:55:13.720,420.2150498378323,12
2024-09-19 14:55:13.740,420.24370959351614,998
2024-09-19 14:55:13.747,420.249860708082,104
2024-09-19 14:55:13.821,420.2097596398854,96
2024-09-19 14:55:13.821,420.23821420182907,1005
2024-09-19 14:55:13.897,420.2438092217342,10
2024-09-19 14:55:14.020,420.1917680728884,13
2024-09-19 14:55:14.102,420.216842491974,14
2024-09-19 14:55:14.128,420.2013733333361,100
2024-09-19 14:55:14.215,420.1587951200649,98
2024-09-19 14:55:14.407,420.19449255789294,999
2024-09-19 14:55:14.431,420.1634715753201,1001
2024-09-19 14:55:14.488,420.1530507525689,998
2024-09-19 14:55:14.539,420.1707267535419,10
2024-09-19 14:55:14.555,420.1675314737648,104
2024-09-19 14:55:14.566,420.1693043464628,1002
2024-09-19 14:55:14.578,420.1482427638656,6
2024-09-19 14:55:14.612,420.1655132321184,1000
2024-09-19 14:55:14.631,420.20121539874594,101
2024-09-19 14:55:14.689,420.1533083386836,997
2024-09-19 14:55:14.690,420.1793109889039,998
2024-09-19 14:55:14.701,420.1598756816664,6
2024-09-19 14:55:14.729,420.1668626973015,99
2024-09-19 14:55:14.730,420.17219624473887,99
2024-09-19 14:55:14.890,420.1582218825421,14
2024-09-19 14:55:14.895,420.1525548436042,11
2024-09-19 14:55:14.916,420.177726227565,104
2024-09-19 14:55:14.933,420.1826385355391,995
2024-09-19 14:55:14.998,420.197217079512,999
2024-09-19 14:55:15.038,420.1254646661257,13
2024-09-19 14:55:15.119,420.1423059325076,14
2024-09-19 14:55:15.120,420.1564431030525,1003
2024-09-19 14:55:15.206,420.1520444510389,98
2024-09-19 14:55:15.243,420.1507593440066,96
2024-09-19 14:55:15.293,420.1407446427197,8
2024-09-19 14:55:15.502,420.1566479546332,10
2024-09-19 14:55:15.541,420.11956417561527,95
2024-09-19 14:55:15.808,420.1686290523711,1003
2024-09-19 14:55:15.931,420.1579090776206,998
2024-09-19 14:55:16.083,420.1618077705076,8
2024-09-19 14:55:16.173,420.1309987296533,101
2024-09-19 14:55:16.221,420.20541652957706,5
2024-09-19 14:55:16.355,420.1892383783231,100
2024-09-19 14:55:16.403,,1002
2024-09-19 14:55:16.417,-420.14867642001406,1001
2024-09-19 14:55:16.419,420.1327284553784,101
2024-09-19 14:55:16.478,420.1982230334266,14
2024-09-19 14:55:16.493,420.1358073635361,999
2024-09-19 14:55:16.503,420.1999439976928,103
2024-09-19 14:55:16.610,420.1679134069655,12
2024-09-19 14:55:16.630,420.1664184805601,14
2024-09-19 14:55:16.641,420.19258606661856,10
2024-09-19 14:55:16.676,420.1767193770066,13
2024-09-19 14:55:16.718,-420.1638469433101,9
2024-09-19 14:55:16.775,420.2069286569583,7
2024-09-19 14:55:16.793,420.1429620339552,999
2024-09-19 14:55:17.024,420.2524518817788,10
2024-09-19 14:55:17.134,420.2197412400649,5
2024-09-19 14:55:17.140,420.27195088116304,14
2024-09-19 14:55:17.194,420.2679109095668,8
2024-09-19 14:55:17.202,420.2495895566396,95
2024-09-19 14:55:17.346,420.219498455583,99
2024-09-19 14:55:17.513,420.2732463721447,102
2024-09-19 14:55:17.552,420.194952593479,998
2024-09-19 14:55:17.567,420.2603314103494,998
2024-09-19 14:55:17.625,420.2270675737642,1003
2024-09-19 14:55:17.653,420.250381471026,6
2024-09-19 14:55:17.722,420.2433747327845,99
2024-09-19 14:55:17.766,420.2606066543788,105
2024-09-19 14:55:17.985,420.2089973072252,102
2024-09-19 14:55:18.086,420.2673123280685,104
2024-09-19 14:55:18.166,420.2514181459939,1004
2024-09-19 14:55:18.181,420.2571190020685,15
2024-09-19 14:55:18.260,420.2428061070015,9
2024-09-19 14:55:18.285,420.2905303781445,11
2024-09-19 14:55:18.438,420.2349948157166,9
2024-09-19 14:55:18.461,420.2362892111122,1001
2024-09-19 14:55:18.461,420.2469955448488,6
2024-09-19 14:55:18.603,420.29575043207103,105
2024-09-19 14:55:18.711,420.27892614284417,9
2024-09-19 14:55:18.718,420.2574086479441,14
2024-09-19 14:55:19.094,420.2287619963017,1004
2024-09-19 14:55:19.397,420.2153924888613,1002
2024-09-19 14:55:19.584,420.22466703536014,15
2024-09-19 14:55:19.597,420.236386757801,1000
2024-09-19 14:55:19.819,420.2245278796655,6
2024-09-19 14:55:20.047,420.21291486420927,12
2024-09-19 14:55:20.148,420.2068773329658,995
2024-09-19 14:55:20.159,420.1806909592117,102
2024-09-19 14:55:20.193,420.220842010453,1003
2024-09-19 14:55:20.212,420.231271001805,996
2024-09-19 14:55:20.217,420.19709364969816,96
2024-09-19 14:55:20.248,420.21359888353874,10
2024-09-19 14:55:20.274,420.2167774096872,101
2024-09-19 14:55:20.284,420.2120467490993,1000
2024-09-19 14:55:20.323,420.20027599882593,1004
2024-09-19 14:55:20.345,-420.1933552678265,14
2024-09-19 14:55:20.345,420.200943382502,7
2024-09-19 14:55:20.375,420.2023259808224,95
2024-09-19 14:55:20.395,420.19990941978455,995
2024-09-19 14:55:20.402,420.2120856399776,1004
2024-09-19 14:55:20.404,420.2408846314073,101
2024-09-19 14:55:20.458,420.2305689817613,103
2024-09-19 14:55:20.478,420.18257678570825,103
2024-09-19 14:55:20.547,420.22218140865954,1003
2024-09-19 14:55:20.590,420.2011142812369,95
2024-09-19 14:55:20.605,420.2240819742003,10
2024-09-19 14:55:20.673,420.17997416035104,6
2024-09-19 14:55:20.761,420.2395606747939,104
2024-09-19 14:55:20.784,420.2141518266072,11
2024-09-19 14:55:20.823,420.2253921073976,99
2024-09-19 14:55:20.862,420.1832592369296,997
2024-09-19 14:55:20.866,420.2225473174437,6
2024-09-19 14:55:20.868,420.2132916160792,105
2024-09-19 14:55:20.894,420.2601634335447,997
2024-09-19 14:55:20.968,420.1840695535956,104
2024-09-19 14:55:21.021,420.2283264798379,104
2024-09-19 14:55:21.040,420.16581991734665,10
2024-09-19 14:55:21.107,,102
2024-09-19 14:55:21.180,420.2117548189476,5
2024-09-19 14:55:21.210,420.2214157389522,1000
2024-09-19 14:55:21.233,420.2057153629257,7
2024-09-19 14:55:21.289,420.2062605866622,10
2024-09-19 14:55:21.305,420.22166708753264,12
2024-09-19 14:55:21.344,420.22089671345327,1003
2024-09-19 14:55:21.364,420.1761976183808,14
2024-09-19 14:55:21.398,420.2102408822662,7
2024-09-19 14:55:21.440,420.22483214848586,6
2024-09-19 14:55:21.446,420.207779432651,97
2024-09-19 14:55:21.461,420.220594213236,996
2024-09-19 14:55:21.548,420.2267799362157,1005
2024-09-19 14:55:21.602,420.1746889960844,99
2024-09-19 14:55:21.613,420.1816423912574,98
2024-09-19 14:55:21.645,420.22228443166375,1001
2024-09-19 14:55:21.665,420.15110639943487,5
2024-09-19 14:55:21.732,420.1539597312655,104
2024-09-19 14:55:21.802,420.17427271371616,998
2024-09-19 14:55:21.820,420.2086558641459,99
2024-09-19 14:55:21.827,420.21528548967154,5
2024-09-19 14:55:21.840,420.2039421862907,1001
2024-09-19 14:55:21.869,-420.2191018597175,1000
2024-09-19 14:55:21.904,420.2104542448406,998
2024-09-19 14:55:21.958,420.18361649657805,1004
2024-09-19 14:55:21.992,420.2326433911754,7
2024-09-19 14:55:22.044,420.1964639092194,96
2024-09-19 14:55:22.069,420.1873204224605,14
2024-09-19 14:55:22.137,420.1509754473105,7
2024-09-19 14:55:22.470,420.1615270246657,11
2024-09-19 14:55:22.524,420.1713057061805,99
2024-09-19 14:55:22.543,420.1759283874068,100
2024-09-19 14:55:22.556,420.1827043109977,100
2024-09-19 14:55:22.564,420.15496391322034,1003
2024-09-19 14:55:22.566,420.1916767753675,98
2024-09-19 14:55:22.567,420.1622007926349,1003
2024-09-19 14:55:22.639,420.1809862886103,102
2024-09-19 14:55:22.646,420.1766657335229,1004
2024-09-19 14:55:22.676,420.1735440349024,1003
2024-09-19 14:55:22.836,42.01905229014847,99
2024-09-19 14:55:22.852,420.1688718509528,6
2024-09-19 14:55:22.874,420.17685523094815,99
2024-09-19 14:55:23.045,420.24409846364944,9
2024-09-19 14:55:23.059,420.2420968374251,999
2024-09-19 14:55:23.090,420.2438323911098,100
2024-09-19 14:55:23.176,420.23877153432977,8
2024-09-19 14:55:23.291,420.2656146304535,97
2024-09-19 14:55:23.301,420.2570005929077,14
2024-09-19 14:55:23.340,420.2047886278125,14
2024-09-19 14:55:23.342,420.212995263156,8
2024-09-19 14:55:23.502,420.2082747392744,102
2024-09-19 14:55:23.561,420.1760514461414,15
2024-09-19 14:55:23.597,420.2741905217215,101
2024-09-19 14:55:23.636,420.20369702227015,998
2024-09-19 14:55:23.733,420.3053794624889,1003
2024-09-19 14:55:23.767,420.27197004230624,12
2024-09-19 14:55:23.786,420.16282824622215,95
2024-09-19 14:55:23.815,420.2849183056084,995
2024-09-19 14:55:23.817,420.3015403107872,998
2024-09-19 14:55:23.840,420.26476106498,10
2024-09-19 14:55:23.848,420.28228288473474,996
2024-09-19 14:55:23.907,420.1929155655649,15
2024-09-19 14:55:23.914,420.2333191265235,8
2024-09-19 14:55:23.925,420.2290717283156,1000
2024-09-19 14:55:24.147,420.32152461390206,999
2024-09-19 14:55:24.287,420.3016954333679,15
2024-09-19 14:55:24.512,416.2449587408984,101
2024-09-19 14:55:24.973,420.2779753381448,1001
2024-09-19 14:55:25.164,420.30696221481537,99
2024-09-19 14:55:25.200,420.3325883655277,11
2024-09-19 14:55:25.219,420.3211995953894,95
2024-09-19 14:55:25.262,420.3215969226281,103
2024-09-19 14:55:25.395,420.2867567727961,5
2024-09-19 14:55:25.414,420.3358789133009,7
2024-09-19 14:55:25.483,420.32298464718514,99
2024-09-19 14:55:25.646,420.311528830406,997
2024-09-19 14:55:25.724,420.3334879488066,95
2024-09-19 14:55:25.746,420.3430140950404,1005
2024-09-19 14:55:25.941,420.3322217054838,99
2024-09-19 14:55:26.074,420.3361400046847,1004
2024-09-19 14:55:26.079,420.3190406016108,7
2024-09-19 14:55:26.086,420.3167678192292,1000
2024-09-19 14:55:26.112,420.3498852261779,11
2024-09-19 14:55:26.138,420.32432404215496,11
2024-09-19 14:55:26.270,420.3072064540133,98
2024-09-19 14:55:26.306,420.3569179420075,997
2024-09-19 14:55:26.435,420.3211206305476,100
2024-09-19 14:55:26.489,420.36315006806,98
2024-09-19 14:55:26.499,420.31911156229626,1005
2024-09-19 14:55:26.612,420.31162162567136,10
2024-09-19 14:55:26.638,420.332562499758,101
2024-09-19 14:55:26.640,420.3543043618188,1001
2024-09-19 14:55:26.645,416.3047913657665,997
2024-09-19 14:55:26.904,420.330192957399,1001
2024-09-19 14:55:26.911,420.3220977951297,5
2024-09-19 14:55:26.962,420.35684549576416,1000
2024-09-19 14:55:27.107,420.3432545251424,97
2024-09-19 14:55:27.174,420.3476067476233,15
2024-09-19 14:55:27.202,420.3312404530511,99
2024-09-19 14:55:27.378,420.3373667152658,13
2024-09-19 14:55:27.392,420.334311472991,98
2024-09-19 14:55:27.426,420.3462984817256,6
2024-09-19 14:55:27.480,420.35013183853255,99
2024-09-19 14:55:27.515,420.34210637316113,6
2024-09-19 14:55:27.564,420.3010093670995,96
2024-09-19 14:55:27.572,420.33567637760655,999
2024-09-19 14:55:27.619,420.34825572739527,999
2024-09-19 14:55:27.624,420.3518446711283,1001
2024-09-19 14:55:27.764,420.3240839891222,15
2024-09-19 14:55:27.768,420.3481604444058,95
2024-09-19 14:55:27.912,420.3020896800817,1005
2024-09-19 14:55:27.924,420.32970583895263,104
2024-09-19 14:55:27.939,420.3422928277303,5
2024-09-19 14:55:27.965,420.3282958677412,14
2024-09-19 14:55:27.985,420.32072508124185,103
2024-09-19 14:55:28.256,420.3738988719639,6
2024-09-19 14:55:28.512,420.37284011362857,8
2024-09-19 14:55:28.829,420.3749502837204,105
2024-09-19 14:55:28.989,420.358903646359,998
2024-09-19 14:55:29.035,420.37119958861786,98
2024-09-19 14:55:29.042,420.3664864585261,1004
2024-09-19 14:55:29.079,420.3580407588057,15
2024-09-19 14:55:29.083,420.3655998493886,105
2024-09-19 14:55:29.084,420.3698651695243,99
2024-09-19 14:55:29.108,420.36496169394655,5
2024-09-19 14:55:29.139,420.4021535399807,10
2024-09-19 14:55:29.142,420.3640013833675,12
2024-09-19 14:55:29.157,420.3554690736578,100
2024-09-19 14:55:29.248,420.3978224064992,8
2024-09-19 14:55:29.272,420.3851465944792,95
2024-09-19 14:55:29.305,420.3763916319827,1005
2024-09-19 14:55:29.357,420.3884615639883,98
2024-09-19 14:55:29.430,420.3394592359605,97
2024-09-19 14:55:29.513,420.35532124959246,98
2024-09-19 14:55:29.533,420.37953416822,11
2024-09-19 14:55:29.565,420.3518406411653,998
2024-09-19 14:55:29.606,420.3679523209668,11
2024-09-19 14:55:29.692,420.35986250350817,98
2024-09-19 14:55:29.728,420.3557895785472,105
2024-09-19 14:55:29.734,420.374246361162,95
2024-09-19 14:55:29.750,420.3685464972974,97
2024-09-19 14:55:29.774,420.377104481389,5
2024-09-19 14:55:29.776,420.38199988123495,7
2024-09-19 14:55:29.834,420.393881575364,995
2024-09-19 14:55:29.849,420.3573132525402,13
2024-09-19 14:55:29.886,420.3953712597078,1004
2024-09-19 14:55:29.950,420.3810504352074,11
2024-09-19 14:55:30.186,420.36255442748745,995
2024-09-19 14:55:30.383,420.3325397400438,997
2024-09-19 14:55:30.719,420.3697153284002,14
2024-09-19 14:55:30.731,420.3595308019789,103
2024-09-19 14:55:30.875,420.35214103852593,9
2024-09-19 14:55:31.111,420.3283770407566,9
2024-09-19 14:55:31.162,420.3223920456612,999
2024-09-19 14:55:31.181,420.3280637533976,101
2024-09-19 14:55:31.197,420.3386026618779,13
2024-09-19 14:55:31.375,420.3269154097748,11
2024-09-19 14:55:31.632,420.3063827605951,1001
2024-09-19 14:55:31.667,420.3317482463396,8
2024-09-19 14:55:31.711,420.3348223081659,102
2024-09-19 14:55:31.718,420.32227052911935,6
2024-09-19 14:55:31.742,420.3084484755857,95
2024-09-19 14:55:31.814,420.32620096618393,7
2024-09-19 14:55:31.851,420.3316198384492,97
2024-09-19 14:55:31.895,420.3198506115386,998
2024-09-19 14:55:31.998,420.3187617039336,9
2024-09-19 14:55:32.008,420.3248902147072,6
2024-09-19 14:55:32.012,420.27700498651456,98
2024-09-19 14:55:32.044,420.2876562522103,10
2024-09-19 14:55:32.047,420.29054980320393,1004
2024-09-19 14:55:32.054,420.3308925620871,103
2024-09-19 14:55:32.079,420.2994417854293,96
2024-09-19 14:55:32.123,420.3157898088764,105
2024-09-19 14:55:32.135,420.3232611007343,10
2024-09-19 14:55:32.174,420.32581572544353,15
2024-09-19 14:55:32.188,420.2781109257282,996
2024-09-19 14:55:32.249,420.26889696450615,102
2024-09-19 14:55:32.281,420.2641849379533,6
2024-09-19 14:55:32.301,420.30911729778177,12
2024-09-19 14:55:32.321,420.3072749183914,104
2024-09-19 14:55:32.324,420.30562081331993,10
2024-09-19 14:55:32.392,420.3021174250405,13
2024-09-19 14:55:32.438,420.3057761197842,13
2024-09-19 14:55:32.467,420.3377583480257,13
2024-09-19 14:55:32.481,420.2914205157767,1000
2024-09-19 14:55:32.486,420.3170465637264,997
2024-09-19 14:55:32.529,420.2958016736605,1001
2024-09-19 14:55:32.577,420.3160113686733,105
2024-09-19 14:55:32.733,420.2995724852655,1002
2024-09-19 14:55:32.742,420.270428355814,11
2024-09-19 14:55:32.846,420.3155596785892,1001
2024-09-19 14:55:32.848,420.2925796522659,997
2024-09-19 14:55:32.849,416.33498672637967,5
2024-09-19 14:55:32.977,420.2898626115364,7
2024-09-19 14:55:33.099,420.2448671502005,1002
2024-09-19 14:55:33.134,420.294601110972,104
2024-09-19 14:55:33.533,420.3042875093589,97
2024-09-19 14:55:33.691,420.298344236041,105
2024-09-19 14:55:33.709,420.2833658862306,1002
2024-09-19 14:55:33.782,420.2624753634649,997
2024-09-19 14:55:33.880,420.2431670158425,96
2024-09-19 14:55:34.017,420.2405326109565,98
2024-09-19 14:55:34.023,420.2432262987993,9
2024-09-19 14:55:34.037,420.33581790351127,13
2024-09-19 14:55:34.097,420.3123805293337,102
2024-09-19 14:55:34.179,420.27001535716175,102
2024-09-19 14:55:34.199,420.3541238224428,96
2024-09-19 14:55:34.208,420.32998059617336,105
2024-09-19 14:55:34.236,420.2474059917901,102
2024-09-19 14:55:34.248,420.2494164552016,97
2024-09-19 14:55:34.336,420.2449293354837,1005
2024-09-19 14:55:34.338,420.201292155248,11
2024-09-19 14:55:34.375,420.25340079565007,1001
2024-09-19 14:55:34.384,420.2326248502343,97
2024-09-19 14:55:34.520,420.29619689193385,95
2024-09-19 14:55:34.539,420.3091520736268,1000
2024-09-19 14:55:34.540,420.309166000737,995
2024-09-19 14:55:34.609,-420.34125433093385,12
2024-09-19 14:55:34.695,420.2974671229557,96
2024-09-19 14:55:34.714,420.2048335472033,5
2024-09-19 14:55:34.716,420.19196770637615,12
2024-09-19 14:55:34.733,420.223830957556,1004
2024-09-19 14:55:34.733,420.3252069484541,11
2024-09-19 14:55:34.741,420.3243767391442,97
2024-09-19 14:55:34.744,420.3053092227564,13
2024-09-19 14:55:34.782,420.2427340553973,13
2024-09-19 14:55:34.799,42.0277757139381,99
2024-09-19 14:55:34.806,420.3353059548105,997
2024-09-19 14:55:34.932,420.33851504250447,99
2024-09-19 14:55:34.989,420.27378577478527,13
2024-09-19 14:55:34.998,420.2592034314141,999
2024-09-19 14:55:35.083,420.3069695081268,7
2024-09-19 14:55:35.089,420.28367140805983,99
2024-09-19 14:55:35.100,420.3187510665053,999
2024-09-19 14:55:35.145,420.2832187795486,995
2024-09-19 14:55:35.164,420.3105941132471,97
2024-09-19 14:55:35.228,420.329229128658,5
2024-09-19 14:55:35.319,420.3282851985412,99
2024-09-19 14:55:35.337,420.3398284700221,6
2024-09-19 14:55:35.394,420.32880392173627,11
2024-09-19 14:55:35.453,420.29759085911127,996
2024-09-19 14:55:35.494,420.2925761037376,13
2024-09-19 14:55:35.507,420.3422911617964,1005
2024-09-19 14:55:35.556,420.33607183704686,10
2024-09-19 14:55:35.683,420.26224554426415,6
2024-09-19 14:55:35.712,420.3228686788522,95
2024-09-19 14:55:35.731,420.2827764986397,100
2024-09-19 14:55:35.842,420.3306002303956,14
2024-09-19 14:55:35.905,420.278033021354,96
2024-09-19 14:55:35.999,420.3481926076304,999
2024-09-19 14:55:36.013,420.3166385041832,9
2024-09-19 14:55:36.029,420.2494089407088,103
2024-09-19 14:55:36.032,420.30002780963497,105
2024-09-19 14:55:36.190,420.2703426839533,13
2024-09-19 14:55:36.199,420.2456426086189,11
2024-09-19 14:55:36.516,420.258648379988,1003
2024-09-19 14:55:36.615,420.2444459372686,5
2024-09-19 14:55:36.661,420.29496790311913,95
2024-09-19 14:55:36.678,420.2417980831845,8
2024-09-19 14:55:36.804,420.27968180154977,96
2024-09-19 14:55:36.845,420.303125067606,1001
2024-09-19 14:55:36.851,420.250365381827,997
2024-09-19 14:55:36.872,420.31379321526725,997
2024-09-19 14:55:36.887,420.3223210936502,996
2024-09-19 14:55:36.954,420.3080629917824,96
2024-09-19 14:55:37.011,420.293832579385,1000
2024-09-19 14:55:37.212,420.2889290847105,8
2024-09-19 14:55:37.319,420.25367428943423,1001
2024-09-19 14:55:37.335,420.2901232377636,1001
2024-09-19 14:55:37.344,420.28926039416393,999
2024-09-19 14:55:37.407,420.2728055259598,1000
2024-09-19 14:55:37.408,420.28177862874674,5
2024-09-19 14:55:37.661,420.2985750063738,12
2024-09-19 14:55:37.722,420.2876583862537,101
2024-09-19 14:55:37.737,420.2530462729593,998
2024-09-19 14:55:37.750,420.30864189602056,5
2024-09-19 14:55:37.905,420.2929763771237,1000
2024-09-19 14:55:38.004,420.2921545318459,1002
2024-09-19 14:55:38.007,420.30439180109136,12
2024-09-19 14:55:38.020,420.2712085735491,1002
2024-09-19 14:55:38.111,420.2582632704667,97
2024-09-19 14:55:38.158,420.297848027858,999
2024-09-19 14:55:38.239,420.2629839711056,97
2024-09-19 14:55:38.311,420.30365003470274,1001
2024-09-19 14:55:38.355,420.2701337829988,101
2024-09-19 14:55:38.401,420.2447958037444,9
2024-09-19 14:55:38.417,420.27941002495663,1005
2024-09-19 14:55:38.431,420.2668253754925,9
2024-09-19 14:55:38.518,420.3101758552508,95
2024-09-19 14:55:38.525,420.2719709231636,1002
2024-09-19 14:55:38.536,420.2654577974926,102
2024-09-19 14:55:38.576,42.02439962940979,1004
2024-09-19 14:55:38.588,420.2305371437277,1003
2024-09-19 14:55:38.598,420.2732434038811,997
2024-09-19 14:55:38.641,420.2937983081002,1001
2024-09-19 14:55:38.661,420.2386120862555,98
2024-09-19 14:55:38.757,420.224423843645,1000
2024-09-19 14:55:38.774,420.2350777186783,1001
2024-09-19 14:55:38.794,420.2532480245335,10
2024-09-19 14:55:38.838,420.297958635016,11
2024-09-19 14:55:38.845,420.2907688824432,1001
2024-09-19 14:55:38.875,420.2989176424803,105
2024-09-19 14:55:38.904,420.2894910665868,5
2024-09-19 14:55:38.944,420.2261059115436,1004
2024-09-19 14:55:39.093,420.307426677925,997
2024-09-19 14:55:39.098,,997
2024-09-19 14:55:39.128,420.3255863747892,8
2024-09-19 14:55:39.177,420.3141532764643,103
2024-09-19 14:55:39.226,420.3121982522349,96
2024-09-19 14:55:39.253,420.3088396932957,104
2024-09-19 14:55:39.264,420.3438969784808,1002
2024-09-19 14:55:39.364,420.3181269735673,95
2024-09-19 14:55:39.378,420.30296328559314,103
2024-09-19 14:55:39.415,420.3019042083925,995
2024-09-19 14:55:39.468,420.3043277875951,96
2024-09-19 14:55:39.481,420.31994686794656,100
2024-09-19 14:55:39.520,420.3171633653694,12
2024-09-19 14:55:39.603,420.29590527657786,14
2024-09-19 14:55:39.631,420.28982079227416,98
2024-09-19 14:55:39.678,420.3097569659589,99
2024-09-19 14:55:39.718,420.3114303157517,1002
2024-09-19 14:55:39.737,420.30313317216826,1005
2024-09-19 14:55:39.753,420.3079090132521,99
2024-09-19 14:55:39.858,420.3173662923573,11
2024-09-19 14:55:39.867,420.3043497928639,11
2024-09-19 14:55:39.981,420.33307497176014,15
2024-09-19 14:55:40.000,420.3587768997415,995
2024-09-19 14:55:40.104,420.316862504532,14
2024-09-19 14:55:40.130,420.29874922387006,97
2024-09-19 14:55:40.139,420.3037250555056,11
2024-09-19 14:55:40.173,,1000
2024-09-19 14:55:40.186,420.3267150361975,8
2024-09-19 14:55:40.225,420.3087326741535,102
2024-09-19 14:55:40.286,420.302319325276,998
2024-09-19 14:55:40.306,420.2986715008929,100
2024-09-19 14:55:40.320,420.3464450571724,14
2024-09-19 14:55:40.383,420.3331710500853,103
2024-09-19 14:55:40.384,420.3490036082172,10
2024-09-19 14:55:40.475,420.341491462478,13
2024-09-19 14:55:40.489,420.3028444108935,15
2024-09-19 14:55:40.500,420.3204042191264,995
2024-09-19 14:55:40.542,420.2884601706002,101
2024-09-19 14:55:40.625,420.3166270699826,99
2024-09-19 14:55:40.637,420.3697382385972,102
2024-09-19 14:55:40.641,420.2830465670332,99
2024-09-19 14:55:40.774,420.3234916083992,998
2024-09-19 14:55:40.833,420.36708197665166,102
2024-09-19 14:55:40.886,,5
2024-09-19 14:55:40.903,420.31603598166896,97
2024-09-19 14:55:40.944,420.369531409701,100
2024-09-19 14:55:40.978,420.3185902649765,10
2024-09-19 14:55:40.985,-420.3115239763615,7
2024-09-19 14:55:41.088,420.2926919458222,998
2024-09-19 14:55:41.230,420.29992409580206,15
2024-09-19 14:55:41.250,420.299476053152,999
2024-09-19 14:55:41.309,420.3104925036095,98
2024-09-19 14:55:41.350,420.2985335526824,1004
2024-09-19 14:55:41.361,420.2967779027351,12
2024-09-19 14:55:41.505,420.3138077208709,997
2024-09-19 14:55:41.617,420.2994682041714,95
2024-09-19 14:55:41.675,420.3199945159524,1001
2024-09-19 14:55:41.692,420.2915684405581,1001
2024-09-19 14:55:41.701,420.3093632292866,10
2024-09-19 14:55:41.885,420.3142245851775,7
2024-09-19 14:55:41.963,420.3036277475096,104
2024-09-19 14:55:42.012,420.3631357365963,1000
2024-09-19 14:55:42.018,420.3510307327921,5
2024-09-19 14:55:42.075,420.35584653756064,12
2024-09-19 14:55:42.084,420.35437119601465,1004
2024-09-19 14:55:42.127,420.3571331467693,99
2024-09-19 14:55:42.211,-42.031678888085885,98
2024-09-19 14:55:42.226,420.34725958251744,5
2024-09-19 14:55:42.326,420.3318927822544,1001
2024-09-19 14:55:42.334,420.3723808476117,14
2024-09-19 14:55:42.350,420.3659099516904,995
2024-09-19 14:55:42.378,420.3799745966706,102
2024-09-19 14:55:42.454,420.33695114312746,100
2024-09-19 14:55:42.531,420.36925363965656,5
2024-09-19 14:55:42.542,420.3717207506221,1000
2024-09-19 14:55:42.542,420.3545889113917,6
2024-09-19 14:55:42.603,-420.3418320495816,98
2024-09-19 14:55:42.712,420.3562275137149,97
2024-09-19 14:55:42.831,420.3412092073587,10
2024-09-19 14:55:42.954,420.3830640927692,103
2024-09-19 14:55:43.028,420.33111017261547,9
2024-09-19 14:55:43.040,420.4027305011687,1002
2024-09-19 14:55:43.070,420.3433796890079,1003
2024-09-19 14:55:43.089,420.3975900756101,1003
2024-09-19 14:55:43.099,420.42771763305046,102
2024-09-19 14:55:43.109,420.33680818626107,101
2024-09-19 14:55:43.115,416.1283369832908,15
2024-09-19 14:55:43.224,420.4362042986048,1002
2024-09-19 14:55:43.231,420.3393211687459,1000
2024-09-19 14:55:43.233,420.4404306235436,15
2024-09-19 14:55:43.241,420.435082722828,5
2024-09-19 14:55:43.272,420.32332684095854,100
2024-09-19 14:55:43.284,420.3260316922152,99
2024-09-19 14:55:43.316,420.39546216370366,104
2024-09-19 14:55:43.402,-420.40475491755393,6
2024-09-19 14:55:43.419,420.4341384867775,104
2024-09-19 14:55:43.489,420.423374955493,95
2024-09-19 14:55:43.490,420.40450490504185,105
2024-09-19 14:55:43.563,420.3933539903624,95
2024-09-19 14:55:43.576,420.4108447344829,97
2024-09-19 14:55:43.590,420.4337347734659,999
2024-09-19 14:55:43.592,420.4282438999731,1001
2024-09-19 14:55:43.623,420.43626450277645,96
2024-09-19 14:55:43.715,420.4248352641866,98
2024-09-19 14:55:43.717,420.40229175960496,1004
2024-09-19 14:55:43.786,420.3767463482085,7
2024-09-19 14:55:43.791,420.38372007495775,12
2024-09-19 14:55:43.826,420.3737117551723,99
2024-09-19 14:55:43.854,420.4213243468706,998
2024-09-19 14:55:43.879,420.3609302639068,5
2024-09-19 14:55:44.000,420.358249864905,11
2024-09-19 14:55:44.020,420.3727514184213,11
2024-09-19 14:55:44.127,42.04060240728247,98
2024-09-19 14:55:44.195,420.4193598631898,99
2024-09-19 14:55:44.195,420.3924785722975,101
2024-09-19 14:55:44.210,420.35520022530807,1000
2024-09-19 14:55:44.387,420.4060973665385,8
2024-09-19 14:55:44.400,420.36204926878673,98
2024-09-19 14:55:44.455,420.39293116960846,95
2024-09-19 14:55:44.620,420.37022549680177,100
2024-09-19 14:55:44.630,420.377823514149,100
2024-09-19 14:55:44.738,420.3676477616871,7
2024-09-19 14:55:45.015,420.2532034741634,95
2024-09-19 14:55:45.028,420.25133123395216,995
2024-09-19 14:55:45.032,420.29863798456927,96
2024-09-19 14:55:45.075,420.3439664544064,9
2024-09-19 14:55:45.095,420.34688967099487,6
2024-09-19 14:55:45.098,420.32586354619474,997
2024-09-19 14:55:45.104,420.3407399019652,8
2024-09-19 14:55:45.135,420.3494232546946,95
2024-09-19 14:55:45.172,420.3530977490654,99
2024-09-19 14:55:45.217,420.2912924842596,8
2024-09-19 14:55:45.284,420.26054796027296,1002
2024-09-19 14:55:45.440,420.2679995965991,11
2024-09-19 14:55:45.511,420.2694475614197,9
2024-09-19 14:55:45.578,420.3036898898186,95
2024-09-19 14:55:46.003,420.2621559386709,97
2024-09-19 14:55:47.018,420.1731929028044,1003
2024-09-19 14:55:47.019,420.1791628065695,995
2024-09-19 14:55:47.133,420.1885246123812,8
2024-09-19 14:55:47.143,420.18783685916526,105
2024-09-19 14:55:47.168,420.17288035721606,7
2024-09-19 14:55:47.207,42.0171095117043,101
2024-09-19 14:55:47.239,420.2011157273308,14
2024-09-19 14:55:47.278,420.2022403906344,103
2024-09-19 14:55:47.278,420.168404985129,96
2024-09-19 14:55:47.320,420.2182125141621,96
2024-09-19 14:55:47.351,420.1842251318963,103
2024-09-19 14:55:47.363,420.2188960958849,97
2024-09-19 14:55:47.383,420.1888775428943,999
2024-09-19 14:55:47.465,420.197296804076,995
2024-09-19 14:55:47.479,420.2336038886775,12
2024-09-19 14:55:47.481,420.1742260152613,6
2024-09-19 14:55:47.517,420.2084340757165,97
2024-09-19 14:55:47.594,420.1611674288199,999
2024-09-19 14:55:47.605,420.2159534023723,8
2024-09-19 14:55:47.688,420.2455983855386,997
2024-09-19 14:55:47.772,420.1901981328168,95
2024-09-19 14:55:47.907,420.2313571457922,1000
2024-09-19 14:55:47.931,420.1687789947502,7
2024-09-19 14:55:48.084,420.1805403373494,1001
2024-09-19 14:55:48.302,420.1505618942248,100
2024-09-19 14:55:48.320,420.172939498009,7
2024-09-19 14:55:48.365,420.2151919658786,1003
2024-09-19 14:55:48.380,420.1790729527478,100
2024-09-19 14:55:48.430,420.1857187175298,11
2024-09-19 14:55:48.450,420.14165434985415,14
2024-09-19 14:55:48.457,420.115388339269,997
2024-09-19 14:55:48.469,420.2089721685104,998
2024-09-19 14:55:48.517,420.1303860104076,97
2024-09-19 14:55:48.527,420.1715943459448,99
2024-09-19 14:55:48.530,420.1819598908596,102
2024-09-19 14:55:48.656,420.1742824852676,1005
2024-09-19 14:55:48.671,-420.1822034500236,1002
2024-09-19 14:55:48.678,,101
2024-09-19 14:55:48.792,420.19588244894567,15
2024-09-19 14:55:48.799,420.1852779200321,9
2024-09-19 14:55:48.891,42.01793904698115,997
2024-09-19 14:55:48.949,420.2050698805295,1000
2024-09-19 14:55:49.010,420.0923136740415,99
2024-09-19 14:55:49.089,420.0929781142587,999
2024-09-19 14:55:49.090,420.1284566291347,11
2024-09-19 14:55:49.158,420.1015928601008,12
2024-09-19 14:55:49.168,420.0879995386493,1003
2024-09-19 14:55:49.199,420.05483949411257,5
2024-09-19 14:55:49.291,420.1160868774583,97
2024-09-19 14:55:49.344,420.0894914452932,9
2024-09-19 14:55:49.353,420.0870851650416,13
2024-09-19 14:55:49.417,420.107893943884,98
2024-09-19 14:55:49.570,420.07076584945287,1005
2024-09-19 14:55:49.656,420.0691830156905,99
2024-09-19 14:55:49.670,420.0986572872618,997
2024-09-19 14:55:49.686,420.0773348485416,999
2024-09-19 14:55:49.707,420.05970930762106,10
2024-09-19 14:55:49.722,420.13002951917935,8
2024-09-19 14:55:49.816,420.0646239810918,11
2024-09-19 14:55:49.836,420.1031829134225,101
2024-09-19 14:55:49.843,420.0749803572297,97
2024-09-19 14:55:49.850,420.0535483604988,98
2024-09-19 14:55:49.856,420.128478692089,96
2024-09-19 14:55:49.899,420.1148799141927,5
2024-09-19 14:55:49.917,420.0937973086597,95
2024-09-19 14:55:49.981,420.0509194163108,9
2024-09-19 14:55:49.996,-420.0597400935757,998
2024-09-19 14:55:50.006,419.9937227068592,98
2024-09-19 14:55:50.172,419.99955272102494,9
2024-09-19 14:55:50.203,420.0120206341728,103
2024-09-19 14:55:50.223,420.0385333524778,96
2024-09-19 14:55:50.237,420.0603050486349,1003
2024-09-19 14:55:50.389,420.0109283524769,100
2024-09-19 14:55:50.525,420.0401135446764,999
2024-09-19 14:55:50.708,420.0073105084426,1005
2024-09-19 14:55:50.716,420.0039049344416,101
2024-09-19 14:55:50.751,420.0018475166941,1000
2024-09-19 14:55:50.768,420.01860019424566,1000
2024-09-19 14:55:50.792,419.9883144714036,1005
2024-09-19 14:55:50.817,420.0123857232823,1005
2024-09-19 14:55:50.848,420.0156949379962,101
2024-09-19 14:55:50.866,419.9830349958142,1001
2024-09-19 14:55:50.908,420.06050028753225,105
2024-09-19 14:55:50.931,420.01533025638753,100
2024-09-19 14:55:50.955,420.0056287493385,995
2024-09-19 14:55:50.982,419.9848672313278,96
2024-09-19 14:55:51.009,419.9931231553082,105
2024-09-19 14:55:51.020,419.98576751198107,10
2024-09-19 14:55:51.089,420.0003283188744,1001
2024-09-19 14:55:51.127,419.99876250214754,1004
2024-09-19 14:55:51.129,420.0231855209152,104
2024-09-19 14:55:51.134,419.9991551184897,1003
2024-09-19 14:55:51.135,420.04111961689046,10
2024-09-19 14:55:51.154,420.0178543538186,8
2024-09-19 14:55:51.169,419.99480949068686,14
2024-09-19 14:55:51.177,420.014374544888,1000
2024-09-19 14:55:51.201,419.9971700843237,998
2024-09-19 14:55:51.209,419.99948469286016,104
2024-09-19 14:55:51.214,420.0340798995501,999
2024-09-19 14:55:51.248,419.97036048076376,11
2024-09-19 14:55:51.281,420.0041677188097,10
2024-09-19 14:55:51.403,419.984437579005,7
2024-09-19 14:55:51.493,420.01024600818016,999
2024-09-19 14:55:51.518,420.01915203125753,996
2024-09-19 14:55:51.552,420.0030526219075,14
2024-09-19 14:55:51.614,420.0152029462545,997
2024-09-19 14:55:51.685,420.0019145093327,97
2024-09-19 14:55:51.725,420.01763000269386,12
2024-09-19 14:55:51.796,420.00567726783487,9
2024-09-19 14:55:51.804,420.0236270327597,5
2024-09-19 14:55:51.876,420.0301220768678,103
2024-09-19 14:55:51.890,420.0118042887723,100
2024-09-19 14:55:51.977,419.9982834051259,1001
2024-09-19 14:55:52.005,420.0541704428853,1003
2024-09-19 14:55:52.022,420.046426753984,96
2024-09-19 14:55:52.024,420.0212767296452,100
2024-09-19 14:55:52.072,420.0140378677115,1000
2024-09-19 14:55:52.108,420.0665146471442,15
2024-09-19 14:55:52.127,420.070312320976,102
2024-09-19 14:55:52.138,420.05223324674137,1001
2024-09-19 14:55:52.208,420.0226493617746,8
2024-09-19 14:55:52.273,420.0780167336744,9
2024-09-19 14:55:52.322,420.0403930903221,101
2024-09-19 14:55:52.336,420.03918283471927,9
2024-09-19 14:55:52.362,420.08731920146994,1001
2024-09-19 14:55:52.371,420.0493937282729,8
2024-09-19 14:55:52.416,419.9932651183496,1003
2024-09-19 14:55:52.437,420.0338333137591,101
2024-09-19 14:55:52.560,420.0367214999909,997
2024-09-19 14:55:52.680,420.019168197791,999
2024-09-19 14:55:52.693,420.020855321587,999
2024-09-19 14:55:52.703,420.00902408168383,999
2024-09-19 14:55:52.737,420.036500706996,105
2024-09-19 14:55:52.749,420.04797999191874,95
2024-09-19 14:55:52.833,420.0240092841121,5
2024-09-19 14:55:52.833,42.00175948332885,14
2024-09-19 14:55:52.835,420.0074746458632,999
2024-09-19 14:55:52.850,420.0538255750656,10
2024-09-19 14:55:52.885,420.0697099673412,105
2024-09-19 14:55:52.930,420.0460062600429,95
2024-09-19 14:55:52.978,420.04715513328586,104
2024-09-19 14:55:52.996,420.0080653393448,15
2024-09-19 14:55:53.032,419.98621307628673,100
2024-09-19 14:55:53.054,420.0496958047472,5
2024-09-19 14:55:53.079,420.08487263317113,98
2024-09-19 14:55:53.342,419.98771814255,999
2024-09-19 14:55:53.353,420.0717370727981,1005
2024-09-19 14:55:53.426,420.071870676906,6
2024-09-19 14:55:53.435,420.0545453778417,99
2024-09-19 14:55:53.492,420.07831180686486,13
2024-09-19 14:55:53.555,420.087411296126,103
2024-09-19 14:55:53.570,420.0426026783786,1004
2024-09-19 14:55:53.580,420.0676559805697,995
2024-09-19 14:55:53.615,420.0786950697318,104
2024-09-19 14:55:53.733,420.0831356030827,12
2024-09-19 14:55:53.748,420.0056634171458,1005
2024-09-19 14:55:53.895,420.0482578225573,1001
2024-09-19 14:55:53.963,420.06546477941737,95
2024-09-19 14:55:53.998,420.0636818261057,996
2024-09-19 14:55:54.051,419.9959902713824,12
2024-09-19 14:55:54.170,420.00233700339584,7
2024-09-19 14:55:54.342,419.9970665867188,95
2024-09-19 14:55:54.545,419.9931300022655,997
2024-09-19 14:55:54.866,419.98082248017465,999
2024-09-19 14:55:54.867,419.9979987358744,997
2024-09-19 14:55:55.200,420.0692676274784,14
2024-09-19 14:55:55.203,420.0432720206412,10
2024-09-19 14:55:55.267,420.05991378242953,100
2024-09-19 14:55:55.289,420.0515459427898,1003
2024-09-19 14:55:55.349,420.0569713491467,12
2024-09-19 14:55:55.369,419.9878841064964,7
2024-09-19 14:55:55.380,420.053484760516,6
2024-09-19 14:55:55.469,420.0471279275864,96
2024-09-19 14:55:55.521,420.0765974456126,104
2024-09-19 14:55:55.599,420.03984174178856,996
2024-09-19 14:55:55.607,420.0561589115032,105
2024-09-19 14:55:55.610,420.0717015109109,1002
2024-09-19 14:55:55.653,420.01484524426246,997
2024-09-19 14:55:55.738,419.9885218924705,102
2024-09-19 14:55:55.839,420.0377644882519,995
2024-09-19 14:55:55.864,420.0575437291497,9
2024-09-19 14:55:55.879,419.9837269756612,996
2024-09-19 14:55:55.958,420.0636922511681,10
2024-09-19 14:55:55.962,420.0217337951589,6
2024-09-19 14:55:55.978,420.0537360150572,999
2024-09-19 14:55:56.034,420.10385017315554,996
2024-09-19 14:55:56.193,420.0612716898387,9
2024-09-19 14:55:56.235,420.0689069058127,98
2024-09-19 14:55:56.492,420.060868564752,6
2024-09-19 14:55:56.633,420.10445444468405,105
2024-09-19 14:55:56.748,420.0657155103732,997
2024-09-19 14:55:56.990,420.0868704491222,995
2024-09-19 14:55:56.996,420.07015963748745,1002
2024-09-19 14:55:57.007,415.98521947605616,998
2024-09-19 14:55:57.273,420.0922132207023,6
2024-09-19 14:55:57.304,420.1086077424691,95
2024-09-19 14:55:57.380,420.08707436005216,101
2024-09-19 14:55:57.467,420.1262654572161,96
2024-09-19 14:55:57.560,420.1159385714234,104
2024-09-19 14:55:57.598,420.1087791108304,1005
2024-09-19 14:55:58.122,420.1419030216089,105
2024-09-19 14:55:58.261,420.1201230237424,105
2024-09-19 14:55:58.515,42.01196907571168,102
2024-09-19 14:55:58.592,420.1367159509978,14
2024-09-19 14:55:58.642,420.1122306696348,1005
2024-09-19 14:55:58.913,420.1380327195925,13
2024-09-19 14:55:58.938,420.1491009738496,101
2024-09-19 14:55:58.954,420.13115233855984,102
2024-09-19 14:55:59.017,420.129502177366,997
2024-09-19 14:55:59.017,420.0756761187522,9
2024-09-19 14:55:59.058,42.008044779385045,997
2024-09-19 14:55:59.094,420.0989363894178,103
2024-09-19 14:55:59.222,420.1348299129932,15
2024-09-19 14:55:59.235,420.0933950853727,1003
2024-09-19 14:55:59.260,420.0756402490439,11
2024-09-19 14:55:59.280,420.1130258307754,5
2024-09-19 14:55:59.350,420.1118956092512,9
2024-09-19 14:55:59.404,420.1288053106469,1003
2024-09-19 14:55:59.453,420.1538834253888,103
2024-09-19 14:55:59.486,420.13218937949017,1000
2024-09-19 14:55:59.504,420.0837953250359,95
2024-09-19 14:55:59.505,420.0913165733244,1005
2024-09-19 14:55:59.581,420.0721768362451,7
2024-09-19 14:55:59.587,420.1365340983854,97
2024-09-19 14:55:59.589,420.0736301260275,7
2024-09-19 14:55:59.591,420.13741928894297,98
2024-09-19 14:55:59.602,420.08274621629874,96
2024-09-19 14:55:59.627,420.0643938148645,14
2024-09-19 14:55:59.636,,8
2024-09-19 14:55:59.660,420.1048424665293,9
2024-09-19 14:55:59.689,420.1331754706909,13
2024-09-19 14:55:59.734,420.109348274454,1002
2024-09-19 14:55:59.774,42.0113907435917,100
2024-09-19 14:55:59.791,420.1062432249368,1003
2024-09-19 14:55:59.969,420.0975145145389,13
2024-09-19 14:55:59.984,420.1272906428264,999
