Timestamp,Price,Size
2024-09-16 13:48:00.042,414.4978323245366,6
2024-09-16 13:48:00.084,414.5074486283506,5
2024-09-16 13:48:00.272,414.5460938598974,996
2024-09-16 13:48:00.291,414.5364591793296,995
2024-09-16 13:48:00.407,414.5239530591891,102
2024-09-16 13:48:00.470,414.5281401210492,105
2024-09-16 13:48:00.633,414.5154954620014,1004
2024-09-16 13:48:01.016,414.5158426873756,102
2024-09-16 13:48:01.016,414.5083336021711,13
2024-09-16 13:48:01.058,414.5046204780595,998
2024-09-16 13:48:01.072,414.5328211969281,999
2024-09-16 13:48:01.148,414.5323475008523,1002
2024-09-16 13:48:01.182,414.5209919023772,98
2024-09-16 13:48:01.215,414.4694696904599,13
2024-09-16 13:48:01.310,414.4581684404216,96
2024-09-16 13:48:01.315,414.5161659366879,95
2024-09-16 13:48:01.331,414.4770315656753,101
2024-09-16 13:48:01.372,414.5464592282603,1002
2024-09-16 13:48:01.410,414.4931275477674,99
2024-09-16 13:48:01.442,414.49269278748136,14
2024-09-16 13:48:01.444,414.508918608744,5
2024-09-16 13:48:01.505,-414.4713142638848,1003
2024-09-16 13:48:01.522,414.46990502726345,14
2024-09-16 13:48:01.543,414.4659481796896,1003
2024-09-16 13:48:01.554,414.5060389492289,5
2024-09-16 13:48:01.608,414.5377689749091,5
2024-09-16 13:48:01.620,414.5132324164514,103
2024-09-16 13:48:01.667,414.5053847420637,9
2024-09-16 13:48:01.669,414.530458676173,1005
2024-09-16 13:48:01.671,414.53808390384063,95
2024-09-16 13:48:01.785,414.4778642694374,95
2024-09-16 13:48:01.795,414.5239140847979,1001
2024-09-16 13:48:01.893,414.4819602518896,96
2024-09-16 13:48:01.903,414.5305866340665,98
2024-09-16 13:48:01.941,414.49991492315,102
2024-09-16 13:48:02.001,414.4685370378544,95
2024-09-16 13:48:02.012,414.509887642973,104
2024-09-16 13:48:02.095,414.50827212646345,1001
2024-09-16 13:48:02.106,414.51883990404434,100
2024-09-16 13:48:02.113,414.4707753760345,96
2024-09-16 13:48:02.149,414.5186278107312,105
2024-09-16 13:48:02.198,414.5249593677109,1003
2024-09-16 13:48:02.214,414.5519322693798,6
2024-09-16 13:48:02.215,414.51887717949415,1005
2024-09-16 13:48:02.226,,1000
2024-09-16 13:48:02.265,414.5765977512367,995
2024-09-16 13:48:02.302,414.4533151754462,1004
2024-09-16 13:48:02.349,414.4644586896612,1003
2024-09-16 13:48:02.358,414.5232654469592,104
2024-09-16 13:48:02.384,414.4977382419749,1004
2024-09-16 13:48:02.438,414.46817386378615,103
2024-09-16 13:48:02.487,414.5341516275267,15
2024-09-16 13:48:02.529,414.5319598317134,1004
2024-09-16 13:48:02.602,414.517478439245,1004
2024-09-16 13:48:02.615,414.5550784744334,6
2024-09-16 13:48:02.619,414.4368661275181,105
2024-09-16 13:48:02.659,414.4866229920847,11
2024-09-16 13:48:02.664,414.5337539506588,101
2024-09-16 13:48:02.689,414.4572303361536,1005
2024-09-16 13:48:02.771,414.5065039149089,10
2024-09-16 13:48:02.773,414.4532891004923,1001
2024-09-16 13:48:02.854,414.437823640699,999
2024-09-16 13:48:02.880,414.53295995363766,9
2024-09-16 13:48:02.881,414.5117691228506,99
2024-09-16 13:48:02.969,414.5220448358028,12
2024-09-16 13:48:03.153,414.4925474766145,13
2024-09-16 13:48:03.224,414.4438884658481,101
2024-09-16 13:48:03.416,414.4581945562272,14
2024-09-16 13:48:03.481,414.4647161693424,1003
2024-09-16 13:48:03.490,414.5096967002388,97
2024-09-16 13:48:03.635,414.486286212526,999
2024-09-16 13:48:03.652,414.4833393078426,10
2024-09-16 13:48:03.768,414.469707076729,996
2024-09-16 13:48:04.014,414.41750215272174,996
2024-09-16 13:48:04.018,414.47207092915625,996
2024-09-16 13:48:04.022,414.43868225123776,997
2024-09-16 13:48:04.084,414.4259711549463,101
2024-09-16 13:48:04.088,414.4398324478459,103
2024-09-16 13:48:04.093,414.4557132745077,998
2024-09-16 13:48:04.132,414.4237136172956,8
2024-09-16 13:48:04.137,414.4655897534347,96
2024-09-16 13:48:04.156,414.3957852591644,995
2024-09-16 13:48:04.191,414.4409847490353,104
2024-09-16 13:48:04.212,414.442038759294,15
2024-09-16 13:48:04.306,414.4068240878512,7
2024-09-16 13:48:04.320,414.44384436042094,12
2024-09-16 13:48:04.337,414.4342141792171,1002
2024-09-16 13:48:04.369,414.4221545124337,998
2024-09-16 13:48:04.389,414.3915932504846,1003
2024-09-16 13:48:04.407,414.4559758370431,13
2024-09-16 13:48:04.457,414.4435037435161,8
2024-09-16 13:48:04.633,414.4586261233728,5
2024-09-16 13:48:04.709,414.43870419960416,1004
2024-09-16 13:48:04.739,414.4125615798061,102
2024-09-16 13:48:04.751,414.420609013605,99
2024-09-16 13:48:04.766,414.4251738807195,10
2024-09-16 13:48:04.815,414.4395105024588,998
2024-09-16 13:48:04.831,414.4411378163896,104
2024-09-16 13:48:04.867,414.4477603980662,14
2024-09-16 13:48:04.911,414.3889556969414,5
2024-09-16 13:48:04.996,414.4165579632786,5
2024-09-16 13:48:05.009,414.3830944088412,998
2024-09-16 13:48:05.055,414.3753152341113,996
2024-09-16 13:48:05.125,414.3842293623015,9
2024-09-16 13:48:05.147,414.3677541228915,1005
2024-09-16 13:48:05.157,414.38518631600726,1002
2024-09-16 13:48:05.221,414.367949649426,105
2024-09-16 13:48:05.326,414.3756432098793,10
2024-09-16 13:48:05.340,414.3691261682277,1002
2024-09-16 13:48:05.343,414.3750587141144,998
2024-09-16 13:48:05.386,414.3816552308069,1000
2024-09-16 13:48:05.444,414.3812878565535,8
2024-09-16 13:48:05.575,414.37550333071295,10
2024-09-16 13:48:05.668,414.3716563634167,999
2024-09-16 13:48:05.744,414.38789353079176,100
2024-09-16 13:48:05.787,414.3813096685044,996
2024-09-16 13:48:05.828,414.39099124350287,97
2024-09-16 13:48:05.847,414.3799361753636,15
2024-09-16 13:48:05.891,414.3723498856488,7
2024-09-16 13:48:05.893,414.3870859326903,12
2024-09-16 13:48:05.944,414.3962620794487,1002
2024-09-16 13:48:06.002,414.425573958535,104
2024-09-16 13:48:06.005,414.4407407213459,1002
2024-09-16 13:48:06.024,414.3954236718776,10
2024-09-16 13:48:06.068,414.4911019656012,1005
2024-09-16 13:48:06.205,414.4167667631513,998
2024-09-16 13:48:06.217,414.4859648544099,9
2024-09-16 13:48:06.247,414.48343787113566,15
2024-09-16 13:48:06.251,414.4320062821383,997
2024-09-16 13:48:06.268,414.42134200290656,1002
2024-09-16 13:48:06.428,414.4125442952469,7
2024-09-16 13:48:06.537,414.3903022121472,996
2024-09-16 13:48:06.569,,96
2024-09-16 13:48:06.598,414.4357433658909,11
2024-09-16 13:48:06.639,414.40177556651616,5
2024-09-16 13:48:06.775,414.4091902297116,998
2024-09-16 13:48:06.775,414.4559364116751,1001
2024-09-16 13:48:06.788,414.4935215537469,999
2024-09-16 13:48:06.819,-414.4849034152076,5
2024-09-16 13:48:06.867,414.4276944379602,8
2024-09-16 13:48:06.917,414.4181584353429,1003
2024-09-16 13:48:07.026,414.4869965864827,105
2024-09-16 13:48:07.310,414.4953712222385,999
2024-09-16 13:48:07.363,414.5071007683205,98
2024-09-16 13:48:07.401,414.4908552014141,1005
2024-09-16 13:48:07.447,414.51204002099615,13
2024-09-16 13:48:07.470,414.49531207285327,1005
2024-09-16 13:48:07.550,414.50138013812887,95
2024-09-16 13:48:07.633,414.4909302066053,999
2024-09-16 13:48:07.721,414.51206471872064,102
2024-09-16 13:48:07.813,414.5089233858201,103
2024-09-16 13:48:07.872,414.5006845665078,1003
2024-09-16 13:48:08.038,414.3951822290521,99
2024-09-16 13:48:08.075,414.3864422838904,98
2024-09-16 13:48:08.165,414.486542275567,96
2024-09-16 13:48:08.172,414.4213726872212,99
2024-09-16 13:48:08.469,414.4647505715929,13
2024-09-16 13:48:08.554,414.4373337503798,104
2024-09-16 13:48:08.671,414.4112351892207,1002
2024-09-16 13:48:08.714,414.49124023489424,12
2024-09-16 13:48:08.880,414.3852386333888,1003
2024-09-16 13:48:08.890,414.41152511872696,104
2024-09-16 13:48:09.520,414.3794469797024,1005
2024-09-16 13:48:10.000,414.3706950301958,1002
2024-09-16 13:48:10.041,414.332479878072,15
2024-09-16 13:48:10.066,414.3276637652493,997
2024-09-16 13:48:10.099,414.3428654690092,998
2024-09-16 13:48:10.175,414.3689004787505,997
2024-09-16 13:48:10.217,414.3364744994091,1001
2024-09-16 13:48:10.253,414.3671378877128,5
2024-09-16 13:48:10.387,414.3242769059623,10
2024-09-16 13:48:10.503,41.43382214680887,100
2024-09-16 13:48:10.533,414.3669836347605,104
2024-09-16 13:48:10.582,414.3236540716114,103
2024-09-16 13:48:10.668,414.3452532495807,998
2024-09-16 13:48:10.755,414.3475020885381,1000
2024-09-16 13:48:10.923,414.3597940806652,1004
2024-09-16 13:48:10.925,414.3600776323802,103
2024-09-16 13:48:10.940,414.3454320698472,8
2024-09-16 13:48:10.968,414.3557765206759,103
2024-09-16 13:48:11.024,414.30518220614016,7
2024-09-16 13:48:11.052,414.28963186892986,6
2024-09-16 13:48:11.094,,104
2024-09-16 13:48:11.604,414.28821547463787,103
2024-09-16 13:48:11.623,414.32548503344026,8
2024-09-16 13:48:11.764,414.3203133862827,6
2024-09-16 13:48:11.847,414.30006029915086,10
2024-09-16 13:48:11.893,414.3017328062603,13
2024-09-16 13:48:12.893,414.2918665353559,102
2024-09-16 13:48:13.351,414.2962809982472,103
2024-09-16 13:48:14.710,414.28637069969847,102
2024-09-16 13:48:15.125,414.3063771777578,101
2024-09-16 13:48:15.168,414.2566225542984,96
2024-09-16 13:48:15.182,414.2617316509434,102
2024-09-16 13:48:15.197,414.27878122793214,101
2024-09-16 13:48:15.199,414.27236912308575,99
2024-09-16 13:48:15.281,414.2598081100761,997
2024-09-16 13:48:15.313,414.2598160009624,1002
2024-09-16 13:48:15.338,414.2951066985015,97
2024-09-16 13:48:15.473,414.2825403436783,95
2024-09-16 13:48:15.617,414.2822985794396,98
2024-09-16 13:48:15.700,414.266375269377,8
2024-09-16 13:48:15.805,414.26077226662943,995
2024-09-16 13:48:15.910,414.29248160356434,15
2024-09-16 13:48:15.941,414.2653317298701,12
2024-09-16 13:48:15.962,414.2538980783148,9
2024-09-16 13:48:16.207,414.2533828952991,105
2024-09-16 13:48:16.240,414.3056444131307,96
2024-09-16 13:48:16.247,414.3093082359995,10
2024-09-16 13:48:16.254,414.25172247177625,9
2024-09-16 13:48:16.296,414.32052817202856,101
2024-09-16 13:48:16.299,414.2430689659317,1000
2024-09-16 13:48:16.314,414.2839010585348,101
2024-09-16 13:48:16.350,414.3153481270194,101
2024-09-16 13:48:16.350,414.2652327152009,6
2024-09-16 13:48:16.436,414.29124375068005,98
2024-09-16 13:48:16.451,414.2807584970356,98
2024-09-16 13:48:16.513,414.2928018981793,995
2024-09-16 13:48:16.562,414.3176175422661,96
2024-09-16 13:48:16.715,414.2881365468003,996
2024-09-16 13:48:16.862,414.2791472206072,997
2024-09-16 13:48:16.961,414.2630137410661,11
2024-09-16 13:48:16.964,,104
2024-09-16 13:48:16.985,414.2789837816654,6
2024-09-16 13:48:17.052,414.27781307548986,1002
2024-09-16 13:48:17.280,414.265786635218,5
2024-09-16 13:48:17.393,414.2515475014778,10
2024-09-16 13:48:18.008,414.2359198670889,1002
2024-09-16 13:48:18.034,414.2832552456062,1004
2024-09-16 13:48:18.043,414.2484128403752,9
2024-09-16 13:48:18.092,414.28655034270434,10
2024-09-16 13:48:18.240,414.2899884080889,104
2024-09-16 13:48:18.313,414.21283212877984,12
2024-09-16 13:48:18.341,414.27742458272274,98
2024-09-16 13:48:18.355,414.2697336171215,98
2024-09-16 13:48:18.431,414.21670949310806,95
2024-09-16 13:48:18.446,414.2805438304102,100
2024-09-16 13:48:18.455,414.30978602362336,102
2024-09-16 13:48:18.460,414.28892489678,997
2024-09-16 13:48:18.466,414.2153753392803,999
2024-09-16 13:48:18.476,414.2087245498871,15
2024-09-16 13:48:18.516,414.30463878461546,996
2024-09-16 13:48:18.653,414.266556657754,996
2024-09-16 13:48:18.663,414.2063025780926,103
2024-09-16 13:48:18.679,41.427933706368286,96
2024-09-16 13:48:18.686,414.20903424859785,102
2024-09-16 13:48:18.752,414.2826841881922,995
2024-09-16 13:48:18.900,414.27485291733234,1000
2024-09-16 13:48:18.973,414.29556757726914,15
2024-09-16 13:48:19.015,414.1611157973928,998
2024-09-16 13:48:19.172,414.169644516708,98
2024-09-16 13:48:19.200,414.2474292289787,99
2024-09-16 13:48:19.224,414.1768876772138,100
2024-09-16 13:48:19.234,414.2651161536816,1001
2024-09-16 13:48:19.277,414.1934796972606,104
2024-09-16 13:48:19.344,414.2313001114255,13
2024-09-16 13:48:19.379,414.1991768928228,1005
2024-09-16 13:48:19.403,414.2218957116172,9
2024-09-16 13:48:19.414,414.2027466202185,13
2024-09-16 13:48:19.463,414.2192917161504,996
2024-09-16 13:48:19.487,414.1888663151624,6
2024-09-16 13:48:19.511,414.2414900716103,13
2024-09-16 13:48:19.539,414.23560096982,6
2024-09-16 13:48:19.574,414.2334551010208,1004
2024-09-16 13:48:19.640,414.1740442435644,14
2024-09-16 13:48:19.648,414.2346749572857,1003
2024-09-16 13:48:19.780,414.265514555186,104
2024-09-16 13:48:19.786,414.2431052084269,101
2024-09-16 13:48:19.803,414.2652893123924,15
2024-09-16 13:48:19.824,414.24631011704673,1003
2024-09-16 13:48:19.839,414.2483018841729,1005
2024-09-16 13:48:19.864,414.2025855083061,997
2024-09-16 13:48:19.996,414.2507513537573,15
2024-09-16 13:48:20.012,414.3011722945754,104
2024-09-16 13:48:20.059,414.287593129866,101
2024-09-16 13:48:20.170,414.2966357979886,5
2024-09-16 13:48:20.245,414.30642808057934,96
2024-09-16 13:48:20.256,414.3165985805269,7
2024-09-16 13:48:20.289,414.3097338688144,1003
2024-09-16 13:48:20.341,414.2893208617263,1004
2024-09-16 13:48:20.472,414.1970554763184,1004
2024-09-16 13:48:20.578,414.2984405174358,995
2024-09-16 13:48:20.611,414.268579380664,1000
2024-09-16 13:48:20.647,414.3181986276954,997
2024-09-16 13:48:20.759,414.236737116724,102
2024-09-16 13:48:20.767,414.287044502289,11
2024-09-16 13:48:20.839,414.3161441014071,11
2024-09-16 13:48:20.854,414.2163750022368,9
2024-09-16 13:48:20.868,414.2468695733911,1002
2024-09-16 13:48:20.917,414.23731260694734,101
2024-09-16 13:48:21.015,414.35141414069534,1005
2024-09-16 13:48:21.054,414.2783372352467,999
2024-09-16 13:48:21.156,414.351660474204,999
2024-09-16 13:48:21.158,414.3341075284421,15
2024-09-16 13:48:21.221,414.3576032319268,97
2024-09-16 13:48:21.233,414.3298014181403,104
2024-09-16 13:48:21.285,414.3868337296199,104
2024-09-16 13:48:21.308,414.37190222008167,11
2024-09-16 13:48:21.401,414.3402089180215,105
2024-09-16 13:48:21.450,414.29917473514126,102
2024-09-16 13:48:21.498,-414.2809176704707,997
2024-09-16 13:48:21.558,414.3019256470836,9
2024-09-16 13:48:21.642,414.263539936895,1003
2024-09-16 13:48:21.666,414.31430822128414,14
2024-09-16 13:48:21.860,414.2983943410565,105
2024-09-16 13:48:21.901,414.3743750735429,10
2024-09-16 13:48:21.907,414.37413702839984,997
2024-09-16 13:48:21.953,414.3611905399655,997
2024-09-16 13:48:21.957,414.3045719504981,99
2024-09-16 13:48:22.048,414.3399324009825,996
2024-09-16 13:48:22.056,414.3809086888333,998
2024-09-16 13:48:22.075,414.36684623744,11
2024-09-16 13:48:22.083,414.369156434397,95
2024-09-16 13:48:22.103,414.3676070861924,102
2024-09-16 13:48:22.220,414.373474135002,12
2024-09-16 13:48:22.227,414.3429529614804,103
2024-09-16 13:48:22.269,414.3738212191195,105
2024-09-16 13:48:22.346,414.3714422872192,1005
2024-09-16 13:48:22.398,414.39032074616927,11
2024-09-16 13:48:22.443,414.410659754258,15
2024-09-16 13:48:22.467,414.3690356174336,998
2024-09-16 13:48:22.560,414.3885475067476,96
2024-09-16 13:48:22.607,-414.3627920511096,11
2024-09-16 13:48:22.664,414.3493728048261,996
2024-09-16 13:48:22.675,414.4095013058091,1001
2024-09-16 13:48:22.850,414.3736682162989,9
2024-09-16 13:48:22.853,414.3593395331048,1004
2024-09-16 13:48:22.878,414.35161443212223,13
2024-09-16 13:48:22.879,414.3596544880686,1005
2024-09-16 13:48:22.892,414.4158843384826,97
2024-09-16 13:48:22.907,414.3753568649162,5
2024-09-16 13:48:22.920,414.3508417747698,9
2024-09-16 13:48:22.938,414.3477919890455,8
2024-09-16 13:48:23.047,,14
2024-09-16 13:48:23.130,414.3893994508177,10
2024-09-16 13:48:23.261,414.4670900628745,15
2024-09-16 13:48:23.292,414.3817762812561,95
2024-09-16 13:48:23.312,414.4425080307766,9
2024-09-16 13:48:23.313,414.3963345572449,1005
2024-09-16 13:48:23.345,414.3750308029792,102
2024-09-16 13:48:23.411,-414.3919863849798,99
2024-09-16 13:48:23.419,414.4680047290565,998
2024-09-16 13:48:23.420,414.362174169215,15
2024-09-16 13:48:23.454,414.3845822069324,10
2024-09-16 13:48:23.489,414.4086830921132,1002
2024-09-16 13:48:23.537,414.4727365537187,1005
2024-09-16 13:48:23.633,414.3840653123444,97
2024-09-16 13:48:23.658,414.4477294481141,104
2024-09-16 13:48:23.714,414.3730343801858,99
2024-09-16 13:48:23.752,414.418765410286,100
2024-09-16 13:48:23.766,414.4028588611641,95
2024-09-16 13:48:23.777,414.4655424639647,1000
2024-09-16 13:48:23.783,414.4225989173509,101
2024-09-16 13:48:23.812,414.46767323236304,1002
2024-09-16 13:48:23.845,414.3633483980241,102
2024-09-16 13:48:23.848,414.4299392211745,14
2024-09-16 13:48:23.855,414.3573182074657,1002
2024-09-16 13:48:23.867,414.3973187882399,100
2024-09-16 13:48:23.935,414.4770878883589,998
2024-09-16 13:48:23.963,414.39058105021246,102
2024-09-16 13:48:23.983,414.3571489610709,11
2024-09-16 13:48:24.039,414.4235193374672,98
2024-09-16 13:48:24.043,414.4272006384128,100
2024-09-16 13:48:24.157,414.4325611875283,6
2024-09-16 13:48:24.194,414.42180529204177,999
2024-09-16 13:48:24.238,414.4227148563067,1003
2024-09-16 13:48:24.326,414.45237132650254,995
2024-09-16 13:48:24.344,41.44139802234855,14
2024-09-16 13:48:24.344,414.4322527594862,100
2024-09-16 13:48:24.405,414.41309651504486,1001
2024-09-16 13:48:24.421,414.4280806958108,998
2024-09-16 13:48:24.428,414.4451113929517,999
2024-09-16 13:48:24.489,414.3893995534221,5
2024-09-16 13:48:24.491,414.4436470893293,1002
2024-09-16 13:48:24.578,414.4398688532149,102
2024-09-16 13:48:24.758,414.422983439629,101
2024-09-16 13:48:24.765,414.4396250776595,95
2024-09-16 13:48:24.782,414.3998695809447,1001
2024-09-16 13:48:25.080,41.44414338193808,1003
2024-09-16 13:48:25.090,414.44293822409423,999
2024-09-16 13:48:25.183,414.4342241105009,8
2024-09-16 13:48:25.211,414.4476646171336,6
2024-09-16 13:48:25.288,414.4504042009172,100
2024-09-16 13:48:25.350,414.4401831048744,15
2024-09-16 13:48:25.567,414.4414625209156,1004
2024-09-16 13:48:25.855,414.454180802673,1002
2024-09-16 13:48:25.988,414.4409779150728,1003
2024-09-16 13:48:26.096,414.4099426736088,1004
2024-09-16 13:48:26.194,414.3717242904033,96
2024-09-16 13:48:26.511,414.3662017023162,95
2024-09-16 13:48:26.558,414.4155470553901,97
2024-09-16 13:48:26.678,414.4344807654599,999
2024-09-16 13:48:26.710,414.41435611135967,15
2024-09-16 13:48:26.758,414.4147676737047,999
2024-09-16 13:48:26.798,414.3992233304385,9
2024-09-16 13:48:26.822,414.4291841931086,15
2024-09-16 13:48:26.857,414.3804953827333,996
2024-09-16 13:48:27.007,-414.3756508169292,1001
2024-09-16 13:48:27.041,414.38325520987553,11
2024-09-16 13:48:27.061,414.4056964440833,103
2024-09-16 13:48:27.076,414.387395274595,10
2024-09-16 13:48:27.077,,104
2024-09-16 13:48:27.080,414.38540951828577,1004
2024-09-16 13:48:27.138,414.3611299457143,12
2024-09-16 13:48:27.162,414.3784387441861,103
2024-09-16 13:48:27.182,414.359432757632,1001
2024-09-16 13:48:27.182,414.4048867848098,97
2024-09-16 13:48:27.192,414.37538734681726,999
2024-09-16 13:48:27.287,414.393069278006,101
2024-09-16 13:48:27.345,414.3769959794344,11
2024-09-16 13:48:27.351,414.3852235580579,998
2024-09-16 13:48:27.453,414.3574499160071,99
2024-09-16 13:48:27.471,414.37668886708127,95
2024-09-16 13:48:27.500,414.4175258037034,99
2024-09-16 13:48:27.523,414.3879638107653,96
2024-09-16 13:48:27.528,414.37421239384463,10
2024-09-16 13:48:27.569,414.4082819759322,105
2024-09-16 13:48:27.575,414.373887306879,998
2024-09-16 13:48:27.622,414.3506243817913,9
2024-09-16 13:48:27.714,414.3878921335834,6
2024-09-16 13:48:27.735,414.349197222741,1005
2024-09-16 13:48:27.925,414.3940862631529,96
2024-09-16 13:48:27.962,414.373885833062,1002
2024-09-16 13:48:27.976,414.4263412718829,103
2024-09-16 13:48:27.992,414.4001985009221,5
2024-09-16 13:48:28.051,414.3735580061797,995
2024-09-16 13:48:28.116,414.3586031191635,1003
2024-09-16 13:48:28.122,414.3423010712431,104
2024-09-16 13:48:28.180,414.34526668057606,1003
2024-09-16 13:48:28.187,414.3221868591016,105
2024-09-16 13:48:28.233,414.3732612298287,97
2024-09-16 13:48:28.271,414.373490703258,101
2024-09-16 13:48:28.326,414.3592016390468,98
2024-09-16 13:48:28.359,414.3381033614829,996
2024-09-16 13:48:28.404,414.37352710662486,1002
2024-09-16 13:48:28.445,414.3423047986251,11
2024-09-16 13:48:28.477,414.369652263526,7
2024-09-16 13:48:28.504,414.383573418242,12
2024-09-16 13:48:28.749,414.3352561820674,5
2024-09-16 13:48:28.869,414.3237237775041,97
2024-09-16 13:48:28.972,414.371565234596,9
2024-09-16 13:48:29.015,414.35065778310747,6
2024-09-16 13:48:29.020,414.327654915274,5
2024-09-16 13:48:29.031,414.36095181322816,997
2024-09-16 13:48:29.054,414.3761191748204,11
2024-09-16 13:48:29.145,414.36163902785296,14
2024-09-16 13:48:29.183,414.3469275395154,104
2024-09-16 13:48:29.190,414.3782170583691,998
2024-09-16 13:48:29.190,414.3622191169536,996
2024-09-16 13:48:29.214,414.3577515629202,98
2024-09-16 13:48:29.235,414.330093254029,996
2024-09-16 13:48:29.340,414.32397229537713,15
2024-09-16 13:48:29.342,414.32894496219006,95
2024-09-16 13:48:29.373,414.380229840392,104
2024-09-16 13:48:29.462,414.38409550082105,13
2024-09-16 13:48:29.467,414.337453420643,11
2024-09-16 13:48:29.646,414.3192158025092,11
2024-09-16 13:48:29.684,414.3717278535356,11
2024-09-16 13:48:29.691,414.3184598752716,999
2024-09-16 13:48:29.752,414.3492920115663,12
2024-09-16 13:48:29.800,414.35281944850914,103
2024-09-16 13:48:29.871,414.3139214399981,1002
2024-09-16 13:48:29.878,414.3391498574963,101
2024-09-16 13:48:29.922,-414.30628288908906,100
2024-09-16 13:48:29.925,414.3475329345558,1004
2024-09-16 13:48:29.996,414.3347319344977,105
2024-09-16 13:48:30.012,414.33295253138857,5
2024-09-16 13:48:30.026,414.3863888094912,10
2024-09-16 13:48:30.038,414.3565455224157,99
2024-09-16 13:48:30.042,414.3802412879828,1001
2024-09-16 13:48:30.102,414.36102236760615,11
2024-09-16 13:48:30.116,414.3188563318221,1004
2024-09-16 13:48:30.117,414.3677895689242,13
2024-09-16 13:48:30.218,414.35621358203787,1004
2024-09-16 13:48:30.259,414.3659337782288,96
2024-09-16 13:48:30.324,414.35836144057305,95
2024-09-16 13:48:30.364,414.39218196937895,12
2024-09-16 13:48:30.416,414.3556956666405,10
2024-09-16 13:48:30.500,414.36935470432513,96
2024-09-16 13:48:30.525,414.3251319731837,5
2024-09-16 13:48:30.602,-414.359388533249,6
2024-09-16 13:48:30.763,414.3633931859308,10
2024-09-16 13:48:30.775,414.3405520392959,96
2024-09-16 13:48:30.804,414.33746903294747,100
2024-09-16 13:48:30.895,414.3887826928051,998
2024-09-16 13:48:30.902,414.34147436158383,11
2024-09-16 13:48:30.915,414.3152494792432,1000
2024-09-16 13:48:30.924,414.3392837281648,9
2024-09-16 13:48:30.942,414.3548475601919,1005
2024-09-16 13:48:31.092,414.3641456731531,1002
2024-09-16 13:48:31.105,414.36334166069327,10
2024-09-16 13:48:31.115,414.3135995174442,10
2024-09-16 13:48:31.188,414.3289796214455,97
2024-09-16 13:48:31.258,414.29397278690607,1005
2024-09-16 13:48:31.328,414.318670314449,12
2024-09-16 13:48:31.369,414.3659307336184,15
2024-09-16 13:48:31.399,414.3910632010664,1004
2024-09-16 13:48:31.438,414.3286454806984,95
2024-09-16 13:48:31.505,414.3606201258867,103
2024-09-16 13:48:31.515,414.3093565397157,100
2024-09-16 13:48:31.564,414.37307761501546,9
2024-09-16 13:48:31.634,414.3081906216943,1000
2024-09-16 13:48:31.654,414.3538459973925,1005
2024-09-16 13:48:31.654,414.3009482664563,102
2024-09-16 13:48:31.697,414.3554982611892,1000
2024-09-16 13:48:31.732,414.3337233805293,13
2024-09-16 13:48:31.764,414.30628165764966,1004
2024-09-16 13:48:31.765,414.3050059555098,997
2024-09-16 13:48:31.795,414.33769496995376,999
2024-09-16 13:48:31.858,414.3520411667886,999
2024-09-16 13:48:31.911,414.3657937124049,13
2024-09-16 13:48:31.982,414.31771009471686,96
2024-09-16 13:48:31.982,414.33173938401234,97
2024-09-16 13:48:32.020,414.3875099636174,102
2024-09-16 13:48:32.124,414.4030543991906,102
2024-09-16 13:48:32.137,414.36937728133887,97
2024-09-16 13:48:32.150,414.3789196500255,12
2024-09-16 13:48:32.236,414.372698719859,998
2024-09-16 13:48:32.257,414.4091683122162,1004
2024-09-16 13:48:32.267,414.3982046644614,103
2024-09-16 13:48:32.298,414.4009835639316,14
2024-09-16 13:48:32.344,41.43670679120825,1000
2024-09-16 13:48:32.503,414.3565566489088,97
2024-09-16 13:48:32.509,414.3949177192995,998
2024-09-16 13:48:32.511,414.38789425578216,96
2024-09-16 13:48:32.555,414.36384133835537,11
2024-09-16 13:48:32.557,414.3845339584613,997
2024-09-16 13:48:32.558,414.38592587146087,5
2024-09-16 13:48:32.568,414.3680428332234,6
2024-09-16 13:48:32.685,414.3605040863796,99
2024-09-16 13:48:32.836,414.3714031945751,10
2024-09-16 13:48:32.838,414.3598455340688,99
2024-09-16 13:48:32.842,414.3798199079801,104
2024-09-16 13:48:32.936,414.3711477445735,95
2024-09-16 13:48:32.978,414.3980299106374,9
2024-09-16 13:48:33.073,414.4271252905897,96
2024-09-16 13:48:33.148,414.3937769334392,12
2024-09-16 13:48:33.187,414.4017010528479,10
2024-09-16 13:48:33.212,414.4204932274307,13
2024-09-16 13:48:33.246,414.43461713155375,995
2024-09-16 13:48:33.291,414.3997115190983,1002
2024-09-16 13:48:33.319,414.42685869567066,12
2024-09-16 13:48:33.338,414.3859747999208,8
2024-09-16 13:48:33.351,414.4387770498094,8
2024-09-16 13:48:33.399,414.4331211954905,9
2024-09-16 13:48:33.479,414.39681767475895,103
2024-09-16 13:48:33.532,414.38746724380695,11
2024-09-16 13:48:33.576,414.4043565109464,95
2024-09-16 13:48:33.581,414.4038416973152,6
2024-09-16 13:48:33.709,414.385804653312,7
2024-09-16 13:48:33.717,414.4079901535725,13
2024-09-16 13:48:33.724,414.4177500062818,15
2024-09-16 13:48:33.773,414.441439843739,96
2024-09-16 13:48:33.815,414.4417177641722,6
2024-09-16 13:48:33.881,414.406039742501,1003
2024-09-16 13:48:33.945,414.4141019682682,7
2024-09-16 13:48:33.948,414.4346903288192,95
2024-09-16 13:48:33.990,414.4462315321949,995
2024-09-16 13:48:34.000,414.4942425943877,101
2024-09-16 13:48:34.092,414.4511216851749,104
2024-09-16 13:48:34.104,414.4966576487877,6
2024-09-16 13:48:34.169,414.4720978999133,11
2024-09-16 13:48:34.208,414.4953104006901,1004
2024-09-16 13:48:34.275,414.48625932842793,105
2024-09-16 13:48:34.338,414.4816929597434,7
2024-09-16 13:48:34.346,414.4742590315811,14
2024-09-16 13:48:34.411,414.4767040280421,1003
2024-09-16 13:48:34.460,414.46830879133057,98
2024-09-16 13:48:34.518,414.47900508396543,1002
2024-09-16 13:48:34.542,414.4783905680368,96
2024-09-16 13:48:34.572,414.47332204673256,15
2024-09-16 13:48:34.694,414.4882036248652,14
2024-09-16 13:48:34.759,414.4941062800843,1002
2024-09-16 13:48:34.766,414.4837819462604,104
2024-09-16 13:48:34.961,414.4966144231855,99
2024-09-16 13:48:34.967,414.4575664890456,12
2024-09-16 13:48:35.166,414.4957106244776,995
2024-09-16 13:48:35.168,414.489717250283,9
2024-09-16 13:48:35.249,414.50299837087255,98
2024-09-16 13:48:35.280,414.4360764147573,1005
2024-09-16 13:48:35.301,414.4791542675383,102
2024-09-16 13:48:35.340,414.437303957438,10
2024-09-16 13:48:35.388,414.500546593878,96
2024-09-16 13:48:35.421,414.4686760400211,999
2024-09-16 13:48:35.438,,1000
2024-09-16 13:48:35.478,414.4273022539588,103
2024-09-16 13:48:35.783,414.486210440652,1002
2024-09-16 13:48:35.812,414.49967486843695,99
2024-09-16 13:48:35.864,414.4489523066321,9
2024-09-16 13:48:35.889,414.4672810254044,13
2024-09-16 13:48:35.909,414.5036344402508,1000
2024-09-16 13:48:36.073,414.3767573322498,98
2024-09-16 13:48:36.101,414.4020258593355,1000
2024-09-16 13:48:36.108,414.42133574182594,99
2024-09-16 13:48:36.169,414.42611650564857,96
2024-09-16 13:48:36.269,414.4359847840406,999
2024-09-16 13:48:36.356,414.4423943504219,105
2024-09-16 13:48:36.376,414.3784749002869,103
2024-09-16 13:48:36.387,414.3836296562389,1000
2024-09-16 13:48:36.481,414.4010600257441,1003
2024-09-16 13:48:36.510,414.4325492622707,105
2024-09-16 13:48:36.686,414.3846946504596,7
2024-09-16 13:48:36.706,414.4316702639415,14
2024-09-16 13:48:36.832,414.4200486829081,6
2024-09-16 13:48:36.833,414.3946050465375,997
2024-09-16 13:48:36.835,414.3871962617092,97
2024-09-16 13:48:36.872,414.38867160734327,105
2024-09-16 13:48:36.945,414.40391583185374,105
2024-09-16 13:48:36.994,414.3995678210986,101
2024-09-16 13:48:37.221,414.42981509169766,996
2024-09-16 13:48:37.329,414.4533438411239,102
2024-09-16 13:48:37.374,414.400051695504,14
2024-09-16 13:48:37.393,414.42524651695794,995
2024-09-16 13:48:37.430,414.4082901975201,102
2024-09-16 13:48:37.482,414.4271287265949,103
2024-09-16 13:48:37.502,414.4079354749603,7
2024-09-16 13:48:37.608,414.41415259651,1001
2024-09-16 13:48:37.691,414.4278324273705,96
2024-09-16 13:48:37.805,414.435483524194,100
2024-09-16 13:48:37.861,414.39154372671806,98
2024-09-16 13:48:37.888,414.4449609028277,11
2024-09-16 13:48:38.186,414.3713307079592,14
2024-09-16 13:48:39.047,414.32380454751785,105
2024-09-16 13:48:39.178,414.3431012344388,10
2024-09-16 13:48:39.217,414.3509976917885,1003
2024-09-16 13:48:39.289,414.3428031865095,1005
2024-09-16 13:48:39.320,414.3667885006129,1002
2024-09-16 13:48:39.321,414.36072748945287,5
2024-09-16 13:48:39.348,414.38079073070463,104
2024-09-16 13:48:39.419,414.3556993259212,105
2024-09-16 13:48:39.645,414.3716605323993,96
2024-09-16 13:48:39.652,414.3493318581338,1001
2024-09-16 13:48:39.711,414.3503575174535,998
2024-09-16 13:48:39.713,414.3416471610067,996
2024-09-16 13:48:39.729,414.32272107509743,14
2024-09-16 13:48:39.783,414.34037066322406,9
2024-09-16 13:48:39.794,414.3509659862506,6
2024-09-16 13:48:39.796,414.3346267979361,105
2024-09-16 13:48:39.828,414.34456978015226,1005
2024-09-16 13:48:39.837,414.3605252767662,1005
2024-09-16 13:48:39.863,414.3795747908928,15
2024-09-16 13:48:39.887,414.3698375044504,95
2024-09-16 13:48:39.898,414.3792129533027,1005
2024-09-16 13:48:39.978,414.3448071319333,105
2024-09-16 13:48:39.988,414.3575121493008,14
2024-09-16 13:48:40.047,414.3711514148338,1000
2024-09-16 13:48:40.052,414.364013926277,8
2024-09-16 13:48:40.081,414.3936544505149,95
2024-09-16 13:48:40.120,414.3661467707475,12
2024-09-16 13:48:40.192,414.3135693449865,8
2024-09-16 13:48:40.207,414.3531419875316,99
2024-09-16 13:48:40.215,414.31973624286,6
2024-09-16 13:48:40.299,414.3439383094947,6
2024-09-16 13:48:40.334,414.34865949416735,7
2024-09-16 13:48:40.342,414.3244080928597,9
2024-09-16 13:48:40.358,414.35321339720247,98
2024-09-16 13:48:40.422,414.3623609594457,95
2024-09-16 13:48:40.437,414.3708721667541,999
2024-09-16 13:48:40.460,414.3965952662965,5
2024-09-16 13:48:40.514,414.4110785099082,7
2024-09-16 13:48:40.523,414.3810592570191,1003
2024-09-16 13:48:40.609,414.3708289044956,1003
2024-09-16 13:48:40.678,414.3432549591372,105
2024-09-16 13:48:40.683,414.3901092048232,998
2024-09-16 13:48:40.712,414.37137023033966,15
2024-09-16 13:48:40.717,414.3539151315113,999
2024-09-16 13:48:40.743,414.3709248505775,12
2024-09-16 13:48:40.772,414.3910082069968,96
2024-09-16 13:48:40.781,414.30796140048574,97
2024-09-16 13:48:40.802,414.32351283435446,995
2024-09-16 13:48:40.810,414.38505819178766,96
2024-09-16 13:48:40.887,414.3938139116369,100
2024-09-16 13:48:40.916,414.3793823162357,104
2024-09-16 13:48:40.938,414.3750004475301,6
2024-09-16 13:48:40.943,414.3546271603262,15
2024-09-16 13:48:41.042,414.4274275798075,105
2024-09-16 13:48:41.053,414.41542214784414,105
2024-09-16 13:48:41.064,,103
2024-09-16 13:48:41.102,414.4281299920441,997
2024-09-16 13:48:41.112,,999
2024-09-16 13:48:41.124,414.42672333155815,1000
2024-09-16 13:48:41.144,414.4119039979457,1004
2024-09-16 13:48:41.161,414.4403169642832,1003
2024-09-16 13:48:41.214,414.45022471905776,995
2024-09-16 13:48:41.286,414.42181881752543,998
2024-09-16 13:48:41.290,414.41883134679,96
2024-09-16 13:48:41.323,414.4125974934782,11
2024-09-16 13:48:41.370,414.4199758268083,103
2024-09-16 13:48:41.383,414.44907324185806,105
2024-09-16 13:48:41.442,414.4382863355063,1003
2024-09-16 13:48:41.476,414.4314489849602,12
2024-09-16 13:48:41.480,414.42101722975406,12
2024-09-16 13:48:41.503,414.4198549321951,95
2024-09-16 13:48:41.557,41.44286638730907,101
2024-09-16 13:48:41.594,414.4302111330428,997
2024-09-16 13:48:41.659,414.4369679073502,105
2024-09-16 13:48:41.659,414.42142054967456,998
2024-09-16 13:48:41.672,414.4041345653453,99
2024-09-16 13:48:41.706,414.4458041212451,1001
2024-09-16 13:48:41.732,414.4523207382212,998
2024-09-16 13:48:41.761,414.4152956590738,1004
2024-09-16 13:48:42.943,414.41825150514,9
2024-09-16 13:48:43.011,414.33983706153305,995
2024-09-16 13:48:43.044,414.3762734230506,1004
2024-09-16 13:48:43.047,414.37820845161247,97
2024-09-16 13:48:43.061,414.3603421374257,14
2024-09-16 13:48:43.107,414.40541684261433,10
2024-09-16 13:48:43.143,414.4346449162789,1005
2024-09-16 13:48:43.179,414.3806009336121,1004
2024-09-16 13:48:43.255,414.3720662627972,5
2024-09-16 13:48:43.325,414.43505934698834,9
2024-09-16 13:48:43.345,414.42836094695787,14
2024-09-16 13:48:43.363,414.3483689063752,7
2024-09-16 13:48:43.392,414.42451943071,997
2024-09-16 13:48:43.399,414.36565747387766,102
2024-09-16 13:48:43.457,414.3396808523266,8
2024-09-16 13:48:43.468,414.3603725353362,15
2024-09-16 13:48:43.498,414.3716231570335,1004
2024-09-16 13:48:43.572,414.4162215231889,6
2024-09-16 13:48:43.670,414.3773912271608,105
2024-09-16 13:48:43.689,414.36413226408416,1001
2024-09-16 13:48:43.718,414.3567377990529,96
2024-09-16 13:48:43.866,414.34535466113255,997
2024-09-16 13:48:43.901,414.39181816569385,102
2024-09-16 13:48:44.002,414.3617738865757,98
2024-09-16 13:48:44.090,414.3653991562306,7
2024-09-16 13:48:44.156,414.3395056782491,99
2024-09-16 13:48:44.317,414.3322990539956,14
2024-09-16 13:48:44.632,414.3504686641896,95
2024-09-16 13:48:44.647,414.3462555826483,101
2024-09-16 13:48:44.650,414.3358278893516,1004
2024-09-16 13:48:44.654,414.3485961685485,1001
2024-09-16 13:48:44.697,414.36410271485965,97
2024-09-16 13:48:44.755,414.3683006602864,14
2024-09-16 13:48:44.774,414.3653967005439,15
2024-09-16 13:48:44.785,414.36527902938633,998
2024-09-16 13:48:44.936,414.33154650020464,102
2024-09-16 13:48:45.256,414.3838095251799,995
2024-09-16 13:48:45.644,414.39046228033817,9
2024-09-16 13:48:45.678,414.4000601690933,9
2024-09-16 13:48:46.017,414.4493342374308,96
2024-09-16 13:48:46.067,414.46949337438025,14
2024-09-16 13:48:46.075,414.49249696601794,105
2024-09-16 13:48:46.107,414.48089991811247,98
2024-09-16 13:48:46.271,414.4720875817288,97
2024-09-16 13:48:46.336,414.4651909549854,104
2024-09-16 13:48:46.379,414.4586047638455,14
2024-09-16 13:48:46.399,414.474857215503,11
2024-09-16 13:48:46.407,414.4945860555864,8
2024-09-16 13:48:46.441,414.4700679859489,104
2024-09-16 13:48:46.449,414.4733401807076,103
2024-09-16 13:48:46.497,414.4274374518377,5
2024-09-16 13:48:46.733,414.4695385746349,12
2024-09-16 13:48:46.742,414.4730528629075,1003
2024-09-16 13:48:46.958,414.4220763743854,103
2024-09-16 13:48:46.986,414.46966060713953,6
2024-09-16 13:48:47.038,,1000
2024-09-16 13:48:47.178,414.4644833642103,104
2024-09-16 13:48:47.219,414.4501267459459,96
2024-09-16 13:48:47.240,414.4113252894182,100
2024-09-16 13:48:47.376,414.451037953286,13
2024-09-16 13:48:47.618,414.46795234078655,101
2024-09-16 13:48:47.636,414.42710991059306,998
2024-09-16 13:48:47.740,414.4694141130108,6
2024-09-16 13:48:47.769,414.4568068894844,98
2024-09-16 13:48:47.836,414.44701194136303,105
2024-09-16 13:48:47.962,414.4386642336048,1001
2024-09-16 13:48:48.011,414.4906884422044,9
2024-09-16 13:48:48.366,414.47793169360017,997
2024-09-16 13:48:48.821,414.4826369462698,105
2024-09-16 13:48:49.781,414.4876454490145,97
2024-09-16 13:48:49.940,,9
2024-09-16 13:48:50.002,414.4816782348138,7
2024-09-16 13:48:50.249,414.4915681043751,100
2024-09-16 13:48:50.252,414.5281854192073,1002
2024-09-16 13:48:50.530,414.527845879961,97
2024-09-16 13:48:50.603,414.5077594851883,9
2024-09-16 13:48:50.618,414.5055728091059,100
2024-09-16 13:48:50.707,414.48877845325904,1000
2024-09-16 13:48:50.733,414.5370635220565,105
2024-09-16 13:48:50.749,414.4936724650963,10
2024-09-16 13:48:50.876,414.5183804331464,7
2024-09-16 13:48:50.915,414.54353869315867,96
2024-09-16 13:48:51.096,414.49756450063614,98
2024-09-16 13:48:51.145,414.526549786712,10
2024-09-16 13:48:51.158,414.4906664982915,7
2024-09-16 13:48:51.186,414.4892182766125,995
2024-09-16 13:48:51.215,414.4970839623688,7
2024-09-16 13:48:51.321,414.5147698477179,1000
2024-09-16 13:48:51.415,414.5188838480368,102
2024-09-16 13:48:51.424,41.45166722604054,997
2024-09-16 13:48:51.467,414.5021953489248,996
2024-09-16 13:48:51.607,414.49301335893387,1002
2024-09-16 13:48:51.669,-414.5106458273973,100
2024-09-16 13:48:51.681,414.4934433652895,97
2024-09-16 13:48:51.692,414.4848530686253,995
2024-09-16 13:48:51.724,414.5078241583225,9
2024-09-16 13:48:51.783,414.5050524069294,98
2024-09-16 13:48:51.807,414.50854083299646,1001
2024-09-16 13:48:51.808,414.4897285627512,14
2024-09-16 13:48:51.880,414.5084564067934,1000
2024-09-16 13:48:51.894,414.4997771276031,104
2024-09-16 13:48:51.941,414.4992517004662,104
2024-09-16 13:48:51.972,414.4963868216397,102
2024-09-16 13:48:52.035,414.4834876159938,13
2024-09-16 13:48:52.041,414.5271628211969,98
2024-09-16 13:48:52.055,414.5200036061085,14
2024-09-16 13:48:52.146,414.51610771056096,9
2024-09-16 13:48:52.280,,11
2024-09-16 13:48:52.297,414.502384769117,96
2024-09-16 13:48:52.365,414.4935731649087,95
2024-09-16 13:48:52.387,414.4942716797038,14
2024-09-16 13:48:52.411,414.5052944858607,12
2024-09-16 13:48:52.420,414.5193693787454,12
2024-09-16 13:48:52.497,414.49569704301257,8
2024-09-16 13:48:52.544,414.50025028287126,95
2024-09-16 13:48:52.597,414.4944927674258,8
2024-09-16 13:48:52.626,414.528597404776,8
2024-09-16 13:48:52.666,414.5002292118312,102
2024-09-16 13:48:52.681,414.47743245574407,998
2024-09-16 13:48:52.726,414.4983383918076,104
2024-09-16 13:48:52.768,414.5154663167365,9
2024-09-16 13:48:52.788,414.50938155063454,5
2024-09-16 13:48:52.792,414.49213756846007,11
2024-09-16 13:48:52.804,414.492664272518,1003
2024-09-16 13:48:52.962,414.4644709299773,8
2024-09-16 13:48:53.155,414.4633991737239,998
2024-09-16 13:48:53.274,414.4879462580837,1003
2024-09-16 13:48:53.382,,15
2024-09-16 13:48:53.433,414.4825954902664,103
2024-09-16 13:48:53.525,414.4881798081,998
2024-09-16 13:48:53.669,414.4803867641809,1002
2024-09-16 13:48:53.778,414.478927900488,6
2024-09-16 13:48:54.236,414.4807806916303,102
2024-09-16 13:48:55.339,414.4749994967245,99
2024-09-16 13:48:55.553,414.4821002669646,99
2024-09-16 13:48:55.600,414.4766961104898,1004
2024-09-16 13:48:55.993,414.5039123752955,101
2024-09-16 13:48:55.999,414.49911460098446,1002
2024-09-16 13:48:56.113,414.4836276867208,998
2024-09-16 13:48:56.140,414.5147884817772,12
2024-09-16 13:48:56.143,414.46763680403234,105
2024-09-16 13:48:56.263,414.5054103267154,96
2024-09-16 13:48:56.266,414.5120464784145,6
2024-09-16 13:48:56.267,414.48965107446674,95
2024-09-16 13:48:56.268,414.4841721673683,103
2024-09-16 13:48:56.320,414.5179223019835,8
2024-09-16 13:48:56.372,414.4766347421447,995
2024-09-16 13:48:56.386,414.5053449853532,96
2024-09-16 13:48:56.397,414.4897887234273,100
2024-09-16 13:48:56.401,414.5011572067212,999
2024-09-16 13:48:56.434,414.48859886759885,1004
2024-09-16 13:48:56.447,414.50507538662464,1000
2024-09-16 13:48:56.494,414.5202590079596,1001
2024-09-16 13:48:56.501,414.4988801800917,999
2024-09-16 13:48:56.550,,1005
2024-09-16 13:48:56.630,414.4953461734798,101
2024-09-16 13:48:56.715,414.49029526556126,13
2024-09-16 13:48:56.733,414.5083631881129,99
2024-09-16 13:48:56.735,414.5003078250011,1004
2024-09-16 13:48:56.770,414.4980870044989,96
2024-09-16 13:48:56.784,414.48879213009286,97
2024-09-16 13:48:56.828,414.5324024134215,12
2024-09-16 13:48:56.842,414.5159691465552,11
2024-09-16 13:48:56.850,414.4767423861997,1000
2024-09-16 13:48:56.907,414.4913662064338,7
2024-09-16 13:48:56.920,414.488387470653,5
2024-09-16 13:48:56.938,414.5175293509933,1003
2024-09-16 13:48:56.972,414.4807064226394,104
2024-09-16 13:48:57.153,414.51078911691104,1003
2024-09-16 13:48:57.159,414.49868664181406,995
2024-09-16 13:48:57.208,414.4420267514878,15
2024-09-16 13:48:57.212,414.4955525068917,1000
2024-09-16 13:48:57.394,414.4661754145391,9
2024-09-16 13:48:57.397,414.4874463286752,95
2024-09-16 13:48:57.409,414.5028840821302,997
2024-09-16 13:48:57.470,414.514857380547,100
2024-09-16 13:48:57.475,414.4774242368521,1005
2024-09-16 13:48:57.510,414.4716716150869,1005
2024-09-16 13:48:57.522,414.4845274298108,95
2024-09-16 13:48:57.564,414.4906438811501,10
2024-09-16 13:48:57.571,414.5035340170724,105
2024-09-16 13:48:57.671,414.4830055223852,105
2024-09-16 13:48:57.679,414.5034431267405,996
2024-09-16 13:48:57.772,414.4775862724839,14
2024-09-16 13:48:57.807,414.4772983039084,995
2024-09-16 13:48:57.813,41.448900980395024,10
2024-09-16 13:48:57.918,414.4684572888393,1004
2024-09-16 13:48:57.949,414.4810999008564,995
2024-09-16 13:48:58.057,,103
2024-09-16 13:48:58.072,414.475085533729,103
2024-09-16 13:48:58.141,414.4765521226942,13
2024-09-16 13:48:58.190,414.4805345015536,95
2024-09-16 13:48:58.248,414.4726288384495,95
2024-09-16 13:48:58.269,414.45464785785,998
2024-09-16 13:48:58.558,414.4585943753252,1001
2024-09-16 13:48:58.573,414.44732393462687,998
2024-09-16 13:48:58.891,414.46332825968886,5
2024-09-16 13:48:59.057,414.4152582258109,99
2024-09-16 13:48:59.139,414.419848629072,1000
2024-09-16 13:48:59.382,414.4736334385576,11
2024-09-16 13:48:59.405,414.406501097764,9
2024-09-16 13:48:59.424,414.4131004402436,103
2024-09-16 13:48:59.442,414.4020934811224,13
2024-09-16 13:48:59.462,414.459137395764,1000
2024-09-16 13:48:59.570,414.3955162784599,1000
2024-09-16 13:48:59.617,414.47014731957006,7
2024-09-16 13:48:59.847,414.4460985211775,1002
2024-09-16 13:48:59.911,414.40226675542704,1002
