Timestamp,Price,Size
2024-09-18 10:35:00.147,412.0330890484059,998
2024-09-18 10:35:00.198,412.0557250524016,95
2024-09-18 10:35:00.365,412.0372264988935,104
2024-09-18 10:35:00.374,412.04451254580704,5
2024-09-18 10:35:00.543,412.0478846288906,97
2024-09-18 10:35:00.568,412.04695344142544,1000
2024-09-18 10:35:00.587,412.0330365725427,103
2024-09-18 10:35:00.717,412.03042777163233,1004
2024-09-18 10:35:00.720,412.0388471077546,8
2024-09-18 10:35:00.791,-412.0370673621409,8
2024-09-18 10:35:01.035,412.025524588152,6
2024-09-18 10:35:01.058,,103
2024-09-18 10:35:01.134,412.039676066253,12
2024-09-18 10:35:01.383,-412.0547477621215,105
2024-09-18 10:35:01.439,412.01420361604335,7
2024-09-18 10:35:01.447,412.0548556070097,104
2024-09-18 10:35:01.474,412.042114920328,96
2024-09-18 10:35:01.510,412.032648132296,103
2024-09-18 10:35:01.583,412.0182891593749,5
2024-09-18 10:35:01.611,412.0191157629622,99
2024-09-18 10:35:01.657,412.0381920577735,103
2024-09-18 10:35:01.784,412.0153411928416,103
2024-09-18 10:35:01.970,41.20297341302412,11
2024-09-18 10:35:01.977,412.0153275989133,98
2024-09-18 10:35:02.016,412.1430513968253,9
2024-09-18 10:35:02.029,412.09225696029387,999
2024-09-18 10:35:02.068,412.13053629551,11
2024-09-18 10:35:02.088,412.0581921511953,7
2024-09-18 10:35:02.098,412.0645011668108,1004
2024-09-18 10:35:02.123,412.1448488482304,102
2024-09-18 10:35:02.156,412.0281066546785,13
2024-09-18 10:35:02.172,412.11693673091895,6
2024-09-18 10:35:02.177,412.1240057168982,99
2024-09-18 10:35:02.220,412.0408428821128,6
2024-09-18 10:35:02.277,412.0525846954056,6
2024-09-18 10:35:02.300,412.1220009271676,6
2024-09-18 10:35:02.312,412.1104436266911,10
2024-09-18 10:35:02.353,412.055148388733,13
2024-09-18 10:35:02.361,412.0513710371194,13
2024-09-18 10:35:02.365,412.0334629747359,1004
2024-09-18 10:35:02.396,412.0668848048457,998
2024-09-18 10:35:02.427,412.04349574036496,5
2024-09-18 10:35:02.541,412.1433671137976,15
2024-09-18 10:35:02.650,412.0430216895284,101
2024-09-18 10:35:02.653,412.0424195748159,102
2024-09-18 10:35:02.690,412.1179929419194,995
2024-09-18 10:35:02.761,412.0617471995899,10
2024-09-18 10:35:02.825,412.05983213742496,11
2024-09-18 10:35:02.851,412.0321134552754,101
2024-09-18 10:35:02.914,412.12674152319,8
2024-09-18 10:35:02.964,412.13592190663,5
2024-09-18 10:35:02.995,412.06649149331713,999
2024-09-18 10:35:03.003,412.2096664293652,1000
2024-09-18 10:35:03.046,412.1213879275954,1001
2024-09-18 10:35:03.048,412.1742865371229,10
2024-09-18 10:35:03.100,412.22384939973097,7
2024-09-18 10:35:03.268,412.1254822483484,11
2024-09-18 10:35:03.297,412.0981367950748,105
2024-09-18 10:35:03.313,412.1564331475336,6
2024-09-18 10:35:03.408,412.1014127492799,1000
2024-09-18 10:35:03.424,412.1139176496186,95
2024-09-18 10:35:03.448,412.2273140373513,996
2024-09-18 10:35:03.553,412.2363229652175,11
2024-09-18 10:35:03.598,412.2492203995537,1004
2024-09-18 10:35:03.627,412.11469594794266,98
2024-09-18 10:35:03.636,412.23797561241554,103
2024-09-18 10:35:03.671,412.20643124020376,1003
2024-09-18 10:35:03.776,412.1660003793079,100
2024-09-18 10:35:03.829,412.1958005408431,999
2024-09-18 10:35:03.906,412.1491341768206,96
2024-09-18 10:35:04.007,412.2387488218831,105
2024-09-18 10:35:04.040,412.2414157536447,102
2024-09-18 10:35:04.053,412.23100335423504,104
2024-09-18 10:35:04.065,412.2655015591371,1005
2024-09-18 10:35:04.085,412.25788071329777,105
2024-09-18 10:35:04.141,412.2416178820632,100
2024-09-18 10:35:04.146,412.243082875745,102
2024-09-18 10:35:04.170,412.266579355832,1000
2024-09-18 10:35:04.188,412.2338504718117,1001
2024-09-18 10:35:04.212,412.2768414178554,999
2024-09-18 10:35:04.237,412.2632426056819,11
2024-09-18 10:35:04.304,412.2562791893005,14
2024-09-18 10:35:04.427,412.2437009966881,102
2024-09-18 10:35:04.439,412.2798813809952,9
2024-09-18 10:35:04.452,412.27176749093775,15
2024-09-18 10:35:04.486,412.2639680135149,7
2024-09-18 10:35:04.570,412.274653997113,101
2024-09-18 10:35:04.588,412.25361035302006,1002
2024-09-18 10:35:04.615,412.2524915878672,9
2024-09-18 10:35:04.642,412.2441325844127,10
2024-09-18 10:35:04.653,412.2604919147767,997
2024-09-18 10:35:04.666,412.2521598027744,996
2024-09-18 10:35:04.697,412.24648468721387,11
2024-09-18 10:35:04.699,412.27667683376416,10
2024-09-18 10:35:04.712,412.2748932409454,997
2024-09-18 10:35:04.784,,14
2024-09-18 10:35:04.886,412.2552291506897,12
2024-09-18 10:35:04.901,412.2937700221488,999
2024-09-18 10:35:04.963,412.27227905403953,1003
2024-09-18 10:35:04.999,412.2481227861418,100
2024-09-18 10:35:05.039,412.2194268297216,995
2024-09-18 10:35:05.060,412.1735310594247,10
2024-09-18 10:35:05.068,412.1687037843416,98
2024-09-18 10:35:05.118,412.1963886749753,6
2024-09-18 10:35:05.130,412.171541242568,12
2024-09-18 10:35:05.180,412.2077807073409,5
2024-09-18 10:35:05.256,412.175044981742,1005
2024-09-18 10:35:05.280,412.2111187147232,6
2024-09-18 10:35:05.323,412.1608222961143,14
2024-09-18 10:35:05.363,412.1652447754772,1000
2024-09-18 10:35:05.446,412.183705519432,8
2024-09-18 10:35:05.472,412.1932414469695,995
2024-09-18 10:35:05.517,412.1704977395852,1005
2024-09-18 10:35:05.531,412.1503971280782,997
2024-09-18 10:35:05.559,412.1435140236847,99
2024-09-18 10:35:05.675,412.1451087555441,100
2024-09-18 10:35:05.685,412.183892247986,8
2024-09-18 10:35:05.720,412.1902638106871,95
2024-09-18 10:35:05.745,412.1808724282797,999
2024-09-18 10:35:05.793,412.1787469156534,11
2024-09-18 10:35:05.886,412.15420069234193,8
2024-09-18 10:35:05.896,412.2218820169459,104
2024-09-18 10:35:05.934,412.15758221353184,100
2024-09-18 10:35:05.996,412.1634689617949,95
2024-09-18 10:35:06.158,412.16084211598337,1003
2024-09-18 10:35:06.176,412.16796160993465,1002
2024-09-18 10:35:06.388,412.14591198273865,103
2024-09-18 10:35:06.712,41.215894730635554,14
2024-09-18 10:35:06.722,412.1447421884558,96
2024-09-18 10:35:07.088,,100
2024-09-18 10:35:07.333,412.1911569600179,998
2024-09-18 10:35:07.393,412.24772063377617,103
2024-09-18 10:35:07.450,412.203789088028,14
2024-09-18 10:35:07.605,412.23856512820487,101
2024-09-18 10:35:07.713,412.2107317114493,1003
2024-09-18 10:35:07.729,412.2257497595448,1000
2024-09-18 10:35:07.819,412.2263754079335,104
2024-09-18 10:35:07.924,412.18123905766913,97
2024-09-18 10:35:07.931,412.2302614510064,11
2024-09-18 10:35:07.942,412.2123959121774,97
2024-09-18 10:35:08.055,412.2283925434497,99
2024-09-18 10:35:08.108,412.25462412332,102
2024-09-18 10:35:08.175,412.2110643300806,96
2024-09-18 10:35:08.205,412.2730951956001,99
2024-09-18 10:35:08.237,412.2713980209387,996
2024-09-18 10:35:08.243,412.2511360708307,999
2024-09-18 10:35:08.250,412.26668633741406,996
2024-09-18 10:35:08.319,412.2394860195273,7
2024-09-18 10:35:08.400,412.2582352084052,5
2024-09-18 10:35:08.409,412.2234706471544,99
2024-09-18 10:35:08.422,412.2581277043497,102
2024-09-18 10:35:08.441,412.2768080698518,6
2024-09-18 10:35:08.449,412.2244778931138,102
2024-09-18 10:35:08.520,41.22758452012084,95
2024-09-18 10:35:08.526,412.22065584929777,8
2024-09-18 10:35:08.544,412.233939637744,15
2024-09-18 10:35:08.618,412.2391330383455,97
2024-09-18 10:35:08.639,412.2421232132021,10
2024-09-18 10:35:08.684,412.2133692529572,97
2024-09-18 10:35:08.748,412.2703281108568,7
2024-09-18 10:35:08.827,412.2559237218504,97
2024-09-18 10:35:08.859,412.25649751797584,997
2024-09-18 10:35:09.031,412.2513343156601,98
2024-09-18 10:35:09.069,412.2295292256929,95
2024-09-18 10:35:09.081,412.2413010763246,999
2024-09-18 10:35:09.083,412.2698670143891,5
2024-09-18 10:35:09.097,412.2314949283149,1001
2024-09-18 10:35:09.126,412.210479585985,99
2024-09-18 10:35:09.131,412.24298636006216,7
2024-09-18 10:35:09.145,412.2487056589488,12
2024-09-18 10:35:09.206,412.2408389202479,1003
2024-09-18 10:35:09.291,,101
2024-09-18 10:35:09.474,412.2557050566545,102
2024-09-18 10:35:09.505,412.2358368194348,98
2024-09-18 10:35:09.557,412.2654480368559,9
2024-09-18 10:35:09.621,412.2141272682366,97
2024-09-18 10:35:09.638,412.2087669103916,5
2024-09-18 10:35:09.687,412.2347657404316,996
2024-09-18 10:35:09.688,412.2175689373146,98
2024-09-18 10:35:09.720,412.2530823519143,10
2024-09-18 10:35:09.745,412.2544112680179,7
2024-09-18 10:35:09.824,412.2665375071824,100
2024-09-18 10:35:09.874,412.2522581488789,95
2024-09-18 10:35:09.918,412.2643679201186,103
2024-09-18 10:35:09.919,412.2586236346564,1000
2024-09-18 10:35:09.925,412.2100766346368,102
2024-09-18 10:35:09.934,412.23678552596175,1004
2024-09-18 10:35:09.984,412.2323410278153,5
2024-09-18 10:35:10.050,412.230059283554,10
2024-09-18 10:35:10.121,412.2196573901208,95
2024-09-18 10:35:10.298,412.2452929202935,100
2024-09-18 10:35:10.432,412.2354229097166,5
2024-09-18 10:35:10.673,412.2299993372792,1003
2024-09-18 10:35:10.717,412.24910810855386,999
2024-09-18 10:35:11.058,412.2295741462116,996
2024-09-18 10:35:11.102,412.2341442316375,98
2024-09-18 10:35:11.452,412.2200011074496,999
2024-09-18 10:35:11.643,412.2403492169105,8
2024-09-18 10:35:11.644,412.233214059473,1005
2024-09-18 10:35:11.708,412.2502960804992,5
2024-09-18 10:35:11.961,412.2222120559412,1000
2024-09-18 10:35:12.094,412.2791820986298,96
2024-09-18 10:35:12.630,412.24158911240346,8
2024-09-18 10:35:12.894,412.2892623237187,998
2024-09-18 10:35:13.073,412.2743349197976,105
2024-09-18 10:35:13.358,412.2752055730492,102
2024-09-18 10:35:14.068,412.259982352868,15
2024-09-18 10:35:14.833,412.2745909192507,98
2024-09-18 10:35:15.652,412.2753964449711,995
2024-09-18 10:35:15.699,412.2701714103689,1003
2024-09-18 10:35:15.737,412.2810774215381,15
2024-09-18 10:35:15.777,412.2909536099872,1002
2024-09-18 10:35:15.779,412.2811525514072,102
2024-09-18 10:35:15.784,412.281887293365,11
2024-09-18 10:35:15.835,412.2757132034271,98
2024-09-18 10:35:15.864,412.2773555173968,99
2024-09-18 10:35:15.987,412.2651775406578,96
2024-09-18 10:35:16.013,412.29309377948886,9
2024-09-18 10:35:16.073,412.2319127049126,101
2024-09-18 10:35:16.096,412.249708806626,105
2024-09-18 10:35:16.107,412.2160952872666,995
2024-09-18 10:35:16.113,412.2420674065929,999
2024-09-18 10:35:16.141,412.2447010329105,996
2024-09-18 10:35:16.236,412.2300742184465,100
2024-09-18 10:35:16.279,412.2384714456547,995
2024-09-18 10:35:16.450,412.2394951677185,1001
2024-09-18 10:35:16.487,412.2062944106248,9
2024-09-18 10:35:16.505,412.2725016366198,1004
2024-09-18 10:35:16.521,412.24315123402187,11
2024-09-18 10:35:16.556,412.2470430368468,96
2024-09-18 10:35:16.590,412.2868688320263,99
2024-09-18 10:35:16.606,412.2537463073537,999
2024-09-18 10:35:16.806,412.2755791839159,14
2024-09-18 10:35:16.824,412.2407822944759,1001
2024-09-18 10:35:16.833,412.25472710003424,1005
2024-09-18 10:35:16.833,412.22641473249104,99
2024-09-18 10:35:16.869,412.2055885100816,104
2024-09-18 10:35:16.897,412.2383469415909,13
2024-09-18 10:35:16.909,412.2547885880084,1005
2024-09-18 10:35:16.922,412.2176691649322,1000
2024-09-18 10:35:17.005,412.2444535653077,101
2024-09-18 10:35:17.057,412.2222844926785,1001
2024-09-18 10:35:17.066,412.2264733642055,997
2024-09-18 10:35:17.108,412.22813239225854,103
2024-09-18 10:35:17.132,412.2226984441226,103
2024-09-18 10:35:17.238,412.2064580631363,996
2024-09-18 10:35:17.276,412.2062184962453,1003
2024-09-18 10:35:17.316,412.2293396195214,102
2024-09-18 10:35:17.320,412.22090923953607,11
2024-09-18 10:35:17.339,412.2283655528143,101
2024-09-18 10:35:17.383,412.2406977577969,5
2024-09-18 10:35:17.393,41.223230337996775,14
2024-09-18 10:35:17.420,412.2258120568925,1000
2024-09-18 10:35:17.435,412.25288598605175,6
2024-09-18 10:35:17.470,412.2401953586337,95
2024-09-18 10:35:17.472,412.2252919365732,104
2024-09-18 10:35:17.506,412.2055920466902,999
2024-09-18 10:35:17.526,412.2217416722494,13
2024-09-18 10:35:17.559,412.200155482041,96
2024-09-18 10:35:17.566,412.2127779830778,104
2024-09-18 10:35:17.796,412.23189171562495,10
2024-09-18 10:35:17.809,412.1961304569992,995
2024-09-18 10:35:17.829,412.19368652773306,998
2024-09-18 10:35:17.843,412.22774739927286,12
2024-09-18 10:35:17.884,412.2217408507781,98
2024-09-18 10:35:17.902,412.2258792327428,999
2024-09-18 10:35:17.976,412.22813651333365,8
2024-09-18 10:35:18.029,412.2286554617671,998
2024-09-18 10:35:18.060,412.23176989403686,95
2024-09-18 10:35:18.163,412.2333975784072,997
2024-09-18 10:35:18.205,412.2308060235054,1004
2024-09-18 10:35:18.319,412.22459904455206,99
2024-09-18 10:35:18.355,412.2249036302948,6
2024-09-18 10:35:18.690,412.22021982915385,96
2024-09-18 10:35:18.757,412.2102163045364,995
2024-09-18 10:35:18.874,412.21898486261,98
2024-09-18 10:35:18.882,412.23037346793416,1005
2024-09-18 10:35:18.906,412.2133376566245,105
2024-09-18 10:35:18.937,412.2248376295996,9
2024-09-18 10:35:18.957,412.2250827695202,6
2024-09-18 10:35:18.985,412.2227973645159,996
2024-09-18 10:35:19.244,,96
2024-09-18 10:35:19.326,412.1735781186951,995
2024-09-18 10:35:19.395,412.18382943016616,997
2024-09-18 10:35:19.416,412.1692556713169,1000
2024-09-18 10:35:19.436,412.17789718294017,96
2024-09-18 10:35:19.450,412.20456872342857,13
2024-09-18 10:35:19.743,412.2045128529617,14
2024-09-18 10:35:19.833,412.1730335899091,15
2024-09-18 10:35:19.849,412.1869379834715,103
2024-09-18 10:35:19.869,412.1523608909524,12
2024-09-18 10:35:19.909,412.2076763632374,11
2024-09-18 10:35:19.998,412.1847803197558,996
2024-09-18 10:35:20.014,412.1130843646562,995
2024-09-18 10:35:20.027,412.106023502327,96
2024-09-18 10:35:20.034,412.0735679228826,14
2024-09-18 10:35:20.109,412.0622734966105,11
2024-09-18 10:35:20.124,412.0866812039013,7
2024-09-18 10:35:20.130,412.0928399487597,997
2024-09-18 10:35:20.155,412.08769897493954,999
2024-09-18 10:35:20.185,412.1089415681821,11
2024-09-18 10:35:20.314,412.0687589847754,1005
2024-09-18 10:35:20.317,412.1124884181311,12
2024-09-18 10:35:20.366,412.0751258498384,998
2024-09-18 10:35:20.396,412.1047869953165,14
2024-09-18 10:35:20.402,412.08014724001305,1005
2024-09-18 10:35:20.422,412.0606635964359,1000
2024-09-18 10:35:20.450,412.1185965216181,1004
2024-09-18 10:35:20.511,412.1083718696951,1001
2024-09-18 10:35:20.544,412.08375889234645,100
2024-09-18 10:35:20.558,412.06984082487566,996
2024-09-18 10:35:20.627,412.0846805088872,97
2024-09-18 10:35:20.640,412.0936739434236,98
2024-09-18 10:35:20.647,412.1127143157312,999
2024-09-18 10:35:20.655,412.1325405918974,10
2024-09-18 10:35:20.704,412.0908028848273,95
2024-09-18 10:35:20.777,412.0890311506087,97
2024-09-18 10:35:20.851,412.1088180505503,998
2024-09-18 10:35:20.864,412.1083676576675,1001
2024-09-18 10:35:20.928,412.1013780285277,1004
2024-09-18 10:35:20.946,412.06373232178936,96
2024-09-18 10:35:20.966,412.0961498695304,6
2024-09-18 10:35:20.968,412.1068408634533,998
2024-09-18 10:35:21.058,412.0531636414378,15
2024-09-18 10:35:21.102,412.0360036270481,103
2024-09-18 10:35:21.110,412.0507747051393,11
2024-09-18 10:35:21.150,412.0467003072287,101
2024-09-18 10:35:21.168,,101
2024-09-18 10:35:21.223,412.07256616011273,10
2024-09-18 10:35:21.284,412.0360131652461,996
2024-09-18 10:35:21.366,412.0766328395501,1001
2024-09-18 10:35:21.465,412.0704709192681,1000
2024-09-18 10:35:21.466,412.0850708191307,99
2024-09-18 10:35:21.467,412.0569886392123,1001
2024-09-18 10:35:21.500,41.20769261020849,12
2024-09-18 10:35:21.797,412.0611162294898,997
2024-09-18 10:35:21.806,412.0839264544962,11
2024-09-18 10:35:21.910,412.0930440259444,95
2024-09-18 10:35:21.975,412.0584776806166,997
2024-09-18 10:35:21.977,412.0552779169807,95
2024-09-18 10:35:21.979,412.0633262274426,1003
2024-09-18 10:35:22.236,412.0773925053656,14
2024-09-18 10:35:22.287,412.1059750795207,1000
2024-09-18 10:35:22.313,412.0726115111953,14
2024-09-18 10:35:22.371,412.1057384640183,15
2024-09-18 10:35:22.374,412.0970506600176,98
2024-09-18 10:35:22.586,412.09424645708856,5
2024-09-18 10:35:22.737,412.1188327061896,1005
2024-09-18 10:35:23.116,412.1391899249807,997
2024-09-18 10:35:23.173,412.14697645881625,105
2024-09-18 10:35:23.212,412.1357599352972,15
2024-09-18 10:35:23.295,412.11980473226726,13
2024-09-18 10:35:23.350,412.13597306831815,105
2024-09-18 10:35:23.386,412.1264556134664,101
2024-09-18 10:35:23.423,412.1182865068614,1000
2024-09-18 10:35:23.479,412.12866570399694,8
2024-09-18 10:35:23.482,412.14340110406937,104
2024-09-18 10:35:23.519,412.1123530770438,96
2024-09-18 10:35:23.557,412.1203020018815,97
2024-09-18 10:35:23.617,412.1401192333405,998
2024-09-18 10:35:23.807,412.11575653349024,996
2024-09-18 10:35:23.854,412.13875264118445,96
2024-09-18 10:35:23.909,412.1140016077187,105
2024-09-18 10:35:23.967,412.13761213040925,995
2024-09-18 10:35:23.971,412.1170723726786,1005
2024-09-18 10:35:24.005,412.14620120345927,1001
2024-09-18 10:35:24.020,412.075574143809,6
2024-09-18 10:35:24.021,412.0654644985368,103
2024-09-18 10:35:24.055,412.1125382061071,1003
2024-09-18 10:35:24.073,412.1391390662586,1003
2024-09-18 10:35:24.124,412.0855796244246,103
2024-09-18 10:35:24.138,412.15138888220775,100
2024-09-18 10:35:24.182,412.1024610420324,11
2024-09-18 10:35:24.211,412.1533524742813,10
2024-09-18 10:35:24.212,412.1488223434493,995
2024-09-18 10:35:24.216,412.1001012143527,99
2024-09-18 10:35:24.226,412.1205753013482,99
2024-09-18 10:35:24.238,412.12751680556886,1001
2024-09-18 10:35:24.248,412.0583593613045,95
2024-09-18 10:35:24.256,412.1253128710205,103
2024-09-18 10:35:24.305,412.08657004167793,5
2024-09-18 10:35:24.337,412.0802334282384,14
2024-09-18 10:35:24.369,412.0533499876744,103
2024-09-18 10:35:24.386,412.1249541268503,97
2024-09-18 10:35:24.513,412.0784469062767,1003
2024-09-18 10:35:24.615,412.1001693157281,5
2024-09-18 10:35:24.691,412.0956080126068,6
2024-09-18 10:35:24.695,412.1553327705684,996
2024-09-18 10:35:24.751,412.06808452310656,100
2024-09-18 10:35:24.755,412.1074761145002,1001
2024-09-18 10:35:24.848,412.129894657237,100
2024-09-18 10:35:24.898,412.1257781739537,6
2024-09-18 10:35:24.902,412.1161040204851,995
2024-09-18 10:35:24.928,412.1223777548493,100
2024-09-18 10:35:24.955,412.127426143848,1001
2024-09-18 10:35:25.045,-412.0977893419805,100
2024-09-18 10:35:25.264,412.0886769515077,104
2024-09-18 10:35:25.495,412.1006712625624,95
2024-09-18 10:35:25.828,412.0848828265288,7
2024-09-18 10:35:26.063,412.0973213724567,999
2024-09-18 10:35:26.158,412.0714138268996,104
2024-09-18 10:35:26.175,41.21102505318553,1005
2024-09-18 10:35:26.190,412.1021591416852,102
2024-09-18 10:35:26.228,412.102780789336,100
2024-09-18 10:35:26.315,412.0974307569373,5
2024-09-18 10:35:26.319,412.1129764347264,101
2024-09-18 10:35:26.399,412.09077611628425,1001
2024-09-18 10:35:26.533,412.1122816817527,1001
2024-09-18 10:35:26.611,412.105576465901,6
2024-09-18 10:35:26.675,412.0873254700986,1005
2024-09-18 10:35:26.730,412.11491555867485,1004
2024-09-18 10:35:26.745,412.0759505403991,1001
2024-09-18 10:35:26.761,412.1036129576688,1001
2024-09-18 10:35:26.779,412.08080713374295,997
2024-09-18 10:35:26.894,412.0983409171691,8
2024-09-18 10:35:26.930,412.0975091117395,102
2024-09-18 10:35:26.945,412.0970842096678,95
2024-09-18 10:35:26.957,412.1152323718386,96
2024-09-18 10:35:26.964,412.0987364789031,10
2024-09-18 10:35:27.069,412.0499003404804,13
2024-09-18 10:35:27.119,412.0638759379708,95
2024-09-18 10:35:27.453,412.0684352665135,10
2024-09-18 10:35:27.571,412.0702303754644,102
2024-09-18 10:35:27.690,412.05464378443554,11
2024-09-18 10:35:27.955,412.0524462524168,101
2024-09-18 10:35:28.180,412.0583113483972,1000
2024-09-18 10:35:28.769,412.0510932036789,102
2024-09-18 10:35:28.925,412.0499735004579,96
2024-09-18 10:35:28.946,412.06026522788807,100
2024-09-18 10:35:29.089,412.0125965621412,1004
2024-09-18 10:35:29.126,412.04380550002384,102
2024-09-18 10:35:29.132,411.9996126461407,999
2024-09-18 10:35:29.145,411.99479728486426,5
2024-09-18 10:35:29.156,412.00514646443145,999
2024-09-18 10:35:29.190,412.0167613267882,14
2024-09-18 10:35:29.205,412.04120452502303,10
2024-09-18 10:35:29.303,412.01389714857777,95
2024-09-18 10:35:29.332,412.0256077378239,1002
2024-09-18 10:35:29.374,411.994487856617,12
2024-09-18 10:35:29.489,412.01905110445057,100
2024-09-18 10:35:29.573,411.99636990578927,104
2024-09-18 10:35:29.609,412.0141991191082,1002
2024-09-18 10:35:29.637,412.0339807742018,102
2024-09-18 10:35:29.665,412.0134184832581,997
2024-09-18 10:35:29.710,412.0007529249901,1000
2024-09-18 10:35:29.732,412.0293680479199,9
2024-09-18 10:35:29.771,412.02663316807946,1002
2024-09-18 10:35:29.891,412.0021767144293,1004
2024-09-18 10:35:29.917,412.0324823355808,996
2024-09-18 10:35:29.949,411.9966488877555,104
2024-09-18 10:35:29.959,412.0367365243272,96
2024-09-18 10:35:30.031,411.9911491646455,99
2024-09-18 10:35:30.071,411.9123737330042,105
2024-09-18 10:35:30.118,411.969812610594,11
2024-09-18 10:35:30.124,411.9002838327543,12
2024-09-18 10:35:30.126,411.95905179872926,99
2024-09-18 10:35:30.239,411.9658736460928,11
2024-09-18 10:35:30.271,411.8939780804933,102
2024-09-18 10:35:30.271,411.8939402002915,6
2024-09-18 10:35:30.385,411.9198435084865,100
2024-09-18 10:35:30.405,411.9928986129893,10
2024-09-18 10:35:30.437,411.9525522802466,8
2024-09-18 10:35:30.446,411.95812675187096,1001
2024-09-18 10:35:30.465,411.9498228515503,1005
2024-09-18 10:35:30.525,411.97845509805217,6
2024-09-18 10:35:30.630,411.9379975365891,6
2024-09-18 10:35:30.698,411.9261373589122,1001
2024-09-18 10:35:30.798,411.9791514449624,12
2024-09-18 10:35:30.964,411.9639841773831,995
2024-09-18 10:35:31.044,411.9492335131052,99
2024-09-18 10:35:31.053,411.9969652896009,7
2024-09-18 10:35:31.073,411.93769367310654,98
2024-09-18 10:35:31.163,411.9205482645964,97
2024-09-18 10:35:31.214,411.9269507933352,102
2024-09-18 10:35:31.240,411.98919181256633,1005
2024-09-18 10:35:31.292,411.94777135927,7
2024-09-18 10:35:31.294,411.9414160384271,96
2024-09-18 10:35:31.304,411.9440967214285,99
2024-09-18 10:35:31.354,411.9683961977108,1003
2024-09-18 10:35:31.359,411.9324692317722,1001
2024-09-18 10:35:31.361,411.9939998271523,995
2024-09-18 10:35:31.384,411.9743021939175,6
2024-09-18 10:35:31.452,411.95544971903166,96
2024-09-18 10:35:31.463,412.0146881839504,9
2024-09-18 10:35:31.467,411.9000321307405,95
2024-09-18 10:35:31.543,411.93032587256096,996
2024-09-18 10:35:31.640,412.0129725412555,1000
2024-09-18 10:35:31.720,411.96735028432784,1003
2024-09-18 10:35:31.723,411.9703806697636,105
2024-09-18 10:35:31.741,411.9788893426995,1002
2024-09-18 10:35:31.743,411.8987689584046,8
2024-09-18 10:35:31.831,411.9633855123433,998
2024-09-18 10:35:31.914,411.9534221529695,9
2024-09-18 10:35:32.036,411.9577336134548,104
2024-09-18 10:35:32.112,411.969988945488,104
2024-09-18 10:35:32.161,411.9036199539418,103
2024-09-18 10:35:32.241,411.9839721385253,1003
2024-09-18 10:35:32.408,411.9283379301543,9
2024-09-18 10:35:32.494,411.9044304332237,998
2024-09-18 10:35:32.498,411.9683400663634,101
2024-09-18 10:35:32.588,411.9593469724928,8
2024-09-18 10:35:32.594,411.9635408743715,5
2024-09-18 10:35:32.632,-411.95661696362185,995
2024-09-18 10:35:32.651,411.98538559238347,999
2024-09-18 10:35:32.674,411.9824112210832,98
2024-09-18 10:35:32.700,411.9348724023879,14
2024-09-18 10:35:32.802,411.9414215314628,8
2024-09-18 10:35:32.943,,12
2024-09-18 10:35:33.002,411.80158741330064,5
2024-09-18 10:35:33.113,411.8749831869583,100
2024-09-18 10:35:33.116,411.8833405599015,97
2024-09-18 10:35:33.118,411.8355932098658,1004
2024-09-18 10:35:33.153,411.81685991071873,102
2024-09-18 10:35:33.172,411.8488981986417,7
2024-09-18 10:35:33.203,411.8747825160207,15
2024-09-18 10:35:33.332,411.8625363600858,10
2024-09-18 10:35:33.345,411.8375510423687,7
2024-09-18 10:35:33.361,411.8738809556639,11
2024-09-18 10:35:33.417,411.85809653355767,97
2024-09-18 10:35:33.465,411.88274378947625,10
2024-09-18 10:35:33.635,411.8842622070969,12
2024-09-18 10:35:33.651,411.857949631507,5
2024-09-18 10:35:33.889,411.8800959200101,96
2024-09-18 10:35:33.894,411.8317441342873,103
2024-09-18 10:35:33.923,411.8410877765693,999
2024-09-18 10:35:33.924,411.7984540187179,996
2024-09-18 10:35:34.054,411.810398425999,97
2024-09-18 10:35:34.260,411.8152235481172,11
2024-09-18 10:35:34.456,411.8107217557189,6
2024-09-18 10:35:35.078,411.7779699555346,1004
2024-09-18 10:35:35.162,411.8167396678442,995
2024-09-18 10:35:35.232,411.7828401871004,999
2024-09-18 10:35:35.371,411.8098603445424,1000
2024-09-18 10:35:35.409,411.7957315048665,1001
2024-09-18 10:35:35.417,411.7837262142872,95
2024-09-18 10:35:35.421,411.7834544956247,97
2024-09-18 10:35:35.431,411.8576546634737,996
2024-09-18 10:35:35.482,411.7997827486858,97
2024-09-18 10:35:35.540,411.83115691426656,100
2024-09-18 10:35:35.630,411.7953384088893,1001
2024-09-18 10:35:35.683,411.7882633621962,99
2024-09-18 10:35:35.725,411.81117991835794,104
2024-09-18 10:35:35.726,411.7815539632,1005
2024-09-18 10:35:35.728,411.8477452446284,1004
2024-09-18 10:35:35.758,411.838866517908,998
2024-09-18 10:35:35.835,411.7896303847629,95
2024-09-18 10:35:35.859,411.8330088834392,96
2024-09-18 10:35:35.865,411.78566090726696,996
2024-09-18 10:35:35.865,411.8384355041432,97
2024-09-18 10:35:35.896,411.8555854477444,102
2024-09-18 10:35:36.021,411.9533335697751,104
2024-09-18 10:35:36.025,411.97756534043566,1004
2024-09-18 10:35:36.044,411.8818178071089,1000
2024-09-18 10:35:36.056,411.9401149387247,9
2024-09-18 10:35:36.075,411.9401981700487,13
2024-09-18 10:35:36.179,411.93823937962986,13
2024-09-18 10:35:36.237,411.8730064192823,996
2024-09-18 10:35:36.278,411.9121444718379,95
2024-09-18 10:35:36.316,411.9402143347576,1001
2024-09-18 10:35:36.325,411.96342325622976,12
2024-09-18 10:35:36.328,411.91547663255625,999
2024-09-18 10:35:36.330,411.9262659765225,11
2024-09-18 10:35:36.349,411.8804771720108,1002
2024-09-18 10:35:36.383,411.9326636310796,1003
2024-09-18 10:35:36.419,411.9222967088015,8
2024-09-18 10:35:36.460,411.9271059148333,12
2024-09-18 10:35:36.462,411.9367791630771,11
2024-09-18 10:35:36.499,411.9294727038245,97
2024-09-18 10:35:36.514,411.9238294913264,8
2024-09-18 10:35:36.685,411.9334280698465,999
2024-09-18 10:35:36.694,411.9236440194845,103
2024-09-18 10:35:36.767,411.87753445204015,1004
2024-09-18 10:35:36.822,411.94974528448665,997
2024-09-18 10:35:36.904,,104
2024-09-18 10:35:36.914,411.950897219523,104
2024-09-18 10:35:37.052,411.9150641247216,1003
2024-09-18 10:35:37.116,411.8826787177901,105
2024-09-18 10:35:37.222,411.8862479450773,97
2024-09-18 10:35:37.281,411.8802610349922,13
2024-09-18 10:35:37.281,411.8854856102154,7
2024-09-18 10:35:37.339,411.8904848374867,13
2024-09-18 10:35:37.343,411.8896741385071,100
2024-09-18 10:35:37.379,411.9107905081095,1002
2024-09-18 10:35:37.393,411.8876542842904,997
2024-09-18 10:35:37.434,411.909640795464,1003
2024-09-18 10:35:37.461,411.8958061585131,997
2024-09-18 10:35:37.489,411.8941934097347,1002
2024-09-18 10:35:37.523,411.9183087644327,101
2024-09-18 10:35:37.540,411.9284166842813,15
2024-09-18 10:35:37.551,411.9266235987312,15
2024-09-18 10:35:37.646,411.87810208536047,1000
2024-09-18 10:35:37.701,411.91667185445607,998
2024-09-18 10:35:37.760,411.90339953805073,15
2024-09-18 10:35:37.829,411.91723410226047,13
2024-09-18 10:35:37.864,411.8828064330201,1001
2024-09-18 10:35:37.911,411.9172104359116,9
2024-09-18 10:35:37.958,411.92406137085527,12
2024-09-18 10:35:37.990,411.8921140328902,997
2024-09-18 10:35:38.173,411.8817199717607,1005
2024-09-18 10:35:38.299,41.1890030808892,96
2024-09-18 10:35:38.440,411.9018416033439,103
2024-09-18 10:35:38.490,411.88625494066144,1004
2024-09-18 10:35:38.509,411.90686758107137,1003
2024-09-18 10:35:38.729,411.8944479805575,103
2024-09-18 10:35:39.074,411.8985121647182,103
2024-09-18 10:35:39.075,411.9358735398384,105
2024-09-18 10:35:39.122,411.94601528800433,10
2024-09-18 10:35:39.168,411.9350394668255,999
2024-09-18 10:35:39.221,411.92832190899776,1000
2024-09-18 10:35:39.317,411.9226287372905,998
2024-09-18 10:35:39.329,411.94149489337536,9
2024-09-18 10:35:39.342,411.93846168896863,10
2024-09-18 10:35:39.376,411.9104045261018,1000
2024-09-18 10:35:39.494,411.937245635645,1003
2024-09-18 10:35:39.515,411.9322133698443,8
2024-09-18 10:35:39.557,411.92523021982856,997
2024-09-18 10:35:39.623,411.9226558074151,1001
2024-09-18 10:35:39.676,411.9450062614978,997
2024-09-18 10:35:39.720,411.91403519159513,1003
2024-09-18 10:35:39.764,411.9187430800245,11
2024-09-18 10:35:39.778,411.9569307575961,999
2024-09-18 10:35:39.797,411.904872001028,1003
2024-09-18 10:35:39.813,411.9343368908161,997
2024-09-18 10:35:39.843,411.8977212148328,1000
2024-09-18 10:35:39.870,411.9208978562948,95
2024-09-18 10:35:39.873,411.9213193776436,996
2024-09-18 10:35:40.000,411.9459489015312,997
2024-09-18 10:35:40.038,411.9219625907255,1000
2024-09-18 10:35:40.041,411.9362424830372,9
2024-09-18 10:35:40.089,411.91737194210685,5
2024-09-18 10:35:40.098,411.88717924646426,98
2024-09-18 10:35:40.120,411.9310964314733,97
2024-09-18 10:35:40.140,411.828198696488,995
2024-09-18 10:35:40.227,411.8716438522768,1000
2024-09-18 10:35:40.267,411.870701627799,1001
2024-09-18 10:35:40.296,411.8351245780351,6
2024-09-18 10:35:40.400,411.9270893993608,103
2024-09-18 10:35:40.460,411.9358440264192,104
2024-09-18 10:35:40.583,411.8692797567644,996
2024-09-18 10:35:40.605,411.9389393466003,1003
2024-09-18 10:35:40.666,411.917963371437,995
2024-09-18 10:35:40.726,411.92173178514247,10
2024-09-18 10:35:40.748,411.8155434355032,1001
2024-09-18 10:35:40.879,411.89317082607073,10
2024-09-18 10:35:40.914,411.9143201797358,99
2024-09-18 10:35:40.928,411.9108424728333,1001
2024-09-18 10:35:40.958,411.8536948123074,102
2024-09-18 10:35:41.021,411.7951716855232,14
2024-09-18 10:35:41.381,411.7898401284205,10
2024-09-18 10:35:41.456,411.8206698026871,13
2024-09-18 10:35:41.496,411.7998503304792,14
2024-09-18 10:35:41.874,411.8082513660059,995
2024-09-18 10:35:42.076,411.81648223412174,1003
2024-09-18 10:35:42.121,411.8002105275532,104
2024-09-18 10:35:42.170,411.8064089108081,997
2024-09-18 10:35:42.235,411.82987930210896,6
2024-09-18 10:35:42.372,411.8030059869817,7
2024-09-18 10:35:42.491,411.82395487350055,101
2024-09-18 10:35:42.502,411.8112521343464,95
2024-09-18 10:35:42.590,411.7784632131891,997
2024-09-18 10:35:42.602,411.790033297657,100
2024-09-18 10:35:42.728,411.7953727027408,997
2024-09-18 10:35:42.767,411.8210976505113,999
2024-09-18 10:35:42.770,411.8150524834157,995
2024-09-18 10:35:42.823,411.8288465952968,13
2024-09-18 10:35:43.027,411.7559359748104,1001
2024-09-18 10:35:43.042,411.7442179013228,102
2024-09-18 10:35:43.084,411.7543702526903,104
2024-09-18 10:35:43.166,411.76764961078544,95
2024-09-18 10:35:43.240,411.75957102566514,97
2024-09-18 10:35:43.272,411.8264304147378,998
2024-09-18 10:35:43.276,411.78650038990406,105
2024-09-18 10:35:43.317,411.7694538507888,95
2024-09-18 10:35:43.351,411.765839191268,998
2024-09-18 10:35:43.403,411.8000402291898,997
2024-09-18 10:35:43.450,411.7650367170664,996
2024-09-18 10:35:43.553,411.7307020495648,105
2024-09-18 10:35:43.558,411.7745045007618,15
2024-09-18 10:35:43.767,411.7589720038984,99
2024-09-18 10:35:43.819,411.7831693797807,9
2024-09-18 10:35:43.837,411.7907890688828,104
2024-09-18 10:35:43.841,411.7748471119529,10
2024-09-18 10:35:43.884,411.7900630292331,99
2024-09-18 10:35:43.968,411.76070260878015,98
2024-09-18 10:35:43.982,411.77907161417966,97
2024-09-18 10:35:43.999,411.77118344078553,1001
2024-09-18 10:35:44.018,411.7964488678039,12
2024-09-18 10:35:44.034,411.7476725025113,102
2024-09-18 10:35:44.157,411.7379451482977,1002
2024-09-18 10:35:44.157,411.7749110312021,7
2024-09-18 10:35:44.162,411.7321140238662,995
2024-09-18 10:35:44.177,411.7633160813722,100
2024-09-18 10:35:44.197,411.7673229571321,995
2024-09-18 10:35:44.222,411.7818633513971,97
2024-09-18 10:35:44.271,411.7563180367985,14
2024-09-18 10:35:44.385,411.7327171151266,105
2024-09-18 10:35:44.398,411.7342094488324,99
2024-09-18 10:35:44.432,411.72440992944473,99
2024-09-18 10:35:44.440,411.7868989757628,103
2024-09-18 10:35:44.476,411.72675927260553,1003
2024-09-18 10:35:44.569,411.7302930649914,98
2024-09-18 10:35:44.918,411.7334263785455,10
2024-09-18 10:35:44.934,411.7883978224922,6
2024-09-18 10:35:44.992,411.715678792533,998
2024-09-18 10:35:45.004,411.7257645199651,997
2024-09-18 10:35:45.060,411.66079896974406,1002
2024-09-18 10:35:45.139,411.7331802928947,6
2024-09-18 10:35:45.144,411.6642972668415,1000
2024-09-18 10:35:45.177,411.7414867236326,99
2024-09-18 10:35:45.199,411.7077511321394,15
2024-09-18 10:35:45.199,411.7124794320538,9
2024-09-18 10:35:45.262,411.6428478685541,14
2024-09-18 10:35:45.264,411.7395466760184,1002
2024-09-18 10:35:45.265,411.6556804126658,1004
2024-09-18 10:35:45.305,411.7330590814489,998
2024-09-18 10:35:45.321,41.16595112240677,14
2024-09-18 10:35:45.360,411.6503773211171,999
2024-09-18 10:35:45.361,411.6776797874492,10
2024-09-18 10:35:45.365,,5
2024-09-18 10:35:45.464,411.6700677987615,1002
2024-09-18 10:35:45.530,411.6723622705516,995
2024-09-18 10:35:45.544,411.6389918338283,5
2024-09-18 10:35:45.591,411.6830835991264,102
2024-09-18 10:35:45.641,411.72119516469496,996
2024-09-18 10:35:45.770,411.6660639236248,10
2024-09-18 10:35:45.780,411.6889321462672,9
2024-09-18 10:35:45.785,411.66389234437673,1000
2024-09-18 10:35:45.815,411.6356560596992,8
2024-09-18 10:35:45.847,411.73678445893626,996
2024-09-18 10:35:45.870,411.6818726010169,8
2024-09-18 10:35:45.901,411.6839252543999,995
2024-09-18 10:35:45.934,411.6806581459639,7
2024-09-18 10:35:45.978,411.6566323516319,103
2024-09-18 10:35:46.021,411.6969482606139,6
2024-09-18 10:35:46.028,411.70167820914975,98
2024-09-18 10:35:46.222,411.7173876867498,1001
2024-09-18 10:35:46.263,411.6218001490184,5
2024-09-18 10:35:46.265,411.6894489804098,998
2024-09-18 10:35:46.277,411.67420152022345,100
2024-09-18 10:35:46.309,411.67047474253127,7
2024-09-18 10:35:46.314,411.6330074718689,104
2024-09-18 10:35:46.329,411.6957843863216,101
2024-09-18 10:35:46.339,411.67796329693147,103
2024-09-18 10:35:46.365,411.68576003775416,1000
2024-09-18 10:35:46.418,411.69500294325206,96
2024-09-18 10:35:46.420,411.634365394378,103
2024-09-18 10:35:46.458,411.675318736496,15
2024-09-18 10:35:46.518,411.7036539814135,9
2024-09-18 10:35:46.590,411.68622504830535,14
2024-09-18 10:35:46.630,411.6712743943681,5
2024-09-18 10:35:46.694,411.7353402666194,104
2024-09-18 10:35:46.748,411.6776779837341,1000
2024-09-18 10:35:46.801,411.701971359812,101
2024-09-18 10:35:46.863,411.658864688588,1002
2024-09-18 10:35:46.878,411.6182282747088,1003
2024-09-18 10:35:46.888,411.71054184986673,1002
2024-09-18 10:35:46.912,411.6513901111701,97
2024-09-18 10:35:46.921,411.6903792113372,101
2024-09-18 10:35:47.048,411.7830679609627,1004
2024-09-18 10:35:47.052,411.7545077301011,1000
2024-09-18 10:35:47.122,411.7619860333393,6
2024-09-18 10:35:47.161,411.7660684145673,5
2024-09-18 10:35:47.167,411.7648414739968,105
2024-09-18 10:35:47.206,411.753173680178,95
2024-09-18 10:35:47.231,411.7732434019409,98
2024-09-18 10:35:47.272,411.75998005916784,1004
2024-09-18 10:35:47.309,411.76828578697416,997
2024-09-18 10:35:47.332,411.7812990034159,1003
2024-09-18 10:35:47.342,411.8179055983328,102
2024-09-18 10:35:47.377,411.7590282995143,8
2024-09-18 10:35:47.383,411.81777331497307,99
2024-09-18 10:35:47.392,411.7923062219765,15
2024-09-18 10:35:47.417,411.7888348634196,8
2024-09-18 10:35:47.420,411.74172899454186,6
2024-09-18 10:35:47.477,411.79249847213526,96
2024-09-18 10:35:47.493,411.7803247497114,995
2024-09-18 10:35:47.494,411.7342578192042,1005
2024-09-18 10:35:47.610,411.74134773435264,96
2024-09-18 10:35:47.616,411.7402505467503,999
2024-09-18 10:35:47.642,411.7770417917868,10
2024-09-18 10:35:47.644,411.7385341999896,101
2024-09-18 10:35:47.684,411.7748534948821,11
2024-09-18 10:35:47.733,411.74986269751327,103
2024-09-18 10:35:47.765,411.7806544715641,13
2024-09-18 10:35:47.773,411.7604782607029,7
2024-09-18 10:35:47.783,411.7434339765921,1003
2024-09-18 10:35:47.836,411.7885610663095,14
2024-09-18 10:35:47.990,411.7889069923719,8
2024-09-18 10:35:48.047,411.8053306377726,1003
2024-09-18 10:35:48.058,411.77731842391125,10
2024-09-18 10:35:48.084,411.7540295296952,996
2024-09-18 10:35:48.096,411.7814840348213,995
2024-09-18 10:35:48.102,411.7916727684521,7
2024-09-18 10:35:48.142,411.7638160992382,14
2024-09-18 10:35:48.225,411.74567920064027,8
2024-09-18 10:35:48.260,411.75097024289136,98
2024-09-18 10:35:48.308,411.7726676672165,11
2024-09-18 10:35:48.329,411.7831170730585,12
2024-09-18 10:35:48.351,411.7641359332985,6
2024-09-18 10:35:48.497,411.7818921429712,1000
2024-09-18 10:35:48.604,411.77341688346337,98
2024-09-18 10:35:48.685,411.78990754264726,13
2024-09-18 10:35:48.711,411.74581917716273,99
2024-09-18 10:35:48.747,411.770872548862,1004
2024-09-18 10:35:48.850,411.7608601619676,1000
2024-09-18 10:35:48.946,411.7744878958151,10
2024-09-18 10:35:48.957,411.79322550482567,14
2024-09-18 10:35:49.028,411.74695364114586,7
2024-09-18 10:35:49.047,411.7125844055944,6
2024-09-18 10:35:49.104,411.7573153206004,98
2024-09-18 10:35:49.277,411.7200432188088,96
2024-09-18 10:35:49.327,411.7005326549992,104
2024-09-18 10:35:49.426,411.67628926228537,97
2024-09-18 10:35:49.605,411.74876087221287,996
2024-09-18 10:35:49.643,411.7216145999646,102
2024-09-18 10:35:49.715,411.7289394686693,997
2024-09-18 10:35:49.728,411.7468924190033,97
2024-09-18 10:35:50.021,411.6804616015899,8
2024-09-18 10:35:50.131,411.6700364517865,1000
2024-09-18 10:35:50.133,411.6936651676619,1002
2024-09-18 10:35:50.158,411.67567666175336,11
2024-09-18 10:35:50.217,411.6903923598777,102
2024-09-18 10:35:50.285,411.6738093476867,10
2024-09-18 10:35:50.310,411.6646292955751,103
2024-09-18 10:35:50.380,411.6796761503554,11
2024-09-18 10:35:50.388,411.6833770660704,103
2024-09-18 10:35:50.494,411.6750424462323,8
2024-09-18 10:35:50.523,411.6956537715416,1001
2024-09-18 10:35:50.561,411.6716126809003,10
2024-09-18 10:35:50.573,-411.6890702641577,97
2024-09-18 10:35:50.596,411.68019247992487,1004
2024-09-18 10:35:50.652,411.6795207806856,995
2024-09-18 10:35:50.787,411.6664451364255,97
2024-09-18 10:35:50.792,411.6748546091201,10
2024-09-18 10:35:50.803,411.67733765194777,13
2024-09-18 10:35:50.856,411.6731333284667,996
2024-09-18 10:35:50.871,411.6815413661279,7
2024-09-18 10:35:50.923,411.6733639942926,8
2024-09-18 10:35:51.023,411.59694822461313,13
2024-09-18 10:35:51.102,411.6614846976426,101
2024-09-18 10:35:51.115,411.5961442179537,1004
2024-09-18 10:35:51.135,411.65665552390186,8
2024-09-18 10:35:51.231,411.5989875111017,1000
2024-09-18 10:35:51.242,411.6123980146976,1001
2024-09-18 10:35:51.264,411.5999632910793,1003
2024-09-18 10:35:51.290,411.66360571465066,995
2024-09-18 10:35:51.325,411.6059442341322,5
2024-09-18 10:35:51.338,411.5966313337033,1003
2024-09-18 10:35:51.344,411.66012076646047,97
2024-09-18 10:35:51.354,411.6637526190773,10
2024-09-18 10:35:51.446,411.6120762865327,998
2024-09-18 10:35:51.489,411.58540190796646,999
2024-09-18 10:35:51.493,411.6097835631402,102
2024-09-18 10:35:51.495,411.6525205127769,12
2024-09-18 10:35:51.498,411.5989423568704,996
2024-09-18 10:35:51.514,411.66732052083415,997
2024-09-18 10:35:51.528,411.6713146895558,999
2024-09-18 10:35:51.580,411.62128620025294,9
2024-09-18 10:35:51.604,,997
2024-09-18 10:35:51.702,411.5947830612075,8
2024-09-18 10:35:51.712,411.6703866392812,7
2024-09-18 10:35:51.764,411.6147977505481,10
2024-09-18 10:35:51.843,411.5999310117052,95
2024-09-18 10:35:51.845,411.5926539594729,97
2024-09-18 10:35:51.855,411.5946679431295,100
2024-09-18 10:35:51.860,411.59560460996494,10
2024-09-18 10:35:52.061,411.57879653338966,995
2024-09-18 10:35:52.081,411.5953167747129,104
2024-09-18 10:35:52.169,411.6001299968804,1004
2024-09-18 10:35:52.436,411.6043180697944,6
2024-09-18 10:35:52.616,411.58218659986585,98
2024-09-18 10:35:53.490,411.566362245707,95
2024-09-18 10:35:53.945,411.5650164582917,11
2024-09-18 10:35:54.009,411.5718074430694,1005
2024-09-18 10:35:54.021,411.5704632050364,7
2024-09-18 10:35:54.122,411.5644056146409,12
2024-09-18 10:35:54.269,411.5595709049677,100
2024-09-18 10:35:54.315,411.5581027156904,95
2024-09-18 10:35:54.333,411.548678224716,997
2024-09-18 10:35:54.355,411.57692678407926,102
2024-09-18 10:35:54.417,411.5667293680328,95
2024-09-18 10:35:54.617,411.571839247381,1000
2024-09-18 10:35:54.629,411.54284376100026,7
2024-09-18 10:35:54.639,411.5915085761642,98
2024-09-18 10:35:54.676,411.5712867809449,14
2024-09-18 10:35:54.685,411.5558901577316,103
2024-09-18 10:35:54.789,411.5849601859725,12
2024-09-18 10:35:54.850,411.5665680431428,14
2024-09-18 10:35:54.920,411.5461851567581,102
2024-09-18 10:35:54.945,411.5760405375989,5
2024-09-18 10:35:54.980,411.5671236350694,104
2024-09-18 10:35:55.027,411.5336720441565,96
2024-09-18 10:35:55.034,411.5475401467911,97
2024-09-18 10:35:55.055,411.5755028358916,997
2024-09-18 10:35:55.072,411.5296674278516,995
2024-09-18 10:35:55.078,411.5358614233244,102
2024-09-18 10:35:55.137,411.5431598586424,998
2024-09-18 10:35:55.186,411.5539083439253,6
2024-09-18 10:35:55.232,411.50773098272856,103
2024-09-18 10:35:55.308,411.5255334909075,8
2024-09-18 10:35:55.345,411.5052941252211,95
2024-09-18 10:35:55.582,411.5844437616658,14
2024-09-18 10:35:55.611,411.6003407961282,995
2024-09-18 10:35:55.675,411.5205979029572,97
2024-09-18 10:35:55.705,411.5206476238408,99
2024-09-18 10:35:55.873,411.5348660384146,6
2024-09-18 10:35:55.918,411.5785380984947,7
2024-09-18 10:35:55.946,411.5417041280981,7
2024-09-18 10:35:55.949,411.5367281866225,15
2024-09-18 10:35:55.959,411.5364620319236,999
2024-09-18 10:35:55.960,411.5722100306739,95
2024-09-18 10:35:55.972,411.5364043946222,14
2024-09-18 10:35:56.110,411.5827586432149,1001
2024-09-18 10:35:56.116,411.5884182416722,15
2024-09-18 10:35:56.130,411.56730009112925,102
2024-09-18 10:35:56.162,411.55617433993535,10
2024-09-18 10:35:56.226,411.5998338203782,996
2024-09-18 10:35:56.244,411.5860193529811,13
2024-09-18 10:35:56.343,411.58206869142856,10
2024-09-18 10:35:56.440,411.57502630308335,7
2024-09-18 10:35:56.533,411.5730618838732,14
2024-09-18 10:35:56.559,411.58801370946,997
2024-09-18 10:35:56.565,411.5572358610673,1000
2024-09-18 10:35:56.646,411.58722939500007,12
2024-09-18 10:35:56.693,411.54857984465474,12
2024-09-18 10:35:56.762,411.5945309406348,995
2024-09-18 10:35:56.816,411.5837728096903,105
2024-09-18 10:35:56.903,411.5818287749512,100
2024-09-18 10:35:57.017,411.62287503418537,14
2024-09-18 10:35:57.069,411.5912598846021,998
2024-09-18 10:35:57.095,411.61079055807136,14
2024-09-18 10:35:57.300,411.60659331666704,1001
2024-09-18 10:35:57.302,411.6169413826891,10
2024-09-18 10:35:57.565,411.6284328708142,1001
2024-09-18 10:35:57.693,411.5903036253558,14
2024-09-18 10:35:57.697,411.6091228677752,996
2024-09-18 10:35:57.733,411.6144187455956,5
2024-09-18 10:35:57.837,411.60188275329614,995
2024-09-18 10:35:58.029,411.61982422596304,96
2024-09-18 10:35:58.111,411.61284447869485,9
2024-09-18 10:35:58.156,411.6100687429354,999
2024-09-18 10:35:58.223,411.60291924958943,96
2024-09-18 10:35:58.258,411.6289304772398,13
2024-09-18 10:35:58.291,411.6490611482212,1000
2024-09-18 10:35:58.427,411.6208108648351,1001
2024-09-18 10:35:58.522,411.6131229163588,100
2024-09-18 10:35:58.635,411.6137073857467,1000
2024-09-18 10:35:58.713,411.6055742876567,5
2024-09-18 10:35:58.730,411.6353392140017,5
2024-09-18 10:35:58.734,411.60673951990975,96
2024-09-18 10:35:58.811,411.6101695907712,1001
2024-09-18 10:35:58.961,411.6172326447838,103
2024-09-18 10:35:59.078,411.6705404117654,98
2024-09-18 10:35:59.380,411.6350110791128,105
2024-09-18 10:35:59.463,411.6723688109081,999
2024-09-18 10:35:59.550,411.6541155861538,999
2024-09-18 10:35:59.824,411.63500868516405,997
2024-09-18 10:35:59.828,411.649528452499,105
