Timestamp,Price,Size
2024-09-18 12:18:00.104,417.17227558947775,98
2024-09-18 12:18:00.125,417.1980862125747,5
2024-09-18 12:18:00.207,,1005
2024-09-18 12:18:00.226,417.1742865581156,97
2024-09-18 12:18:00.263,417.19130845939264,995
2024-09-18 12:18:00.383,417.2370469119497,98
2024-09-18 12:18:00.392,417.2274514198622,102
2024-09-18 12:18:00.406,417.18912253944,97
2024-09-18 12:18:00.449,417.2088260710577,14
2024-09-18 12:18:00.461,417.1830276669854,95
2024-09-18 12:18:00.471,417.2029015867894,9
2024-09-18 12:18:00.504,417.19097704719405,95
2024-09-18 12:18:00.509,,995
2024-09-18 12:18:00.522,417.1971153797285,102
2024-09-18 12:18:00.547,417.2185186772827,13
2024-09-18 12:18:00.615,417.1887355183986,96
2024-09-18 12:18:00.658,417.1566710440292,15
2024-09-18 12:18:00.698,417.1894148545237,15
2024-09-18 12:18:00.721,417.1824992934295,6
2024-09-18 12:18:00.734,417.1557953693208,7
2024-09-18 12:18:00.743,417.1570636223356,1005
2024-09-18 12:18:00.781,417.1877720523351,95
2024-09-18 12:18:00.920,417.1762497809515,7
2024-09-18 12:18:00.929,417.1438147532792,11
2024-09-18 12:18:00.947,417.153130202003,1002
2024-09-18 12:18:00.963,417.1823562571846,998
2024-09-18 12:18:01.000,417.1512549783244,8
2024-09-18 12:18:01.121,417.184910969994,100
2024-09-18 12:18:01.143,417.1956477944951,996
2024-09-18 12:18:01.173,417.1677452849988,99
2024-09-18 12:18:01.257,417.1839652315009,11
2024-09-18 12:18:01.335,417.1984456534647,102
2024-09-18 12:18:01.354,417.1841535129731,97
2024-09-18 12:18:01.387,417.1719609721922,97
2024-09-18 12:18:01.428,417.178739606305,1000
2024-09-18 12:18:01.463,417.1752134868319,995
2024-09-18 12:18:01.489,417.1565908802874,100
2024-09-18 12:18:01.526,417.20920997108334,12
2024-09-18 12:18:01.527,417.1650301036679,998
2024-09-18 12:18:01.531,417.1969025567469,7
2024-09-18 12:18:01.557,417.18319140957976,97
2024-09-18 12:18:01.671,417.1848623337154,102
2024-09-18 12:18:01.689,417.2168650848896,97
2024-09-18 12:18:01.695,417.1726490181595,1000
2024-09-18 12:18:01.717,417.1817951928135,1004
2024-09-18 12:18:01.750,417.1723302834234,98
2024-09-18 12:18:01.750,417.1458005147768,102
2024-09-18 12:18:01.849,417.1623739925423,10
2024-09-18 12:18:01.869,417.1824876564791,5
2024-09-18 12:18:01.888,417.1820014541747,1001
2024-09-18 12:18:01.898,417.1744374570949,7
2024-09-18 12:18:01.918,417.1700950292252,101
2024-09-18 12:18:01.949,417.188365557105,13
2024-09-18 12:18:02.006,417.12962905339697,15
2024-09-18 12:18:02.020,417.1220806467812,996
2024-09-18 12:18:02.029,417.1442059294321,96
2024-09-18 12:18:02.057,417.11466857111566,103
2024-09-18 12:18:02.070,417.1176967815703,12
2024-09-18 12:18:02.085,417.1275360546633,97
2024-09-18 12:18:02.111,417.0873385591079,103
2024-09-18 12:18:02.125,417.1279029593192,6
2024-09-18 12:18:02.176,417.11064798089166,1004
2024-09-18 12:18:02.194,417.1065714658745,13
2024-09-18 12:18:02.222,417.1119611540095,6
2024-09-18 12:18:02.273,417.1379527285103,998
2024-09-18 12:18:02.315,417.1254577083683,11
2024-09-18 12:18:02.350,417.10659949800674,1000
2024-09-18 12:18:02.357,417.1005951280259,105
2024-09-18 12:18:02.380,417.1107908834379,6
2024-09-18 12:18:02.450,417.0998597975873,1004
2024-09-18 12:18:02.463,417.1299750429664,102
2024-09-18 12:18:02.468,417.1249507173692,10
2024-09-18 12:18:02.551,417.1025555482445,101
2024-09-18 12:18:02.608,417.132815140968,9
2024-09-18 12:18:02.614,417.1103486436626,9
2024-09-18 12:18:02.639,417.14013522048623,95
2024-09-18 12:18:02.668,417.1215596057168,1004
2024-09-18 12:18:02.741,417.10361062973385,10
2024-09-18 12:18:02.887,417.1147564241586,104
2024-09-18 12:18:02.900,417.108701700288,104
2024-09-18 12:18:02.942,-417.1360043614716,99
2024-09-18 12:18:02.945,417.1026326467762,15
2024-09-18 12:18:02.955,417.1097261468439,1001
2024-09-18 12:18:03.047,417.1524797961444,98
2024-09-18 12:18:03.068,417.1373882458413,1001
2024-09-18 12:18:03.147,417.0807832553301,101
2024-09-18 12:18:03.169,417.1947114644892,103
2024-09-18 12:18:03.234,417.0876667270833,1002
2024-09-18 12:18:03.254,417.1957437279904,1001
2024-09-18 12:18:03.273,417.1177470336215,100
2024-09-18 12:18:03.282,417.1349436452794,95
2024-09-18 12:18:03.367,417.2090571574177,102
2024-09-18 12:18:03.473,417.0913154418282,103
2024-09-18 12:18:03.533,417.1747385126512,95
2024-09-18 12:18:03.568,417.0823798832666,12
2024-09-18 12:18:03.595,417.1050664689018,95
2024-09-18 12:18:03.614,417.0696585495998,1000
2024-09-18 12:18:03.619,417.1800733263608,15
2024-09-18 12:18:03.629,417.0838063382273,996
2024-09-18 12:18:03.704,417.1911922049298,1001
2024-09-18 12:18:03.762,417.1579629603777,1004
2024-09-18 12:18:03.810,417.10279024770887,14
2024-09-18 12:18:04.397,417.239426303353,997
2024-09-18 12:18:04.645,417.23670043107256,995
2024-09-18 12:18:04.986,417.25318271751433,103
2024-09-18 12:18:05.026,417.2117876612538,6
2024-09-18 12:18:05.045,41.72635340805234,105
2024-09-18 12:18:05.097,417.2138530326345,98
2024-09-18 12:18:05.164,417.1992648469084,999
2024-09-18 12:18:05.181,417.2306059971789,997
2024-09-18 12:18:05.241,417.25041241349953,9
2024-09-18 12:18:05.253,417.2050066076928,100
2024-09-18 12:18:05.255,417.2276087800808,1000
2024-09-18 12:18:05.284,417.2323131408251,7
2024-09-18 12:18:05.300,417.2456845011096,10
2024-09-18 12:18:05.306,417.2460505037332,7
2024-09-18 12:18:05.339,417.2351823376684,98
2024-09-18 12:18:05.372,417.2593353426241,10
2024-09-18 12:18:05.430,417.2063829571704,1005
2024-09-18 12:18:05.480,417.2297103201109,97
2024-09-18 12:18:05.513,417.23961140097225,1001
2024-09-18 12:18:05.517,417.23553482311365,997
2024-09-18 12:18:05.582,417.2788866351822,996
2024-09-18 12:18:05.594,417.3166113219826,15
2024-09-18 12:18:05.758,417.23996049989967,998
2024-09-18 12:18:05.776,417.3233124540062,11
2024-09-18 12:18:05.789,417.2432612016928,1001
2024-09-18 12:18:05.797,417.2622742293054,5
2024-09-18 12:18:05.816,417.2357819768828,98
2024-09-18 12:18:05.841,417.2032680959773,100
2024-09-18 12:18:05.844,417.286380683479,96
2024-09-18 12:18:05.894,417.2057564440401,12
2024-09-18 12:18:05.996,417.2105143637716,102
2024-09-18 12:18:06.039,417.2944605442301,998
2024-09-18 12:18:06.040,417.1319177248482,6
2024-09-18 12:18:06.042,417.1616655083621,10
2024-09-18 12:18:06.069,417.2754120012941,995
2024-09-18 12:18:06.075,417.1186696303736,97
2024-09-18 12:18:06.085,417.1832487866386,104
2024-09-18 12:18:06.107,417.1516110434328,102
2024-09-18 12:18:06.111,417.2651971741838,96
2024-09-18 12:18:06.150,417.1725967257672,99
2024-09-18 12:18:06.207,417.2446941729608,12
2024-09-18 12:18:06.229,417.28732812482,100
2024-09-18 12:18:06.236,417.2337461819898,997
2024-09-18 12:18:06.237,417.29044388866447,103
2024-09-18 12:18:06.273,417.27020417903776,1003
2024-09-18 12:18:06.320,417.28275722441015,1005
2024-09-18 12:18:06.331,417.1371123456116,999
2024-09-18 12:18:06.353,417.2965609977074,1001
2024-09-18 12:18:06.396,417.3204857445916,7
2024-09-18 12:18:06.465,417.2283659337853,95
2024-09-18 12:18:06.478,41.719279138606765,1002
2024-09-18 12:18:06.526,417.26228036570006,995
2024-09-18 12:18:06.638,417.1470296125486,104
2024-09-18 12:18:06.674,417.14360600357,998
2024-09-18 12:18:06.760,417.2926033374177,11
2024-09-18 12:18:06.785,417.1280541884928,1005
2024-09-18 12:18:06.803,417.1736881312133,1005
2024-09-18 12:18:06.873,417.20723296396704,997
2024-09-18 12:18:06.926,417.2813346018988,105
2024-09-18 12:18:06.986,417.2531687044672,97
2024-09-18 12:18:07.003,417.1580084039826,100
2024-09-18 12:18:07.267,417.1526389557633,998
2024-09-18 12:18:07.277,417.1184257267397,996
2024-09-18 12:18:07.312,417.1384290977162,11
2024-09-18 12:18:07.534,417.1405121965588,8
2024-09-18 12:18:07.566,417.13765848019415,10
2024-09-18 12:18:07.620,417.1306903326881,999
2024-09-18 12:18:07.860,417.1309315148117,13
2024-09-18 12:18:07.877,417.1133629450714,996
2024-09-18 12:18:07.933,417.1453214738357,5
2024-09-18 12:18:07.973,417.1428567884423,104
2024-09-18 12:18:08.121,417.1040865004682,104
2024-09-18 12:18:08.743,417.1011414740692,1003
2024-09-18 12:18:08.898,417.0897575623978,97
2024-09-18 12:18:09.340,417.0919138355285,95
2024-09-18 12:18:10.017,417.1438946577587,1002
2024-09-18 12:18:10.237,417.1354465856402,1000
2024-09-18 12:18:10.377,417.1283105020336,998
2024-09-18 12:18:10.388,417.11535482597617,7
2024-09-18 12:18:10.443,417.1164180664545,96
2024-09-18 12:18:10.611,417.1592438195147,1002
2024-09-18 12:18:10.799,417.110087987777,5
2024-09-18 12:18:10.846,417.09798045818144,7
2024-09-18 12:18:10.858,417.1192817598954,7
2024-09-18 12:18:10.910,417.12137209072125,1002
2024-09-18 12:18:10.948,417.1803947801109,1002
2024-09-18 12:18:11.046,417.18736079769855,98
2024-09-18 12:18:11.123,417.1761650533368,99
2024-09-18 12:18:11.164,417.1746517922914,999
2024-09-18 12:18:11.201,417.1786140149461,1005
2024-09-18 12:18:11.315,417.1720893764678,12
2024-09-18 12:18:11.427,417.1696539392678,15
2024-09-18 12:18:11.499,417.1726563843131,6
2024-09-18 12:18:11.616,417.1691836658195,104
2024-09-18 12:18:11.721,417.171521687676,104
2024-09-18 12:18:11.749,417.1631241272339,6
2024-09-18 12:18:11.864,417.163501256499,9
2024-09-18 12:18:11.988,417.1671726413859,996
2024-09-18 12:18:12.031,417.19465818814575,9
2024-09-18 12:18:12.049,417.18937086003785,998
2024-09-18 12:18:12.096,417.19353747958746,14
2024-09-18 12:18:12.097,417.1649517177691,1001
2024-09-18 12:18:12.171,417.1840720937542,95
2024-09-18 12:18:12.177,417.1846277432727,1002
2024-09-18 12:18:12.213,417.1824627028628,105
2024-09-18 12:18:12.245,417.15985853697634,1005
2024-09-18 12:18:12.255,417.1632987215357,1004
2024-09-18 12:18:12.266,417.1721127808951,11
2024-09-18 12:18:12.304,417.1773464646951,95
2024-09-18 12:18:12.308,417.1655868302192,9
2024-09-18 12:18:12.426,417.18563732982216,12
2024-09-18 12:18:12.477,417.1674341407794,14
2024-09-18 12:18:12.483,417.1722810076676,14
2024-09-18 12:18:12.549,41.71833145888687,99
2024-09-18 12:18:12.653,417.18538315965657,995
2024-09-18 12:18:12.687,417.18395823901847,1001
2024-09-18 12:18:12.709,41.71627694718899,12
2024-09-18 12:18:12.719,417.1783380587035,102
2024-09-18 12:18:12.762,417.1741457371562,98
2024-09-18 12:18:12.882,417.1614331316874,1003
2024-09-18 12:18:12.958,417.16691892509584,96
2024-09-18 12:18:12.977,417.1661148622612,998
2024-09-18 12:18:13.017,417.17505980037225,12
2024-09-18 12:18:13.032,,7
2024-09-18 12:18:13.063,417.16658480852135,96
2024-09-18 12:18:13.178,417.1870286422083,11
2024-09-18 12:18:13.239,417.2011865753861,995
2024-09-18 12:18:13.263,417.258455460449,997
2024-09-18 12:18:13.270,417.18401968401065,1003
2024-09-18 12:18:13.280,417.16933403248737,15
2024-09-18 12:18:13.294,417.1709695093887,97
2024-09-18 12:18:13.308,417.2337159761648,103
2024-09-18 12:18:13.312,417.17391564430574,9
2024-09-18 12:18:13.342,417.2550654286515,103
2024-09-18 12:18:13.348,417.2461947495661,102
2024-09-18 12:18:13.352,417.2162861501373,13
2024-09-18 12:18:13.390,,103
2024-09-18 12:18:13.463,417.2272996458383,98
2024-09-18 12:18:13.467,417.2500878425053,12
2024-09-18 12:18:13.470,417.2138664962608,1001
2024-09-18 12:18:13.548,417.16830761200026,104
2024-09-18 12:18:13.640,417.2549920940125,98
2024-09-18 12:18:13.651,417.2179052483927,1001
2024-09-18 12:18:13.721,417.1583592211736,6
2024-09-18 12:18:13.739,417.2573903142174,1002
2024-09-18 12:18:13.844,417.2462032505401,999
2024-09-18 12:18:13.862,417.229225515606,1003
2024-09-18 12:18:13.882,417.26504804317193,102
2024-09-18 12:18:13.956,417.2438551401648,1005
2024-09-18 12:18:13.970,417.1962976414272,998
2024-09-18 12:18:14.041,417.2476416772329,11
2024-09-18 12:18:14.120,417.26981990734055,96
2024-09-18 12:18:14.174,417.2525257092533,6
2024-09-18 12:18:14.271,417.2636105055061,6
2024-09-18 12:18:14.305,417.2672682612193,102
2024-09-18 12:18:14.323,417.2727184059523,101
2024-09-18 12:18:14.373,417.2483114595691,10
2024-09-18 12:18:14.420,417.2557139678858,101
2024-09-18 12:18:14.426,417.2595292703269,1002
2024-09-18 12:18:14.472,417.2386122937471,12
2024-09-18 12:18:14.551,417.2586838065562,996
2024-09-18 12:18:14.573,417.2286293053974,1002
2024-09-18 12:18:14.613,417.2657638071067,9
2024-09-18 12:18:14.753,417.2437935855684,5
2024-09-18 12:18:14.895,417.2494282412715,6
2024-09-18 12:18:15.004,417.25283552507824,14
2024-09-18 12:18:15.494,417.2343512291072,7
2024-09-18 12:18:15.498,-417.2606032053136,1000
2024-09-18 12:18:16.068,417.2337240917375,997
2024-09-18 12:18:16.106,417.2374250228765,101
2024-09-18 12:18:16.135,417.2891028587706,1004
2024-09-18 12:18:16.244,417.26529803738384,995
2024-09-18 12:18:16.256,417.2547201611651,995
2024-09-18 12:18:16.264,417.2242029008799,6
2024-09-18 12:18:16.295,417.30413400920855,1005
2024-09-18 12:18:16.322,417.2795589655573,1001
2024-09-18 12:18:16.332,417.3112166983183,998
2024-09-18 12:18:16.343,417.2832690214244,14
2024-09-18 12:18:16.389,417.3130984106842,95
2024-09-18 12:18:16.479,417.2832009925909,7
2024-09-18 12:18:16.575,417.2327925719918,99
2024-09-18 12:18:16.606,417.2455805932997,1005
2024-09-18 12:18:16.611,417.2607340414959,8
2024-09-18 12:18:16.653,417.3257776501279,14
2024-09-18 12:18:16.662,417.3017955068231,99
2024-09-18 12:18:16.692,417.3119603209563,11
2024-09-18 12:18:16.699,417.23130785715097,99
2024-09-18 12:18:16.766,417.2815429778037,15
2024-09-18 12:18:16.783,417.3063924305467,11
2024-09-18 12:18:16.840,417.3111633853266,1004
2024-09-18 12:18:16.857,417.2900958927966,8
2024-09-18 12:18:16.909,417.22805381101983,1002
2024-09-18 12:18:16.916,417.31656757011626,96
2024-09-18 12:18:16.959,417.237789066562,11
2024-09-18 12:18:16.989,417.2793664470312,11
2024-09-18 12:18:17.006,417.3117968489722,15
2024-09-18 12:18:17.477,417.3015726999647,10
2024-09-18 12:18:17.495,417.3121177314304,105
2024-09-18 12:18:17.507,417.31069239625833,996
2024-09-18 12:18:17.576,417.3217296613729,104
2024-09-18 12:18:17.577,417.2951856872364,8
2024-09-18 12:18:17.779,417.30546628209294,96
2024-09-18 12:18:18.118,417.29264547553146,1005
2024-09-18 12:18:18.180,417.2983962104262,1005
2024-09-18 12:18:18.463,417.2941104528888,100
2024-09-18 12:18:18.958,417.2853071555698,997
2024-09-18 12:18:19.006,417.2931858951731,101
2024-09-18 12:18:19.028,417.24739836295646,97
2024-09-18 12:18:19.103,417.2911780191574,995
2024-09-18 12:18:19.104,417.2939061875939,102
2024-09-18 12:18:19.108,417.2197141068541,98
2024-09-18 12:18:19.206,417.3004052825664,12
2024-09-18 12:18:19.254,417.24357251784863,8
2024-09-18 12:18:19.285,417.2853097134779,102
2024-09-18 12:18:19.287,417.2035051740005,999
2024-09-18 12:18:19.319,417.19874679252894,1001
2024-09-18 12:18:19.478,417.25313802533,99
2024-09-18 12:18:19.484,417.19521469931874,100
2024-09-18 12:18:19.491,417.2483273488879,9
2024-09-18 12:18:19.494,417.2627715443679,996
2024-09-18 12:18:19.510,417.2200807400368,1002
2024-09-18 12:18:19.540,417.192590322092,103
2024-09-18 12:18:19.567,417.21103871272976,13
2024-09-18 12:18:19.576,417.18639539906616,9
2024-09-18 12:18:19.580,417.1856271176118,1003
2024-09-18 12:18:19.650,417.2437469565016,998
2024-09-18 12:18:19.743,417.1745245465892,96
2024-09-18 12:18:19.778,417.2088176617799,999
2024-09-18 12:18:19.808,417.26236289137336,996
2024-09-18 12:18:19.840,417.2935060104864,5
2024-09-18 12:18:19.852,-417.215219699786,7
2024-09-18 12:18:19.901,417.2846742475184,995
2024-09-18 12:18:19.943,417.2591880901019,103
2024-09-18 12:18:19.943,417.2522342530519,1002
2024-09-18 12:18:19.989,417.2280891089204,98
2024-09-18 12:18:20.100,417.2784836014139,96
2024-09-18 12:18:20.238,417.3000990313534,1003
2024-09-18 12:18:20.247,417.2600526647195,95
2024-09-18 12:18:20.345,417.2876813066254,13
2024-09-18 12:18:20.509,417.2729396166487,15
2024-09-18 12:18:20.547,417.2803510210138,9
2024-09-18 12:18:20.778,417.222557938919,102
2024-09-18 12:18:20.797,417.25144919501327,9
2024-09-18 12:18:20.809,417.2228122270855,10
2024-09-18 12:18:20.810,417.2432559134302,998
2024-09-18 12:18:20.937,417.2789603910042,11
2024-09-18 12:18:20.969,417.2377710506991,5
2024-09-18 12:18:21.002,417.27069260688927,99
2024-09-18 12:18:21.151,417.3196552330093,9
2024-09-18 12:18:21.159,41.733724743586365,95
2024-09-18 12:18:21.368,417.3412591415816,11
2024-09-18 12:18:21.562,417.3029818160736,103
2024-09-18 12:18:21.622,417.2998083165376,1005
2024-09-18 12:18:21.635,417.346013953185,97
2024-09-18 12:18:21.745,417.338865105064,96
2024-09-18 12:18:21.783,417.3361101205245,1002
2024-09-18 12:18:21.788,417.3377086216519,14
2024-09-18 12:18:21.842,417.29584373238174,101
2024-09-18 12:18:21.904,417.3096114009134,996
2024-09-18 12:18:21.918,417.31733033004167,9
2024-09-18 12:18:21.955,417.34212807813344,104
2024-09-18 12:18:22.085,417.4161587628922,998
2024-09-18 12:18:22.117,417.4192703352751,95
2024-09-18 12:18:22.150,417.37847543251615,11
2024-09-18 12:18:22.154,417.39287947174137,12
2024-09-18 12:18:22.185,417.4034447325788,7
2024-09-18 12:18:22.247,417.390526011274,11
2024-09-18 12:18:22.344,417.4367782337081,7
2024-09-18 12:18:22.395,417.4033954993485,9
2024-09-18 12:18:22.403,417.4030558570774,10
2024-09-18 12:18:22.405,417.4108165272615,1001
2024-09-18 12:18:22.411,417.4293022823696,1000
2024-09-18 12:18:22.474,417.3747028408553,7
2024-09-18 12:18:22.517,417.4531280352818,5
2024-09-18 12:18:22.522,417.3843298977397,11
2024-09-18 12:18:22.550,417.3499311381804,5
2024-09-18 12:18:22.558,417.4116603464874,9
2024-09-18 12:18:22.584,417.4188119195287,997
2024-09-18 12:18:22.626,417.3882869747935,995
2024-09-18 12:18:22.706,417.38001068551296,1004
2024-09-18 12:18:22.725,417.3967307084421,1002
2024-09-18 12:18:22.754,417.3703511753178,5
2024-09-18 12:18:22.764,417.40980214368017,9
2024-09-18 12:18:22.799,417.4416321895004,1004
2024-09-18 12:18:22.860,417.3852834451332,102
2024-09-18 12:18:22.867,417.4036002322728,102
2024-09-18 12:18:22.875,417.3759080544027,996
2024-09-18 12:18:22.887,417.3844160606633,1005
2024-09-18 12:18:22.941,417.3601485370191,995
2024-09-18 12:18:22.982,417.4536487580019,100
2024-09-18 12:18:23.021,417.42679811061134,100
2024-09-18 12:18:23.154,417.4690618483796,999
2024-09-18 12:18:23.313,417.4238769122165,9
2024-09-18 12:18:23.517,417.4331108791412,1005
2024-09-18 12:18:23.561,417.43596516683726,1000
2024-09-18 12:18:23.681,417.4278005043315,105
2024-09-18 12:18:23.719,417.457562326867,98
2024-09-18 12:18:23.766,417.4385192140416,101
2024-09-18 12:18:23.815,417.471442634949,1005
2024-09-18 12:18:23.866,417.4487698800549,5
2024-09-18 12:18:24.042,,98
2024-09-18 12:18:24.203,,5
2024-09-18 12:18:24.335,417.3789872998048,102
2024-09-18 12:18:24.338,417.373221488078,105
2024-09-18 12:18:24.344,417.3662564808503,13
2024-09-18 12:18:24.416,417.3664285377432,103
2024-09-18 12:18:24.502,417.4091485386118,997
2024-09-18 12:18:24.597,417.4137137868432,15
2024-09-18 12:18:24.719,417.3934783391104,15
2024-09-18 12:18:25.097,417.3738298390496,102
2024-09-18 12:18:25.170,417.4004581117906,1005
2024-09-18 12:18:25.403,417.38574671564777,995
2024-09-18 12:18:25.459,417.4159011643339,996
2024-09-18 12:18:25.718,417.4362015806298,101
2024-09-18 12:18:25.749,417.4379453839078,996
2024-09-18 12:18:25.756,417.4063073311375,999
2024-09-18 12:18:25.960,417.43814172897055,101
2024-09-18 12:18:26.160,417.5169496790904,6
2024-09-18 12:18:26.173,417.4392781913468,96
2024-09-18 12:18:26.197,417.50427040025096,96
2024-09-18 12:18:26.211,417.4545785006257,100
2024-09-18 12:18:26.237,417.51591091492304,103
2024-09-18 12:18:26.256,417.4452482220665,7
2024-09-18 12:18:26.314,417.5259079436017,995
2024-09-18 12:18:26.382,417.4699043095598,997
2024-09-18 12:18:26.410,417.4581030811031,101
2024-09-18 12:18:26.422,417.5226656469559,6
2024-09-18 12:18:26.443,417.4824559185435,102
2024-09-18 12:18:26.454,417.4334089064111,99
2024-09-18 12:18:26.496,417.5170352463717,101
2024-09-18 12:18:26.604,417.4418055336672,15
2024-09-18 12:18:26.664,417.4868220581549,999
2024-09-18 12:18:26.736,417.519985974008,12
2024-09-18 12:18:26.771,417.4516627026649,999
2024-09-18 12:18:26.832,417.4541325299956,100
2024-09-18 12:18:26.844,417.4441792183598,995
2024-09-18 12:18:26.853,417.5218222051064,101
2024-09-18 12:18:26.966,417.50221984222935,95
2024-09-18 12:18:26.975,417.4603878236734,999
2024-09-18 12:18:26.984,417.4619559197935,1000
2024-09-18 12:18:27.008,417.5108059720866,101
2024-09-18 12:18:27.406,417.4582676287412,101
2024-09-18 12:18:27.499,417.4564304626364,1001
2024-09-18 12:18:27.924,417.4817575075165,98
2024-09-18 12:18:27.990,417.5008453117608,96
2024-09-18 12:18:28.068,417.4612530856392,1002
2024-09-18 12:18:28.072,417.4376128372379,100
2024-09-18 12:18:28.167,417.4445362002704,98
2024-09-18 12:18:28.179,417.4444441731311,99
2024-09-18 12:18:28.350,417.4466466422402,998
2024-09-18 12:18:28.350,417.4549010511421,998
2024-09-18 12:18:28.554,417.4790940199557,11
2024-09-18 12:18:28.600,417.48489587872456,99
2024-09-18 12:18:28.631,417.450908150216,105
2024-09-18 12:18:28.675,417.44659536641234,103
2024-09-18 12:18:28.743,417.4941886838615,995
2024-09-18 12:18:28.769,417.4830797696728,99
2024-09-18 12:18:28.808,417.47540322680464,996
2024-09-18 12:18:28.901,417.4607521734392,98
2024-09-18 12:18:28.976,417.4627865787679,101
2024-09-18 12:18:29.070,417.4501385683333,98
2024-09-18 12:18:29.097,417.4759825079618,999
2024-09-18 12:18:29.142,417.47025353731465,98
2024-09-18 12:18:29.222,417.46743561079353,97
2024-09-18 12:18:29.224,417.4472204583635,103
2024-09-18 12:18:29.278,417.4654697714904,6
2024-09-18 12:18:29.317,417.4447574960987,995
2024-09-18 12:18:29.341,417.4697100652981,99
2024-09-18 12:18:29.375,417.47071225509137,995
2024-09-18 12:18:29.389,417.4462430400077,1003
2024-09-18 12:18:29.402,417.4716281297781,12
2024-09-18 12:18:29.446,417.4631321693558,96
2024-09-18 12:18:29.454,417.4608058874374,999
2024-09-18 12:18:29.495,417.4452849745806,10
2024-09-18 12:18:29.623,417.45437815926346,995
2024-09-18 12:18:29.674,417.486615901078,103
2024-09-18 12:18:29.692,417.4595931999966,1004
2024-09-18 12:18:29.693,417.4392514693097,99
2024-09-18 12:18:29.764,417.4496744208208,100
2024-09-18 12:18:29.786,417.4608113665636,1002
2024-09-18 12:18:29.797,417.4693912938282,5
2024-09-18 12:18:29.800,417.4585543984761,5
2024-09-18 12:18:29.870,-417.4502275469262,102
2024-09-18 12:18:29.935,,995
2024-09-18 12:18:29.960,417.4613174466306,5
2024-09-18 12:18:29.962,417.4485036567647,1005
2024-09-18 12:18:29.968,417.4698038082534,7
2024-09-18 12:18:30.113,417.4391131411077,100
2024-09-18 12:18:30.129,417.5306554744433,14
2024-09-18 12:18:30.165,417.4899752792104,98
2024-09-18 12:18:30.168,417.50951593176086,10
2024-09-18 12:18:30.208,417.507285345846,15
2024-09-18 12:18:30.217,417.4959290486197,997
2024-09-18 12:18:30.246,417.5196485772167,1003
2024-09-18 12:18:30.294,417.5101822249741,8
2024-09-18 12:18:30.366,417.4808100830612,102
2024-09-18 12:18:30.479,417.5173246814954,99
2024-09-18 12:18:30.505,417.5116811881436,98
2024-09-18 12:18:30.514,417.5035989439062,104
2024-09-18 12:18:30.514,417.5145672356349,11
2024-09-18 12:18:30.550,417.4975055395289,95
2024-09-18 12:18:30.563,417.5113408467006,12
2024-09-18 12:18:30.689,417.5108968396518,97
2024-09-18 12:18:30.701,417.4635550282189,104
2024-09-18 12:18:30.709,417.49886911624094,97
2024-09-18 12:18:30.890,417.52612080468106,105
2024-09-18 12:18:30.902,417.4602449079072,13
2024-09-18 12:18:30.908,417.5188285910068,100
2024-09-18 12:18:30.928,417.51101981186,1000
2024-09-18 12:18:30.938,417.5261405281988,11
2024-09-18 12:18:30.968,417.5058475131704,100
2024-09-18 12:18:30.970,417.4963902179501,9
2024-09-18 12:18:31.005,417.2772762431064,7
2024-09-18 12:18:31.076,417.43209885718863,1000
2024-09-18 12:18:31.160,417.4011621297676,1000
2024-09-18 12:18:31.191,417.44467916435343,97
2024-09-18 12:18:31.241,417.4521552348355,9
2024-09-18 12:18:31.243,417.3137383394696,8
2024-09-18 12:18:31.244,417.3419458714388,105
2024-09-18 12:18:31.280,417.276063813424,997
2024-09-18 12:18:31.297,417.2732722862574,1000
2024-09-18 12:18:31.307,417.4199461331455,999
2024-09-18 12:18:31.388,417.4499918471752,104
2024-09-18 12:18:31.528,417.3210522945674,1003
2024-09-18 12:18:31.564,417.39146752520696,10
2024-09-18 12:18:31.653,417.3393253773089,98
2024-09-18 12:18:31.735,417.3089062087998,10
2024-09-18 12:18:31.840,417.3846970848318,7
2024-09-18 12:18:31.885,417.446973049428,12
2024-09-18 12:18:31.918,417.4288705163784,1003
2024-09-18 12:18:31.935,417.2620038108046,1004
2024-09-18 12:18:31.970,417.3687071513482,1005
2024-09-18 12:18:32.200,417.2805551328615,100
2024-09-18 12:18:32.439,417.28825455153685,1002
2024-09-18 12:18:32.443,417.2711786157703,996
2024-09-18 12:18:33.017,417.37404267632377,8
2024-09-18 12:18:33.087,417.3515865517528,1000
2024-09-18 12:18:33.098,417.3879808440162,96
2024-09-18 12:18:33.241,417.3903068182297,14
2024-09-18 12:18:33.297,417.3796216655273,95
2024-09-18 12:18:33.366,417.32319189182,97
2024-09-18 12:18:33.381,417.36617699331737,105
2024-09-18 12:18:33.388,417.3279534925076,96
2024-09-18 12:18:33.403,417.345742239234,100
2024-09-18 12:18:33.414,417.3920388933348,998
2024-09-18 12:18:33.438,417.3847724463869,95
2024-09-18 12:18:33.452,417.3342061636474,5
2024-09-18 12:18:33.456,417.343078194996,95
2024-09-18 12:18:33.505,417.340869690769,97
2024-09-18 12:18:33.529,417.3061592477282,102
2024-09-18 12:18:33.538,417.3832923393928,100
2024-09-18 12:18:33.604,417.34767791432654,101
2024-09-18 12:18:33.631,417.3411718667791,99
2024-09-18 12:18:33.677,417.3935803330443,999
2024-09-18 12:18:33.709,417.3485702374801,1003
2024-09-18 12:18:33.762,417.3988010489357,999
2024-09-18 12:18:33.924,417.34437179740536,14
2024-09-18 12:18:33.929,417.3836549834016,15
2024-09-18 12:18:33.958,-417.32232031586005,1004
2024-09-18 12:18:33.991,417.4038976092828,96
2024-09-18 12:18:34.018,417.3780412927055,96
2024-09-18 12:18:34.084,417.3966708952848,996
2024-09-18 12:18:34.285,417.34898998543866,99
2024-09-18 12:18:34.354,417.406036219749,14
2024-09-18 12:18:34.484,417.3777855799877,998
2024-09-18 12:18:34.596,417.3953604918669,996
2024-09-18 12:18:34.825,417.4068317529452,5
2024-09-18 12:18:34.903,417.38941947944016,995
2024-09-18 12:18:35.081,417.3157010559621,98
2024-09-18 12:18:35.451,417.2990275206593,97
2024-09-18 12:18:35.456,417.3150652124199,1000
2024-09-18 12:18:35.507,417.316258288614,96
2024-09-18 12:18:35.659,417.3052683555216,1005
2024-09-18 12:18:35.910,417.3022856520182,12
2024-09-18 12:18:35.935,417.3102958129827,10
2024-09-18 12:18:35.937,417.2950055417613,5
2024-09-18 12:18:35.955,417.3310584853193,104
2024-09-18 12:18:36.026,417.2894190551899,1001
2024-09-18 12:18:36.127,417.3251695419734,9
2024-09-18 12:18:36.200,417.3227021793844,95
2024-09-18 12:18:36.210,417.3263502170602,99
2024-09-18 12:18:36.217,417.31304964414784,102
2024-09-18 12:18:36.223,417.3041896879532,12
2024-09-18 12:18:36.277,417.31039433569066,8
2024-09-18 12:18:36.307,417.3190451447365,101
2024-09-18 12:18:36.315,417.3092868246943,1002
2024-09-18 12:18:36.325,417.3117358245886,999
2024-09-18 12:18:36.334,417.30306889730383,102
2024-09-18 12:18:36.384,417.2955193076572,1002
2024-09-18 12:18:36.389,417.3194420499905,13
2024-09-18 12:18:36.404,417.3167148147719,996
2024-09-18 12:18:36.430,417.3305324983559,1000
2024-09-18 12:18:36.498,417.3644884994567,6
2024-09-18 12:18:36.509,417.3368256115465,101
2024-09-18 12:18:36.530,417.3110340192813,11
2024-09-18 12:18:36.582,417.3236925354678,15
2024-09-18 12:18:36.687,417.3213918111203,998
2024-09-18 12:18:36.787,417.3505629982271,99
2024-09-18 12:18:36.840,417.3381653781363,5
2024-09-18 12:18:36.853,417.32498775602096,12
2024-09-18 12:18:36.858,417.3359425091084,999
2024-09-18 12:18:36.865,417.33697492945953,97
2024-09-18 12:18:36.890,417.31807420737226,13
2024-09-18 12:18:36.930,417.3379137550489,104
2024-09-18 12:18:36.932,417.3215674916373,1003
2024-09-18 12:18:36.976,417.3470365296311,15
2024-09-18 12:18:37.065,417.29256187985976,8
2024-09-18 12:18:37.283,417.2983040873806,997
2024-09-18 12:18:37.832,417.2878723288655,6
2024-09-18 12:18:37.833,417.3120128133586,97
2024-09-18 12:18:38.022,417.2946809707482,6
2024-09-18 12:18:38.101,417.33424903800136,95
2024-09-18 12:18:38.133,417.33189600408383,1001
2024-09-18 12:18:38.350,417.3192303255347,10
2024-09-18 12:18:38.517,417.2845655339517,1004
2024-09-18 12:18:38.631,417.31017324007416,7
2024-09-18 12:18:38.777,417.3231598363688,11
2024-09-18 12:18:38.853,417.3013208348029,6
2024-09-18 12:18:38.932,417.3218170514946,1003
2024-09-18 12:18:39.066,417.31154372354905,1003
2024-09-18 12:18:39.120,417.3102585295007,995
2024-09-18 12:18:39.148,417.2717993496604,96
2024-09-18 12:18:39.160,417.2936202493984,97
2024-09-18 12:18:39.193,417.33042419421486,1004
2024-09-18 12:18:39.201,417.27215375691145,998
2024-09-18 12:18:39.310,417.3053815387075,15
2024-09-18 12:18:39.347,417.2979729456045,1000
2024-09-18 12:18:39.362,417.3120414508365,104
2024-09-18 12:18:39.374,417.2499380263061,105
2024-09-18 12:18:39.415,417.30330773667686,5
2024-09-18 12:18:39.573,417.2975796451591,104
2024-09-18 12:18:39.627,417.2676544419266,7
2024-09-18 12:18:39.799,417.2546679715258,103
2024-09-18 12:18:39.914,417.2832814804672,998
2024-09-18 12:18:40.022,417.2272130760181,97
2024-09-18 12:18:40.105,417.2302580919355,14
2024-09-18 12:18:40.200,417.2524202487244,100
2024-09-18 12:18:40.231,417.16187841624856,1000
2024-09-18 12:18:40.267,417.15509388636497,15
2024-09-18 12:18:40.361,417.212665296403,103
2024-09-18 12:18:40.427,417.16257516491146,8
2024-09-18 12:18:40.443,417.17496039768935,6
2024-09-18 12:18:40.446,417.2250246960628,10
2024-09-18 12:18:40.468,417.1673303278165,101
2024-09-18 12:18:40.516,417.1739067689246,97
2024-09-18 12:18:40.543,417.15788388508986,999
2024-09-18 12:18:40.549,417.1668615281569,1002
2024-09-18 12:18:40.550,417.2043456459268,104
2024-09-18 12:18:40.555,417.2092733145845,99
2024-09-18 12:18:40.572,417.2254661265175,1004
2024-09-18 12:18:40.613,417.1829288750907,7
2024-09-18 12:18:40.616,417.2507718681495,13
2024-09-18 12:18:40.631,417.2555490707732,15
2024-09-18 12:18:40.683,417.24911182001455,97
2024-09-18 12:18:40.706,417.17574319110486,104
2024-09-18 12:18:40.723,417.2208328009291,12
2024-09-18 12:18:40.764,417.2322551650617,95
2024-09-18 12:18:40.866,417.1899685563182,11
2024-09-18 12:18:40.879,417.2511185380028,99
2024-09-18 12:18:40.882,417.1788689347599,104
2024-09-18 12:18:40.888,417.1949980973255,997
2024-09-18 12:18:40.945,417.23736353815934,12
2024-09-18 12:18:40.964,417.21128760094126,997
2024-09-18 12:18:40.990,417.1956094821754,1003
2024-09-18 12:18:41.024,417.2166240547269,1001
2024-09-18 12:18:41.026,417.1833441951148,104
2024-09-18 12:18:41.381,417.1725863994005,996
2024-09-18 12:18:41.652,417.1994163087412,8
2024-09-18 12:18:41.675,417.1774673637849,101
2024-09-18 12:18:41.690,417.1956922340327,95
2024-09-18 12:18:41.733,417.2008878920925,101
2024-09-18 12:18:41.743,417.1590470647343,12
2024-09-18 12:18:41.895,417.191564709914,997
2024-09-18 12:18:41.951,41.72052390518592,96
2024-09-18 12:18:42.107,417.2094688299282,12
2024-09-18 12:18:42.255,417.20250474071946,5
2024-09-18 12:18:42.344,417.19285371445466,99
2024-09-18 12:18:42.347,417.18011283701895,95
2024-09-18 12:18:42.552,417.1937021527996,997
2024-09-18 12:18:43.013,417.1651120871941,98
2024-09-18 12:18:43.050,417.1607541498815,103
2024-09-18 12:18:43.057,417.1598991005749,102
2024-09-18 12:18:43.103,417.1652715264689,999
2024-09-18 12:18:43.174,417.1313112677496,104
2024-09-18 12:18:43.203,417.1576822116066,15
2024-09-18 12:18:43.252,417.1365701681398,95
2024-09-18 12:18:43.268,417.1698883430103,100
2024-09-18 12:18:43.324,417.14542001214926,9
2024-09-18 12:18:43.338,417.17571465223466,995
2024-09-18 12:18:43.365,417.1500813975847,12
2024-09-18 12:18:43.393,417.1715459050858,1001
2024-09-18 12:18:43.449,417.1500384795545,95
2024-09-18 12:18:43.474,417.15907497223895,99
2024-09-18 12:18:43.554,417.156551598338,95
2024-09-18 12:18:43.565,417.0936019096614,105
2024-09-18 12:18:43.616,417.1718188322242,104
2024-09-18 12:18:43.661,,98
2024-09-18 12:18:43.676,417.1638356938704,11
2024-09-18 12:18:43.770,417.10395553240136,6
2024-09-18 12:18:43.796,417.17069883596935,99
2024-09-18 12:18:43.816,417.1203460922608,102
2024-09-18 12:18:43.840,417.12227582158806,13
2024-09-18 12:18:43.923,,8
2024-09-18 12:18:43.930,417.16260243585214,6
2024-09-18 12:18:43.935,417.1127508290653,103
2024-09-18 12:18:43.939,417.1630318176037,1002
2024-09-18 12:18:43.982,417.1085682368876,1001
2024-09-18 12:18:43.995,417.1457204272493,996
2024-09-18 12:18:44.288,417.0984335840091,95
2024-09-18 12:18:44.355,417.1144310173855,5
2024-09-18 12:18:44.499,417.1029723018853,10
2024-09-18 12:18:44.538,417.1131410386197,103
2024-09-18 12:18:44.746,417.0876860400701,104
2024-09-18 12:18:44.968,417.1210819514296,11
2024-09-18 12:18:45.039,417.06475374443465,96
2024-09-18 12:18:45.052,417.0465096371061,1002
2024-09-18 12:18:45.101,417.049777147418,100
2024-09-18 12:18:45.128,417.0766521836183,95
2024-09-18 12:18:45.232,417.0371984588046,1002
2024-09-18 12:18:45.412,417.0300603533437,999
2024-09-18 12:18:45.442,417.0627488596888,100
2024-09-18 12:18:45.476,417.04181670444666,999
2024-09-18 12:18:45.496,417.0507834310846,1000
2024-09-18 12:18:45.500,417.0331351514948,1003
2024-09-18 12:18:45.596,417.0401640804248,15
2024-09-18 12:18:45.601,417.0485832525184,97
2024-09-18 12:18:45.620,417.0845718907782,998
2024-09-18 12:18:45.718,417.0722039213206,998
2024-09-18 12:18:45.782,417.0442310924032,7
2024-09-18 12:18:45.813,417.01246623934514,101
2024-09-18 12:18:45.843,417.0400418795544,12
2024-09-18 12:18:45.861,417.0169166364077,1001
2024-09-18 12:18:45.863,417.0317522845145,103
2024-09-18 12:18:45.903,417.0239118413825,6
2024-09-18 12:18:45.911,417.0067578058133,1001
2024-09-18 12:18:45.940,417.0916800384081,12
2024-09-18 12:18:45.953,417.0218141780749,98
2024-09-18 12:18:45.967,417.04645912654496,103
2024-09-18 12:18:45.992,417.0361364140688,101
2024-09-18 12:18:45.995,417.02039886230943,95
2024-09-18 12:18:46.034,416.9870367539584,1005
2024-09-18 12:18:46.037,417.00255321960697,1000
2024-09-18 12:18:46.124,416.9964714536137,1001
2024-09-18 12:18:46.166,416.9947777367216,7
2024-09-18 12:18:46.195,417.0108732992841,12
2024-09-18 12:18:46.218,416.9911826493969,997
2024-09-18 12:18:46.283,417.0008237271196,1005
2024-09-18 12:18:46.468,416.9987257774184,103
2024-09-18 12:18:46.581,417.0035071030273,1005
2024-09-18 12:18:46.616,416.99755632353896,102
2024-09-18 12:18:46.900,416.9884742484992,6
2024-09-18 12:18:47.067,416.9660294099153,105
2024-09-18 12:18:47.128,417.0019436705397,6
2024-09-18 12:18:47.171,416.991981770214,102
2024-09-18 12:18:47.197,416.9874452315902,8
2024-09-18 12:18:47.220,416.9846754933205,105
2024-09-18 12:18:47.222,416.9841639293172,13
2024-09-18 12:18:47.305,416.9807666666607,10
2024-09-18 12:18:47.313,416.9942244432839,11
2024-09-18 12:18:47.340,416.9809644983293,1004
2024-09-18 12:18:47.428,416.9637352408289,8
2024-09-18 12:18:47.467,416.9547318172449,97
2024-09-18 12:18:47.657,416.9958779056221,1002
2024-09-18 12:18:47.664,416.9812106501694,99
2024-09-18 12:18:47.684,,1005
2024-09-18 12:18:47.709,416.96119477751006,7
2024-09-18 12:18:47.737,,1002
2024-09-18 12:18:47.752,416.946786031774,14
2024-09-18 12:18:47.779,417.0016925936816,103
2024-09-18 12:18:47.831,417.0050798290904,104
2024-09-18 12:18:47.832,416.9840854084019,6
2024-09-18 12:18:47.865,417.0036064488809,102
2024-09-18 12:18:47.889,416.9936576688356,14
2024-09-18 12:18:47.901,416.9772029003826,995
2024-09-18 12:18:47.924,417.0085779500754,101
2024-09-18 12:18:47.963,417.0117355630592,1001
2024-09-18 12:18:47.982,416.9515561720119,5
2024-09-18 12:18:48.007,416.89719818916615,995
2024-09-18 12:18:48.189,416.90767793711456,99
2024-09-18 12:18:48.513,416.8762585739906,9
2024-09-18 12:18:48.531,416.8676377596891,8
2024-09-18 12:18:48.584,416.900753429321,1004
2024-09-18 12:18:48.593,416.9259530672547,105
2024-09-18 12:18:48.693,416.8958939003211,101
2024-09-18 12:18:48.744,416.9002637988466,15
2024-09-18 12:18:48.855,416.8834488591031,999
2024-09-18 12:18:48.889,416.876197864464,999
2024-09-18 12:18:48.973,416.90650731917583,1005
2024-09-18 12:18:48.999,416.8937891454797,7
2024-09-18 12:18:49.048,416.9600638414144,96
2024-09-18 12:18:49.153,416.8665353118611,6
2024-09-18 12:18:49.165,416.9635747917647,9
2024-09-18 12:18:49.170,416.8890470007819,95
2024-09-18 12:18:49.170,416.9356418182892,105
2024-09-18 12:18:49.370,416.88851656015225,103
2024-09-18 12:18:49.463,-416.9544541910951,97
2024-09-18 12:18:49.467,416.9134956617773,5
2024-09-18 12:18:49.520,416.891095888181,1000
2024-09-18 12:18:49.557,416.8668830127037,95
2024-09-18 12:18:49.657,416.92896712255487,100
2024-09-18 12:18:49.701,416.9632128251424,6
2024-09-18 12:18:49.736,416.860517014725,101
2024-09-18 12:18:49.785,416.9555788172308,98
2024-09-18 12:18:49.859,416.8692319869424,14
2024-09-18 12:18:49.900,416.9530566278703,14
2024-09-18 12:18:50.205,416.9815410707971,98
2024-09-18 12:18:50.536,416.9949191414582,13
2024-09-18 12:18:50.552,416.9639034608972,105
2024-09-18 12:18:50.597,416.94948113964574,95
2024-09-18 12:18:50.686,417.012583155392,98
2024-09-18 12:18:50.707,417.0139609768357,5
2024-09-18 12:18:50.831,417.01594921605,1003
2024-09-18 12:18:50.976,416.96421648185554,99
2024-09-18 12:18:51.073,416.9982800045431,999
2024-09-18 12:18:51.092,416.9582127158594,103
2024-09-18 12:18:51.145,416.9728560572883,5
2024-09-18 12:18:51.185,416.99305401329264,99
2024-09-18 12:18:51.188,416.99583855916165,95
2024-09-18 12:18:51.192,416.9916784339092,105
2024-09-18 12:18:51.329,416.956869852293,104
2024-09-18 12:18:51.345,417.0053350061696,13
2024-09-18 12:18:51.357,416.99006410520985,12
2024-09-18 12:18:51.371,416.9598125242729,1005
2024-09-18 12:18:51.394,416.9745189423917,10
2024-09-18 12:18:51.403,416.9851937166381,95
2024-09-18 12:18:51.427,416.99690013501765,995
2024-09-18 12:18:51.452,416.9978683037384,97
2024-09-18 12:18:51.482,416.98534198072,12
2024-09-18 12:18:51.494,416.964476343397,996
2024-09-18 12:18:51.801,416.95017451308615,103
2024-09-18 12:18:51.803,416.9642435787187,6
2024-09-18 12:18:51.806,417.0161932615309,996
2024-09-18 12:18:51.811,416.9918104575944,9
2024-09-18 12:18:51.933,416.9588188688546,9
2024-09-18 12:18:51.943,416.96402090604016,999
2024-09-18 12:18:51.954,416.95392598039695,9
2024-09-18 12:18:51.962,416.9835090407624,7
2024-09-18 12:18:51.963,417.0058837028273,1005
2024-09-18 12:18:51.976,416.9628844966932,995
2024-09-18 12:18:51.996,416.9647985304598,1004
2024-09-18 12:18:52.090,416.96240777110006,5
2024-09-18 12:18:52.222,416.924697863436,1001
2024-09-18 12:18:52.383,416.9291105789138,1004
2024-09-18 12:18:52.552,416.9586316498669,98
2024-09-18 12:18:52.569,416.9255337274888,9
2024-09-18 12:18:52.582,416.9287067211056,8
2024-09-18 12:18:53.052,416.9158697297527,9
2024-09-18 12:18:53.074,416.959120335957,103
2024-09-18 12:18:53.085,416.9586992923698,11
2024-09-18 12:18:53.152,416.94181895737137,102
2024-09-18 12:18:53.179,-416.9621630764317,99
2024-09-18 12:18:53.305,416.910319234001,997
2024-09-18 12:18:53.312,416.9151645794454,13
2024-09-18 12:18:53.321,416.906941748856,14
2024-09-18 12:18:53.369,416.9169493784803,1005
2024-09-18 12:18:53.384,416.9307988543117,95
2024-09-18 12:18:53.423,416.964275618115,15
2024-09-18 12:18:53.428,416.93353685890895,997
2024-09-18 12:18:53.465,416.9389581781394,7
2024-09-18 12:18:53.498,416.9471324007697,1000
2024-09-18 12:18:53.518,416.9507879444861,104
2024-09-18 12:18:53.545,416.964653277119,104
2024-09-18 12:18:53.557,416.92847336392737,9
2024-09-18 12:18:53.658,416.9174431502467,7
2024-09-18 12:18:53.718,416.9447858349849,1004
2024-09-18 12:18:53.786,416.9224356020044,97
2024-09-18 12:18:53.797,416.9166487389517,10
2024-09-18 12:18:53.803,416.9733823983183,95
2024-09-18 12:18:53.824,-416.9286029570682,101
2024-09-18 12:18:53.901,416.9360402740381,98
2024-09-18 12:18:53.904,416.94407019413904,105
2024-09-18 12:18:53.918,416.9204718955298,8
2024-09-18 12:18:53.940,416.9364188680013,997
2024-09-18 12:18:54.096,416.9179892490365,1001
2024-09-18 12:18:54.205,416.9510223256698,10
2024-09-18 12:18:54.284,416.9508542779951,15
2024-09-18 12:18:54.296,-416.92037695367856,8
2024-09-18 12:18:54.298,416.9147140021741,96
2024-09-18 12:18:54.312,416.9594222027714,9
2024-09-18 12:18:54.407,416.9465134908424,5
2024-09-18 12:18:54.442,416.95159625653366,997
2024-09-18 12:18:54.477,416.9429422877736,10
2024-09-18 12:18:54.484,416.9565345208304,6
2024-09-18 12:18:54.498,416.9291500186756,1003
2024-09-18 12:18:54.499,416.9144206242698,1003
2024-09-18 12:18:54.559,416.94744389507866,95
2024-09-18 12:18:54.605,416.9177081310149,1001
2024-09-18 12:18:54.640,416.9339062162527,95
2024-09-18 12:18:54.650,416.9188543200663,101
2024-09-18 12:18:54.652,416.9271793051463,11
2024-09-18 12:18:54.727,416.9688884484806,7
2024-09-18 12:18:54.764,416.9439569106469,96
2024-09-18 12:18:54.771,416.93017547662936,99
2024-09-18 12:18:54.823,416.9490868625327,96
2024-09-18 12:18:54.831,416.9602758078032,11
2024-09-18 12:18:54.845,416.93717722559217,999
2024-09-18 12:18:54.853,416.9658508214381,101
2024-09-18 12:18:54.945,416.94134623446337,105
2024-09-18 12:18:55.023,416.9717968539061,7
2024-09-18 12:18:55.191,416.99076873030737,999
2024-09-18 12:18:55.278,416.95895220317584,104
2024-09-18 12:18:55.292,416.9675252953919,102
2024-09-18 12:18:55.341,416.9488704790927,1003
2024-09-18 12:18:55.348,416.94189061252456,105
2024-09-18 12:18:55.396,416.99059327965193,95
2024-09-18 12:18:55.396,416.9511995443153,1002
2024-09-18 12:18:55.515,416.9745235794073,14
2024-09-18 12:18:55.566,416.92585085325135,997
2024-09-18 12:18:55.711,416.964866310248,13
2024-09-18 12:18:55.816,416.9392525319756,103
2024-09-18 12:18:55.874,416.96112159246434,105
2024-09-18 12:18:55.937,-416.9595711268934,998
2024-09-18 12:18:55.943,416.971421121056,7
2024-09-18 12:18:56.006,416.95304114724,996
2024-09-18 12:18:56.057,416.95218434879087,13
2024-09-18 12:18:56.101,416.9528196688812,10
2024-09-18 12:18:56.108,416.9224262737751,998
2024-09-18 12:18:56.196,416.9661933503667,104
2024-09-18 12:18:56.242,416.9549192787942,101
2024-09-18 12:18:56.289,416.9458665182465,13
2024-09-18 12:18:56.301,416.94213198748025,7
2024-09-18 12:18:56.309,416.94179836507016,1003
2024-09-18 12:18:56.377,416.9125746552857,103
2024-09-18 12:18:56.380,416.9363883190121,105
2024-09-18 12:18:56.452,416.898330116987,10
2024-09-18 12:18:56.481,416.9602443259304,10
2024-09-18 12:18:56.570,416.9216370605701,998
2024-09-18 12:18:56.584,416.9684078053047,999
2024-09-18 12:18:56.618,416.9360835016183,1001
2024-09-18 12:18:56.642,416.9474224879578,98
2024-09-18 12:18:56.680,416.9788292958543,100
2024-09-18 12:18:56.684,416.9446351747731,1002
2024-09-18 12:18:56.727,416.97773023382587,996
2024-09-18 12:18:56.801,416.9091134954955,105
2024-09-18 12:18:56.808,416.9779169304477,99
2024-09-18 12:18:56.828,416.9720524156254,95
2024-09-18 12:18:56.833,416.952810817131,104
2024-09-18 12:18:56.840,416.883280320874,998
2024-09-18 12:18:56.854,416.9558798902149,1005
2024-09-18 12:18:56.937,416.9448819362321,1001
2024-09-18 12:18:56.948,416.963844366696,100
2024-09-18 12:18:56.948,416.9666525223708,105
2024-09-18 12:18:56.955,416.9534825678593,100
2024-09-18 12:18:57.004,416.953044030442,6
2024-09-18 12:18:57.010,416.87273800023576,999
2024-09-18 12:18:57.073,416.8626385584078,1000
2024-09-18 12:18:57.110,416.9210858801372,1002
2024-09-18 12:18:57.146,416.876656457304,97
2024-09-18 12:18:57.332,416.9262816299992,103
2024-09-18 12:18:57.370,416.9127636419551,12
2024-09-18 12:18:57.375,416.90919603574025,100
2024-09-18 12:18:57.476,416.8754399349664,97
2024-09-18 12:18:57.518,416.94502984218326,9
2024-09-18 12:18:57.550,416.9085518622442,95
2024-09-18 12:18:57.665,416.9435560352291,13
2024-09-18 12:18:57.692,416.8741339117869,101
2024-09-18 12:18:57.748,416.9057088973053,15
2024-09-18 12:18:57.854,416.9225757820627,997
2024-09-18 12:18:57.856,416.89392129210887,101
2024-09-18 12:18:57.873,416.9509435114384,1004
2024-09-18 12:18:57.944,416.9623567484245,15
2024-09-18 12:18:57.983,416.9130167275965,995
2024-09-18 12:18:58.012,416.879254086604,105
2024-09-18 12:18:58.163,416.8727796391104,101
2024-09-18 12:18:59.084,416.876399646536,5
2024-09-18 12:18:59.126,416.868020710123,101
2024-09-18 12:18:59.143,416.8665970851464,1004
2024-09-18 12:18:59.637,416.8659665921059,1003
