Timestamp,Price,Size
2024-09-17 11:44:00.208,415.6740365615744,1004
2024-09-17 11:44:00.284,415.6656939670021,14
2024-09-17 11:44:00.344,415.6685591509959,14
2024-09-17 11:44:00.618,415.6760798767149,1002
2024-09-17 11:44:00.813,415.6671888827136,1003
2024-09-17 11:44:00.923,415.6828483011491,6
2024-09-17 11:44:00.987,415.6706067835024,95
2024-09-17 11:44:01.099,415.6928977340971,98
2024-09-17 11:44:01.186,415.6883441086952,99
2024-09-17 11:44:01.363,415.7031101956628,998
2024-09-17 11:44:01.404,415.6953626870072,105
2024-09-17 11:44:01.667,415.70482327344007,1002
2024-09-17 11:44:01.668,415.7032474890867,9
2024-09-17 11:44:01.765,415.69382348189856,1005
2024-09-17 11:44:01.772,415.6920428757016,98
2024-09-17 11:44:01.779,415.69754212744107,1004
2024-09-17 11:44:01.871,415.690213810778,13
2024-09-17 11:44:02.072,415.7530823905034,9
2024-09-17 11:44:02.194,415.7549792703937,14
2024-09-17 11:44:02.396,415.76537761704304,12
2024-09-17 11:44:02.485,415.75215784842726,998
2024-09-17 11:44:02.499,41.571904111809175,10
2024-09-17 11:44:02.586,415.7405211409521,97
2024-09-17 11:44:02.810,415.7156555891581,997
2024-09-17 11:44:02.843,415.7395353565752,998
2024-09-17 11:44:02.975,415.7167429233668,101
2024-09-17 11:44:03.014,415.75143142398105,1005
2024-09-17 11:44:03.015,415.8254866563429,10
2024-09-17 11:44:03.019,415.7552065735729,996
2024-09-17 11:44:03.031,415.7847484016344,100
2024-09-17 11:44:03.035,415.8008953217674,995
2024-09-17 11:44:03.047,415.8660450788222,9
2024-09-17 11:44:03.050,415.84415891089816,101
2024-09-17 11:44:03.053,415.8931332062025,104
2024-09-17 11:44:03.171,415.7922759164096,103
2024-09-17 11:44:03.184,415.8004702239409,11
2024-09-17 11:44:03.233,415.8038579336616,98
2024-09-17 11:44:03.322,415.78202845510793,95
2024-09-17 11:44:03.451,415.8226369364744,15
2024-09-17 11:44:03.483,415.8101276022473,15
2024-09-17 11:44:03.485,415.81519240209445,10
2024-09-17 11:44:03.503,415.8318942661306,99
2024-09-17 11:44:03.514,415.77967290978125,97
2024-09-17 11:44:03.539,415.7954700827266,9
2024-09-17 11:44:03.552,415.8236521662952,1002
2024-09-17 11:44:03.582,41.57637278996232,1004
2024-09-17 11:44:03.592,415.8366166686584,998
2024-09-17 11:44:03.609,415.77115769885086,102
2024-09-17 11:44:03.651,415.78545060363086,100
2024-09-17 11:44:03.680,415.7808399188594,996
2024-09-17 11:44:03.745,415.7595225031222,999
2024-09-17 11:44:03.749,415.8144274315175,10
2024-09-17 11:44:03.778,415.8198942845736,6
2024-09-17 11:44:03.906,,998
2024-09-17 11:44:03.910,415.8766630203368,1005
2024-09-17 11:44:03.991,415.7559763886155,102
2024-09-17 11:44:04.043,415.9167971559482,12
2024-09-17 11:44:04.062,415.9303400673723,6
2024-09-17 11:44:04.072,415.9389091897098,995
2024-09-17 11:44:04.074,415.9440531666733,997
2024-09-17 11:44:04.097,41.5945613662171,11
2024-09-17 11:44:04.100,415.9412502866724,997
2024-09-17 11:44:04.125,415.9283818488393,995
2024-09-17 11:44:04.219,415.89986331647214,104
2024-09-17 11:44:04.347,415.9237974855005,999
2024-09-17 11:44:04.369,415.92501397999166,101
2024-09-17 11:44:04.394,415.9344004908618,98
2024-09-17 11:44:04.429,415.9195820163664,105
2024-09-17 11:44:04.503,415.9213681249716,11
2024-09-17 11:44:04.525,415.9186700129808,9
2024-09-17 11:44:04.535,415.931590056793,5
2024-09-17 11:44:04.565,415.9046218902433,9
2024-09-17 11:44:04.611,415.9214352938944,5
2024-09-17 11:44:04.679,415.9226931613039,1002
2024-09-17 11:44:04.754,415.91362577054207,102
2024-09-17 11:44:04.817,415.9042556996839,104
2024-09-17 11:44:04.905,415.91177598899657,1005
2024-09-17 11:44:04.931,415.91127660643934,1003
2024-09-17 11:44:05.064,415.9228942575989,100
2024-09-17 11:44:05.561,415.920216463906,995
2024-09-17 11:44:05.738,415.914615515198,995
2024-09-17 11:44:06.011,415.95341896309134,97
2024-09-17 11:44:06.019,415.9486934511143,1002
2024-09-17 11:44:06.155,415.9440818584498,1004
2024-09-17 11:44:06.249,415.9526717847397,9
2024-09-17 11:44:06.261,415.9404697905558,95
2024-09-17 11:44:06.303,415.9210268558603,97
2024-09-17 11:44:06.330,415.9439237897184,998
2024-09-17 11:44:06.353,415.9267952652142,13
2024-09-17 11:44:06.551,415.9366671699341,996
2024-09-17 11:44:06.632,415.9415683900263,1002
2024-09-17 11:44:06.642,415.9345670369764,97
2024-09-17 11:44:06.684,415.92107317747474,995
2024-09-17 11:44:06.701,415.91283676395847,12
2024-09-17 11:44:06.783,415.9397035552967,9
2024-09-17 11:44:06.866,415.941771456034,13
2024-09-17 11:44:07.026,415.87028126190273,105
2024-09-17 11:44:07.047,415.8816633392692,100
2024-09-17 11:44:07.048,415.8715454392579,102
2024-09-17 11:44:07.095,415.9132248703372,14
2024-09-17 11:44:07.106,415.8937853653238,997
2024-09-17 11:44:07.125,415.87917739503325,11
2024-09-17 11:44:07.149,415.9234508598245,5
2024-09-17 11:44:07.194,415.8887708364869,1003
2024-09-17 11:44:07.211,415.8832983843423,101
2024-09-17 11:44:07.231,415.9108308407262,10
2024-09-17 11:44:07.326,415.8849802749157,1001
2024-09-17 11:44:07.400,415.8642083957397,11
2024-09-17 11:44:07.459,415.9009717964662,5
2024-09-17 11:44:07.480,415.8862199756284,7
2024-09-17 11:44:07.629,415.9019409913349,13
2024-09-17 11:44:07.638,415.8732599881983,9
2024-09-17 11:44:07.704,415.8595234960126,104
2024-09-17 11:44:07.768,415.8866241916713,7
2024-09-17 11:44:07.797,415.8975602520614,13
2024-09-17 11:44:08.040,415.9355619689106,99
2024-09-17 11:44:08.049,415.9282902390834,995
2024-09-17 11:44:08.114,415.920613295209,95
2024-09-17 11:44:08.385,415.9466135727226,1000
2024-09-17 11:44:08.864,415.920782665686,105
2024-09-17 11:44:09.025,-415.9067958391367,1005
2024-09-17 11:44:09.101,415.9433110108176,10
2024-09-17 11:44:09.109,415.8805167144751,10
2024-09-17 11:44:09.125,415.9223763796824,1003
2024-09-17 11:44:09.128,415.94054074451344,995
2024-09-17 11:44:09.205,415.9095955860445,8
2024-09-17 11:44:09.211,415.87849220687247,102
2024-09-17 11:44:09.240,415.891875480996,98
2024-09-17 11:44:09.312,415.8788491989045,10
2024-09-17 11:44:09.316,415.8999344589798,14
2024-09-17 11:44:09.376,415.9048566133312,14
2024-09-17 11:44:09.453,415.9303477473358,99
2024-09-17 11:44:09.455,415.8964688750021,1004
2024-09-17 11:44:09.481,415.9399104912646,101
2024-09-17 11:44:09.491,415.89218401100754,104
2024-09-17 11:44:09.512,415.90456291051385,11
2024-09-17 11:44:09.547,415.886591169038,14
2024-09-17 11:44:09.597,415.9361957710209,102
2024-09-17 11:44:09.601,415.8851050827789,10
2024-09-17 11:44:09.699,415.8824263040679,995
2024-09-17 11:44:09.764,415.8941625122676,998
2024-09-17 11:44:09.813,,1003
2024-09-17 11:44:09.818,415.8957618837487,995
2024-09-17 11:44:09.859,415.88289993723,15
2024-09-17 11:44:09.865,415.9204398468918,104
2024-09-17 11:44:09.891,415.886553302484,6
2024-09-17 11:44:09.943,,5
2024-09-17 11:44:09.956,415.90711214328746,8
2024-09-17 11:44:09.990,415.9084030766309,1005
2024-09-17 11:44:10.036,415.92989954517327,8
2024-09-17 11:44:10.177,415.9213397802778,10
2024-09-17 11:44:10.271,415.91899330422166,12
2024-09-17 11:44:10.317,415.9430776379223,11
2024-09-17 11:44:10.319,415.9167689067462,998
2024-09-17 11:44:10.458,415.94222665373576,1001
2024-09-17 11:44:10.934,415.9027954207534,1000
2024-09-17 11:44:10.998,,97
2024-09-17 11:44:11.040,415.997568274986,15
2024-09-17 11:44:11.224,415.92246554261686,101
2024-09-17 11:44:11.328,415.9681028831967,997
2024-09-17 11:44:11.534,415.9549528522297,6
2024-09-17 11:44:11.568,415.9657809280986,101
2024-09-17 11:44:11.574,415.94000258718734,98
2024-09-17 11:44:11.607,415.974397571644,15
2024-09-17 11:44:11.608,415.9772908160549,12
2024-09-17 11:44:11.692,415.9706994326757,6
2024-09-17 11:44:11.707,415.9625084018185,997
2024-09-17 11:44:11.721,415.9573051462647,1004
2024-09-17 11:44:11.753,415.9951086973849,100
2024-09-17 11:44:11.767,415.942329916962,15
2024-09-17 11:44:11.767,415.9485169883816,1004
2024-09-17 11:44:11.812,415.936855280083,103
2024-09-17 11:44:11.813,415.9571383884866,105
2024-09-17 11:44:11.841,415.931298331953,8
2024-09-17 11:44:11.868,415.9513911332568,103
2024-09-17 11:44:11.922,415.97792238301366,95
2024-09-17 11:44:11.967,415.9481376755189,101
2024-09-17 11:44:11.994,415.95241377882286,95
2024-09-17 11:44:12.094,415.9444552995504,102
2024-09-17 11:44:12.237,415.93631973464574,6
2024-09-17 11:44:12.258,415.9331624944237,105
2024-09-17 11:44:12.985,415.9406503763305,95
2024-09-17 11:44:13.006,415.95384376853326,102
2024-09-17 11:44:13.010,415.9315707419781,14
2024-09-17 11:44:13.028,415.97563164286976,15
2024-09-17 11:44:13.080,415.9257088874605,95
2024-09-17 11:44:13.114,415.9070589572519,96
2024-09-17 11:44:13.195,415.9166322628836,102
2024-09-17 11:44:13.218,415.9598708672559,96
2024-09-17 11:44:13.232,415.96273930805125,8
2024-09-17 11:44:13.307,415.9493064181169,11
2024-09-17 11:44:13.453,415.9474617504009,96
2024-09-17 11:44:13.468,415.92155066002096,995
2024-09-17 11:44:13.560,415.9636083417223,101
2024-09-17 11:44:13.632,415.9488605592381,5
2024-09-17 11:44:13.696,415.96799132153217,12
2024-09-17 11:44:13.755,415.934419642541,100
2024-09-17 11:44:13.768,415.9276798652855,104
2024-09-17 11:44:13.777,415.93308847811016,105
2024-09-17 11:44:13.777,415.9403044024253,97
2024-09-17 11:44:13.831,415.9272710062217,15
2024-09-17 11:44:13.880,415.9189979850792,9
2024-09-17 11:44:14.015,415.93495784210734,100
2024-09-17 11:44:14.059,415.9437555257104,1004
2024-09-17 11:44:14.059,415.92732266569976,100
2024-09-17 11:44:14.079,415.91114445559856,102
2024-09-17 11:44:14.108,415.8998809431225,102
2024-09-17 11:44:14.195,415.9143595087683,1000
2024-09-17 11:44:14.359,415.92316748196674,10
2024-09-17 11:44:14.459,415.9257005161935,12
2024-09-17 11:44:14.462,415.89742644739175,6
2024-09-17 11:44:14.464,415.9320075991863,998
2024-09-17 11:44:14.512,415.9280695407286,1003
2024-09-17 11:44:14.543,415.95012115560576,13
2024-09-17 11:44:14.547,415.9165285118516,1003
2024-09-17 11:44:14.583,415.91649630599744,996
2024-09-17 11:44:14.629,415.9141705315261,9
2024-09-17 11:44:14.636,-415.939273102878,1003
2024-09-17 11:44:14.643,415.9407882970427,996
2024-09-17 11:44:14.660,415.9250938055084,1002
2024-09-17 11:44:14.790,415.9148568096773,1005
2024-09-17 11:44:14.799,415.9338284601759,7
2024-09-17 11:44:14.914,415.9291866893543,101
2024-09-17 11:44:14.947,415.926684835177,8
2024-09-17 11:44:14.993,415.9308598177224,14
2024-09-17 11:44:15.161,415.908334837023,1000
2024-09-17 11:44:15.276,415.8900910293667,103
2024-09-17 11:44:15.493,415.8888388471589,14
2024-09-17 11:44:15.541,415.891540754585,102
2024-09-17 11:44:15.862,415.9028880754753,100
2024-09-17 11:44:16.009,415.81910302663255,96
2024-09-17 11:44:16.050,415.80517307228,1003
2024-09-17 11:44:16.103,415.7703124857098,95
2024-09-17 11:44:16.106,415.8903841635784,101
2024-09-17 11:44:16.124,415.7607777959429,11
2024-09-17 11:44:16.215,415.7981245108167,98
2024-09-17 11:44:16.221,415.8607609634186,996
2024-09-17 11:44:16.258,415.8191064860529,102
2024-09-17 11:44:16.286,415.7763163026793,1000
2024-09-17 11:44:16.316,415.8935782352313,99
2024-09-17 11:44:16.322,415.8280174037124,1004
2024-09-17 11:44:16.382,415.7698797561107,7
2024-09-17 11:44:16.492,415.85870652779874,1004
2024-09-17 11:44:16.521,415.84302179939874,1005
2024-09-17 11:44:16.749,415.8900714206128,996
2024-09-17 11:44:16.776,415.8067419567988,15
2024-09-17 11:44:17.065,415.8721688284976,1001
2024-09-17 11:44:17.080,415.8993845479403,100
2024-09-17 11:44:17.176,415.8563469189496,997
2024-09-17 11:44:17.184,415.8841559652672,1002
2024-09-17 11:44:17.184,415.8848379881634,95
2024-09-17 11:44:17.293,415.7723973719431,97
2024-09-17 11:44:17.371,415.8509586080668,14
2024-09-17 11:44:17.396,415.8147873723437,6
2024-09-17 11:44:17.481,415.7930146655612,1000
2024-09-17 11:44:17.501,415.8847287546398,101
2024-09-17 11:44:17.539,415.7607949442933,10
2024-09-17 11:44:17.551,415.8055442962768,1004
2024-09-17 11:44:17.625,415.807052663149,7
2024-09-17 11:44:17.741,415.8928755304845,15
2024-09-17 11:44:17.920,415.8699759772254,998
2024-09-17 11:44:18.033,415.8792865463067,97
2024-09-17 11:44:18.047,415.8817190643016,1003
2024-09-17 11:44:18.152,415.86498376391273,15
2024-09-17 11:44:18.201,415.8623091015786,13
2024-09-17 11:44:18.202,415.8752242297315,102
2024-09-17 11:44:18.206,415.8939798112087,11
2024-09-17 11:44:18.286,415.8730195955499,997
2024-09-17 11:44:18.302,415.8902414714645,101
2024-09-17 11:44:18.365,415.8637226085699,95
2024-09-17 11:44:18.395,415.8594597080502,13
2024-09-17 11:44:18.525,415.8748714810845,102
2024-09-17 11:44:18.545,415.8586294119414,96
2024-09-17 11:44:18.569,415.8569646799849,12
2024-09-17 11:44:18.647,415.8484993394353,95
2024-09-17 11:44:18.667,415.8656580283083,96
2024-09-17 11:44:18.721,415.85982824863214,1004
2024-09-17 11:44:18.735,415.8658893282403,995
2024-09-17 11:44:18.816,415.8825103978471,101
2024-09-17 11:44:18.854,415.8645010623718,95
2024-09-17 11:44:18.863,41.58387140743422,100
2024-09-17 11:44:18.902,415.8404665287477,8
2024-09-17 11:44:18.933,415.8773222514232,99
2024-09-17 11:44:18.938,415.8566371843529,9
2024-09-17 11:44:18.982,415.8881479048063,1003
2024-09-17 11:44:19.023,415.8002172780868,103
2024-09-17 11:44:19.166,415.82812273720623,103
2024-09-17 11:44:19.215,415.7941082685085,98
2024-09-17 11:44:19.217,415.8188510964073,1004
2024-09-17 11:44:19.225,415.79910584825046,12
2024-09-17 11:44:19.237,415.7923060338001,15
2024-09-17 11:44:19.359,415.79255388337936,14
2024-09-17 11:44:19.373,415.78628988599695,12
2024-09-17 11:44:19.401,415.8214791103079,15
2024-09-17 11:44:19.443,415.7848748210855,5
2024-09-17 11:44:19.479,415.8221753358648,15
2024-09-17 11:44:19.485,415.8296018055632,6
2024-09-17 11:44:19.557,415.8067400207236,95
2024-09-17 11:44:19.593,415.8754644030407,101
2024-09-17 11:44:19.602,415.8430779022189,100
2024-09-17 11:44:19.674,415.8774614067362,104
2024-09-17 11:44:19.728,415.8067662025548,100
2024-09-17 11:44:19.741,415.8513045018661,96
2024-09-17 11:44:19.784,415.8079267948097,98
2024-09-17 11:44:19.849,415.8638522239757,102
2024-09-17 11:44:19.912,415.7805550059895,998
2024-09-17 11:44:19.915,415.80788704075553,102
2024-09-17 11:44:20.108,415.70600163986336,1005
2024-09-17 11:44:20.150,415.6654203312562,15
2024-09-17 11:44:20.197,415.7717985918401,996
2024-09-17 11:44:20.206,415.6580243476623,98
2024-09-17 11:44:20.234,415.75117825853664,104
2024-09-17 11:44:20.298,415.7904227169861,7
2024-09-17 11:44:20.371,415.7654906134146,995
2024-09-17 11:44:20.469,415.6695998313106,11
2024-09-17 11:44:20.477,415.64719972390816,103
2024-09-17 11:44:20.507,415.7065678998073,13
2024-09-17 11:44:20.548,415.79084198544086,11
2024-09-17 11:44:20.636,415.7524503460476,998
2024-09-17 11:44:20.646,415.6521100191878,8
2024-09-17 11:44:20.718,415.64163603930064,997
2024-09-17 11:44:20.728,415.77475453099714,1005
2024-09-17 11:44:20.779,415.7074352620544,95
2024-09-17 11:44:20.827,415.7084706412612,96
2024-09-17 11:44:20.832,415.6365237635375,11
2024-09-17 11:44:20.836,415.761219983858,99
2024-09-17 11:44:20.887,415.7723952215314,98
2024-09-17 11:44:20.916,415.6791790404634,98
2024-09-17 11:44:21.062,415.6660558868055,1003
2024-09-17 11:44:21.093,415.6579834538288,99
2024-09-17 11:44:21.121,-415.63643240840094,999
2024-09-17 11:44:21.186,415.6722303456416,97
2024-09-17 11:44:21.222,415.6415704482483,99
2024-09-17 11:44:21.259,415.65099200692106,998
2024-09-17 11:44:21.262,415.64202773609577,999
2024-09-17 11:44:21.313,415.6681079860056,998
2024-09-17 11:44:21.451,415.6533588183237,7
2024-09-17 11:44:21.498,415.6810604460754,998
2024-09-17 11:44:21.553,415.6393629916448,6
2024-09-17 11:44:21.910,415.6481314852391,1004
2024-09-17 11:44:22.015,41.56636466666512,1001
2024-09-17 11:44:22.121,415.6258725424578,6
2024-09-17 11:44:22.198,415.6303223480326,102
2024-09-17 11:44:22.209,415.6720440983655,996
2024-09-17 11:44:22.210,415.65125196396775,1002
2024-09-17 11:44:22.292,415.6322928995155,12
2024-09-17 11:44:22.294,415.6695389709912,15
2024-09-17 11:44:22.326,415.6574240623118,5
2024-09-17 11:44:22.375,415.6710438473696,13
2024-09-17 11:44:22.401,415.6235826920632,1002
2024-09-17 11:44:22.699,415.6616166538207,6
2024-09-17 11:44:22.701,415.6222117372532,96
2024-09-17 11:44:22.712,415.63816838434326,100
2024-09-17 11:44:22.782,415.6507288040406,1003
2024-09-17 11:44:22.998,415.624266898107,998
2024-09-17 11:44:22.999,415.6644551289912,95
2024-09-17 11:44:23.105,415.6554465271387,96
2024-09-17 11:44:23.223,415.650636187546,99
2024-09-17 11:44:23.262,415.6667485928483,995
2024-09-17 11:44:23.318,415.662896407468,11
2024-09-17 11:44:23.380,415.6550391519429,6
2024-09-17 11:44:23.556,415.6556338960911,1001
2024-09-17 11:44:23.608,415.6743860839133,9
2024-09-17 11:44:23.617,415.67324078317085,104
2024-09-17 11:44:23.645,415.6637715229081,102
2024-09-17 11:44:23.660,415.6952948042809,1001
2024-09-17 11:44:23.668,415.6725079977283,995
2024-09-17 11:44:23.739,415.6631884996159,1000
2024-09-17 11:44:24.919,415.6784314269005,1000
2024-09-17 11:44:25.020,415.7384701826768,105
2024-09-17 11:44:25.056,415.7516813788325,105
2024-09-17 11:44:25.147,415.7687314491044,1004
2024-09-17 11:44:25.176,415.70887258894027,101
2024-09-17 11:44:25.229,415.70960273955177,104
2024-09-17 11:44:25.370,415.68378098760354,100
2024-09-17 11:44:25.397,415.7081727094524,1002
2024-09-17 11:44:25.450,415.70066670296944,13
2024-09-17 11:44:25.456,415.784832915021,1005
2024-09-17 11:44:25.504,,13
2024-09-17 11:44:25.507,415.725301540432,9
2024-09-17 11:44:25.508,415.7201765509643,999
2024-09-17 11:44:25.527,415.7668933651984,1001
2024-09-17 11:44:25.611,-415.7417341844797,104
2024-09-17 11:44:25.678,415.7219133440533,15
2024-09-17 11:44:25.748,415.6889907470873,105
2024-09-17 11:44:25.792,415.7283084622148,1002
2024-09-17 11:44:25.814,415.7199837263468,13
2024-09-17 11:44:25.833,415.78168276982,95
2024-09-17 11:44:25.896,415.7113345506745,10
2024-09-17 11:44:25.900,,997
2024-09-17 11:44:25.935,415.7282867137597,1000
2024-09-17 11:44:25.964,415.7660607023929,1004
2024-09-17 11:44:25.977,415.7583039144158,14
2024-09-17 11:44:25.986,415.7795735628844,99
2024-09-17 11:44:26.009,415.645760002332,96
2024-09-17 11:44:26.036,415.6505265801435,12
2024-09-17 11:44:26.041,415.635402623071,1001
2024-09-17 11:44:26.098,415.6565957406638,1003
2024-09-17 11:44:26.210,415.6586689773988,5
2024-09-17 11:44:26.214,415.6566304038405,104
2024-09-17 11:44:26.225,415.6604826399266,995
2024-09-17 11:44:26.276,415.6576929674808,103
2024-09-17 11:44:26.282,415.6942672462377,5
2024-09-17 11:44:26.292,415.6580070637815,12
2024-09-17 11:44:26.330,415.7041513536288,1000
2024-09-17 11:44:26.438,415.6636357654092,100
2024-09-17 11:44:26.598,415.7136246804697,105
2024-09-17 11:44:26.642,415.6669329103975,105
2024-09-17 11:44:26.721,415.6662690091168,11
2024-09-17 11:44:26.804,415.62616785159895,105
2024-09-17 11:44:26.852,415.6963720023267,6
2024-09-17 11:44:26.937,415.6713079339305,99
2024-09-17 11:44:27.000,415.6017154070637,6
2024-09-17 11:44:27.015,415.6284623229842,102
2024-09-17 11:44:27.020,415.6324448316996,9
2024-09-17 11:44:27.041,415.63360677599337,6
2024-09-17 11:44:27.063,415.6204778388126,12
2024-09-17 11:44:27.068,415.5991880907112,13
2024-09-17 11:44:27.119,415.6169570062816,100
2024-09-17 11:44:27.146,415.6230781351256,15
2024-09-17 11:44:27.179,415.61207357333967,96
2024-09-17 11:44:27.268,415.6176685873709,10
2024-09-17 11:44:27.459,415.6234152171032,97
2024-09-17 11:44:27.464,415.6437648004306,1001
2024-09-17 11:44:27.465,415.6031270830328,1000
2024-09-17 11:44:27.480,415.5992290470415,1004
2024-09-17 11:44:27.529,415.6336638473827,100
2024-09-17 11:44:27.579,415.60193240155377,102
2024-09-17 11:44:27.623,415.6183430810221,104
2024-09-17 11:44:27.639,415.59082255645086,10
2024-09-17 11:44:27.672,415.6203551823615,102
2024-09-17 11:44:27.709,415.6458294173811,15
2024-09-17 11:44:27.710,415.60387538269833,13
2024-09-17 11:44:27.719,415.61148281687184,95
2024-09-17 11:44:27.748,415.6713582076405,1005
2024-09-17 11:44:27.790,415.612512971461,998
2024-09-17 11:44:27.831,415.5971568699128,998
2024-09-17 11:44:28.019,-415.62974976940194,995
2024-09-17 11:44:28.029,415.6203101633721,98
2024-09-17 11:44:28.046,415.6145103699514,95
2024-09-17 11:44:28.080,415.6144567616121,95
2024-09-17 11:44:28.172,415.638038018277,8
2024-09-17 11:44:28.181,415.5979557955399,97
2024-09-17 11:44:28.255,415.6179874219304,997
2024-09-17 11:44:28.264,415.6103064667137,100
2024-09-17 11:44:28.316,415.62906743901465,1005
2024-09-17 11:44:28.347,415.6445729375707,96
2024-09-17 11:44:28.361,415.6444987870029,1003
2024-09-17 11:44:28.382,415.6123512792448,99
2024-09-17 11:44:28.407,415.6332960083638,1000
2024-09-17 11:44:28.461,415.6044296022772,997
2024-09-17 11:44:28.503,415.614450270285,997
2024-09-17 11:44:28.529,415.64272392543126,102
2024-09-17 11:44:28.583,415.6208193840947,998
2024-09-17 11:44:28.632,415.6682260059253,104
2024-09-17 11:44:28.684,415.6031805528508,999
2024-09-17 11:44:28.757,415.6504344863385,7
2024-09-17 11:44:28.772,415.6483081510099,1004
2024-09-17 11:44:28.783,415.6018135058304,98
2024-09-17 11:44:28.793,415.6000215633867,1002
2024-09-17 11:44:28.867,415.6396552112563,101
2024-09-17 11:44:28.877,415.6427564298429,101
2024-09-17 11:44:28.893,415.621456204466,9
2024-09-17 11:44:28.968,-415.61020153446407,1001
2024-09-17 11:44:29.174,415.5882651473004,98
2024-09-17 11:44:29.811,415.6009627645522,101
2024-09-17 11:44:30.232,415.57307387119454,98
2024-09-17 11:44:31.016,415.5832970121796,1003
2024-09-17 11:44:31.121,415.50365928850886,10
2024-09-17 11:44:31.129,415.4864910128125,98
2024-09-17 11:44:31.159,415.4957848252446,15
2024-09-17 11:44:31.197,415.5671325439046,1005
2024-09-17 11:44:31.209,415.5152865704087,1001
2024-09-17 11:44:31.235,415.5950342180356,1002
2024-09-17 11:44:31.292,415.5014667713792,12
2024-09-17 11:44:31.316,415.5594492332484,998
2024-09-17 11:44:31.401,415.4757254982159,105
2024-09-17 11:44:31.407,,105
2024-09-17 11:44:31.497,415.5804312727536,100
2024-09-17 11:44:31.503,415.4987214898605,998
2024-09-17 11:44:31.510,415.5746600245755,10
2024-09-17 11:44:31.543,415.56094164707935,12
2024-09-17 11:44:31.547,415.5560499829508,998
2024-09-17 11:44:31.573,415.5954265174021,100
2024-09-17 11:44:31.585,415.5708808891124,1005
2024-09-17 11:44:31.677,415.53705757050943,12
2024-09-17 11:44:31.684,415.5607897040029,1001
2024-09-17 11:44:31.699,415.5935105675476,102
2024-09-17 11:44:31.748,-415.57925908159706,1005
2024-09-17 11:44:31.765,415.5425548487856,1002
2024-09-17 11:44:31.772,415.5750547810655,996
2024-09-17 11:44:31.894,415.5443615618027,15
2024-09-17 11:44:31.895,415.5859984922787,12
2024-09-17 11:44:31.943,415.5664228176926,101
2024-09-17 11:44:32.655,415.4778522257929,1001
2024-09-17 11:44:33.171,415.34939919304446,995
2024-09-17 11:44:33.172,415.4030527757787,97
2024-09-17 11:44:33.206,415.4446305082169,104
2024-09-17 11:44:33.209,415.3595756545971,14
2024-09-17 11:44:33.247,415.4480788989786,10
2024-09-17 11:44:33.250,41.53835118333027,105
2024-09-17 11:44:33.259,415.37889126456855,104
2024-09-17 11:44:33.259,415.370762584838,5
2024-09-17 11:44:33.293,415.37051171249385,1003
2024-09-17 11:44:33.465,415.40061385860713,999
2024-09-17 11:44:33.492,415.4481802560698,96
2024-09-17 11:44:33.547,415.3925381607421,11
2024-09-17 11:44:33.592,415.3235100636465,98
2024-09-17 11:44:33.600,415.3554771804259,99
2024-09-17 11:44:33.690,415.4183091488951,102
2024-09-17 11:44:33.717,415.3478792473511,96
2024-09-17 11:44:33.780,415.3638679539763,100
2024-09-17 11:44:33.862,415.3500440643424,1002
2024-09-17 11:44:33.894,415.3915323683002,999
2024-09-17 11:44:33.916,415.38118138778594,1002
2024-09-17 11:44:33.989,415.35033617844215,9
2024-09-17 11:44:34.068,415.36691721863,5
2024-09-17 11:44:34.158,415.3728890437547,999
2024-09-17 11:44:34.196,415.3749032223146,14
2024-09-17 11:44:34.612,415.3592683289218,13
2024-09-17 11:44:34.710,415.3551458455234,96
2024-09-17 11:44:34.914,415.34463887085246,12
2024-09-17 11:44:35.161,415.3664178516585,13
2024-09-17 11:44:35.637,415.3701610962934,105
2024-09-17 11:44:35.939,415.37604706215046,101
2024-09-17 11:44:36.183,415.3747436604074,96
2024-09-17 11:44:36.357,415.3718697069156,1005
2024-09-17 11:44:36.373,415.3642962392713,999
2024-09-17 11:44:36.395,415.3395004516188,101
2024-09-17 11:44:36.469,415.3347998645999,999
2024-09-17 11:44:36.546,415.31940809826494,1001
2024-09-17 11:44:36.595,415.37027361990073,13
2024-09-17 11:44:36.610,415.3520891409866,1005
2024-09-17 11:44:36.625,415.37572979289104,1002
2024-09-17 11:44:36.627,415.3671540236031,11
2024-09-17 11:44:36.647,415.3872873383877,1005
2024-09-17 11:44:36.803,415.3472448271474,997
2024-09-17 11:44:36.892,415.3112961117632,11
2024-09-17 11:44:36.944,-415.3652368585328,13
2024-09-17 11:44:36.951,415.352143066677,15
2024-09-17 11:44:36.996,415.3769364896806,102
2024-09-17 11:44:37.000,415.3376959623184,9
2024-09-17 11:44:37.312,415.3813307422144,102
2024-09-17 11:44:37.369,415.37089450022864,12
2024-09-17 11:44:37.484,415.34873973469377,8
2024-09-17 11:44:37.949,415.39617200151207,997
2024-09-17 11:44:38.184,415.3858229699825,995
2024-09-17 11:44:38.526,415.417914975887,100
2024-09-17 11:44:38.593,415.4038272316288,105
2024-09-17 11:44:38.772,415.3969203565448,999
2024-09-17 11:44:38.948,415.3889041417408,97
2024-09-17 11:44:38.988,415.4352173979125,1005
2024-09-17 11:44:39.013,415.4083417761371,1000
2024-09-17 11:44:39.017,415.34704318532,1004
2024-09-17 11:44:39.142,415.3644110788959,95
2024-09-17 11:44:39.274,415.35791819778353,15
2024-09-17 11:44:39.324,415.4087757009938,104
2024-09-17 11:44:39.365,415.35255664012834,14
2024-09-17 11:44:39.386,415.3586691991212,98
2024-09-17 11:44:39.398,415.4255735873577,1005
2024-09-17 11:44:39.529,415.3662449757268,1004
2024-09-17 11:44:39.580,415.3610160468351,7
2024-09-17 11:44:39.671,415.3187687831318,13
2024-09-17 11:44:39.679,415.3256789702754,999
2024-09-17 11:44:39.725,415.4193911021392,6
2024-09-17 11:44:39.804,415.3741943565341,103
2024-09-17 11:44:39.805,415.4215455767323,995
2024-09-17 11:44:39.821,415.43154556773305,101
2024-09-17 11:44:39.874,415.4215747947669,11
2024-09-17 11:44:39.912,415.3692230964828,98
2024-09-17 11:44:39.998,415.3427515015408,104
2024-09-17 11:44:40.034,415.3865309011052,997
2024-09-17 11:44:40.234,415.3682520994273,97
2024-09-17 11:44:40.377,41.53928661998789,12
2024-09-17 11:44:40.790,415.3716964068431,996
2024-09-17 11:44:40.948,415.3777195503956,15
2024-09-17 11:44:41.000,415.4113540351132,14
2024-09-17 11:44:41.164,415.4064754434432,998
2024-09-17 11:44:41.214,,104
2024-09-17 11:44:41.445,415.4065423877589,14
2024-09-17 11:44:41.460,415.38525060992055,9
2024-09-17 11:44:41.591,415.3946703378858,7
2024-09-17 11:44:41.632,415.3798958337191,998
2024-09-17 11:44:41.811,415.37371808130223,9
2024-09-17 11:44:42.031,415.3635538578254,8
2024-09-17 11:44:42.067,415.3863593456769,102
2024-09-17 11:44:42.110,415.3793936956712,98
2024-09-17 11:44:42.258,415.3895790587597,11
2024-09-17 11:44:42.333,415.3795611354128,1002
2024-09-17 11:44:42.628,415.39437487617056,95
2024-09-17 11:44:42.631,415.360007539797,1002
2024-09-17 11:44:42.667,415.3807765838646,1003
2024-09-17 11:44:42.748,415.38925376672256,96
2024-09-17 11:44:42.768,415.3806774111848,9
2024-09-17 11:44:42.802,415.3817121562149,1003
2024-09-17 11:44:42.814,415.3603432502883,1003
2024-09-17 11:44:42.849,415.3775517589887,10
2024-09-17 11:44:42.856,415.3745691259141,1003
2024-09-17 11:44:42.898,415.3857899950725,102
2024-09-17 11:44:42.901,415.3899896533183,995
2024-09-17 11:44:42.970,415.3825236898582,98
2024-09-17 11:44:42.977,415.3619546962559,11
2024-09-17 11:44:42.990,415.3724937068912,99
2024-09-17 11:44:43.026,415.3161720472594,996
2024-09-17 11:44:43.049,415.29671810034415,995
2024-09-17 11:44:43.129,415.3563383095545,6
2024-09-17 11:44:43.170,415.3769247905036,103
2024-09-17 11:44:43.174,415.35418922742673,101
2024-09-17 11:44:43.192,415.2673636072786,95
2024-09-17 11:44:43.205,415.3047138174786,13
2024-09-17 11:44:43.209,415.3437867843236,995
2024-09-17 11:44:43.252,415.32532518668006,96
2024-09-17 11:44:43.268,415.3314693687163,1000
2024-09-17 11:44:43.357,415.3223660803875,100
2024-09-17 11:44:43.406,415.285856737272,998
2024-09-17 11:44:43.493,415.3600215624779,997
2024-09-17 11:44:43.522,415.3092873029664,99
2024-09-17 11:44:43.524,415.333346951824,1001
2024-09-17 11:44:43.540,415.2840506422359,6
2024-09-17 11:44:43.662,415.3675869988552,96
2024-09-17 11:44:43.760,415.3372074943807,1000
2024-09-17 11:44:43.764,415.30664304633376,8
2024-09-17 11:44:43.775,415.304586117454,100
2024-09-17 11:44:43.796,415.30340199159417,1001
2024-09-17 11:44:43.858,415.34459559651,102
2024-09-17 11:44:43.921,415.3101297542025,103
2024-09-17 11:44:43.956,415.3358442578327,95
2024-09-17 11:44:43.956,415.32159031409225,11
2024-09-17 11:44:43.969,415.312808290817,101
2024-09-17 11:44:44.017,415.2720519326039,101
2024-09-17 11:44:44.058,415.2589417381073,996
2024-09-17 11:44:44.182,415.28043469976205,98
2024-09-17 11:44:44.183,415.3317645130853,101
2024-09-17 11:44:44.278,415.3574880038711,1003
2024-09-17 11:44:44.285,415.3395180527117,15
2024-09-17 11:44:44.309,415.2412633667949,995
2024-09-17 11:44:44.337,415.26668118320185,9
2024-09-17 11:44:44.396,415.2598661272616,6
2024-09-17 11:44:44.411,415.343242965334,12
2024-09-17 11:44:44.430,415.2489137042081,10
2024-09-17 11:44:44.461,415.2742694759492,98
2024-09-17 11:44:44.511,415.243754360923,98
2024-09-17 11:44:44.598,415.2233908191752,102
2024-09-17 11:44:44.604,415.3530477061208,1004
2024-09-17 11:44:44.614,415.2510851864433,12
2024-09-17 11:44:44.619,,996
2024-09-17 11:44:44.631,415.29021364421993,7
2024-09-17 11:44:44.686,415.3538252551235,13
2024-09-17 11:44:44.711,415.2907142819588,6
2024-09-17 11:44:44.717,415.2649866063006,104
2024-09-17 11:44:44.802,415.2723126029418,11
2024-09-17 11:44:44.822,415.2435571645768,101
2024-09-17 11:44:44.877,415.25485578046937,104
2024-09-17 11:44:44.878,415.3408815097144,1005
2024-09-17 11:44:44.927,415.2191716315062,998
2024-09-17 11:44:44.931,415.21938557636287,96
2024-09-17 11:44:44.965,415.3157900153682,104
2024-09-17 11:44:44.987,415.2380590745117,8
2024-09-17 11:44:45.052,415.2779439225943,996
2024-09-17 11:44:45.060,415.2056840602532,999
2024-09-17 11:44:45.078,415.3331542342629,96
2024-09-17 11:44:45.144,415.2867906130277,7
2024-09-17 11:44:45.197,41.528807816164445,9
2024-09-17 11:44:45.210,415.258361250116,14
2024-09-17 11:44:45.216,415.28933566944687,8
2024-09-17 11:44:45.225,415.2436197349019,7
2024-09-17 11:44:45.311,415.2057708003964,96
2024-09-17 11:44:45.344,415.344717271848,5
2024-09-17 11:44:45.393,415.2592464360494,995
2024-09-17 11:44:45.526,415.2203648679105,98
2024-09-17 11:44:45.606,415.2955957468487,7
2024-09-17 11:44:45.627,415.26205466280487,13
2024-09-17 11:44:45.644,415.2791842396048,15
2024-09-17 11:44:45.676,415.240224808168,997
2024-09-17 11:44:45.695,415.32276092786543,99
2024-09-17 11:44:45.708,415.3111564156665,996
2024-09-17 11:44:45.735,415.3425008079556,14
2024-09-17 11:44:45.780,415.2093573624234,8
2024-09-17 11:44:45.813,415.2632492523144,9
2024-09-17 11:44:45.879,415.27988235333,104
2024-09-17 11:44:45.892,415.2509831710445,100
2024-09-17 11:44:45.901,415.33613052773006,5
2024-09-17 11:44:45.901,415.2457764504735,1002
2024-09-17 11:44:45.905,415.2667264923349,102
2024-09-17 11:44:45.948,415.2667301476502,97
2024-09-17 11:44:45.963,415.2279914142655,15
2024-09-17 11:44:45.993,415.27543811440376,104
2024-09-17 11:44:46.050,415.3275854036544,104
2024-09-17 11:44:46.112,415.30711629217615,98
2024-09-17 11:44:46.116,415.3092867002083,11
2024-09-17 11:44:46.147,415.3055128334679,97
2024-09-17 11:44:46.207,415.32716186478586,1005
2024-09-17 11:44:46.298,415.32575841370834,999
2024-09-17 11:44:46.373,415.3525972890777,8
2024-09-17 11:44:46.405,415.2729666635475,9
2024-09-17 11:44:46.473,415.29295941531456,996
2024-09-17 11:44:46.487,415.346911119183,5
2024-09-17 11:44:46.508,415.326125813755,103
2024-09-17 11:44:46.555,415.3409297914515,1003
2024-09-17 11:44:46.563,415.2782954019429,101
2024-09-17 11:44:46.649,415.3085660649765,104
2024-09-17 11:44:46.652,415.31237837329263,999
2024-09-17 11:44:46.663,415.31276403637327,15
2024-09-17 11:44:46.688,415.31037764506704,14
2024-09-17 11:44:46.726,415.2568267476305,6
2024-09-17 11:44:46.768,415.31668327090586,98
2024-09-17 11:44:46.778,415.3001928797037,11
2024-09-17 11:44:46.848,415.32133228665424,997
2024-09-17 11:44:46.888,415.3359800493169,104
2024-09-17 11:44:46.946,415.33135690650806,104
2024-09-17 11:44:46.999,415.28564757585934,1005
2024-09-17 11:44:47.011,415.3242816520982,8
2024-09-17 11:44:47.678,415.3207236858216,105
2024-09-17 11:44:47.741,41.531867479023234,14
2024-09-17 11:44:48.069,415.1756494501668,999
2024-09-17 11:44:48.086,415.1867667741052,998
2024-09-17 11:44:48.178,415.2284179142515,104
2024-09-17 11:44:48.212,415.315376793892,9
2024-09-17 11:44:48.221,415.2349766551743,1003
2024-09-17 11:44:48.236,415.217281353371,98
2024-09-17 11:44:48.246,415.1438748467431,1003
2024-09-17 11:44:48.254,415.2385737271524,996
2024-09-17 11:44:48.307,415.1319952002617,104
2024-09-17 11:44:48.333,415.1919061952823,5
2024-09-17 11:44:48.341,415.2644778807962,101
2024-09-17 11:44:48.359,415.1001444356661,99
2024-09-17 11:44:48.393,415.2496806407527,96
2024-09-17 11:44:48.477,415.1660617123292,105
2024-09-17 11:44:48.506,415.1178401739585,11
2024-09-17 11:44:48.512,415.2732717751243,102
2024-09-17 11:44:48.565,415.10292594807606,96
2024-09-17 11:44:48.612,,1003
2024-09-17 11:44:48.625,415.12312198444096,7
2024-09-17 11:44:48.638,415.2350944140715,102
2024-09-17 11:44:48.681,415.1737564417755,1000
2024-09-17 11:44:48.735,415.2594742780613,1000
2024-09-17 11:44:48.815,415.3102152307237,5
2024-09-17 11:44:48.873,415.11588525943154,999
2024-09-17 11:44:48.884,415.10840090939854,6
2024-09-17 11:44:49.043,415.1128417774885,996
2024-09-17 11:44:49.047,415.1384186950231,1004
2024-09-17 11:44:49.054,415.1453726211384,102
2024-09-17 11:44:49.091,415.09726681485046,99
2024-09-17 11:44:49.117,415.1423115553171,103
2024-09-17 11:44:49.140,415.1424527966758,100
2024-09-17 11:44:49.167,415.1148604360202,95
2024-09-17 11:44:49.184,415.1435068805378,95
2024-09-17 11:44:49.265,415.1039348973554,10
2024-09-17 11:44:49.314,415.11267982265184,10
2024-09-17 11:44:49.327,415.1099467239521,8
2024-09-17 11:44:49.380,415.07959767350593,102
2024-09-17 11:44:49.384,415.1165381909354,9
2024-09-17 11:44:49.384,-415.1377646658926,13
2024-09-17 11:44:49.422,415.1415951179137,103
2024-09-17 11:44:49.451,415.0847573262213,96
2024-09-17 11:44:49.499,415.1301359265332,98
2024-09-17 11:44:49.588,415.0787959494381,12
2024-09-17 11:44:49.589,415.1031113956138,100
2024-09-17 11:44:49.622,415.1156004367137,14
2024-09-17 11:44:49.636,415.1443931626456,9
2024-09-17 11:44:49.869,415.12881655139535,1004
2024-09-17 11:44:49.875,415.0948044903657,15
2024-09-17 11:44:49.883,415.083257328138,9
2024-09-17 11:44:49.886,415.0921790781063,101
2024-09-17 11:44:49.893,415.1060208927408,103
2024-09-17 11:44:49.995,415.11812387229344,102
2024-09-17 11:44:50.441,415.092366352032,999
2024-09-17 11:44:50.518,415.0915552941371,97
2024-09-17 11:44:50.785,415.10239537332615,999
2024-09-17 11:44:50.845,415.08982401529,96
2024-09-17 11:44:51.069,415.107082818322,996
2024-09-17 11:44:51.157,415.1452263305158,96
2024-09-17 11:44:51.254,415.1501210330261,101
2024-09-17 11:44:51.276,415.1212173716199,96
2024-09-17 11:44:51.319,415.08617045942526,8
2024-09-17 11:44:51.352,415.1048932845492,995
2024-09-17 11:44:51.352,415.10679726710686,10
2024-09-17 11:44:51.366,415.1096568613656,100
2024-09-17 11:44:51.392,415.0846522081754,104
2024-09-17 11:44:51.402,415.1234958025214,13
2024-09-17 11:44:51.419,415.0986812275501,5
2024-09-17 11:44:51.453,415.09890098050994,998
2024-09-17 11:44:51.594,415.08771396671415,96
2024-09-17 11:44:51.602,415.07841974205104,996
2024-09-17 11:44:51.691,415.0783503262903,100
2024-09-17 11:44:51.793,415.1013480063477,1003
2024-09-17 11:44:51.871,415.117535668429,10
2024-09-17 11:44:51.914,415.0987031417112,95
2024-09-17 11:44:52.148,415.1313027197247,12
2024-09-17 11:44:52.386,415.1402397090427,104
2024-09-17 11:44:52.395,415.13303405085736,998
2024-09-17 11:44:52.571,415.11575409685406,15
2024-09-17 11:44:52.671,415.13690893383017,13
2024-09-17 11:44:52.749,415.12379166660406,97
2024-09-17 11:44:52.809,415.1200923620922,996
2024-09-17 11:44:52.914,415.116093935768,995
2024-09-17 11:44:52.992,415.1174449773623,101
2024-09-17 11:44:53.007,415.1349341897825,95
2024-09-17 11:44:53.025,415.1287714920661,104
2024-09-17 11:44:53.053,415.1868566592053,13
2024-09-17 11:44:53.119,415.1316828707406,1001
2024-09-17 11:44:53.155,415.1850180373632,8
2024-09-17 11:44:53.281,415.1299629206373,1001
2024-09-17 11:44:53.310,415.1853586708388,10
2024-09-17 11:44:53.422,415.1928786718415,100
2024-09-17 11:44:53.476,415.1918835768317,96
2024-09-17 11:44:53.484,415.20259921553566,1003
2024-09-17 11:44:53.559,415.1284882690823,1001
2024-09-17 11:44:53.628,415.17484789818354,99
2024-09-17 11:44:53.650,415.1342066294344,100
2024-09-17 11:44:53.682,415.1948169320816,105
2024-09-17 11:44:53.733,415.17578145245386,1005
2024-09-17 11:44:53.815,415.1328354061042,102
2024-09-17 11:44:53.912,415.1476440012734,104
2024-09-17 11:44:54.010,415.188635302557,997
2024-09-17 11:44:54.024,415.1793347486383,98
2024-09-17 11:44:54.051,415.2058183644274,997
2024-09-17 11:44:54.074,415.21311099794417,1001
2024-09-17 11:44:54.143,415.1869989633244,104
2024-09-17 11:44:54.153,415.2352641187251,98
2024-09-17 11:44:54.278,415.1836726764898,999
2024-09-17 11:44:54.290,415.1882432990366,11
2024-09-17 11:44:54.353,415.1791755494056,104
2024-09-17 11:44:54.462,415.1931499416536,10
2024-09-17 11:44:54.497,415.2101157968662,5
2024-09-17 11:44:54.533,415.188926955283,1005
2024-09-17 11:44:54.637,415.19101640006966,98
2024-09-17 11:44:54.984,415.1933906363252,105
2024-09-17 11:44:55.035,415.26154884339263,104
2024-09-17 11:44:55.045,415.2054428777324,95
2024-09-17 11:44:55.057,415.2726670586874,1002
2024-09-17 11:44:55.066,415.26490619206686,102
2024-09-17 11:44:55.127,415.2469623787878,15
2024-09-17 11:44:55.142,415.25207703371296,996
2024-09-17 11:44:55.197,415.209857719466,996
2024-09-17 11:44:55.295,415.2338847714608,14
2024-09-17 11:44:55.298,415.2359376594727,105
2024-09-17 11:44:55.341,415.2069299842456,105
2024-09-17 11:44:55.435,415.2301010315915,1004
2024-09-17 11:44:55.512,415.2458795627421,12
2024-09-17 11:44:55.540,415.2016485029262,100
2024-09-17 11:44:55.617,415.2660856624133,10
2024-09-17 11:44:55.618,415.2494488628992,103
2024-09-17 11:44:55.670,415.2183766352949,1001
2024-09-17 11:44:55.734,415.2314117423649,5
2024-09-17 11:44:55.745,415.2586048380704,996
2024-09-17 11:44:55.809,415.2146202369528,998
2024-09-17 11:44:55.838,415.2387049681311,96
2024-09-17 11:44:55.952,415.2234615516364,999
2024-09-17 11:44:55.953,415.2352381368012,8
2024-09-17 11:44:56.066,415.2612422787736,5
2024-09-17 11:44:56.078,415.31467829261805,1005
2024-09-17 11:44:56.103,415.2520195290076,996
2024-09-17 11:44:56.135,415.305967869896,1000
2024-09-17 11:44:56.144,415.2885215018503,96
2024-09-17 11:44:56.154,41.530928897581056,996
2024-09-17 11:44:56.187,415.2735773968705,1000
2024-09-17 11:44:56.210,415.302308061502,97
2024-09-17 11:44:56.224,415.32658470477344,12
2024-09-17 11:44:56.269,,101
2024-09-17 11:44:56.315,415.28066788923326,14
2024-09-17 11:44:56.384,415.2937685359559,1005
2024-09-17 11:44:56.446,415.2987912190943,1005
2024-09-17 11:44:56.464,415.2798532472684,13
2024-09-17 11:44:56.468,415.25983922014746,8
2024-09-17 11:44:56.556,415.25541979502646,96
2024-09-17 11:44:56.581,415.279672441822,997
2024-09-17 11:44:56.600,415.2642201034158,15
2024-09-17 11:44:56.600,415.2457905117825,998
2024-09-17 11:44:56.640,415.2712029778016,12
2024-09-17 11:44:56.681,415.2913126892476,15
2024-09-17 11:44:56.689,415.26195044890096,11
2024-09-17 11:44:56.788,415.2412755508366,995
2024-09-17 11:44:56.791,,7
2024-09-17 11:44:56.818,415.2386281126312,10
2024-09-17 11:44:56.856,415.3294698786075,101
2024-09-17 11:44:56.882,415.23985063578544,11
2024-09-17 11:44:56.905,415.2838544210152,102
2024-09-17 11:44:58.013,415.2831192749688,15
2024-09-17 11:44:58.359,415.27272361253335,96
2024-09-17 11:44:58.660,415.2826557310759,96
2024-09-17 11:44:58.784,415.2781843663293,998
2024-09-17 11:44:59.423,415.26521776876086,97
2024-09-17 11:44:59.586,415.27218126110967,997
2024-09-17 11:44:59.862,415.2709860862792,6
2024-09-17 11:44:59.921,415.2832506722124,98
