Timestamp,Price,Size
2024-09-19 10:15:00.029,418.2164964077713,995
2024-09-19 10:15:00.078,418.2282975846017,996
2024-09-19 10:15:00.125,418.2236404066352,1003
2024-09-19 10:15:00.157,418.22278343217823,5
2024-09-19 10:15:00.212,418.1808905080501,12
2024-09-19 10:15:00.267,418.1816670837149,9
2024-09-19 10:15:00.328,418.1982912201945,11
2024-09-19 10:15:00.356,,1002
2024-09-19 10:15:00.455,418.2108184902802,5
2024-09-19 10:15:00.513,418.2054073030669,6
2024-09-19 10:15:00.537,418.21914753942247,101
2024-09-19 10:15:00.541,418.2189899246481,1000
2024-09-19 10:15:00.606,418.21748872608,10
2024-09-19 10:15:00.622,418.2185117409003,12
2024-09-19 10:15:00.673,418.2012515896696,6
2024-09-19 10:15:00.681,418.2206994774486,15
2024-09-19 10:15:00.699,418.2150788027706,103
2024-09-19 10:15:00.797,418.1889405807528,1003
2024-09-19 10:15:00.948,418.22883810861896,996
2024-09-19 10:15:00.989,418.216865751974,1004
2024-09-19 10:15:01.279,418.2280468747447,998
2024-09-19 10:15:01.542,418.2019933571431,1001
2024-09-19 10:15:01.583,418.20907556979233,1005
2024-09-19 10:15:02.014,418.2279603105644,1002
2024-09-19 10:15:02.135,-418.2282026701778,100
2024-09-19 10:15:02.182,418.236808748903,14
2024-09-19 10:15:02.212,418.24948289909406,99
2024-09-19 10:15:02.264,418.22935311808953,997
2024-09-19 10:15:02.293,418.23010088243655,1002
2024-09-19 10:15:02.621,418.2261950913773,103
2024-09-19 10:15:02.673,418.2426531100514,1002
2024-09-19 10:15:02.702,418.23521018259066,999
2024-09-19 10:15:02.721,418.226904442543,12
2024-09-19 10:15:02.954,418.2385050326404,6
2024-09-19 10:15:03.011,418.2358843992188,9
2024-09-19 10:15:03.041,418.2420566241015,9
2024-09-19 10:15:03.213,418.2418811618378,15
2024-09-19 10:15:03.268,418.2643088727032,103
2024-09-19 10:15:03.303,418.25744846674496,996
2024-09-19 10:15:03.313,418.2363837528865,100
2024-09-19 10:15:03.338,418.2605127935912,105
2024-09-19 10:15:03.365,418.24497453521,102
2024-09-19 10:15:03.585,418.2228222904823,8
2024-09-19 10:15:03.634,418.2652107656999,13
2024-09-19 10:15:03.667,,10
2024-09-19 10:15:03.691,418.26291450833054,8
2024-09-19 10:15:03.704,418.2325736772004,103
2024-09-19 10:15:03.713,418.2626679921037,998
2024-09-19 10:15:03.759,418.2396654833757,102
2024-09-19 10:15:03.893,418.25158868173696,11
2024-09-19 10:15:03.940,418.2272219649736,14
2024-09-19 10:15:03.988,418.2313112123518,999
2024-09-19 10:15:04.520,418.237970742365,11
2024-09-19 10:15:06.023,418.22629884566913,1001
2024-09-19 10:15:06.083,418.2341364961778,99
2024-09-19 10:15:06.094,418.20932755588376,1002
2024-09-19 10:15:06.125,418.2274656689012,11
2024-09-19 10:15:06.126,418.2349313469268,102
2024-09-19 10:15:06.155,418.20791930005686,99
2024-09-19 10:15:06.167,418.2332086705097,95
2024-09-19 10:15:06.247,418.2197288415576,9
2024-09-19 10:15:06.253,418.2345198109984,8
2024-09-19 10:15:06.256,418.2132741819364,101
2024-09-19 10:15:06.378,418.2117731628258,104
2024-09-19 10:15:06.432,418.216627291129,1001
2024-09-19 10:15:06.443,418.22288976888194,1003
2024-09-19 10:15:06.459,418.21474694813486,101
2024-09-19 10:15:06.590,418.202060266114,105
2024-09-19 10:15:06.608,418.2382150348531,99
2024-09-19 10:15:06.627,418.2458764503653,12
2024-09-19 10:15:06.627,418.1973218320748,5
2024-09-19 10:15:06.647,418.2044158353111,97
2024-09-19 10:15:06.671,418.2136717722374,998
2024-09-19 10:15:06.713,418.2217679498087,99
2024-09-19 10:15:06.727,418.2436042676253,1000
2024-09-19 10:15:06.749,418.2001623112487,14
2024-09-19 10:15:06.769,418.2272257384239,99
2024-09-19 10:15:06.848,418.218681203448,5
2024-09-19 10:15:06.895,418.2240247399972,101
2024-09-19 10:15:06.944,418.2303681847218,10
2024-09-19 10:15:06.989,418.19937743403176,105
2024-09-19 10:15:07.361,418.2207528620707,105
2024-09-19 10:15:07.792,418.2013526088003,104
2024-09-19 10:15:07.926,418.2079376559991,995
2024-09-19 10:15:08.002,418.18884614825,1002
2024-09-19 10:15:08.109,418.1939517306479,100
2024-09-19 10:15:08.128,418.18805591907017,996
2024-09-19 10:15:08.171,418.2006734016532,102
2024-09-19 10:15:08.204,418.1356795045468,10
2024-09-19 10:15:08.216,418.1822774264485,100
2024-09-19 10:15:08.286,418.1887026393251,98
2024-09-19 10:15:08.335,418.1875743498132,10
2024-09-19 10:15:08.385,418.1779588108405,95
2024-09-19 10:15:08.463,41.817385122676775,995
2024-09-19 10:15:08.464,418.0741034310106,6
2024-09-19 10:15:08.464,418.1598167101936,105
2024-09-19 10:15:08.465,418.1655387953781,999
2024-09-19 10:15:08.480,418.08710680303386,14
2024-09-19 10:15:08.498,418.1641317558394,995
2024-09-19 10:15:08.517,418.1035875044066,15
2024-09-19 10:15:08.566,418.17769883355226,10
2024-09-19 10:15:08.570,418.17555937942217,1001
2024-09-19 10:15:08.594,418.16117493680014,1000
2024-09-19 10:15:08.604,418.1816359628254,99
2024-09-19 10:15:08.618,418.1854965321199,7
2024-09-19 10:15:08.657,418.1920234705123,6
2024-09-19 10:15:08.716,418.1715168009699,12
2024-09-19 10:15:08.782,418.1494765195524,5
2024-09-19 10:15:08.840,418.1722668974839,103
2024-09-19 10:15:08.914,418.1693285850977,98
2024-09-19 10:15:08.929,418.1634402952076,101
2024-09-19 10:15:09.137,418.0608007104263,100
2024-09-19 10:15:09.218,418.0215429004192,1003
2024-09-19 10:15:09.297,418.067687936651,1001
2024-09-19 10:15:09.359,418.0401778929741,104
2024-09-19 10:15:09.422,418.078133010221,10
2024-09-19 10:15:09.523,418.0166441652005,13
2024-09-19 10:15:09.533,418.0802315422089,997
2024-09-19 10:15:09.693,418.10614046415577,96
2024-09-19 10:15:09.830,418.1027900970457,8
2024-09-19 10:15:09.893,418.0261181173457,95
2024-09-19 10:15:10.003,418.037953802628,99
2024-09-19 10:15:10.148,418.137520819031,996
2024-09-19 10:15:10.192,418.0565107394475,11
2024-09-19 10:15:10.209,418.00048220830223,9
2024-09-19 10:15:10.242,418.09070756456566,996
2024-09-19 10:15:10.262,418.06322013291725,997
2024-09-19 10:15:10.280,418.02798944866726,1001
2024-09-19 10:15:10.330,418.1359537109326,105
2024-09-19 10:15:10.411,418.0011326533906,99
2024-09-19 10:15:10.461,418.0592535765836,99
2024-09-19 10:15:10.528,418.0625684487669,1000
2024-09-19 10:15:10.541,418.1221010921667,1005
2024-09-19 10:15:10.555,418.0809033201479,15
2024-09-19 10:15:10.620,418.0837504044826,13
2024-09-19 10:15:10.624,418.11297888832667,98
2024-09-19 10:15:10.652,418.05969396544594,100
2024-09-19 10:15:10.679,418.0072526446607,1005
2024-09-19 10:15:10.693,418.03391899168,96
2024-09-19 10:15:10.718,418.1072506502365,99
2024-09-19 10:15:10.841,418.0838243813956,100
2024-09-19 10:15:10.865,418.0270403180966,1003
2024-09-19 10:15:10.926,417.9941784419329,14
2024-09-19 10:15:10.927,418.0860230080396,104
2024-09-19 10:15:10.945,418.0628654750241,997
2024-09-19 10:15:10.964,418.0958113541356,1003
2024-09-19 10:15:11.029,418.1584670984024,998
2024-09-19 10:15:11.058,418.1394539527724,1004
2024-09-19 10:15:11.159,418.1441266506825,102
2024-09-19 10:15:11.226,418.1531859938662,96
2024-09-19 10:15:11.239,418.17210256442985,997
2024-09-19 10:15:11.303,418.1316744203349,96
2024-09-19 10:15:11.372,418.1380580712683,998
2024-09-19 10:15:11.380,418.1753158152701,998
2024-09-19 10:15:11.380,418.1383133507777,5
2024-09-19 10:15:11.484,418.1548013681255,105
2024-09-19 10:15:11.605,418.16284841234926,12
2024-09-19 10:15:11.694,418.155834266941,97
2024-09-19 10:15:11.706,418.14937570559846,99
2024-09-19 10:15:11.737,418.1615935516015,96
2024-09-19 10:15:11.937,418.15744308499177,104
2024-09-19 10:15:11.963,418.1459520294061,1001
2024-09-19 10:15:11.979,418.1468617915277,13
2024-09-19 10:15:12.044,418.12410643481365,998
2024-09-19 10:15:12.073,418.1025844750363,101
2024-09-19 10:15:12.075,418.11138951814667,1002
2024-09-19 10:15:12.100,418.1237902193526,8
2024-09-19 10:15:12.173,418.1291771030668,96
2024-09-19 10:15:12.180,418.15467899170886,8
2024-09-19 10:15:12.305,418.11923101789927,8
2024-09-19 10:15:12.399,418.1174389084823,99
2024-09-19 10:15:12.424,418.1319264417292,98
2024-09-19 10:15:12.470,418.12038728467206,13
2024-09-19 10:15:12.601,418.1240682898588,1004
2024-09-19 10:15:12.617,418.1274149417623,8
2024-09-19 10:15:12.661,418.1333868850455,99
2024-09-19 10:15:12.713,418.12211057120487,998
2024-09-19 10:15:12.745,418.1506554451162,1002
2024-09-19 10:15:12.808,418.1090802740936,15
2024-09-19 10:15:12.900,418.14594003358286,105
2024-09-19 10:15:12.912,418.1311004001544,1002
2024-09-19 10:15:12.986,418.14020404828017,1003
2024-09-19 10:15:13.019,418.1134414804085,13
2024-09-19 10:15:13.051,418.1454601791914,5
2024-09-19 10:15:13.089,418.10413668714847,1002
2024-09-19 10:15:13.095,418.11834994138434,99
2024-09-19 10:15:13.112,418.1139047301874,1004
2024-09-19 10:15:13.274,418.1115384021085,101
2024-09-19 10:15:13.300,418.1139817087246,104
2024-09-19 10:15:13.304,418.1204972490313,105
2024-09-19 10:15:13.314,418.097423129932,15
2024-09-19 10:15:13.388,418.09054649592537,104
2024-09-19 10:15:13.417,-418.1133556355642,1005
2024-09-19 10:15:13.422,418.13153092753214,14
2024-09-19 10:15:13.449,418.0964560694619,13
2024-09-19 10:15:13.530,418.1199775054099,10
2024-09-19 10:15:13.554,418.1081271261482,102
2024-09-19 10:15:13.559,418.11111076783175,998
2024-09-19 10:15:13.567,418.08170227344607,100
2024-09-19 10:15:13.572,418.1009551459576,10
2024-09-19 10:15:13.579,418.1223486782599,996
2024-09-19 10:15:13.596,418.1097041789208,96
2024-09-19 10:15:13.636,418.08435749034805,13
2024-09-19 10:15:13.653,,998
2024-09-19 10:15:13.725,418.122800349713,8
2024-09-19 10:15:13.756,418.1053183384593,95
2024-09-19 10:15:13.906,418.1141531747427,1002
2024-09-19 10:15:13.949,418.1195922460786,9
2024-09-19 10:15:14.011,417.9526863947535,14
2024-09-19 10:15:14.021,417.99211073880537,1001
2024-09-19 10:15:14.023,418.0918225384616,15
2024-09-19 10:15:14.028,418.0489378061353,96
2024-09-19 10:15:14.065,418.0238091279836,7
2024-09-19 10:15:14.085,418.0192618868677,8
2024-09-19 10:15:14.166,418.0946226756027,104
2024-09-19 10:15:14.170,417.9531014089006,995
2024-09-19 10:15:14.199,418.03360440972097,1001
2024-09-19 10:15:14.250,418.02207087310967,100
2024-09-19 10:15:14.254,417.9728247355088,99
2024-09-19 10:15:14.328,418.0439800145374,95
2024-09-19 10:15:14.355,418.01649450220646,5
2024-09-19 10:15:14.361,417.9998681399062,14
2024-09-19 10:15:14.442,418.0464263833922,98
2024-09-19 10:15:14.525,417.95214415304,1004
2024-09-19 10:15:14.587,418.0672288597916,6
2024-09-19 10:15:14.588,418.0177366322185,98
2024-09-19 10:15:14.646,418.07920041078654,103
2024-09-19 10:15:14.653,417.948912808602,11
2024-09-19 10:15:14.659,418.08615109107535,97
2024-09-19 10:15:14.667,418.034966214092,103
2024-09-19 10:15:14.668,418.01257869172895,96
2024-09-19 10:15:14.675,418.0269033444107,1001
2024-09-19 10:15:14.828,417.95583706162745,1002
2024-09-19 10:15:14.842,418.0132163175914,12
2024-09-19 10:15:15.086,417.9828337330733,5
2024-09-19 10:15:15.126,417.97034022899,8
2024-09-19 10:15:15.161,417.98520810174,105
2024-09-19 10:15:15.177,417.9758987972834,97
2024-09-19 10:15:15.206,417.9837585625215,996
2024-09-19 10:15:15.320,418.0280569151003,101
2024-09-19 10:15:15.324,418.0407891627868,14
2024-09-19 10:15:15.492,418.0341716866101,15
2024-09-19 10:15:15.563,417.98529628173935,1001
2024-09-19 10:15:15.564,418.0156965743981,1003
2024-09-19 10:15:15.571,418.0510746248284,99
2024-09-19 10:15:15.731,417.9887522126113,9
2024-09-19 10:15:15.809,418.030849837266,104
2024-09-19 10:15:15.905,417.9981364265998,8
2024-09-19 10:15:15.950,417.9706708901435,97
2024-09-19 10:15:16.248,418.0564734261317,9
2024-09-19 10:15:16.328,418.0549992912845,96
2024-09-19 10:15:16.421,418.0490472262852,14
2024-09-19 10:15:16.482,418.0668449379481,6
2024-09-19 10:15:16.543,418.0515026322103,99
2024-09-19 10:15:16.704,418.0627808338275,11
2024-09-19 10:15:16.775,418.0688866436782,1003
2024-09-19 10:15:16.850,418.0734901396007,12
2024-09-19 10:15:16.951,418.0691442951224,1004
2024-09-19 10:15:17.018,418.06990297766015,1003
2024-09-19 10:15:17.095,418.0597324288152,6
2024-09-19 10:15:17.146,418.0598129946392,102
2024-09-19 10:15:17.161,418.0591696213677,100
2024-09-19 10:15:17.312,418.0469844190883,13
2024-09-19 10:15:17.434,418.0437436628563,996
2024-09-19 10:15:17.567,418.0523424127717,96
2024-09-19 10:15:17.589,418.0575631975343,7
2024-09-19 10:15:17.649,418.0506389031448,105
2024-09-19 10:15:17.932,418.046265819002,10
2024-09-19 10:15:17.972,418.0397317066967,8
2024-09-19 10:15:18.047,418.03865178061454,6
2024-09-19 10:15:20.008,418.0082334154234,1005
2024-09-19 10:15:20.128,418.0235528087844,100
2024-09-19 10:15:20.148,417.9941904869084,105
2024-09-19 10:15:20.177,417.9790352499792,1003
2024-09-19 10:15:20.346,418.00321141875503,99
2024-09-19 10:15:20.452,417.9995703955637,5
2024-09-19 10:15:20.541,417.95820476197423,95
2024-09-19 10:15:20.688,418.01654052116993,100
2024-09-19 10:15:20.888,418.0235412941951,999
2024-09-19 10:15:21.109,417.9756099815323,1002
2024-09-19 10:15:21.121,417.9617997920597,6
2024-09-19 10:15:21.246,417.9646761200839,1001
2024-09-19 10:15:21.272,417.9716503815114,104
2024-09-19 10:15:21.481,417.9450095046588,997
2024-09-19 10:15:21.734,417.945503960424,102
2024-09-19 10:15:21.745,417.97223386047074,1005
2024-09-19 10:15:21.842,417.96766697016335,102
2024-09-19 10:15:21.989,417.94643902179314,1003
2024-09-19 10:15:22.007,417.9889812843882,99
2024-09-19 10:15:22.067,418.0049550051517,1005
2024-09-19 10:15:22.139,417.9602733997553,997
2024-09-19 10:15:22.158,417.9535145022684,1001
2024-09-19 10:15:22.204,417.96609546219423,1005
2024-09-19 10:15:22.237,417.9868907847304,105
2024-09-19 10:15:22.287,417.98782087672265,1000
2024-09-19 10:15:22.332,417.9828856871508,105
2024-09-19 10:15:22.344,417.97167604094295,12
2024-09-19 10:15:22.498,417.9587397463847,10
2024-09-19 10:15:22.563,417.9500204508286,98
2024-09-19 10:15:22.615,417.9850079376595,996
2024-09-19 10:15:22.632,417.9688853780022,10
2024-09-19 10:15:22.659,417.9784314362704,7
2024-09-19 10:15:22.715,417.9733478655992,103
2024-09-19 10:15:22.734,417.9646668504595,996
2024-09-19 10:15:22.751,417.9654764732735,10
2024-09-19 10:15:22.811,417.98919173709805,10
2024-09-19 10:15:22.833,417.9956423770869,100
2024-09-19 10:15:22.896,417.9792134889107,9
2024-09-19 10:15:22.913,417.96080439819866,5
2024-09-19 10:15:22.917,417.9641648485936,999
2024-09-19 10:15:22.927,417.9458787559364,1005
2024-09-19 10:15:22.963,417.9703034947777,995
2024-09-19 10:15:22.965,417.9995286003436,12
2024-09-19 10:15:22.985,417.9722157651634,1001
2024-09-19 10:15:22.998,417.9909671201957,996
2024-09-19 10:15:23.056,418.05928502819546,1001
2024-09-19 10:15:23.171,418.00295169495774,103
2024-09-19 10:15:23.189,418.0415322864323,1003
2024-09-19 10:15:23.227,418.0302010815154,10
2024-09-19 10:15:23.256,418.0601799716672,999
2024-09-19 10:15:23.264,418.0517402483657,99
2024-09-19 10:15:23.313,418.0050021948844,105
2024-09-19 10:15:23.318,418.0189948969573,7
2024-09-19 10:15:23.454,418.0014627753405,97
2024-09-19 10:15:23.473,418.039444409117,98
2024-09-19 10:15:23.477,418.0328955430634,7
2024-09-19 10:15:23.514,418.05269240808826,1002
2024-09-19 10:15:23.569,417.9942206322376,1002
2024-09-19 10:15:23.588,418.0472348115607,995
2024-09-19 10:15:23.620,418.0017447039769,15
2024-09-19 10:15:23.683,418.0157239265279,14
2024-09-19 10:15:23.772,418.04618876601154,13
2024-09-19 10:15:23.857,418.0226800967495,9
2024-09-19 10:15:23.861,418.0639696415108,96
2024-09-19 10:15:23.884,418.02484091606624,997
2024-09-19 10:15:23.912,418.0466007867792,100
2024-09-19 10:15:23.953,418.0483701318491,9
2024-09-19 10:15:23.955,418.0510223572457,8
2024-09-19 10:15:23.958,418.0278265758121,102
2024-09-19 10:15:24.141,418.0140762171772,1003
2024-09-19 10:15:24.388,418.0462509452889,14
2024-09-19 10:15:24.462,418.043570004835,12
2024-09-19 10:15:24.465,418.0266987475105,100
2024-09-19 10:15:24.511,418.0160737107436,11
2024-09-19 10:15:24.754,418.0309789695812,7
2024-09-19 10:15:24.791,418.00723876901657,101
2024-09-19 10:15:24.958,418.01979679173695,103
2024-09-19 10:15:24.991,418.0362037294796,996
2024-09-19 10:15:25.033,417.9864282524978,9
2024-09-19 10:15:25.043,417.9824007633489,98
2024-09-19 10:15:25.047,417.98963220506585,1002
2024-09-19 10:15:25.090,417.99213842534834,5
2024-09-19 10:15:25.098,417.9825869953698,1001
2024-09-19 10:15:25.125,417.9924242340307,999
2024-09-19 10:15:25.128,417.9895508361669,7
2024-09-19 10:15:25.174,418.0061054904054,999
2024-09-19 10:15:25.306,417.9970832475137,10
2024-09-19 10:15:25.317,417.9897882124285,1002
2024-09-19 10:15:25.325,417.9924907519761,96
2024-09-19 10:15:25.375,417.9959317847008,15
2024-09-19 10:15:25.387,417.9966055812433,12
2024-09-19 10:15:25.465,418.0081348318363,1002
2024-09-19 10:15:25.491,417.98276458003977,1001
2024-09-19 10:15:25.512,417.9720114914159,15
2024-09-19 10:15:25.526,417.9970709872538,8
2024-09-19 10:15:25.566,417.9974434155342,999
2024-09-19 10:15:25.579,417.9940907030066,101
2024-09-19 10:15:25.599,418.0211569584976,102
2024-09-19 10:15:25.655,417.9918519650332,6
2024-09-19 10:15:25.693,417.9840516418342,5
2024-09-19 10:15:25.714,418.0044587519851,103
2024-09-19 10:15:25.810,417.9780885810381,98
2024-09-19 10:15:26.984,418.0169464540624,103
2024-09-19 10:15:27.014,418.02631473428295,997
2024-09-19 10:15:27.023,418.03415101609926,995
2024-09-19 10:15:27.025,418.0568177095991,97
2024-09-19 10:15:27.108,418.03173177256735,1002
2024-09-19 10:15:27.127,418.015409948577,95
2024-09-19 10:15:27.141,418.0916733848948,998
2024-09-19 10:15:27.148,418.0024615067525,999
2024-09-19 10:15:27.210,418.0968601241774,13
2024-09-19 10:15:27.237,418.0283763145686,11
2024-09-19 10:15:27.257,418.0105119853288,11
2024-09-19 10:15:27.339,418.0890907266969,12
2024-09-19 10:15:27.506,418.0803509135724,998
2024-09-19 10:15:27.507,418.0116050991077,10
2024-09-19 10:15:27.530,418.0143812069232,1000
2024-09-19 10:15:27.571,418.09281157617374,8
2024-09-19 10:15:27.622,418.02374817103214,999
2024-09-19 10:15:27.625,418.037371813656,11
2024-09-19 10:15:27.626,418.0128156728677,9
2024-09-19 10:15:27.628,-418.0754772796975,98
2024-09-19 10:15:27.673,418.0917922615498,14
2024-09-19 10:15:27.738,418.0914091185767,105
2024-09-19 10:15:27.862,418.0780352141746,13
2024-09-19 10:15:27.880,418.0799265656695,9
2024-09-19 10:15:27.900,418.0079075490776,9
2024-09-19 10:15:27.977,417.99912390193526,95
2024-09-19 10:15:28.098,418.1171148395964,95
2024-09-19 10:15:28.108,418.1146358165427,105
2024-09-19 10:15:28.109,418.1227019924524,15
2024-09-19 10:15:28.140,418.13515430496415,999
2024-09-19 10:15:28.191,-418.1168809198367,101
2024-09-19 10:15:28.294,418.1114048115154,998
2024-09-19 10:15:28.325,418.0939532100301,96
2024-09-19 10:15:28.341,418.11836990380607,995
2024-09-19 10:15:28.438,418.1331917109553,996
2024-09-19 10:15:28.544,418.12663248181286,10
2024-09-19 10:15:28.643,418.1063499068082,997
2024-09-19 10:15:28.858,418.1218988051292,1002
2024-09-19 10:15:28.868,418.12581283649496,1001
2024-09-19 10:15:28.896,418.1296112156625,998
2024-09-19 10:15:28.916,418.1333302690036,995
2024-09-19 10:15:28.957,418.10601429651024,996
2024-09-19 10:15:28.957,418.1049221660738,5
2024-09-19 10:15:28.962,418.1305886032425,7
2024-09-19 10:15:28.993,418.1152505572694,14
2024-09-19 10:15:29.672,418.12093945864746,995
2024-09-19 10:15:29.996,418.1122613010684,995
2024-09-19 10:15:31.020,418.08257178500565,1003
2024-09-19 10:15:31.031,418.1623524716811,5
2024-09-19 10:15:31.047,418.1654324039238,99
2024-09-19 10:15:31.102,418.110689226328,12
2024-09-19 10:15:31.127,418.1169906246335,96
2024-09-19 10:15:31.204,41.81205224635653,6
2024-09-19 10:15:31.247,418.0809777088393,97
2024-09-19 10:15:31.252,418.158499909686,104
2024-09-19 10:15:31.365,418.1451097644132,998
2024-09-19 10:15:31.376,418.12015527533833,11
2024-09-19 10:15:31.413,418.1015787906084,996
2024-09-19 10:15:31.490,418.1458040373805,5
2024-09-19 10:15:31.558,418.1271994703832,10
2024-09-19 10:15:31.570,418.11451569446746,1003
2024-09-19 10:15:31.621,418.128024438575,1000
2024-09-19 10:15:31.622,418.1236958625105,97
2024-09-19 10:15:31.679,418.0732294345131,97
2024-09-19 10:15:31.726,418.0813415899845,8
2024-09-19 10:15:31.761,418.1332897328093,9
2024-09-19 10:15:31.796,418.0943001435247,8
2024-09-19 10:15:31.871,418.08444692479793,995
2024-09-19 10:15:31.900,418.1269158536944,6
2024-09-19 10:15:31.979,418.1719492144044,1003
2024-09-19 10:15:32.214,418.1769798410869,1000
2024-09-19 10:15:32.263,418.1652089654361,998
2024-09-19 10:15:32.295,418.2002970666993,105
2024-09-19 10:15:32.352,418.1505783544767,1001
2024-09-19 10:15:32.387,418.1537966468393,1000
2024-09-19 10:15:32.406,418.17696481825845,1000
2024-09-19 10:15:32.420,418.1977775943933,97
2024-09-19 10:15:32.429,418.1755130565553,12
2024-09-19 10:15:32.448,418.20389832014325,100
2024-09-19 10:15:32.528,41.81966809560296,14
2024-09-19 10:15:32.694,418.1868194668594,103
2024-09-19 10:15:32.769,418.1394352185172,96
2024-09-19 10:15:32.790,418.2073773497281,1003
2024-09-19 10:15:32.809,418.1901398354449,999
2024-09-19 10:15:32.917,418.211615498212,98
2024-09-19 10:15:32.972,418.1902685124715,7
2024-09-19 10:15:32.980,418.1758498210613,97
2024-09-19 10:15:33.153,418.2231530815184,1000
2024-09-19 10:15:33.398,418.1929137085328,1002
2024-09-19 10:15:33.415,418.182074123656,5
2024-09-19 10:15:33.504,418.20201366944207,995
2024-09-19 10:15:33.508,418.21820163414384,1000
2024-09-19 10:15:33.532,418.1986994781282,998
2024-09-19 10:15:33.615,418.1891794888725,1003
2024-09-19 10:15:33.648,418.1734372845697,1004
2024-09-19 10:15:33.687,418.2117109185508,6
2024-09-19 10:15:33.693,418.1842753602137,997
2024-09-19 10:15:34.007,418.2983550223281,998
2024-09-19 10:15:34.011,418.2671075980959,102
2024-09-19 10:15:34.017,418.2463838319939,104
2024-09-19 10:15:34.018,418.2818455823763,1001
2024-09-19 10:15:34.118,418.3091633874278,98
2024-09-19 10:15:34.151,418.28770781594426,997
2024-09-19 10:15:34.373,418.2793694427828,14
2024-09-19 10:15:34.408,418.2870285345383,103
2024-09-19 10:15:34.425,418.25078973802175,1003
2024-09-19 10:15:34.471,418.2246655297872,995
2024-09-19 10:15:34.529,418.23741113290026,104
2024-09-19 10:15:34.557,418.2821090213885,103
2024-09-19 10:15:34.582,418.2527168060432,1004
2024-09-19 10:15:34.638,418.2930585664011,97
2024-09-19 10:15:34.656,418.26704553877295,1003
2024-09-19 10:15:34.703,418.28941208458514,7
2024-09-19 10:15:34.772,418.2961229416335,13
2024-09-19 10:15:34.774,418.285430253088,11
2024-09-19 10:15:34.856,418.284820237117,97
2024-09-19 10:15:34.869,418.29014839070015,104
2024-09-19 10:15:34.875,418.2150497042972,105
2024-09-19 10:15:34.923,418.2765867386345,105
2024-09-19 10:15:34.936,418.2201373783212,14
2024-09-19 10:15:35.295,418.2629474926517,5
2024-09-19 10:15:35.367,418.2733688792306,98
2024-09-19 10:15:35.446,418.2846090669837,1000
2024-09-19 10:15:35.468,418.2524135027946,999
2024-09-19 10:15:35.584,418.24686181877183,96
2024-09-19 10:15:35.620,418.2758980793649,98
2024-09-19 10:15:35.638,418.2736171978885,99
2024-09-19 10:15:35.750,418.2894436708395,5
2024-09-19 10:15:35.755,418.2589352760603,1001
2024-09-19 10:15:35.881,418.2458450647677,105
2024-09-19 10:15:35.929,418.274246456026,98
2024-09-19 10:15:37.257,418.2672232070937,9
2024-09-19 10:15:37.582,418.2596792645409,102
2024-09-19 10:15:37.694,418.2671364605869,1005
2024-09-19 10:15:37.712,418.262509345351,97
2024-09-19 10:15:37.876,418.25605822866254,101
2024-09-19 10:15:38.150,418.25120826458254,999
2024-09-19 10:15:38.193,418.2722282350553,100
2024-09-19 10:15:38.207,418.2589802811049,14
2024-09-19 10:15:38.210,418.2201257905251,999
2024-09-19 10:15:38.245,418.26195692539454,997
2024-09-19 10:15:38.250,41.82520565353539,997
2024-09-19 10:15:38.286,418.232760401293,102
2024-09-19 10:15:38.343,418.22576531465313,103
2024-09-19 10:15:38.394,418.2668553581143,10
2024-09-19 10:15:38.419,418.2592318315842,997
2024-09-19 10:15:38.433,418.2587486943667,6
2024-09-19 10:15:38.451,418.2398371818136,9
2024-09-19 10:15:38.801,418.2419712118398,102
2024-09-19 10:15:38.855,418.2795807157621,1001
2024-09-19 10:15:38.987,418.2771513451055,101
2024-09-19 10:15:39.021,418.14049876774857,98
2024-09-19 10:15:39.047,418.133437918085,997
2024-09-19 10:15:39.077,418.20935288330975,6
2024-09-19 10:15:39.114,418.14309194156,998
2024-09-19 10:15:39.116,418.1688595234762,1001
2024-09-19 10:15:39.235,,9
2024-09-19 10:15:39.375,418.2282163229066,104
2024-09-19 10:15:39.378,418.17376886775617,5
2024-09-19 10:15:39.468,418.1934438317845,13
2024-09-19 10:15:39.620,418.2027619326778,102
2024-09-19 10:15:39.625,418.1928638216253,5
2024-09-19 10:15:39.661,418.215339302498,97
2024-09-19 10:15:39.691,418.2133847109053,101
2024-09-19 10:15:39.730,418.1565887840856,1001
2024-09-19 10:15:39.772,,1001
2024-09-19 10:15:39.784,418.2357645383139,1002
2024-09-19 10:15:39.880,418.1364360404252,98
2024-09-19 10:15:39.903,418.2415906263609,101
2024-09-19 10:15:39.997,418.1947910711,999
2024-09-19 10:15:40.075,418.1424515102304,5
2024-09-19 10:15:40.243,418.15935568753207,6
2024-09-19 10:15:41.062,418.13581162087087,6
2024-09-19 10:15:41.080,418.1137402888713,1005
2024-09-19 10:15:41.091,418.1235904920135,7
2024-09-19 10:15:41.183,418.1477184149536,8
2024-09-19 10:15:41.186,418.1228766062484,95
2024-09-19 10:15:41.251,418.13935950555526,13
2024-09-19 10:15:41.338,41.81664545520811,1000
2024-09-19 10:15:41.441,418.12120769846746,999
2024-09-19 10:15:41.460,418.12005433379886,1004
2024-09-19 10:15:41.504,418.1801274259892,1005
2024-09-19 10:15:41.522,418.1345123881381,103
2024-09-19 10:15:41.799,418.1363710049153,96
2024-09-19 10:15:41.834,418.1471017956603,6
2024-09-19 10:15:41.898,418.1404782459605,95
2024-09-19 10:15:41.929,418.17406595517394,12
2024-09-19 10:15:41.961,418.1403390268493,5
2024-09-19 10:15:42.253,418.1522344548278,5
2024-09-19 10:15:42.295,418.1985614616424,5
2024-09-19 10:15:42.331,418.1429857915311,11
2024-09-19 10:15:42.352,418.2097078811993,102
2024-09-19 10:15:42.361,418.2126610029235,95
2024-09-19 10:15:42.392,418.1717255815099,1003
2024-09-19 10:15:42.412,418.1305045402808,1005
2024-09-19 10:15:42.431,418.167119030842,997
2024-09-19 10:15:42.471,418.2032607568654,103
2024-09-19 10:15:42.534,418.1972283704151,1002
2024-09-19 10:15:42.546,418.1978489081756,6
2024-09-19 10:15:42.577,418.1117618551425,9
2024-09-19 10:15:42.626,418.13346677230766,105
2024-09-19 10:15:42.631,418.2095680122508,99
2024-09-19 10:15:42.635,418.1652648447809,100
2024-09-19 10:15:42.639,418.21258570443047,999
2024-09-19 10:15:42.664,418.1705974642285,100
2024-09-19 10:15:42.730,418.1569402341992,8
2024-09-19 10:15:42.852,418.1436957506471,102
2024-09-19 10:15:42.912,418.2036709203675,99
2024-09-19 10:15:42.919,418.1501692329696,95
2024-09-19 10:15:42.943,418.18854766240895,1003
2024-09-19 10:15:42.962,418.1803349752799,99
2024-09-19 10:15:42.985,418.1616342748525,996
2024-09-19 10:15:42.995,418.13614422030594,1002
2024-09-19 10:15:43.111,418.1107824471831,8
2024-09-19 10:15:43.178,418.0995057071619,998
2024-09-19 10:15:43.180,418.1156352933663,13
2024-09-19 10:15:43.212,418.13094638874105,1005
2024-09-19 10:15:43.223,418.1360078409766,105
2024-09-19 10:15:43.282,418.10185339354143,1002
2024-09-19 10:15:43.414,418.09514288489805,104
2024-09-19 10:15:43.429,418.11038588119806,1005
2024-09-19 10:15:43.459,418.11329639671226,13
2024-09-19 10:15:43.463,-41.81248825125314,1005
2024-09-19 10:15:43.544,418.1259261794582,999
2024-09-19 10:15:43.715,418.1160496684344,1002
2024-09-19 10:15:43.810,418.1353889359343,11
2024-09-19 10:15:43.814,418.0963874061353,15
2024-09-19 10:15:43.859,418.144624435599,102
2024-09-19 10:15:44.029,418.0720328859829,8
2024-09-19 10:15:44.311,418.1337544766839,101
2024-09-19 10:15:44.367,418.1205269023708,97
2024-09-19 10:15:44.635,418.1366162746107,99
2024-09-19 10:15:44.640,418.10738968107376,97
2024-09-19 10:15:44.684,418.1318707283515,1001
2024-09-19 10:15:44.719,418.1270539514671,1004
2024-09-19 10:15:44.858,418.128458784894,8
2024-09-19 10:15:44.969,418.1075080766669,1003
2024-09-19 10:15:44.975,418.1213923505503,96
2024-09-19 10:15:45.003,418.10747652569086,1002
2024-09-19 10:15:45.059,418.1155408573727,96
2024-09-19 10:15:45.088,418.0854907571077,98
2024-09-19 10:15:45.135,418.0911619347137,997
2024-09-19 10:15:45.138,418.15297173704784,105
2024-09-19 10:15:45.193,418.1601898464848,998
2024-09-19 10:15:45.316,418.075636759199,1001
2024-09-19 10:15:45.373,418.0672540471021,5
2024-09-19 10:15:45.406,418.075735426369,1001
2024-09-19 10:15:45.565,418.128197841574,9
2024-09-19 10:15:45.572,418.1159203909455,995
2024-09-19 10:15:45.760,418.0796667038954,11
2024-09-19 10:15:45.764,418.1038889090953,1003
2024-09-19 10:15:45.944,418.1113160367004,6
2024-09-19 10:15:45.946,418.0696486767824,1001
2024-09-19 10:15:46.195,418.1313780453975,99
2024-09-19 10:15:46.475,418.1591653416783,99
2024-09-19 10:15:46.532,418.1660816083211,1004
2024-09-19 10:15:46.556,418.13622774457775,1001
2024-09-19 10:15:46.598,418.1667546187111,12
2024-09-19 10:15:46.632,418.1538216958158,6
2024-09-19 10:15:46.818,418.1321531597829,103
2024-09-19 10:15:46.870,418.1277543034733,13
2024-09-19 10:15:46.898,418.11547583915575,1004
2024-09-19 10:15:46.901,418.1803820513383,1001
2024-09-19 10:15:46.961,418.1381369893581,102
2024-09-19 10:15:48.127,418.1787526141236,1002
2024-09-19 10:15:48.169,418.1719461978733,104
2024-09-19 10:15:48.245,418.1645451772499,101
2024-09-19 10:15:48.320,418.14779451962727,11
2024-09-19 10:15:48.334,418.1728391470776,97
2024-09-19 10:15:48.451,418.1619485459995,7
2024-09-19 10:15:48.520,418.1310533291062,100
2024-09-19 10:15:48.636,418.16651430483546,997
2024-09-19 10:15:48.654,418.1536942455032,101
2024-09-19 10:15:48.751,418.1447534181282,5
2024-09-19 10:15:49.094,418.05476700313534,1003
2024-09-19 10:15:49.140,418.0226529852888,6
2024-09-19 10:15:49.150,418.0494633670036,11
2024-09-19 10:15:49.286,418.0990591691774,5
2024-09-19 10:15:49.301,418.0561565209162,997
2024-09-19 10:15:49.342,418.082727603306,14
2024-09-19 10:15:49.348,418.0872781522005,1001
2024-09-19 10:15:49.367,418.0984023909728,1004
2024-09-19 10:15:49.376,41.80814666221079,97
2024-09-19 10:15:49.541,418.0563965445132,14
2024-09-19 10:15:49.595,418.03802026653767,102
2024-09-19 10:15:49.602,418.0783976133279,102
2024-09-19 10:15:49.645,418.0337949454319,1004
2024-09-19 10:15:49.660,418.0984320613252,95
2024-09-19 10:15:49.674,418.1053174966764,8
2024-09-19 10:15:49.693,,995
2024-09-19 10:15:49.705,418.0940247395688,102
2024-09-19 10:15:49.716,418.0429021988352,105
2024-09-19 10:15:49.739,418.02822912766567,1000
2024-09-19 10:15:49.845,418.0505627831859,8
2024-09-19 10:15:49.906,418.0937440542157,97
2024-09-19 10:15:49.918,418.060482847502,97
2024-09-19 10:15:50.304,418.0364431217648,96
2024-09-19 10:15:50.627,418.0242754921998,15
2024-09-19 10:15:50.638,-418.0210757134199,99
2024-09-19 10:15:50.867,418.033148285427,101
2024-09-19 10:15:50.991,418.0300472347487,104
2024-09-19 10:15:51.054,418.0730512846724,1003
2024-09-19 10:15:51.071,418.0024693820215,102
2024-09-19 10:15:51.139,418.0581983051712,105
2024-09-19 10:15:51.157,418.0499121476221,995
2024-09-19 10:15:51.182,418.0392131499303,998
2024-09-19 10:15:51.317,418.0813278189816,95
2024-09-19 10:15:51.364,418.01554977114256,7
2024-09-19 10:15:51.425,418.0039034384576,104
2024-09-19 10:15:51.425,418.0871890881329,999
2024-09-19 10:15:51.446,418.0581153539832,8
2024-09-19 10:15:51.493,418.0058871736204,101
2024-09-19 10:15:51.642,418.070115470657,97
2024-09-19 10:15:51.766,418.08637960888575,7
2024-09-19 10:15:51.774,418.0712445209532,11
2024-09-19 10:15:51.856,418.02802404777697,10
2024-09-19 10:15:51.976,418.0782669835376,1000
2024-09-19 10:15:51.991,,10
2024-09-19 10:15:51.992,418.00281660021193,98
2024-09-19 10:15:52.021,418.08535555329394,15
2024-09-19 10:15:52.051,418.1228859171605,1005
2024-09-19 10:15:52.204,418.1130518685546,98
2024-09-19 10:15:52.234,418.1192279047137,103
2024-09-19 10:15:52.237,418.08283457447953,1001
2024-09-19 10:15:52.316,418.0873298638195,97
2024-09-19 10:15:52.373,418.1167372546598,1005
2024-09-19 10:15:52.422,418.0687592836314,12
2024-09-19 10:15:52.682,418.0741043296064,1004
2024-09-19 10:15:52.834,418.09315562609993,98
2024-09-19 10:15:52.969,418.06432849532166,5
2024-09-19 10:15:53.060,418.1673146056187,98
2024-09-19 10:15:53.147,418.1758296266801,14
2024-09-19 10:15:53.181,418.1322626031166,104
2024-09-19 10:15:53.317,418.1746045929828,104
2024-09-19 10:15:53.320,418.14667401415625,99
2024-09-19 10:15:53.334,418.1441090750232,13
2024-09-19 10:15:53.408,418.1636733801196,1002
2024-09-19 10:15:53.468,418.1650340493029,5
2024-09-19 10:15:53.471,418.1404881254631,6
2024-09-19 10:15:53.532,,96
2024-09-19 10:15:53.609,418.14376067389634,9
2024-09-19 10:15:53.683,418.1554725407688,102
2024-09-19 10:15:53.703,418.1495779935304,1002
2024-09-19 10:15:53.731,418.1786855804684,15
2024-09-19 10:15:53.764,418.1474831025286,998
2024-09-19 10:15:53.824,418.1564758187714,12
2024-09-19 10:15:53.829,418.1634355701737,95
2024-09-19 10:15:53.831,418.1645582390436,8
2024-09-19 10:15:53.889,418.1435370534306,97
2024-09-19 10:15:53.891,418.1508257296426,998
2024-09-19 10:15:53.893,418.1318706572332,14
2024-09-19 10:15:53.904,418.1629449638521,97
2024-09-19 10:15:53.918,418.16142698353866,999
2024-09-19 10:15:53.931,418.1676491170322,998
2024-09-19 10:15:53.935,418.1461409730761,1003
2024-09-19 10:15:53.970,418.13208877316936,99
2024-09-19 10:15:54.964,418.191924633725,1001
2024-09-19 10:15:55.102,418.1654541718041,9
2024-09-19 10:15:55.171,418.1695549603015,102
2024-09-19 10:15:55.243,418.1690322558573,15
2024-09-19 10:15:55.422,418.1790549787559,102
2024-09-19 10:15:55.429,41.81671037383264,1005
2024-09-19 10:15:55.603,418.1650225120541,8
2024-09-19 10:15:55.612,418.1882316931681,6
2024-09-19 10:15:55.688,418.17400401862665,1005
2024-09-19 10:15:55.876,418.1636150046709,102
2024-09-19 10:15:56.009,418.1558839787095,995
2024-09-19 10:15:56.077,418.1613239809134,1001
2024-09-19 10:15:56.114,418.1882622319886,8
2024-09-19 10:15:56.176,418.18641235267495,15
2024-09-19 10:15:56.186,418.1771580803292,105
2024-09-19 10:15:56.387,418.16288443811766,95
2024-09-19 10:15:56.414,418.1740350708475,101
2024-09-19 10:15:56.465,418.1743187730139,1002
2024-09-19 10:15:56.494,418.1827569495818,7
2024-09-19 10:15:56.682,418.17209243046864,14
2024-09-19 10:15:56.722,418.1673140422956,7
2024-09-19 10:15:56.772,418.18935415377183,1001
2024-09-19 10:15:56.773,418.1858939437313,996
2024-09-19 10:15:56.815,418.1744924303643,103
2024-09-19 10:15:56.844,418.1749375669429,12
2024-09-19 10:15:56.869,418.1936470161104,95
2024-09-19 10:15:56.952,418.1626202225656,102
2024-09-19 10:15:57.023,418.2743033681639,12
2024-09-19 10:15:57.056,418.1957174368318,102
2024-09-19 10:15:57.155,418.3584882605803,995
2024-09-19 10:15:57.174,418.3171309815736,1005
2024-09-19 10:15:57.219,418.3145919376802,13
2024-09-19 10:15:57.241,418.309084648406,100
2024-09-19 10:15:57.277,418.1894271988124,7
2024-09-19 10:15:57.281,418.3545003701449,1000
2024-09-19 10:15:57.353,418.3115627893761,5
2024-09-19 10:15:57.443,418.2700957051773,15
2024-09-19 10:15:57.482,418.3294283398884,1005
2024-09-19 10:15:57.556,418.23628471944073,1003
2024-09-19 10:15:57.583,418.2269337709374,96
2024-09-19 10:15:57.591,418.3183447820373,105
2024-09-19 10:15:57.618,418.3186050226914,10
2024-09-19 10:15:57.685,418.3067788904427,7
2024-09-19 10:15:57.704,418.28225232603626,1001
2024-09-19 10:15:57.729,418.3660260892523,5
2024-09-19 10:15:57.731,418.2623865065495,1002
2024-09-19 10:15:57.759,418.3066990064966,998
2024-09-19 10:15:57.889,418.26522815470906,997
2024-09-19 10:15:57.889,418.301613141111,104
2024-09-19 10:15:57.905,418.3469821193367,1002
2024-09-19 10:15:57.928,418.2305722182527,7
2024-09-19 10:15:57.979,418.31854931616897,95
2024-09-19 10:15:57.999,418.36082781064977,15
2024-09-19 10:15:58.049,418.3706167642278,1005
2024-09-19 10:15:58.184,418.36945643261606,13
2024-09-19 10:15:58.263,418.35025348163606,96
2024-09-19 10:15:58.275,418.36600699537473,1002
2024-09-19 10:15:58.318,418.3669509266937,997
2024-09-19 10:15:58.415,418.38130926090537,8
2024-09-19 10:15:58.482,418.3704633786716,11
2024-09-19 10:15:58.512,418.3665959055633,997
2024-09-19 10:15:58.662,418.3706753403117,9
2024-09-19 10:15:58.689,,5
2024-09-19 10:15:58.698,418.36706137777,98
2024-09-19 10:15:58.725,418.37007896796456,100
2024-09-19 10:15:58.877,418.35713659230805,998
2024-09-19 10:15:58.886,418.3856067638704,5
2024-09-19 10:15:59.125,418.35258482659975,95
2024-09-19 10:15:59.374,418.3504690411799,99
2024-09-19 10:15:59.607,418.3508925816023,1004
2024-09-19 10:15:59.609,418.3555181973955,101
2024-09-19 10:15:59.637,418.3595570461583,12
2024-09-19 10:15:59.638,41.83604847652183,1003
2024-09-19 10:15:59.817,418.34744440398185,5
