Timestamp,Price,Size
2024-09-19 15:44:00.001,418.7791716710692,98
2024-09-19 15:44:00.008,418.8453116784135,998
2024-09-19 15:44:00.013,418.8284876736445,1001
2024-09-19 15:44:00.039,418.6329376860081,100
2024-09-19 15:44:00.162,418.8237164815304,6
2024-09-19 15:44:00.188,418.8285023648774,97
2024-09-19 15:44:00.204,418.6966059434696,11
2024-09-19 15:44:00.207,418.735228952773,95
2024-09-19 15:44:00.274,418.7093963205818,8
2024-09-19 15:44:00.295,418.70053484398113,998
2024-09-19 15:44:00.310,418.7787361267144,995
2024-09-19 15:44:00.390,418.8247704454494,96
2024-09-19 15:44:00.429,418.71466300129134,5
2024-09-19 15:44:00.432,418.6584079995521,96
2024-09-19 15:44:00.453,418.6816426277495,997
2024-09-19 15:44:00.504,418.7790198794468,996
2024-09-19 15:44:00.512,418.82645844929175,999
2024-09-19 15:44:00.523,418.6195623739576,15
2024-09-19 15:44:00.532,418.7213692830987,13
2024-09-19 15:44:00.533,418.7050605211398,998
2024-09-19 15:44:00.544,418.6951228917959,5
2024-09-19 15:44:00.638,418.744999082911,1004
2024-09-19 15:44:00.668,418.7025173717689,101
2024-09-19 15:44:00.707,418.7685025497952,999
2024-09-19 15:44:00.716,418.6870995597204,9
2024-09-19 15:44:00.802,418.6715836486217,12
2024-09-19 15:44:00.842,418.6313028612414,15
2024-09-19 15:44:00.880,418.79761145718,14
2024-09-19 15:44:00.901,418.72208376956337,15
2024-09-19 15:44:00.983,418.750482566589,105
2024-09-19 15:44:01.042,418.81510246566864,14
2024-09-19 15:44:01.180,418.8022268428404,1003
2024-09-19 15:44:01.197,418.80699733358847,995
2024-09-19 15:44:01.315,418.8266996062948,98
2024-09-19 15:44:01.322,418.82116730571295,98
2024-09-19 15:44:01.507,,102
2024-09-19 15:44:01.591,418.8141703873001,105
2024-09-19 15:44:01.837,418.8202871931209,12
2024-09-19 15:44:01.935,418.8079601660114,11
2024-09-19 15:44:03.075,418.80521647282393,997
2024-09-19 15:44:03.163,418.805482599795,1000
2024-09-19 15:44:03.169,418.77022451930793,998
2024-09-19 15:44:03.493,418.8149342482628,996
2024-09-19 15:44:03.577,418.8207397399702,5
2024-09-19 15:44:03.605,418.7909454288471,12
2024-09-19 15:44:03.659,418.813494713801,996
2024-09-19 15:44:03.744,418.7784592277522,11
2024-09-19 15:44:03.827,418.78741769503625,1003
2024-09-19 15:44:03.838,418.797959254329,998
2024-09-19 15:44:03.849,418.7921479672588,101
2024-09-19 15:44:03.863,418.806099584337,99
2024-09-19 15:44:03.884,418.7895681746176,7
2024-09-19 15:44:03.932,418.7660302050877,98
2024-09-19 15:44:04.032,418.8044082797949,1001
2024-09-19 15:44:04.087,418.7781094188015,10
2024-09-19 15:44:04.101,418.782242261001,10
2024-09-19 15:44:04.187,418.7742872300032,102
2024-09-19 15:44:04.263,418.7810795683261,1000
2024-09-19 15:44:04.368,418.787923029986,6
2024-09-19 15:44:04.475,418.80997096524527,99
2024-09-19 15:44:04.514,418.791602678983,104
2024-09-19 15:44:04.516,418.7953978487742,996
2024-09-19 15:44:04.518,418.7726945479778,1000
2024-09-19 15:44:04.577,418.79561207779386,15
2024-09-19 15:44:04.695,418.8008389618159,10
2024-09-19 15:44:04.782,418.7798298653394,999
2024-09-19 15:44:04.813,418.7699135561112,8
2024-09-19 15:44:04.832,418.8111706412327,96
2024-09-19 15:44:04.834,418.7824432179492,15
2024-09-19 15:44:04.882,418.79393747790505,1000
2024-09-19 15:44:04.893,418.7931122360275,96
2024-09-19 15:44:04.896,418.7816592548669,7
2024-09-19 15:44:04.963,418.8023984155004,1001
2024-09-19 15:44:04.980,418.80961249753216,9
2024-09-19 15:44:05.221,418.81381783544657,1002
2024-09-19 15:44:05.363,418.9407791857467,10
2024-09-19 15:44:06.120,418.8305588527265,15
2024-09-19 15:44:06.150,418.820155082534,14
2024-09-19 15:44:06.196,418.8292855337695,15
2024-09-19 15:44:06.270,418.8105229628312,102
2024-09-19 15:44:06.328,418.8056829903615,103
2024-09-19 15:44:06.331,418.8285987778531,6
2024-09-19 15:44:06.343,418.8177053163952,101
2024-09-19 15:44:06.391,418.81280670755183,102
2024-09-19 15:44:06.475,418.8247172390011,105
2024-09-19 15:44:06.529,418.81755159219495,999
2024-09-19 15:44:06.544,418.8095989101357,104
2024-09-19 15:44:06.555,418.7986904376848,1004
2024-09-19 15:44:06.672,418.81021846577625,8
2024-09-19 15:44:06.690,418.8155854180035,100
2024-09-19 15:44:06.753,418.8304246464192,13
2024-09-19 15:44:06.785,418.8087168209589,1000
2024-09-19 15:44:06.926,418.8218646833735,14
2024-09-19 15:44:06.928,418.82992287695953,1004
2024-09-19 15:44:06.969,418.7979792112556,101
2024-09-19 15:44:07.234,418.813971549262,11
2024-09-19 15:44:08.056,418.8131987098474,1002
2024-09-19 15:44:08.341,418.8040495772957,11
2024-09-19 15:44:08.496,419.057840762898,6
2024-09-19 15:44:08.818,418.82862706547326,99
2024-09-19 15:44:09.044,418.82155755210414,1005
2024-09-19 15:44:09.084,418.7701856691097,99
2024-09-19 15:44:09.124,418.7792734360029,1004
2024-09-19 15:44:09.182,418.76621255556336,14
2024-09-19 15:44:09.206,418.80965081024925,98
2024-09-19 15:44:09.232,418.8173123340972,999
2024-09-19 15:44:09.236,418.8227528681549,95
2024-09-19 15:44:09.282,418.81576406690095,97
2024-09-19 15:44:09.383,418.81388845055886,7
2024-09-19 15:44:09.422,418.7889829655975,95
2024-09-19 15:44:09.544,418.8110269876226,997
2024-09-19 15:44:09.561,418.8102445788608,998
2024-09-19 15:44:09.571,418.80344203525766,97
2024-09-19 15:44:09.603,418.819480832035,1000
2024-09-19 15:44:09.689,418.8153816357346,11
2024-09-19 15:44:09.690,418.801472335562,103
2024-09-19 15:44:09.742,418.8302875259608,95
2024-09-19 15:44:09.763,418.7871380978473,996
2024-09-19 15:44:09.774,418.8330777374648,7
2024-09-19 15:44:09.939,418.8144702156756,97
2024-09-19 15:44:09.959,418.8242208393626,996
2024-09-19 15:44:09.974,418.8142405717802,1005
2024-09-19 15:44:10.034,418.772944014568,1005
2024-09-19 15:44:10.044,418.7788171748492,11
2024-09-19 15:44:10.129,418.782550677692,9
2024-09-19 15:44:10.152,418.7752525613165,14
2024-09-19 15:44:10.212,418.7911449139895,9
2024-09-19 15:44:10.214,418.7817390189932,15
2024-09-19 15:44:10.263,418.7795586083924,996
2024-09-19 15:44:10.301,418.7663435473845,997
2024-09-19 15:44:10.317,418.7741282113607,12
2024-09-19 15:44:10.341,418.77611751755495,1000
2024-09-19 15:44:10.349,418.777911614987,1001
2024-09-19 15:44:10.349,418.7664543346815,95
2024-09-19 15:44:10.380,418.7770601480498,12
2024-09-19 15:44:10.521,418.7623749352832,1005
2024-09-19 15:44:10.589,418.7719961395077,101
2024-09-19 15:44:10.639,418.7794527642993,995
2024-09-19 15:44:10.657,418.7823119728786,5
2024-09-19 15:44:10.703,418.7722794342524,11
2024-09-19 15:44:10.708,418.77461742342206,997
2024-09-19 15:44:10.896,418.7757509269464,100
2024-09-19 15:44:10.915,418.7894756762671,999
2024-09-19 15:44:10.980,418.7678442174306,1005
2024-09-19 15:44:11.068,418.75653317850725,6
2024-09-19 15:44:11.227,418.7533354115404,13
2024-09-19 15:44:11.363,418.7610823059757,13
2024-09-19 15:44:11.485,418.75609962318856,104
2024-09-19 15:44:11.496,418.7620710535041,999
2024-09-19 15:44:11.502,418.75792491791856,996
2024-09-19 15:44:11.563,418.7614143396104,1001
2024-09-19 15:44:11.710,418.76014237543393,104
2024-09-19 15:44:11.726,418.765099806517,9
2024-09-19 15:44:11.866,41.876200544422105,1004
2024-09-19 15:44:11.900,418.77186588222224,1004
2024-09-19 15:44:11.939,418.76190643706826,11
2024-09-19 15:44:11.981,418.7621382281218,999
2024-09-19 15:44:12.005,418.76913205405856,98
2024-09-19 15:44:12.121,418.8035638447886,1005
2024-09-19 15:44:12.122,418.78199895574096,100
2024-09-19 15:44:12.219,418.7694217756609,97
2024-09-19 15:44:12.235,418.7932652176548,999
2024-09-19 15:44:12.306,418.7457346359338,997
2024-09-19 15:44:12.362,418.7956375003234,95
2024-09-19 15:44:12.442,418.78719158507823,11
2024-09-19 15:44:12.512,418.7891659189858,9
2024-09-19 15:44:12.641,418.7547894501871,1005
2024-09-19 15:44:12.788,418.7807834645673,996
2024-09-19 15:44:12.852,418.7834696383246,10
2024-09-19 15:44:12.864,418.781981517242,1000
2024-09-19 15:44:12.876,418.76824179778777,8
2024-09-19 15:44:12.886,418.7949665036077,103
2024-09-19 15:44:12.924,418.7763486434069,9
2024-09-19 15:44:12.948,418.7868231120394,996
2024-09-19 15:44:12.955,418.7869614549234,96
2024-09-19 15:44:13.104,418.7869887255019,10
2024-09-19 15:44:13.111,418.76867877476025,97
2024-09-19 15:44:13.174,418.801920100448,10
2024-09-19 15:44:13.202,418.8097406722079,998
2024-09-19 15:44:13.286,418.8207266240619,7
2024-09-19 15:44:13.300,418.8034536445245,1004
2024-09-19 15:44:13.486,418.79074650184526,1004
2024-09-19 15:44:13.711,418.7686528642189,8
2024-09-19 15:44:13.713,418.7826783922513,98
2024-09-19 15:44:13.784,418.79629000623294,1003
2024-09-19 15:44:13.785,418.80445053096906,102
2024-09-19 15:44:13.886,418.7841811241696,1004
2024-09-19 15:44:13.932,418.8001070772533,6
2024-09-19 15:44:14.167,418.7898086448148,996
2024-09-19 15:44:14.171,418.8150930195964,9
2024-09-19 15:44:14.251,418.805817142447,101
2024-09-19 15:44:14.406,418.7958346370398,99
2024-09-19 15:44:14.457,418.787378100523,5
2024-09-19 15:44:14.552,418.787941710937,1002
2024-09-19 15:44:14.598,418.7954821371089,999
2024-09-19 15:44:14.662,418.807390042312,1002
2024-09-19 15:44:14.762,418.7999586926699,1003
2024-09-19 15:44:14.820,418.79039107594383,12
2024-09-19 15:44:14.875,418.79715446867806,101
2024-09-19 15:44:14.996,418.8048312577711,995
2024-09-19 15:44:15.094,418.9084673729933,13
2024-09-19 15:44:16.119,418.82730856665376,1003
2024-09-19 15:44:16.203,418.7525228959878,1005
2024-09-19 15:44:16.228,418.7660065899604,12
2024-09-19 15:44:16.354,41.87706742014907,999
2024-09-19 15:44:16.480,418.829082864973,5
2024-09-19 15:44:16.491,418.77042135831306,1003
2024-09-19 15:44:16.525,418.7573549059934,998
2024-09-19 15:44:16.784,418.76761250615925,1000
2024-09-19 15:44:16.886,418.8108903777448,6
2024-09-19 15:44:17.019,418.92980440914994,11
2024-09-19 15:44:17.039,418.8136433218512,98
2024-09-19 15:44:17.194,418.7955950670418,101
2024-09-19 15:44:17.194,41.88683199357659,13
2024-09-19 15:44:17.227,41.89598399517273,101
2024-09-19 15:44:17.233,418.880147087194,996
2024-09-19 15:44:17.247,418.7957483699427,1004
2024-09-19 15:44:17.291,418.8988334376151,99
2024-09-19 15:44:17.322,418.9606921764033,1000
2024-09-19 15:44:17.369,418.93132709263233,13
2024-09-19 15:44:17.394,418.9682370003928,1001
2024-09-19 15:44:17.411,418.8019899837519,98
2024-09-19 15:44:17.430,418.8122376170375,999
2024-09-19 15:44:17.430,418.9544217901434,1000
2024-09-19 15:44:17.448,418.9151130042093,1001
2024-09-19 15:44:17.461,418.9571346644025,1000
2024-09-19 15:44:17.499,418.8204948116621,98
2024-09-19 15:44:17.522,418.79112498389713,98
2024-09-19 15:44:17.542,418.9412628895825,10
2024-09-19 15:44:17.543,418.92836478950665,997
2024-09-19 15:44:17.598,418.802290820713,999
2024-09-19 15:44:17.692,418.8165642973808,11
2024-09-19 15:44:17.699,418.83871704753096,99
2024-09-19 15:44:17.700,418.83395552786936,1001
2024-09-19 15:44:17.718,418.9421787697335,101
2024-09-19 15:44:17.790,418.7979231402818,105
2024-09-19 15:44:17.815,418.8003757454431,7
2024-09-19 15:44:17.886,418.9623688090776,995
2024-09-19 15:44:17.897,418.8832057014218,7
2024-09-19 15:44:17.968,418.9471883191629,97
2024-09-19 15:44:18.054,418.9308165473644,99
2024-09-19 15:44:18.067,418.9355456066583,9
2024-09-19 15:44:18.069,418.9702972819954,99
2024-09-19 15:44:18.095,418.9639402231671,1004
2024-09-19 15:44:18.197,418.9304832914218,9
2024-09-19 15:44:18.353,418.920800680642,97
2024-09-19 15:44:18.378,418.9648192331627,1003
2024-09-19 15:44:18.386,418.9420382038928,996
2024-09-19 15:44:18.469,418.9429161010818,99
2024-09-19 15:44:18.487,418.9401822048927,105
2024-09-19 15:44:18.507,418.9356461774391,95
2024-09-19 15:44:18.534,418.9655627295472,998
2024-09-19 15:44:18.763,418.9620963980595,11
2024-09-19 15:44:18.980,41.883601546274186,12
2024-09-19 15:44:19.084,418.92212460518175,99
2024-09-19 15:44:19.126,418.9101867529297,1005
2024-09-19 15:44:19.162,418.91669500082014,100
2024-09-19 15:44:19.198,418.9149667930233,14
2024-09-19 15:44:19.218,418.9583469150903,15
2024-09-19 15:44:19.255,418.9462113702429,101
2024-09-19 15:44:19.343,41.89835253949433,998
2024-09-19 15:44:19.364,418.9368990276026,103
2024-09-19 15:44:19.586,418.9486551444176,95
2024-09-19 15:44:19.634,418.9437509043257,103
2024-09-19 15:44:19.665,418.9732414608148,105
2024-09-19 15:44:19.708,418.935119188325,14
2024-09-19 15:44:19.717,418.9789240672412,102
2024-09-19 15:44:19.776,418.9321346348308,10
2024-09-19 15:44:19.858,418.9212910639209,14
2024-09-19 15:44:19.923,418.97683542682194,1000
2024-09-19 15:44:20.047,418.9429600193853,1005
2024-09-19 15:44:20.057,418.93940913014745,102
2024-09-19 15:44:20.077,418.9211437855428,97
2024-09-19 15:44:20.166,418.9913187447001,999
2024-09-19 15:44:20.233,419.0387706049185,1003
2024-09-19 15:44:20.244,418.9976805359432,104
2024-09-19 15:44:20.330,418.94376143245125,1000
2024-09-19 15:44:20.367,418.95377928685787,998
2024-09-19 15:44:20.385,41.89427066316499,1000
2024-09-19 15:44:20.399,419.02899363775424,1005
2024-09-19 15:44:20.418,419.038124101826,1001
2024-09-19 15:44:20.429,418.979245319144,7
2024-09-19 15:44:20.522,419.0391799994598,998
2024-09-19 15:44:20.544,,105
2024-09-19 15:44:20.575,419.0570605955578,13
2024-09-19 15:44:20.616,418.94159417253866,95
2024-09-19 15:44:20.628,418.9735037698774,100
2024-09-19 15:44:20.774,419.0216071320757,5
2024-09-19 15:44:20.781,418.9353741983505,95
2024-09-19 15:44:20.782,419.0381309888954,12
2024-09-19 15:44:20.828,419.0317788198712,998
2024-09-19 15:44:20.884,41.89774015398015,14
2024-09-19 15:44:20.887,419.0225823463704,13
2024-09-19 15:44:21.229,419.0555168713932,1001
2024-09-19 15:44:21.248,419.01436836405,995
2024-09-19 15:44:21.349,419.0129255456783,15
2024-09-19 15:44:21.370,419.0035810378536,102
2024-09-19 15:44:21.383,419.0587963298679,9
2024-09-19 15:44:21.387,419.0039002185188,104
2024-09-19 15:44:21.480,419.0400517723087,8
2024-09-19 15:44:21.598,418.99816107065584,7
2024-09-19 15:44:21.614,418.99536511445257,11
2024-09-19 15:44:21.680,418.999349680424,997
2024-09-19 15:44:21.719,419.03671764253113,5
2024-09-19 15:44:21.746,418.9973458731384,100
2024-09-19 15:44:21.828,419.01745385634246,15
2024-09-19 15:44:21.853,419.0252479206977,12
2024-09-19 15:44:21.886,419.043796437361,97
2024-09-19 15:44:22.001,418.9328545218868,1000
2024-09-19 15:44:22.018,418.9600901605207,995
2024-09-19 15:44:22.065,418.94969585747367,14
2024-09-19 15:44:22.222,418.94763400398745,998
2024-09-19 15:44:22.292,418.9346794831085,95
2024-09-19 15:44:22.330,418.9510917651431,104
2024-09-19 15:44:22.377,418.9440426532269,96
2024-09-19 15:44:22.453,418.9208209874525,105
2024-09-19 15:44:22.559,418.9963326210135,98
2024-09-19 15:44:22.716,418.9251681570246,105
2024-09-19 15:44:22.728,418.9367637589813,103
2024-09-19 15:44:22.765,418.98014782041577,105
2024-09-19 15:44:22.833,418.9397879171578,104
2024-09-19 15:44:22.907,418.9442753709548,995
2024-09-19 15:44:23.022,418.9184006515925,99
2024-09-19 15:44:23.023,418.9279762835063,95
2024-09-19 15:44:23.315,418.9167806132604,105
2024-09-19 15:44:23.397,418.89778254561423,999
2024-09-19 15:44:23.481,418.90476783518847,1000
2024-09-19 15:44:23.537,418.93290926408497,105
2024-09-19 15:44:23.567,418.92298540386486,8
2024-09-19 15:44:23.665,418.9251532673586,7
2024-09-19 15:44:23.699,418.9101094826367,95
2024-09-19 15:44:23.834,418.92034313210905,96
2024-09-19 15:44:24.029,418.88185847443367,999
2024-09-19 15:44:24.035,,998
2024-09-19 15:44:24.040,418.9282010614618,1003
2024-09-19 15:44:24.052,418.9285242835488,1000
2024-09-19 15:44:24.157,418.9105777874487,104
2024-09-19 15:44:24.209,418.9038016667414,1004
2024-09-19 15:44:24.260,418.9167756681401,13
2024-09-19 15:44:24.281,418.9408506177046,101
2024-09-19 15:44:24.302,418.8721671186437,12
2024-09-19 15:44:24.318,418.9134053703741,10
2024-09-19 15:44:24.389,418.9591464808949,6
2024-09-19 15:44:24.433,418.9210650717142,1001
2024-09-19 15:44:24.504,418.9418012995554,996
2024-09-19 15:44:24.516,418.92316453481465,1004
2024-09-19 15:44:24.526,,100
2024-09-19 15:44:24.678,418.9197970978407,1001
2024-09-19 15:44:24.745,418.9357408757764,14
2024-09-19 15:44:24.807,418.9205838248718,97
2024-09-19 15:44:24.814,418.8912580148553,14
2024-09-19 15:44:24.898,418.9363738902457,99
2024-09-19 15:44:24.931,418.8999369356249,14
2024-09-19 15:44:24.969,418.9359248077019,995
2024-09-19 15:44:25.043,418.90334184116233,1003
2024-09-19 15:44:25.101,418.913253375265,105
2024-09-19 15:44:25.137,418.9122002536322,97
2024-09-19 15:44:25.162,418.9229036041844,1001
2024-09-19 15:44:25.177,418.9373121570436,99
2024-09-19 15:44:25.196,418.9193338588794,13
2024-09-19 15:44:25.207,418.9228138646637,999
2024-09-19 15:44:25.233,418.9176814607251,997
2024-09-19 15:44:25.233,418.9202955468844,10
2024-09-19 15:44:25.249,418.9269065877226,101
2024-09-19 15:44:25.275,418.89813687907446,995
2024-09-19 15:44:25.286,418.9112885552768,100
2024-09-19 15:44:25.292,418.9091230254325,7
2024-09-19 15:44:25.317,418.9159188900062,101
2024-09-19 15:44:25.330,418.9063125093412,9
2024-09-19 15:44:25.397,418.9362288279145,13
2024-09-19 15:44:25.433,418.918018677259,99
2024-09-19 15:44:25.439,418.94469325913593,14
2024-09-19 15:44:25.505,418.9254004734005,14
2024-09-19 15:44:25.531,418.93074729336655,6
2024-09-19 15:44:25.552,418.9177455069814,14
2024-09-19 15:44:25.557,418.8995317210736,96
2024-09-19 15:44:25.611,418.9223084863446,999
2024-09-19 15:44:25.660,418.9285247897241,7
2024-09-19 15:44:25.740,418.9194274129974,1000
2024-09-19 15:44:25.749,418.9008316047609,13
2024-09-19 15:44:25.750,418.9323899483184,7
2024-09-19 15:44:25.788,418.8938712989264,103
2024-09-19 15:44:25.795,418.930120034704,98
2024-09-19 15:44:25.840,418.8762655049606,103
2024-09-19 15:44:26.150,418.9559674496087,98
2024-09-19 15:44:26.346,418.9836013540227,995
2024-09-19 15:44:26.435,418.976128367442,1000
2024-09-19 15:44:26.447,418.9728718351168,998
2024-09-19 15:44:26.462,418.9374463507089,999
2024-09-19 15:44:26.606,418.903015797148,15
2024-09-19 15:44:26.715,418.9812426446551,6
2024-09-19 15:44:26.821,418.89227639605065,1001
2024-09-19 15:44:26.843,418.921031543477,103
2024-09-19 15:44:26.853,418.9466299192226,1002
2024-09-19 15:44:26.915,418.9415248888155,100
2024-09-19 15:44:28.613,418.8875382975329,10
2024-09-19 15:44:28.780,418.90076896013215,997
2024-09-19 15:44:29.095,418.8905999879337,998
2024-09-19 15:44:29.142,418.8949772484612,1002
2024-09-19 15:44:29.328,418.89998051945423,1004
2024-09-19 15:44:29.445,418.8907366112354,7
2024-09-19 15:44:29.496,418.906127157854,100
2024-09-19 15:44:29.528,418.8944866542405,999
2024-09-19 15:44:29.532,418.8812515000874,102
2024-09-19 15:44:29.595,418.8856762255684,1003
2024-09-19 15:44:29.615,418.8981000825229,8
2024-09-19 15:44:29.818,418.8860791455395,102
2024-09-19 15:44:30.024,418.8395942435091,1003
2024-09-19 15:44:30.126,418.83060344866993,7
2024-09-19 15:44:30.157,418.8699022307461,98
2024-09-19 15:44:30.226,418.8584897632089,1005
2024-09-19 15:44:30.301,418.84452114075873,98
2024-09-19 15:44:30.324,418.8388168434963,5
2024-09-19 15:44:30.342,418.81679305775305,14
2024-09-19 15:44:30.364,418.8658490303691,103
2024-09-19 15:44:30.370,418.84089907768646,995
2024-09-19 15:44:30.417,418.8602401503345,7
2024-09-19 15:44:30.446,418.8480596742179,6
2024-09-19 15:44:30.517,418.8260902540285,999
2024-09-19 15:44:30.526,418.8092533926388,1000
2024-09-19 15:44:30.634,418.85167360314966,102
2024-09-19 15:44:30.678,418.8600195067681,7
2024-09-19 15:44:30.811,418.8248620208728,105
2024-09-19 15:44:30.853,418.8661212000817,1005
2024-09-19 15:44:30.890,418.8479649006845,1003
2024-09-19 15:44:30.972,418.84641846656,1002
2024-09-19 15:44:30.976,418.83850861832497,97
2024-09-19 15:44:31.036,418.881869680934,15
2024-09-19 15:44:31.077,418.8503092677389,1001
2024-09-19 15:44:31.151,418.8835941932746,8
2024-09-19 15:44:31.199,418.86282498374106,1002
2024-09-19 15:44:31.205,418.8504056649899,1000
2024-09-19 15:44:31.535,418.9023293253431,1001
2024-09-19 15:44:31.576,418.8342957372037,14
2024-09-19 15:44:31.778,418.8485385677868,96
2024-09-19 15:44:31.844,418.8874633559038,995
2024-09-19 15:44:31.853,418.83335229582434,1005
2024-09-19 15:44:31.926,418.8718412069755,1001
2024-09-19 15:44:32.315,418.8767685151446,1002
2024-09-19 15:44:32.535,418.8820348703589,98
2024-09-19 15:44:32.796,418.8952369988437,97
2024-09-19 15:44:32.970,418.89446821081145,105
2024-09-19 15:44:33.005,41.88351359558503,15
2024-09-19 15:44:33.376,418.8332331261684,105
2024-09-19 15:44:33.495,418.8299568830994,99
2024-09-19 15:44:33.500,418.8489449636032,11
2024-09-19 15:44:33.508,418.8157920876838,10
2024-09-19 15:44:33.517,-418.8525551132214,996
2024-09-19 15:44:33.535,418.8626892349588,1002
2024-09-19 15:44:33.554,418.8313722097443,99
2024-09-19 15:44:33.659,418.8923456004616,995
2024-09-19 15:44:33.764,418.9028028896575,8
2024-09-19 15:44:33.863,418.8768849730049,95
2024-09-19 15:44:33.864,418.8776753731572,997
2024-09-19 15:44:33.920,418.8331172858061,11
2024-09-19 15:44:33.921,418.869775968866,96
2024-09-19 15:44:34.004,418.8210997330934,7
2024-09-19 15:44:34.017,418.8261677589366,101
2024-09-19 15:44:34.122,418.8280556198675,99
2024-09-19 15:44:34.124,418.8194958232715,12
2024-09-19 15:44:34.138,418.8067428391912,999
2024-09-19 15:44:34.163,418.82568976225406,1003
2024-09-19 15:44:34.191,418.829730818033,11
2024-09-19 15:44:34.361,418.8147287268263,11
2024-09-19 15:44:34.372,418.8113289465895,100
2024-09-19 15:44:34.373,418.79845527735046,8
2024-09-19 15:44:34.411,418.807348636476,104
2024-09-19 15:44:34.461,418.83396942126046,100
2024-09-19 15:44:34.500,418.8340244505022,98
2024-09-19 15:44:34.503,418.8044680607053,1002
2024-09-19 15:44:34.555,418.825507222625,998
2024-09-19 15:44:34.567,418.8329087932658,102
2024-09-19 15:44:34.579,418.8139668273743,7
2024-09-19 15:44:34.620,418.836125403349,995
2024-09-19 15:44:34.665,418.7870613545829,999
2024-09-19 15:44:34.746,,1005
2024-09-19 15:44:34.817,418.7901955335941,8
2024-09-19 15:44:34.861,418.8123458148134,96
2024-09-19 15:44:34.870,418.8051974096678,999
2024-09-19 15:44:34.905,418.80191021925214,9
2024-09-19 15:44:34.975,418.8283263141878,15
2024-09-19 15:44:34.993,418.8223259886984,1000
2024-09-19 15:44:35.023,418.7951765909569,97
2024-09-19 15:44:35.036,418.81983685606735,12
2024-09-19 15:44:35.043,,998
2024-09-19 15:44:35.093,418.8509784509967,9
2024-09-19 15:44:35.115,418.78324285996416,1005
2024-09-19 15:44:35.119,418.8174616203183,15
2024-09-19 15:44:35.240,418.7890699499709,5
2024-09-19 15:44:35.275,418.7965489700365,998
2024-09-19 15:44:35.314,418.7952647296104,997
2024-09-19 15:44:35.379,418.8033671129306,8
2024-09-19 15:44:35.411,418.7671890660358,1004
2024-09-19 15:44:35.429,418.79432724961214,101
2024-09-19 15:44:35.448,418.78962415103217,1003
2024-09-19 15:44:35.521,418.8393361982613,996
2024-09-19 15:44:35.543,418.79272427333296,103
2024-09-19 15:44:35.563,418.80978020547866,98
2024-09-19 15:44:35.581,418.8003413457528,100
2024-09-19 15:44:35.655,418.7871625431407,97
2024-09-19 15:44:35.669,418.7747995845351,14
2024-09-19 15:44:35.707,418.8547677106079,8
2024-09-19 15:44:35.717,418.8043300070251,103
2024-09-19 15:44:35.789,418.8405983484619,1003
2024-09-19 15:44:35.793,418.7778651405847,100
2024-09-19 15:44:35.794,418.803856668367,102
2024-09-19 15:44:35.838,418.8088344151109,101
2024-09-19 15:44:35.880,418.7986049104188,13
2024-09-19 15:44:35.886,418.85690499000566,8
2024-09-19 15:44:35.887,418.79236523488487,7
2024-09-19 15:44:35.890,418.7909697958983,6
2024-09-19 15:44:35.957,418.8223422771177,1004
2024-09-19 15:44:36.030,418.8426799639286,105
2024-09-19 15:44:36.036,418.8238994290278,1001
2024-09-19 15:44:36.053,,1005
2024-09-19 15:44:36.179,418.8670449069277,97
2024-09-19 15:44:36.184,418.8323222546522,97
2024-09-19 15:44:36.338,418.8475830087541,995
2024-09-19 15:44:36.365,418.84056568012335,8
2024-09-19 15:44:36.483,418.84234486093743,98
2024-09-19 15:44:36.516,418.856272899491,99
2024-09-19 15:44:36.565,418.87711742381697,999
2024-09-19 15:44:36.639,418.80022035422,95
2024-09-19 15:44:36.667,418.8731832391349,1000
2024-09-19 15:44:36.674,418.8006930719436,12
2024-09-19 15:44:36.730,418.8302187952988,14
2024-09-19 15:44:36.792,41.88871326250043,5
2024-09-19 15:44:36.794,418.82764562999,997
2024-09-19 15:44:36.849,418.7992714514322,100
2024-09-19 15:44:36.853,418.8489261139239,1001
2024-09-19 15:44:36.954,418.842298268362,98
2024-09-19 15:44:37.027,418.97273093886207,13
2024-09-19 15:44:37.031,418.8784812328784,998
2024-09-19 15:44:37.133,418.95614161037537,95
2024-09-19 15:44:37.245,418.964294933443,1003
2024-09-19 15:44:37.379,418.9394900229842,13
2024-09-19 15:44:37.451,418.9436713434346,96
2024-09-19 15:44:37.472,418.89881813060623,102
2024-09-19 15:44:37.521,418.94440503452415,1004
2024-09-19 15:44:37.552,418.9703456587454,999
2024-09-19 15:44:37.613,418.95411735044337,95
2024-09-19 15:44:37.621,418.97335051821113,95
2024-09-19 15:44:37.627,418.9617561773334,10
2024-09-19 15:44:37.654,418.9761924541973,996
2024-09-19 15:44:37.666,418.9130114069449,104
2024-09-19 15:44:37.671,418.8894608417434,100
2024-09-19 15:44:37.689,418.9224275242799,8
2024-09-19 15:44:37.742,418.9565336220514,102
2024-09-19 15:44:37.743,418.9607391068891,100
2024-09-19 15:44:37.744,418.9378078513418,95
2024-09-19 15:44:37.766,418.94728864722526,998
2024-09-19 15:44:37.979,418.95298755284136,995
2024-09-19 15:44:37.994,418.9274751516678,1004
2024-09-19 15:44:37.997,418.94619590033807,100
2024-09-19 15:44:38.071,418.9119416829363,105
2024-09-19 15:44:38.087,418.9836969492236,1005
2024-09-19 15:44:38.099,418.96166728127525,996
2024-09-19 15:44:38.134,418.9477972860258,102
2024-09-19 15:44:38.156,418.9795902733624,999
2024-09-19 15:44:38.376,-418.96891612461366,8
2024-09-19 15:44:38.385,418.97136531332666,13
2024-09-19 15:44:38.419,418.9093727588965,100
2024-09-19 15:44:38.571,418.9379651317021,105
2024-09-19 15:44:38.599,418.9357341647384,998
2024-09-19 15:44:38.674,418.9754262326781,105
2024-09-19 15:44:38.682,418.94565312330576,999
2024-09-19 15:44:38.783,418.9219761265321,996
2024-09-19 15:44:38.878,418.9517073631119,97
2024-09-19 15:44:38.930,418.967140552701,1005
2024-09-19 15:44:39.144,418.9751754028525,104
2024-09-19 15:44:39.494,418.9879885914503,8
2024-09-19 15:44:40.014,418.981966922699,100
2024-09-19 15:44:40.101,418.9943483380292,104
2024-09-19 15:44:40.242,,5
2024-09-19 15:44:40.295,418.7541909006941,105
2024-09-19 15:44:40.753,418.9805018211242,999
2024-09-19 15:44:40.755,418.9890232679164,997
2024-09-19 15:44:40.768,418.9871619383821,996
2024-09-19 15:44:40.946,418.9916489662255,13
2024-09-19 15:44:40.973,418.99404876969714,98
2024-09-19 15:44:41.037,418.9824541318222,996
2024-09-19 15:44:41.166,419.0615096996154,1005
2024-09-19 15:44:41.181,41.90065587600748,15
2024-09-19 15:44:41.183,419.0228320604857,11
2024-09-19 15:44:41.486,418.9920253974538,999
2024-09-19 15:44:41.542,419.0464999861385,95
2024-09-19 15:44:41.544,419.0564284484419,105
2024-09-19 15:44:41.601,418.9954719660531,1004
2024-09-19 15:44:41.612,419.0210025598295,104
2024-09-19 15:44:41.623,418.9869133127251,1000
2024-09-19 15:44:41.667,418.9975520170333,999
2024-09-19 15:44:41.734,418.99001282262486,1004
2024-09-19 15:44:41.824,419.0444076514912,95
2024-09-19 15:44:41.931,419.057434797016,11
2024-09-19 15:44:42.019,419.000673769266,999
2024-09-19 15:44:42.022,418.9857163985787,97
2024-09-19 15:44:42.047,419.00654219945983,5
2024-09-19 15:44:42.112,419.004307379813,13
2024-09-19 15:44:42.178,418.99106010039526,997
2024-09-19 15:44:42.206,419.01504653107145,97
2024-09-19 15:44:42.239,419.0252071737849,15
2024-09-19 15:44:42.302,418.9860862056453,103
2024-09-19 15:44:42.417,419.011398849975,1000
2024-09-19 15:44:42.483,418.9814102678164,999
2024-09-19 15:44:42.518,419.0272338982895,5
2024-09-19 15:44:42.657,419.0103552723728,9
2024-09-19 15:44:42.742,419.0043782891375,998
2024-09-19 15:44:42.788,419.00961513096144,11
2024-09-19 15:44:42.916,419.0068256763918,1001
2024-09-19 15:44:43.006,419.066543163783,5
2024-09-19 15:44:43.104,419.0594826660328,104
2024-09-19 15:44:43.208,419.0113276639565,8
2024-09-19 15:44:43.335,419.0639092412308,6
2024-09-19 15:44:43.406,419.06439965884783,1005
2024-09-19 15:44:43.450,419.0786292156696,1000
2024-09-19 15:44:43.483,419.0734954835701,9
2024-09-19 15:44:43.506,419.03208404925925,998
2024-09-19 15:44:43.530,-419.007000688502,1002
2024-09-19 15:44:43.551,419.0236514489968,13
2024-09-19 15:44:43.561,419.0293482443552,1002
2024-09-19 15:44:43.588,419.0594627613212,7
2024-09-19 15:44:43.643,419.0083556925759,104
2024-09-19 15:44:43.657,419.0744929935104,101
2024-09-19 15:44:43.678,419.0134761375958,5
2024-09-19 15:44:43.706,419.089646055481,12
2024-09-19 15:44:43.791,419.08369693694607,996
2024-09-19 15:44:43.814,419.0404480183505,15
2024-09-19 15:44:43.876,419.0313073704456,101
2024-09-19 15:44:43.897,419.00676626879255,100
2024-09-19 15:44:43.962,419.00589064057294,103
2024-09-19 15:44:44.048,419.0835369440432,15
2024-09-19 15:44:44.221,419.1225141091087,1001
2024-09-19 15:44:44.385,419.1011860625395,6
2024-09-19 15:44:45.076,419.10920539514126,995
2024-09-19 15:44:45.077,419.080198373256,6
2024-09-19 15:44:45.078,419.1027874353022,102
2024-09-19 15:44:45.081,419.1564938348728,96
2024-09-19 15:44:45.100,419.10323905833087,96
2024-09-19 15:44:45.182,419.0830450222224,104
2024-09-19 15:44:45.254,419.0946170577378,1003
2024-09-19 15:44:45.272,419.1467170006437,1005
2024-09-19 15:44:45.277,419.1414491743506,95
2024-09-19 15:44:45.305,419.1165295827148,103
2024-09-19 15:44:45.312,419.1611985481743,1003
2024-09-19 15:44:45.434,-419.0733100825043,7
2024-09-19 15:44:45.501,419.1065258445556,100
2024-09-19 15:44:45.552,419.1315851855828,104
2024-09-19 15:44:45.562,,96
2024-09-19 15:44:45.590,419.1389905350657,14
2024-09-19 15:44:45.594,419.1617086590073,97
2024-09-19 15:44:45.663,419.10544944776535,104
2024-09-19 15:44:45.742,419.0776340980113,997
2024-09-19 15:44:45.746,419.1467605956199,999
2024-09-19 15:44:45.799,419.1431759400472,998
2024-09-19 15:44:45.816,419.14495549619033,100
2024-09-19 15:44:45.909,419.1464553919099,1001
2024-09-19 15:44:45.911,419.13574058765545,996
2024-09-19 15:44:45.990,419.1389463576375,95
2024-09-19 15:44:46.056,419.0397617880844,996
2024-09-19 15:44:46.092,419.1051277364128,99
2024-09-19 15:44:46.180,419.1020692558925,96
2024-09-19 15:44:46.187,419.0871839049087,996
2024-09-19 15:44:46.243,419.04424255470445,998
2024-09-19 15:44:46.244,419.0686911956719,1001
2024-09-19 15:44:46.291,419.09957470227295,997
2024-09-19 15:44:46.313,419.0859427211036,14
2024-09-19 15:44:46.357,419.0270139482181,101
2024-09-19 15:44:46.414,419.0572413999465,6
2024-09-19 15:44:46.417,419.05004811614447,8
2024-09-19 15:44:46.518,419.0515302894119,996
2024-09-19 15:44:46.563,419.0481403711939,12
2024-09-19 15:44:46.601,419.09404879297375,11
2024-09-19 15:44:46.685,419.0247375440345,100
2024-09-19 15:44:46.742,419.0522289038466,999
2024-09-19 15:44:46.746,419.0972549962226,995
2024-09-19 15:44:46.753,419.0260224567927,1005
2024-09-19 15:44:46.818,419.1045152960093,101
2024-09-19 15:44:46.891,419.0574049836922,10
2024-09-19 15:44:46.902,419.0556493435645,8
2024-09-19 15:44:46.915,-419.0378371592095,1004
2024-09-19 15:44:46.936,419.09054841928827,101
2024-09-19 15:44:46.966,419.0970834107074,999
2024-09-19 15:44:46.980,419.1127291834847,1001
2024-09-19 15:44:47.010,419.0724401033005,104
2024-09-19 15:44:47.117,419.0718374847803,97
2024-09-19 15:44:47.126,419.0820938159288,10
2024-09-19 15:44:47.130,419.0715690868306,15
2024-09-19 15:44:47.318,419.0855685168564,105
2024-09-19 15:44:47.334,419.0676467337317,11
2024-09-19 15:44:47.507,419.086384602098,13
2024-09-19 15:44:47.679,419.1049325745573,997
2024-09-19 15:44:47.695,41.90924609307479,997
2024-09-19 15:44:47.707,419.1126216062676,14
2024-09-19 15:44:47.760,419.0790934333255,7
2024-09-19 15:44:47.890,419.103996771937,998
2024-09-19 15:44:47.900,419.0692780114167,998
2024-09-19 15:44:47.979,419.0948672388176,98
2024-09-19 15:44:48.168,419.0626187723246,99
2024-09-19 15:44:48.200,419.04351701749925,1004
2024-09-19 15:44:48.207,419.0538034455955,95
2024-09-19 15:44:48.213,419.0981756124866,996
2024-09-19 15:44:48.255,419.0648363317825,995
2024-09-19 15:44:48.281,419.0988313385956,10
2024-09-19 15:44:48.322,419.0939733992982,7
2024-09-19 15:44:48.323,418.9173743156015,999
2024-09-19 15:44:48.336,419.0699890816565,996
2024-09-19 15:44:48.457,419.0655833709144,997
2024-09-19 15:44:48.469,419.0651299340767,13
2024-09-19 15:44:48.475,419.0937131870601,996
2024-09-19 15:44:48.488,419.0650747428264,104
2024-09-19 15:44:48.652,418.9427939873734,105
2024-09-19 15:44:48.750,419.0781615345098,14
2024-09-19 15:44:48.773,419.0481171339873,8
2024-09-19 15:44:48.780,419.0585956716754,11
2024-09-19 15:44:48.795,419.0629045312588,14
2024-09-19 15:44:48.795,419.0564728455688,1001
2024-09-19 15:44:48.863,419.0376422025448,1005
2024-09-19 15:44:49.050,419.1249152968797,98
2024-09-19 15:44:49.056,41.91354719158407,104
2024-09-19 15:44:49.111,419.1097167888724,5
2024-09-19 15:44:49.253,419.078457003741,96
2024-09-19 15:44:49.255,419.1244595724684,96
2024-09-19 15:44:49.327,419.0950079738756,14
2024-09-19 15:44:49.380,419.0985274707399,1000
2024-09-19 15:44:49.411,419.1087802608723,97
2024-09-19 15:44:49.414,419.1385918539939,1002
2024-09-19 15:44:49.453,419.0706419072212,1000
2024-09-19 15:44:49.520,419.0667031901036,96
2024-09-19 15:44:49.537,419.0879223165745,95
2024-09-19 15:44:49.547,41.91150269318666,1005
2024-09-19 15:44:49.551,419.1240050174408,1000
2024-09-19 15:44:49.630,419.1415153684763,1003
2024-09-19 15:44:49.644,419.099069869082,1000
2024-09-19 15:44:49.646,419.03995968824336,7
2024-09-19 15:44:49.675,419.01624461527086,997
2024-09-19 15:44:49.698,419.0997682285183,103
2024-09-19 15:44:49.708,419.0496547625759,6
2024-09-19 15:44:49.762,419.0320808562727,14
2024-09-19 15:44:49.817,419.13808781622953,100
2024-09-19 15:44:49.882,419.0403640066258,1002
2024-09-19 15:44:49.905,419.1171282535854,8
2024-09-19 15:44:49.944,419.0775708729903,1000
2024-09-19 15:44:50.084,419.1163485678293,1004
2024-09-19 15:44:50.145,419.1134437375128,8
2024-09-19 15:44:50.200,419.1079152925733,8
2024-09-19 15:44:50.322,419.0676941214191,96
2024-09-19 15:44:50.358,419.0938430244653,102
2024-09-19 15:44:50.400,419.0797426280567,6
2024-09-19 15:44:50.473,,8
2024-09-19 15:44:50.502,419.0635955353695,15
2024-09-19 15:44:50.768,419.0605392470193,14
2024-09-19 15:44:50.856,419.1109197044936,1002
2024-09-19 15:44:50.890,419.0723490349885,103
2024-09-19 15:44:50.939,419.06487256134494,1004
2024-09-19 15:44:50.966,,12
2024-09-19 15:44:50.991,419.0893357578954,96
2024-09-19 15:44:51.029,419.052699601233,1000
2024-09-19 15:44:51.068,419.0555944534687,96
2024-09-19 15:44:51.072,419.0468502670676,100
2024-09-19 15:44:51.073,418.9401632730113,996
2024-09-19 15:44:51.251,419.0244030839664,1004
2024-09-19 15:44:51.473,419.04787512407546,5
2024-09-19 15:44:51.547,419.08108952909214,15
2024-09-19 15:44:51.577,41.9045822675686,8
2024-09-19 15:44:51.656,419.0630990484054,1004
2024-09-19 15:44:51.693,419.08757116818407,104
2024-09-19 15:44:51.705,419.0602218128052,998
2024-09-19 15:44:51.768,419.04901312552767,13
2024-09-19 15:44:51.819,419.05396148498994,96
2024-09-19 15:44:52.061,419.041592540358,104
2024-09-19 15:44:52.079,419.1197464632999,1003
2024-09-19 15:44:52.111,419.0761780776572,996
2024-09-19 15:44:52.126,419.1048311290618,5
2024-09-19 15:44:52.131,419.0888783997958,100
2024-09-19 15:44:52.154,419.0609097352409,103
2024-09-19 15:44:52.249,419.0819924333725,103
2024-09-19 15:44:52.263,,10
2024-09-19 15:44:52.300,419.04291294162334,5
2024-09-19 15:44:52.540,419.0632420742178,14
2024-09-19 15:44:52.571,419.0693027312156,8
2024-09-19 15:44:52.653,419.0932850494201,104
2024-09-19 15:44:52.659,419.1104306253567,102
2024-09-19 15:44:52.687,419.0607772033203,5
2024-09-19 15:44:52.707,419.0274750597517,7
2024-09-19 15:44:52.731,419.106771529349,1002
2024-09-19 15:44:52.733,419.1445240008621,10
2024-09-19 15:44:52.743,419.07503013479385,1003
2024-09-19 15:44:52.744,419.0780568681575,15
2024-09-19 15:44:52.876,,102
2024-09-19 15:44:52.889,419.10262152922354,8
2024-09-19 15:44:52.905,419.0580949920762,7
2024-09-19 15:44:52.907,419.1099560265935,9
2024-09-19 15:44:52.951,419.1473144772002,1003
2024-09-19 15:44:52.973,419.112089703666,1002
2024-09-19 15:44:53.052,419.1373007696051,995
2024-09-19 15:44:53.149,419.1182798319191,1000
2024-09-19 15:44:53.235,419.1271490473329,101
2024-09-19 15:44:53.296,419.1214634957358,11
2024-09-19 15:44:53.402,419.1110074908816,1002
2024-09-19 15:44:53.436,419.12630729757103,11
2024-09-19 15:44:53.450,419.1213093015704,1005
2024-09-19 15:44:53.779,419.1295335570074,997
2024-09-19 15:44:53.927,419.10829040039823,1001
2024-09-19 15:44:54.558,419.1263689667978,96
2024-09-19 15:44:55.165,419.1475352002409,996
2024-09-19 15:44:55.188,419.12050871633227,105
2024-09-19 15:44:55.406,419.12568108988097,1001
2024-09-19 15:44:55.570,419.1575658305237,995
2024-09-19 15:44:55.946,419.1332966868811,96
2024-09-19 15:44:56.021,419.1718959771715,1003
2024-09-19 15:44:56.029,419.1319237331796,998
2024-09-19 15:44:56.067,419.15753146776274,97
2024-09-19 15:44:56.081,419.0880108800416,102
2024-09-19 15:44:56.118,419.14574039776215,95
2024-09-19 15:44:56.129,,103
2024-09-19 15:44:56.203,419.134428734746,995
2024-09-19 15:44:56.213,419.1595992127078,995
2024-09-19 15:44:56.240,419.14055254260455,97
2024-09-19 15:44:56.264,419.1871095157594,103
2024-09-19 15:44:56.279,419.170794041986,995
2024-09-19 15:44:56.391,419.1646321682379,9
2024-09-19 15:44:56.559,419.1512743434966,1005
2024-09-19 15:44:56.574,419.188225298774,95
2024-09-19 15:44:56.639,419.1646957054052,9
2024-09-19 15:44:56.709,419.156288109596,995
2024-09-19 15:44:56.715,419.1689921716367,1000
2024-09-19 15:44:56.723,419.15097897790366,104
2024-09-19 15:44:56.797,419.1650679662416,11
2024-09-19 15:44:56.804,419.1578579599404,98
2024-09-19 15:44:56.843,419.1470053622175,102
2024-09-19 15:44:56.850,419.1187197216889,98
2024-09-19 15:44:56.852,419.16609997691,12
2024-09-19 15:44:56.906,419.1694849371808,995
2024-09-19 15:44:56.911,419.1559114080589,1003
2024-09-19 15:44:56.912,419.0936957267667,9
2024-09-19 15:44:56.953,419.1385558161031,8
2024-09-19 15:44:56.966,419.1702488307467,105
2024-09-19 15:44:56.973,419.0826394512348,102
2024-09-19 15:44:56.979,419.1845423920859,1000
2024-09-19 15:44:57.333,419.0509779712518,95
2024-09-19 15:44:57.356,419.0618993092322,14
2024-09-19 15:44:57.373,419.0794128477281,10
2024-09-19 15:44:57.415,419.07506060393786,9
2024-09-19 15:44:57.504,419.0334249402685,999
2024-09-19 15:44:57.505,419.0524388427826,7
2024-09-19 15:44:57.548,419.0523005591104,9
2024-09-19 15:44:57.648,419.05842742459714,9
2024-09-19 15:44:57.680,419.0296180915881,14
2024-09-19 15:44:57.695,419.1272534654895,5
2024-09-19 15:44:57.703,419.064570538476,995
2024-09-19 15:44:57.776,419.03019280161874,997
2024-09-19 15:44:57.869,419.0578332307279,104
2024-09-19 15:44:57.885,419.08209229940417,5
2024-09-19 15:44:57.970,419.102858042228,7
2024-09-19 15:44:58.024,419.1065253339989,995
2024-09-19 15:44:58.065,419.1071213067332,999
2024-09-19 15:44:58.127,419.1174844649363,9
2024-09-19 15:44:58.172,419.0924697191923,1004
2024-09-19 15:44:58.188,419.0803702317072,8
2024-09-19 15:44:58.221,419.1316242730607,104
2024-09-19 15:44:58.248,419.1008163860381,11
2024-09-19 15:44:58.259,419.11949071844816,14
2024-09-19 15:44:58.316,419.0577405003501,998
2024-09-19 15:44:58.339,419.1198332411725,12
2024-09-19 15:44:58.428,419.1485164080985,99
2024-09-19 15:44:58.432,419.1081653692305,96
2024-09-19 15:44:58.471,419.1085603404456,95
2024-09-19 15:44:58.497,419.1074903674274,96
2024-09-19 15:44:58.519,419.11997543133424,1004
2024-09-19 15:44:58.591,419.0721075971434,10
2024-09-19 15:44:58.659,419.081731706881,101
2024-09-19 15:44:58.663,419.1201891580218,6
2024-09-19 15:44:58.716,419.10746043748975,103
2024-09-19 15:44:58.721,419.0929461037337,10
2024-09-19 15:44:58.722,419.1265437233101,13
2024-09-19 15:44:58.760,419.1154819974302,1002
2024-09-19 15:44:58.983,419.0723775297614,998
2024-09-19 15:44:59.203,419.0674300731665,97
2024-09-19 15:44:59.240,419.05662133582535,995
2024-09-19 15:44:59.245,419.0509659395185,97
2024-09-19 15:44:59.425,419.0607227639391,997
2024-09-19 15:44:59.607,419.07735048767125,14
2024-09-19 15:44:59.713,-419.08195996742177,9
2024-09-19 15:44:59.898,419.06142224377214,11
