Timestamp,Price,Size
2024-09-20 13:28:00.030,429.4091277069078,1005
2024-09-20 13:28:00.044,429.371192765513,97
2024-09-20 13:28:00.182,429.3717090014047,1002
2024-09-20 13:28:00.184,429.3708308485512,99
2024-09-20 13:28:00.193,429.2913584252782,1001
2024-09-20 13:28:00.237,429.3735489060032,1001
2024-09-20 13:28:00.257,429.3701146777671,98
2024-09-20 13:28:00.292,429.3217163466163,7
2024-09-20 13:28:00.299,429.3062935600074,99
2024-09-20 13:28:00.348,429.3499543530833,998
2024-09-20 13:28:00.435,429.29801285334673,11
2024-09-20 13:28:00.437,429.3753151006948,1000
2024-09-20 13:28:00.451,429.3951375521577,1003
2024-09-20 13:28:00.621,,996
2024-09-20 13:28:00.645,429.29551457414215,8
2024-09-20 13:28:00.748,429.3996085265659,96
2024-09-20 13:28:00.797,429.372322937654,5
2024-09-20 13:28:00.830,429.3512754062802,1000
2024-09-20 13:28:01.532,429.3612919218399,996
2024-09-20 13:28:01.581,429.3513132606426,1001
2024-09-20 13:28:01.655,429.38968487768994,1004
2024-09-20 13:28:01.676,429.38216042500005,98
2024-09-20 13:28:01.844,429.3969522429229,10
2024-09-20 13:28:01.859,429.3661159785832,11
2024-09-20 13:28:02.102,429.3834539679069,995
2024-09-20 13:28:02.382,429.39485295826586,1004
2024-09-20 13:28:02.426,429.3767201200978,14
2024-09-20 13:28:02.455,429.367627227518,11
2024-09-20 13:28:02.489,429.3845723644357,10
2024-09-20 13:28:02.572,429.3834900313254,14
2024-09-20 13:28:02.657,429.40303955384405,99
2024-09-20 13:28:02.664,429.3805380038016,104
2024-09-20 13:28:02.694,,1001
2024-09-20 13:28:02.737,429.3514768983163,1004
2024-09-20 13:28:02.746,429.3590486763739,100
2024-09-20 13:28:02.794,429.3647504490324,996
2024-09-20 13:28:02.878,429.3839765242494,998
2024-09-20 13:28:02.913,429.370715595268,14
2024-09-20 13:28:02.916,429.3804734858933,12
2024-09-20 13:28:02.956,429.3820966245332,8
2024-09-20 13:28:02.979,429.3601564789663,998
2024-09-20 13:28:03.002,429.279929093281,1001
2024-09-20 13:28:03.054,429.3606053104999,9
2024-09-20 13:28:03.074,429.26769527629153,1000
2024-09-20 13:28:03.075,429.30740704173337,14
2024-09-20 13:28:03.158,429.3153891468796,13
2024-09-20 13:28:03.167,429.284494881479,999
2024-09-20 13:28:03.178,429.2645859069544,97
2024-09-20 13:28:03.214,429.3095478343766,105
2024-09-20 13:28:03.232,429.2602234734216,98
2024-09-20 13:28:03.256,429.2877665802882,103
2024-09-20 13:28:03.281,429.30971066184696,996
2024-09-20 13:28:03.302,429.371484308286,98
2024-09-20 13:28:03.359,429.2922614852119,104
2024-09-20 13:28:03.413,429.3589943226583,6
2024-09-20 13:28:03.417,429.3281506516019,998
2024-09-20 13:28:03.432,429.2969724164264,999
2024-09-20 13:28:03.494,429.28319205417057,14
2024-09-20 13:28:03.502,429.318568876742,8
2024-09-20 13:28:03.536,429.2882307593759,5
2024-09-20 13:28:03.610,429.2744179172173,99
2024-09-20 13:28:03.643,429.3105696960283,102
2024-09-20 13:28:03.748,429.3239171203518,1003
2024-09-20 13:28:03.752,-429.3268582806981,6
2024-09-20 13:28:03.843,429.34881864781227,1002
2024-09-20 13:28:03.864,429.2809099994609,97
2024-09-20 13:28:03.869,429.3158890659999,7
2024-09-20 13:28:03.992,429.3540418142391,998
2024-09-20 13:28:04.004,429.2752869168519,13
2024-09-20 13:28:04.020,429.2814170603919,97
2024-09-20 13:28:04.036,429.3387482406639,97
2024-09-20 13:28:04.057,429.2981859064371,99
2024-09-20 13:28:04.121,429.3283344938818,12
2024-09-20 13:28:04.124,429.3191511022661,96
2024-09-20 13:28:04.170,429.2893490150727,995
2024-09-20 13:28:04.195,429.3061071136258,100
2024-09-20 13:28:04.214,429.2973991148776,13
2024-09-20 13:28:04.226,429.3254424507461,6
2024-09-20 13:28:04.261,429.310644647252,996
2024-09-20 13:28:04.333,429.3245289605256,997
2024-09-20 13:28:04.345,429.3353952981806,1002
2024-09-20 13:28:04.431,429.3053502315254,95
2024-09-20 13:28:04.519,429.30575998419454,1004
2024-09-20 13:28:04.565,429.28582315467895,101
2024-09-20 13:28:04.569,429.2900162571019,997
2024-09-20 13:28:04.597,429.3264716234713,15
2024-09-20 13:28:04.661,429.2859408922977,95
2024-09-20 13:28:04.698,429.3206559714471,997
2024-09-20 13:28:04.814,429.3039834866027,1004
2024-09-20 13:28:04.821,429.3201353615058,13
2024-09-20 13:28:04.893,429.2886013707629,96
2024-09-20 13:28:04.928,429.2870253457435,11
2024-09-20 13:28:04.937,429.2743564307093,998
2024-09-20 13:28:04.939,429.3242249564009,99
2024-09-20 13:28:05.007,429.2497478908897,7
2024-09-20 13:28:05.055,429.2663587330107,13
2024-09-20 13:28:05.092,429.2831209172537,96
2024-09-20 13:28:05.170,429.249528791953,101
2024-09-20 13:28:05.201,429.2424833538613,995
2024-09-20 13:28:05.281,429.27009947288144,103
2024-09-20 13:28:05.360,429.2644867764497,995
2024-09-20 13:28:05.391,429.20755619290446,8
2024-09-20 13:28:05.446,429.2802307502285,98
2024-09-20 13:28:05.509,429.2402364414452,101
2024-09-20 13:28:05.513,429.2580672387599,96
2024-09-20 13:28:05.557,429.23971621648354,14
2024-09-20 13:28:05.562,429.2465308125151,15
2024-09-20 13:28:05.574,429.24548638629534,10
2024-09-20 13:28:05.631,429.22151393638256,1003
2024-09-20 13:28:05.756,429.2267697727141,105
2024-09-20 13:28:05.794,429.2874502603699,996
2024-09-20 13:28:05.843,429.2646481104802,1002
2024-09-20 13:28:05.955,429.2348714447788,13
2024-09-20 13:28:05.989,429.2650988743724,1004
2024-09-20 13:28:06.220,429.2369279943094,103
2024-09-20 13:28:06.270,429.27670603619055,96
2024-09-20 13:28:06.330,429.2942037991632,14
2024-09-20 13:28:06.350,429.2230233753989,13
2024-09-20 13:28:06.361,429.28076229656,104
2024-09-20 13:28:06.370,429.2452545815651,95
2024-09-20 13:28:06.486,429.2150725986488,12
2024-09-20 13:28:06.579,429.2938597253846,1000
2024-09-20 13:28:06.597,429.22007646924766,13
2024-09-20 13:28:06.608,429.3065003045925,104
2024-09-20 13:28:06.699,429.2875702033818,7
2024-09-20 13:28:06.731,429.2487055656997,104
2024-09-20 13:28:06.797,429.2175008125987,6
2024-09-20 13:28:06.925,429.2570220449216,1004
2024-09-20 13:28:07.070,429.2660495406796,995
2024-09-20 13:28:07.135,-429.2815224932953,999
2024-09-20 13:28:07.151,429.261270904596,101
2024-09-20 13:28:07.156,429.2920313103443,999
2024-09-20 13:28:07.282,429.2657230546095,10
2024-09-20 13:28:07.342,429.2989694534916,8
2024-09-20 13:28:07.423,429.30659416638105,998
2024-09-20 13:28:07.487,429.28889256654537,10
2024-09-20 13:28:07.531,429.2836254942556,10
2024-09-20 13:28:07.635,429.3003526188084,104
2024-09-20 13:28:07.650,429.2451883467446,99
2024-09-20 13:28:07.791,429.2786246981453,998
2024-09-20 13:28:07.796,429.3235766023192,97
2024-09-20 13:28:07.802,429.284051782949,1001
2024-09-20 13:28:07.849,429.2579973485552,101
2024-09-20 13:28:07.870,429.3273192644702,7
2024-09-20 13:28:07.902,429.3102241416926,996
2024-09-20 13:28:07.912,429.2515517888409,7
2024-09-20 13:28:08.071,429.2724733484772,105
2024-09-20 13:28:08.123,429.384085776806,98
2024-09-20 13:28:08.147,429.24740270603314,13
2024-09-20 13:28:08.150,429.3199405534772,105
2024-09-20 13:28:08.157,429.29463381854777,96
2024-09-20 13:28:08.359,429.29443310512966,6
2024-09-20 13:28:08.450,429.2846751180096,1004
2024-09-20 13:28:08.453,429.3516659855643,996
2024-09-20 13:28:08.455,429.3042548748935,1003
2024-09-20 13:28:08.470,429.2870595353952,1005
2024-09-20 13:28:08.488,429.273851463902,1005
2024-09-20 13:28:08.532,429.38503112695656,1000
2024-09-20 13:28:08.532,429.2812741580562,101
2024-09-20 13:28:08.558,429.27337525053633,14
2024-09-20 13:28:08.562,429.2697059053716,1003
2024-09-20 13:28:08.565,429.3724813708813,15
2024-09-20 13:28:08.606,429.2630687893997,95
2024-09-20 13:28:08.611,429.2746271462656,102
2024-09-20 13:28:08.629,429.2928340836517,12
2024-09-20 13:28:08.633,429.4018501542909,1004
2024-09-20 13:28:08.786,429.32570658942745,103
2024-09-20 13:28:08.890,429.3689301469387,15
2024-09-20 13:28:08.926,429.32694966559205,998
2024-09-20 13:28:08.941,429.2998144803902,97
2024-09-20 13:28:08.965,429.2852005059946,95
2024-09-20 13:28:09.138,429.3811232179863,105
2024-09-20 13:28:09.606,429.3901352381399,96
2024-09-20 13:28:10.018,429.457545240638,995
2024-09-20 13:28:10.029,429.435489545685,5
2024-09-20 13:28:10.035,429.41452883372943,1004
2024-09-20 13:28:10.090,429.44775173199366,100
2024-09-20 13:28:10.098,429.460730659852,104
2024-09-20 13:28:10.102,429.397634987201,5
2024-09-20 13:28:10.112,429.4287648147743,15
2024-09-20 13:28:10.117,429.4039590586127,6
2024-09-20 13:28:10.162,429.37546108968326,1001
2024-09-20 13:28:10.202,429.4287784224616,999
2024-09-20 13:28:10.207,429.45380171574834,1002
2024-09-20 13:28:10.217,429.455970032137,101
2024-09-20 13:28:10.289,429.42438858088497,101
2024-09-20 13:28:10.297,429.4163603523052,1003
2024-09-20 13:28:10.300,429.4407313480479,99
2024-09-20 13:28:10.407,429.4572766924109,13
2024-09-20 13:28:10.479,429.41991611001794,11
2024-09-20 13:28:10.496,429.4375957501836,10
2024-09-20 13:28:10.500,429.4549947094085,997
2024-09-20 13:28:10.596,429.458867351687,12
2024-09-20 13:28:10.617,,13
2024-09-20 13:28:10.697,429.4351088340831,105
2024-09-20 13:28:10.730,429.4374720433224,96
2024-09-20 13:28:10.744,429.45582756233694,1005
2024-09-20 13:28:10.761,429.4376055481311,15
2024-09-20 13:28:10.810,429.3834186844852,11
2024-09-20 13:28:10.896,429.4019855950861,1001
2024-09-20 13:28:10.897,429.43922397194586,13
2024-09-20 13:28:10.945,429.44004090713565,996
2024-09-20 13:28:11.117,429.4691016830665,998
2024-09-20 13:28:11.250,429.4960505987221,103
2024-09-20 13:28:11.255,429.472145118664,9
2024-09-20 13:28:11.386,429.4636788187502,101
2024-09-20 13:28:11.510,429.4765354872789,98
2024-09-20 13:28:11.643,429.4578877632813,1002
2024-09-20 13:28:11.654,429.48628663350127,102
2024-09-20 13:28:11.724,429.4636729794522,996
2024-09-20 13:28:11.743,429.4789785471052,97
2024-09-20 13:28:11.778,429.46277358857606,8
2024-09-20 13:28:11.807,429.4573096200429,101
2024-09-20 13:28:11.817,429.4458824843901,998
2024-09-20 13:28:11.877,429.4572158670724,105
2024-09-20 13:28:11.952,429.4940034849951,95
2024-09-20 13:28:11.996,429.4556710296024,1005
2024-09-20 13:28:12.234,429.4608152238312,99
2024-09-20 13:28:12.279,429.46480472511615,103
2024-09-20 13:28:12.427,429.4641602870912,1003
2024-09-20 13:28:12.469,42.94605570346563,14
2024-09-20 13:28:12.470,429.490905526126,1001
2024-09-20 13:28:12.544,429.4654900603748,1003
2024-09-20 13:28:12.579,429.46018787102935,96
2024-09-20 13:28:12.699,429.4539132720137,1002
2024-09-20 13:28:12.761,429.47956027973805,102
2024-09-20 13:28:12.844,429.47302219150646,103
2024-09-20 13:28:12.852,429.47157790969294,8
2024-09-20 13:28:12.869,429.4600231527658,1001
2024-09-20 13:28:13.037,429.490740094016,7
2024-09-20 13:28:13.094,429.4884171780188,5
2024-09-20 13:28:13.182,429.4706967619172,104
2024-09-20 13:28:13.487,429.4589280229132,995
2024-09-20 13:28:14.011,429.49168855416616,99
2024-09-20 13:28:14.047,42.95175326891646,13
2024-09-20 13:28:14.244,429.4888024944916,998
2024-09-20 13:28:14.247,429.5159154566502,14
2024-09-20 13:28:14.409,42.94863341974708,14
2024-09-20 13:28:14.414,429.51151864867984,6
2024-09-20 13:28:14.465,429.4792148014549,1000
2024-09-20 13:28:14.509,429.5184003140571,96
2024-09-20 13:28:14.582,429.50177252955183,10
2024-09-20 13:28:14.699,-429.5158159187105,8
2024-09-20 13:28:14.699,429.51019965935166,105
2024-09-20 13:28:14.839,429.5001954029197,95
2024-09-20 13:28:14.873,429.5082304793703,12
2024-09-20 13:28:15.005,429.5278310755365,95
2024-09-20 13:28:15.020,429.5470633992391,1000
2024-09-20 13:28:15.063,429.532002470664,13
2024-09-20 13:28:15.097,429.5284916082199,103
2024-09-20 13:28:15.183,429.5112154815184,6
2024-09-20 13:28:15.202,429.51604472678025,8
2024-09-20 13:28:15.239,429.5402172528831,97
2024-09-20 13:28:15.349,429.5214119126295,1002
2024-09-20 13:28:15.415,429.5102507937386,96
2024-09-20 13:28:15.418,429.5277736149322,97
2024-09-20 13:28:15.448,429.5231870192522,11
2024-09-20 13:28:15.528,429.51710126543645,103
2024-09-20 13:28:15.544,429.51210336232447,14
2024-09-20 13:28:15.624,429.5478388826368,1001
2024-09-20 13:28:15.665,429.5431260823738,12
2024-09-20 13:28:15.743,429.53236138731705,105
2024-09-20 13:28:15.752,429.5280211204644,11
2024-09-20 13:28:15.817,429.51916722848176,13
2024-09-20 13:28:15.834,429.5223913260416,15
2024-09-20 13:28:15.840,429.534063113667,13
2024-09-20 13:28:15.883,429.5002693615045,13
2024-09-20 13:28:15.898,429.5099735329138,1005
2024-09-20 13:28:15.915,429.5393563580673,13
2024-09-20 13:28:16.608,429.51221306397935,1005
2024-09-20 13:28:17.170,429.5224796627272,99
2024-09-20 13:28:17.184,429.5333892388669,14
2024-09-20 13:28:17.239,429.54000083714055,995
2024-09-20 13:28:17.296,429.4899564993328,7
2024-09-20 13:28:17.337,429.4874854485213,15
2024-09-20 13:28:17.346,429.5324764561129,98
2024-09-20 13:28:17.350,429.5429366264941,100
2024-09-20 13:28:17.359,429.51638861300967,1003
2024-09-20 13:28:17.361,429.4911689014296,996
2024-09-20 13:28:17.372,429.5358042310942,1002
2024-09-20 13:28:17.423,429.5468240415013,100
2024-09-20 13:28:17.442,429.4992375707114,99
2024-09-20 13:28:17.461,429.5582936390381,95
2024-09-20 13:28:17.465,429.5270518132534,997
2024-09-20 13:28:17.488,429.49025677623496,6
2024-09-20 13:28:17.526,429.53909985319,11
2024-09-20 13:28:17.548,429.497508822575,100
2024-09-20 13:28:17.583,429.5418060203358,9
2024-09-20 13:28:17.633,42.94827269718192,999
2024-09-20 13:28:17.672,429.5257093685847,999
2024-09-20 13:28:17.676,429.4950323792987,999
2024-09-20 13:28:17.705,429.4813485605021,99
2024-09-20 13:28:17.784,429.4863317710714,12
2024-09-20 13:28:17.817,429.50319748668767,103
2024-09-20 13:28:17.916,429.5357339610754,1005
2024-09-20 13:28:17.944,429.52067053984354,996
2024-09-20 13:28:18.098,429.4821776146527,999
2024-09-20 13:28:18.260,429.4764730468057,1000
2024-09-20 13:28:18.507,429.47343549937887,1005
2024-09-20 13:28:19.005,,1003
2024-09-20 13:28:19.009,429.3691499637936,7
2024-09-20 13:28:19.023,429.4607339964673,96
2024-09-20 13:28:19.074,429.37727228793176,95
2024-09-20 13:28:19.103,429.4546344786164,996
2024-09-20 13:28:19.147,429.3871646975176,999
2024-09-20 13:28:19.169,429.4629893989405,101
2024-09-20 13:28:19.181,429.43779595491714,995
2024-09-20 13:28:19.250,429.38251065551833,995
2024-09-20 13:28:19.314,429.3853244487896,999
2024-09-20 13:28:19.460,429.45028269502257,96
2024-09-20 13:28:19.529,429.3908289547223,13
2024-09-20 13:28:19.588,429.4420817534803,102
2024-09-20 13:28:19.618,429.3695857268543,96
2024-09-20 13:28:19.619,429.3753741968515,95
2024-09-20 13:28:19.621,429.4411586883123,8
2024-09-20 13:28:19.844,429.4410435144884,101
2024-09-20 13:28:19.887,429.3704531975471,99
2024-09-20 13:28:19.951,429.4022711097564,998
2024-09-20 13:28:20.046,429.35918576436575,1003
2024-09-20 13:28:20.142,429.3720646968072,1000
2024-09-20 13:28:20.152,429.3910148377377,100
2024-09-20 13:28:20.312,429.3383067184296,998
2024-09-20 13:28:20.393,429.3881893044822,997
2024-09-20 13:28:20.517,429.3674913558217,95
2024-09-20 13:28:20.618,429.363524959958,98
2024-09-20 13:28:20.730,429.3582580784454,1002
2024-09-20 13:28:20.734,429.3815605730792,1003
2024-09-20 13:28:20.813,429.3823356810227,11
2024-09-20 13:28:20.954,429.3740333328169,102
2024-09-20 13:28:20.974,429.3879862442692,1002
2024-09-20 13:28:21.165,429.3145826426575,96
2024-09-20 13:28:21.253,429.3070395903624,1001
2024-09-20 13:28:21.290,429.3302591895923,1005
2024-09-20 13:28:21.339,429.280955841373,105
2024-09-20 13:28:21.353,429.31457078691625,102
2024-09-20 13:28:21.408,429.3346274888125,999
2024-09-20 13:28:21.437,429.2869360172858,1005
2024-09-20 13:28:21.529,429.30279110520553,9
2024-09-20 13:28:21.533,429.3063050756161,997
2024-09-20 13:28:21.646,42.93348111821178,997
2024-09-20 13:28:21.664,429.3214295733811,103
2024-09-20 13:28:21.675,429.3360507681364,1003
2024-09-20 13:28:21.725,429.2838278532481,995
2024-09-20 13:28:21.800,429.2966393717954,1003
2024-09-20 13:28:21.830,429.3512297731899,1002
2024-09-20 13:28:22.003,429.3685421946611,7
2024-09-20 13:28:22.029,429.3568090576912,10
2024-09-20 13:28:22.034,429.3601484774423,6
2024-09-20 13:28:22.049,429.39385889041375,7
2024-09-20 13:28:22.054,429.36845154372025,103
2024-09-20 13:28:22.097,429.36405766773663,1005
2024-09-20 13:28:22.232,429.39690384586,13
2024-09-20 13:28:22.259,429.3843449931672,998
2024-09-20 13:28:22.268,42.93590875598675,100
2024-09-20 13:28:22.270,429.41634338828976,997
2024-09-20 13:28:22.315,429.3807759837139,98
2024-09-20 13:28:22.443,429.39171872946935,1001
2024-09-20 13:28:22.460,429.395966421091,996
2024-09-20 13:28:22.510,429.4041605679156,99
2024-09-20 13:28:22.558,429.3766956439277,103
2024-09-20 13:28:22.573,429.3844836803146,1004
2024-09-20 13:28:22.603,429.3553161499542,1000
2024-09-20 13:28:22.616,429.4147678202908,101
2024-09-20 13:28:22.646,429.39745005269225,1003
2024-09-20 13:28:22.647,429.3692443521916,9
2024-09-20 13:28:22.660,429.3841059028808,1001
2024-09-20 13:28:22.688,429.377748904309,998
2024-09-20 13:28:22.696,429.37903253058295,8
2024-09-20 13:28:22.726,429.3862216601405,8
2024-09-20 13:28:22.786,429.405992193266,1000
2024-09-20 13:28:22.823,429.4075647690485,96
2024-09-20 13:28:22.859,429.4067075046337,1003
2024-09-20 13:28:22.867,429.3866402179552,105
2024-09-20 13:28:22.955,429.3951874379496,997
2024-09-20 13:28:22.970,429.3997199890444,10
2024-09-20 13:28:23.042,429.4208397396959,1001
2024-09-20 13:28:23.042,429.44843656996056,6
2024-09-20 13:28:23.056,429.426797778868,999
2024-09-20 13:28:23.139,429.3966002326711,101
2024-09-20 13:28:23.191,429.414018535304,104
2024-09-20 13:28:23.217,429.4095887558205,996
2024-09-20 13:28:23.221,429.42746307138407,1002
2024-09-20 13:28:23.238,429.43326697591806,14
2024-09-20 13:28:23.291,429.4329054461635,102
2024-09-20 13:28:23.318,429.3952723745674,1001
2024-09-20 13:28:23.405,429.4505924123227,997
2024-09-20 13:28:23.500,429.4248750264856,14
2024-09-20 13:28:23.593,42.94200777665093,1004
2024-09-20 13:28:23.600,429.4265381462963,999
2024-09-20 13:28:23.606,429.4546285227813,997
2024-09-20 13:28:23.622,429.44369069613134,13
2024-09-20 13:28:23.639,429.4292499715744,104
2024-09-20 13:28:23.640,429.42589675080046,97
2024-09-20 13:28:23.700,429.4220892165209,15
2024-09-20 13:28:23.708,429.45538737178254,97
2024-09-20 13:28:23.716,429.429043497346,95
2024-09-20 13:28:23.749,429.43350081794375,10
2024-09-20 13:28:23.753,429.451792070148,15
2024-09-20 13:28:23.756,429.44643099184486,1001
2024-09-20 13:28:23.759,429.4415604897705,101
2024-09-20 13:28:23.803,429.4500711069166,12
2024-09-20 13:28:23.892,-429.4372267188621,102
2024-09-20 13:28:23.970,429.4143132619889,11
2024-09-20 13:28:24.159,429.4427308073268,9
2024-09-20 13:28:24.197,429.4552835594019,13
2024-09-20 13:28:24.248,429.4034762293532,6
2024-09-20 13:28:24.267,429.4164980263191,7
2024-09-20 13:28:24.300,429.3954201245854,14
2024-09-20 13:28:24.440,429.4376649073279,1002
2024-09-20 13:28:24.683,429.40356874254894,1000
2024-09-20 13:28:24.715,42.93989574381653,1002
2024-09-20 13:28:24.845,429.3866485582078,7
2024-09-20 13:28:24.860,429.3846961711234,100
2024-09-20 13:28:24.970,429.43667559571446,12
2024-09-20 13:28:25.134,429.3899589284708,997
2024-09-20 13:28:25.153,429.3896054523384,103
2024-09-20 13:28:25.239,429.3877946197171,104
2024-09-20 13:28:25.253,429.379361971952,11
2024-09-20 13:28:25.274,429.3895651142356,15
2024-09-20 13:28:25.286,429.3944538251838,1003
2024-09-20 13:28:25.290,429.414783322848,101
2024-09-20 13:28:25.299,429.43343519591866,999
2024-09-20 13:28:25.303,429.4033997853417,104
2024-09-20 13:28:25.323,-429.4208709255431,105
2024-09-20 13:28:25.358,429.4147970399415,100
2024-09-20 13:28:25.420,429.4005146687445,999
2024-09-20 13:28:25.422,429.419144914447,11
2024-09-20 13:28:25.457,429.395514886256,13
2024-09-20 13:28:25.461,429.3866892024362,1002
2024-09-20 13:28:25.522,429.3659485377814,99
2024-09-20 13:28:25.525,429.411792077569,5
2024-09-20 13:28:25.555,429.3891856274574,100
2024-09-20 13:28:25.684,429.37649296198725,998
2024-09-20 13:28:25.776,429.42003104296,101
2024-09-20 13:28:25.829,429.401486458821,5
2024-09-20 13:28:25.905,429.4227869530122,103
2024-09-20 13:28:25.915,429.400382477165,104
2024-09-20 13:28:25.948,429.38088477704457,102
2024-09-20 13:28:25.971,429.4050415782586,105
2024-09-20 13:28:25.973,429.4019851971794,104
2024-09-20 13:28:26.156,42.9338111790137,95
2024-09-20 13:28:26.298,429.3507225615508,5
2024-09-20 13:28:26.449,429.3557034461442,98
2024-09-20 13:28:26.596,429.3607031599334,7
2024-09-20 13:28:27.071,429.3724858534228,1005
2024-09-20 13:28:27.085,429.34954248314347,1005
2024-09-20 13:28:27.128,429.31148154810415,1002
2024-09-20 13:28:27.140,429.31435095963593,100
2024-09-20 13:28:27.204,429.317829855257,14
2024-09-20 13:28:27.218,429.3791245342854,13
2024-09-20 13:28:27.251,429.3487676053073,98
2024-09-20 13:28:27.276,429.3142900506934,996
2024-09-20 13:28:27.286,429.3493978883509,5
2024-09-20 13:28:27.376,,1001
2024-09-20 13:28:27.403,429.3399755382148,5
2024-09-20 13:28:27.542,429.36094348695065,996
2024-09-20 13:28:27.561,429.3459160106983,95
2024-09-20 13:28:27.706,429.3496157841354,96
2024-09-20 13:28:27.730,429.32751505715015,102
2024-09-20 13:28:27.773,429.34467616339,1002
2024-09-20 13:28:27.790,429.39262319767823,996
2024-09-20 13:28:27.816,429.41128794686887,104
2024-09-20 13:28:27.852,429.3949679446217,1005
2024-09-20 13:28:27.966,429.30339743766285,995
2024-09-20 13:28:27.990,429.30369980168064,13
2024-09-20 13:28:28.012,429.4262309024291,98
2024-09-20 13:28:28.013,429.42897401882175,996
2024-09-20 13:28:28.025,429.4343638762896,8
2024-09-20 13:28:28.138,429.42810997142345,1000
2024-09-20 13:28:28.187,429.45709158607656,96
2024-09-20 13:28:28.287,42.9468161317543,105
2024-09-20 13:28:28.297,429.4235528548778,103
2024-09-20 13:28:28.476,429.4512888741212,97
2024-09-20 13:28:28.514,429.4307151617047,102
2024-09-20 13:28:28.516,429.4671944631461,98
2024-09-20 13:28:28.544,429.4653414490504,99
2024-09-20 13:28:28.601,429.44548108831947,95
2024-09-20 13:28:28.605,-429.46264324134313,1002
2024-09-20 13:28:28.646,429.4434535280727,15
2024-09-20 13:28:28.671,429.43406011766456,999
2024-09-20 13:28:28.675,429.4267579439973,996
2024-09-20 13:28:28.715,429.4602892318032,103
2024-09-20 13:28:28.751,429.4386189918412,9
2024-09-20 13:28:28.778,429.4526182869272,998
2024-09-20 13:28:28.827,429.4400092933769,996
2024-09-20 13:28:28.869,429.4324308850397,8
2024-09-20 13:28:28.877,,100
2024-09-20 13:28:28.997,429.4345670793558,1005
2024-09-20 13:28:29.006,429.3892577059957,15
2024-09-20 13:28:29.058,429.33643577466967,7
2024-09-20 13:28:29.115,429.38487938867706,11
2024-09-20 13:28:29.191,429.4140965119333,100
2024-09-20 13:28:29.202,429.3768969482484,13
2024-09-20 13:28:29.224,429.3547899502309,96
2024-09-20 13:28:29.229,429.3641798524802,11
2024-09-20 13:28:29.335,429.35423264959536,97
2024-09-20 13:28:29.360,429.3890722676792,96
2024-09-20 13:28:29.420,429.4388364669255,6
2024-09-20 13:28:29.459,429.37074209245407,6
2024-09-20 13:28:29.595,429.4460113747973,1004
2024-09-20 13:28:29.606,429.3580548406473,8
2024-09-20 13:28:29.676,429.3496859123784,96
2024-09-20 13:28:29.689,429.3771466909435,6
2024-09-20 13:28:29.766,429.40214629033824,99
2024-09-20 13:28:29.809,429.3808319021678,1005
2024-09-20 13:28:29.859,429.3955150074959,1003
2024-09-20 13:28:29.902,429.3373192110099,10
2024-09-20 13:28:29.984,429.4010367937148,998
2024-09-20 13:28:30.064,429.3344595986456,99
2024-09-20 13:28:30.194,429.3706700157561,102
2024-09-20 13:28:30.223,429.3721712965392,103
2024-09-20 13:28:30.320,429.3705560537263,998
2024-09-20 13:28:30.387,429.3581587519312,101
2024-09-20 13:28:30.580,429.3617998385547,102
2024-09-20 13:28:30.616,429.3487921915912,99
2024-09-20 13:28:30.638,429.3597206775027,101
2024-09-20 13:28:30.668,429.3380179294128,11
2024-09-20 13:28:30.670,429.3587759237775,1001
2024-09-20 13:28:30.701,429.3268347229509,1004
2024-09-20 13:28:31.010,429.2587191115539,100
2024-09-20 13:28:31.107,429.2827204707266,104
2024-09-20 13:28:31.120,-429.2343797945002,13
2024-09-20 13:28:31.154,429.2729336863789,999
2024-09-20 13:28:31.178,429.26792820639,5
2024-09-20 13:28:31.192,429.3092290053713,1002
2024-09-20 13:28:31.204,429.27930227793416,1004
2024-09-20 13:28:31.204,429.3170047490817,105
2024-09-20 13:28:31.394,429.24210186492206,8
2024-09-20 13:28:31.426,429.31808297281975,1004
2024-09-20 13:28:31.427,429.2497709390683,1002
2024-09-20 13:28:31.479,429.2349380260578,6
2024-09-20 13:28:31.504,429.2459262532307,1003
2024-09-20 13:28:31.521,429.2588015767772,96
2024-09-20 13:28:31.568,429.3045421617192,11
2024-09-20 13:28:31.608,429.28046709828,1004
2024-09-20 13:28:31.642,429.3241551397953,1001
2024-09-20 13:28:31.703,429.2420371837407,998
2024-09-20 13:28:31.832,429.2701994255512,1000
2024-09-20 13:28:31.853,429.2658271897878,1005
2024-09-20 13:28:31.916,429.28658758307216,5
2024-09-20 13:28:31.925,429.2826843624522,8
2024-09-20 13:28:31.934,429.3260931132504,998
2024-09-20 13:28:31.970,429.2648189427945,101
2024-09-20 13:28:31.972,429.256480196904,1004
2024-09-20 13:28:32.261,429.282596655046,999
2024-09-20 13:28:32.340,429.2918162294903,98
2024-09-20 13:28:32.766,429.2920419142143,95
2024-09-20 13:28:32.850,429.27088052167954,996
2024-09-20 13:28:32.868,429.2791614181919,5
2024-09-20 13:28:32.933,-429.2869707112542,97
2024-09-20 13:28:32.966,429.269062147308,1001
2024-09-20 13:28:33.024,429.2686620325284,12
2024-09-20 13:28:33.178,429.2983643041595,5
2024-09-20 13:28:33.750,429.2762110822106,101
2024-09-20 13:28:33.790,429.26880717210895,10
2024-09-20 13:28:34.787,429.2509860083355,98
2024-09-20 13:28:34.800,429.2492851835484,996
2024-09-20 13:28:35.042,429.3095026626542,100
2024-09-20 13:28:35.054,429.3099931408668,1002
2024-09-20 13:28:35.111,429.2572904386793,1004
2024-09-20 13:28:35.411,429.2492871795322,998
2024-09-20 13:28:35.426,429.3093139501333,10
2024-09-20 13:28:35.448,429.23572802110186,8
2024-09-20 13:28:35.510,429.2449505346289,10
2024-09-20 13:28:35.535,429.3184685192631,104
2024-09-20 13:28:35.616,429.2515563920852,102
2024-09-20 13:28:35.661,429.232680908889,15
2024-09-20 13:28:35.665,429.2688559404706,12
2024-09-20 13:28:35.713,429.2618044781484,5
2024-09-20 13:28:35.717,42.92828047887561,998
2024-09-20 13:28:35.809,429.28569579015874,11
2024-09-20 13:28:35.819,429.2660826484546,1003
2024-09-20 13:28:35.859,429.3127925403921,100
2024-09-20 13:28:35.863,429.2416745144431,101
2024-09-20 13:28:35.897,429.278143656204,104
2024-09-20 13:28:35.907,429.2447074065825,98
2024-09-20 13:28:35.977,429.2446197858847,100
2024-09-20 13:28:36.025,429.2898312730523,1004
2024-09-20 13:28:36.213,429.2679334671727,8
2024-09-20 13:28:36.460,429.2671720053104,1001
2024-09-20 13:28:36.515,429.27641376237466,9
2024-09-20 13:28:36.635,429.318978591354,99
2024-09-20 13:28:36.705,429.3050143248159,1002
2024-09-20 13:28:36.708,429.3161293381766,95
2024-09-20 13:28:36.746,429.2903019396351,998
2024-09-20 13:28:36.834,429.26586014708175,104
2024-09-20 13:28:36.908,429.33791504787166,13
2024-09-20 13:28:36.961,429.285691701317,105
2024-09-20 13:28:36.962,429.31938412070167,102
2024-09-20 13:28:37.616,429.3047767459126,1002
2024-09-20 13:28:37.648,-429.3175936156578,99
2024-09-20 13:28:37.975,429.3238831704968,11
2024-09-20 13:28:38.006,429.3361668119346,998
2024-09-20 13:28:38.087,429.3267669988845,96
2024-09-20 13:28:38.172,429.3415262654775,8
2024-09-20 13:28:38.299,429.3442759132069,95
2024-09-20 13:28:38.307,429.33699077244415,100
2024-09-20 13:28:38.319,429.2897737995176,14
2024-09-20 13:28:38.339,429.2942776154995,13
2024-09-20 13:28:38.374,429.2993011513349,995
2024-09-20 13:28:38.388,429.3433487474891,101
2024-09-20 13:28:38.400,429.2840892673005,996
2024-09-20 13:28:38.416,429.2753168418541,1002
2024-09-20 13:28:38.444,429.31763964546445,999
2024-09-20 13:28:38.448,429.3334104474816,999
2024-09-20 13:28:38.518,429.3180587711982,1000
2024-09-20 13:28:38.744,429.3454463442272,103
2024-09-20 13:28:38.754,429.3335093292576,1004
2024-09-20 13:28:38.817,429.285441259306,1004
2024-09-20 13:28:38.842,429.3094040211383,1003
2024-09-20 13:28:38.859,429.3010671352369,15
2024-09-20 13:28:38.913,429.3412950026951,12
2024-09-20 13:28:39.071,429.2716262807156,999
2024-09-20 13:28:39.401,429.2668180278301,998
2024-09-20 13:28:39.500,429.2552749709219,996
2024-09-20 13:28:39.685,429.2861839213809,8
2024-09-20 13:28:39.747,429.272189542529,12
2024-09-20 13:28:39.797,429.2861635141401,98
2024-09-20 13:28:39.946,429.2513410279463,1001
2024-09-20 13:28:40.034,429.3461244369256,1002
2024-09-20 13:28:40.082,429.3716465212237,996
2024-09-20 13:28:40.133,429.353313046688,1005
2024-09-20 13:28:40.147,429.3541257854638,9
2024-09-20 13:28:40.157,429.3563051256409,1002
2024-09-20 13:28:40.162,429.348589569278,9
2024-09-20 13:28:40.194,429.3531709942088,6
2024-09-20 13:28:40.226,429.3600222810096,95
2024-09-20 13:28:40.230,429.3334698112786,1002
2024-09-20 13:28:40.242,429.3574036075673,99
2024-09-20 13:28:40.253,429.31207595243205,12
2024-09-20 13:28:40.279,429.3429103508596,997
2024-09-20 13:28:40.303,429.3645258586055,100
2024-09-20 13:28:40.328,429.34610241554464,100
2024-09-20 13:28:40.357,429.3390446177853,6
2024-09-20 13:28:40.388,429.3593548560896,101
2024-09-20 13:28:40.419,429.2977923834057,97
2024-09-20 13:28:40.433,429.3485905973036,104
2024-09-20 13:28:40.511,429.3247409261589,14
2024-09-20 13:28:40.517,429.3331352772125,997
2024-09-20 13:28:40.671,429.3697744537656,96
2024-09-20 13:28:40.686,429.3186753114926,996
2024-09-20 13:28:40.751,429.3133793832782,1003
2024-09-20 13:28:40.769,429.3792422769749,7
2024-09-20 13:28:40.875,429.35308859450026,105
2024-09-20 13:28:40.941,429.3057497534469,10
2024-09-20 13:28:41.012,42.93867893745151,1005
2024-09-20 13:28:41.038,429.3693911418094,98
2024-09-20 13:28:41.043,429.4424457212573,15
2024-09-20 13:28:41.118,429.4831933805241,1000
2024-09-20 13:28:41.133,429.4206327718154,997
2024-09-20 13:28:41.149,429.4181845404133,13
2024-09-20 13:28:41.185,429.4105509244721,8
2024-09-20 13:28:41.215,429.4018818413757,103
2024-09-20 13:28:41.237,429.43241095943296,997
2024-09-20 13:28:41.325,429.4758145670389,1005
2024-09-20 13:28:41.335,429.4551918350192,1005
2024-09-20 13:28:41.410,429.4728997604751,995
2024-09-20 13:28:41.415,429.4312054249537,1001
2024-09-20 13:28:41.429,429.3766611759631,95
2024-09-20 13:28:41.431,429.4371159330436,1005
2024-09-20 13:28:41.451,429.4467481818469,6
2024-09-20 13:28:41.496,429.4575182963492,102
2024-09-20 13:28:41.567,429.4163753494774,15
2024-09-20 13:28:41.586,429.3992981850215,100
2024-09-20 13:28:41.599,429.42354729897545,9
2024-09-20 13:28:41.603,429.4226265372845,6
2024-09-20 13:28:41.731,429.42951930818174,15
2024-09-20 13:28:41.792,429.4093968960029,1003
2024-09-20 13:28:41.816,429.4823371908841,96
2024-09-20 13:28:41.901,429.3732591499558,997
2024-09-20 13:28:41.925,429.4776190095419,1004
2024-09-20 13:28:42.016,429.4598264023044,8
2024-09-20 13:28:42.692,429.460473392617,995
2024-09-20 13:28:42.804,429.4627279329461,8
2024-09-20 13:28:43.219,429.4163649627554,7
2024-09-20 13:28:43.229,429.45780001210255,95
2024-09-20 13:28:43.695,429.4105491940951,95
2024-09-20 13:28:43.819,429.4529030536722,9
2024-09-20 13:28:43.839,429.4506329931283,104
2024-09-20 13:28:43.948,429.4453728533341,1001
2024-09-20 13:28:44.594,429.3860849111616,9
2024-09-20 13:28:44.930,42.93916778027745,13
2024-09-20 13:28:45.051,429.4169972454814,1003
2024-09-20 13:28:45.675,429.414276981028,8
2024-09-20 13:28:45.757,429.3922964198389,96
2024-09-20 13:28:46.016,429.3380489396631,997
2024-09-20 13:28:46.052,429.37025647926106,99
2024-09-20 13:28:46.192,429.36417556031904,95
2024-09-20 13:28:46.220,429.3657426727801,103
2024-09-20 13:28:46.225,429.40164843114064,995
2024-09-20 13:28:46.252,429.3889556850893,10
2024-09-20 13:28:46.253,429.3252931514693,15
2024-09-20 13:28:46.257,429.344898079653,1000
2024-09-20 13:28:46.265,429.3192800754646,6
2024-09-20 13:28:46.327,429.3337784863334,11
2024-09-20 13:28:46.347,429.3703079343503,99
2024-09-20 13:28:46.450,429.3961257267619,5
2024-09-20 13:28:46.559,429.3553150328263,95
2024-09-20 13:28:46.584,429.3926836129738,1003
2024-09-20 13:28:46.698,429.34617474515545,7
2024-09-20 13:28:46.698,429.38399877057526,12
2024-09-20 13:28:46.744,429.3585020637373,7
2024-09-20 13:28:46.781,429.34006775248815,5
2024-09-20 13:28:46.782,429.3587322386256,1000
2024-09-20 13:28:46.791,429.4013479413349,98
2024-09-20 13:28:46.888,429.3601714762782,6
2024-09-20 13:28:46.943,429.3649200623678,14
2024-09-20 13:28:46.991,42.935728978589935,998
2024-09-20 13:28:47.283,429.3296945744009,995
2024-09-20 13:28:47.324,429.31902777105415,6
2024-09-20 13:28:47.405,429.3264604442644,6
2024-09-20 13:28:47.514,429.30666955383896,95
2024-09-20 13:28:47.606,429.30070883432353,7
2024-09-20 13:28:47.619,429.3116362294416,14
2024-09-20 13:28:47.905,429.3253803123,99
2024-09-20 13:28:48.150,429.4126571272857,7
2024-09-20 13:28:48.157,429.3560680821841,999
2024-09-20 13:28:48.209,429.3870481845105,1000
2024-09-20 13:28:48.295,429.3737383155295,101
2024-09-20 13:28:48.355,429.3407435589241,13
2024-09-20 13:28:48.673,429.3885929138633,6
2024-09-20 13:28:48.674,429.39430281906175,15
2024-09-20 13:28:48.676,429.386829181102,995
2024-09-20 13:28:48.709,429.375066556247,95
2024-09-20 13:28:48.774,429.38338837292537,103
2024-09-20 13:28:48.844,429.3764443072523,95
2024-09-20 13:28:48.975,429.39080560077457,102
2024-09-20 13:28:49.057,429.3766903104395,105
2024-09-20 13:28:49.062,429.3690187659775,13
2024-09-20 13:28:49.110,429.3772055391681,8
2024-09-20 13:28:49.160,429.3622142679613,1002
2024-09-20 13:28:49.232,429.38754402722,99
2024-09-20 13:28:49.554,429.3667683742785,15
2024-09-20 13:28:49.574,429.4104674978584,15
2024-09-20 13:28:49.578,429.3583750585038,1002
2024-09-20 13:28:49.659,429.37953265385033,9
2024-09-20 13:28:49.768,429.349102416542,8
2024-09-20 13:28:49.927,429.364378336092,5
2024-09-20 13:28:49.939,429.36292995873214,10
2024-09-20 13:28:50.197,429.3966659469936,1002
2024-09-20 13:28:50.230,429.3792446611991,1000
2024-09-20 13:28:50.241,429.3729400954665,15
2024-09-20 13:28:50.267,429.3993107164965,10
2024-09-20 13:28:50.310,429.387487493118,104
2024-09-20 13:28:50.832,429.40379489290393,102
2024-09-20 13:28:51.006,429.3667137134,101
2024-09-20 13:28:51.163,429.3480832050139,5
2024-09-20 13:28:51.219,429.3933586273998,9
2024-09-20 13:28:51.253,429.37514291075945,105
2024-09-20 13:28:51.267,429.3729847695343,10
2024-09-20 13:28:51.279,429.3538868508784,99
2024-09-20 13:28:51.319,429.3571776854778,1004
2024-09-20 13:28:51.322,429.4009310359203,98
2024-09-20 13:28:51.327,429.368332901075,999
2024-09-20 13:28:51.328,429.3633208376313,998
2024-09-20 13:28:51.341,429.3991960524308,101
2024-09-20 13:28:51.486,429.3746066355508,1004
2024-09-20 13:28:51.489,429.3755029195089,97
2024-09-20 13:28:51.547,42.937490558915925,12
2024-09-20 13:28:51.613,429.3777303019341,103
2024-09-20 13:28:51.685,429.3978379779341,1005
2024-09-20 13:28:51.713,429.3550078218679,1003
2024-09-20 13:28:51.810,429.39986146780393,1005
2024-09-20 13:28:51.927,429.3976184009442,6
2024-09-20 13:28:52.040,429.3081740573323,998
2024-09-20 13:28:52.137,429.28528589469335,15
2024-09-20 13:28:52.184,429.2825722232113,12
2024-09-20 13:28:52.237,429.2898040184509,996
2024-09-20 13:28:52.279,429.3126073146403,96
2024-09-20 13:28:52.283,429.31526004414576,1005
2024-09-20 13:28:52.296,429.3083621041666,12
2024-09-20 13:28:52.347,429.2986274728237,7
2024-09-20 13:28:52.434,,1002
2024-09-20 13:28:52.469,429.2702309614932,999
2024-09-20 13:28:52.508,429.2998472765798,95
2024-09-20 13:28:52.551,429.3829603661021,12
2024-09-20 13:28:52.561,429.24267889789184,998
2024-09-20 13:28:52.581,429.2151705902226,98
2024-09-20 13:28:52.581,429.2302069859736,997
2024-09-20 13:28:52.588,429.3801744293545,101
2024-09-20 13:28:52.629,429.2456716227261,1005
2024-09-20 13:28:52.807,429.21443094082514,5
2024-09-20 13:28:52.831,429.2977480516169,1004
2024-09-20 13:28:52.856,429.2167653731329,1005
2024-09-20 13:28:52.868,429.3296659641902,8
2024-09-20 13:28:52.961,429.29243226935625,7
2024-09-20 13:28:52.969,429.2384172917339,95
2024-09-20 13:28:52.984,429.3514539966001,14
2024-09-20 13:28:52.986,429.3104853421977,9
2024-09-20 13:28:53.005,429.1961247813388,97
2024-09-20 13:28:53.077,429.1898782389624,103
2024-09-20 13:28:53.144,42.91883264814224,1001
2024-09-20 13:28:53.178,429.1883132863978,996
2024-09-20 13:28:53.261,429.2170244574192,1004
2024-09-20 13:28:53.434,429.2099432930908,6
2024-09-20 13:28:53.554,429.1656738072584,999
2024-09-20 13:28:53.667,429.2156936092984,99
2024-09-20 13:28:53.674,429.1941610251999,105
2024-09-20 13:28:53.786,429.1888002386994,105
2024-09-20 13:28:53.788,429.1636577773791,7
2024-09-20 13:28:53.840,429.21389876797446,9
2024-09-20 13:28:53.850,429.2094893898936,15
2024-09-20 13:28:53.858,429.19373028409376,1000
2024-09-20 13:28:53.911,429.1874356827968,95
2024-09-20 13:28:53.920,429.19624115347193,105
2024-09-20 13:28:53.945,429.2095189298473,7
2024-09-20 13:28:53.953,429.1622504031763,103
2024-09-20 13:28:53.986,429.182431506358,1003
2024-09-20 13:28:54.397,429.1828721932175,995
2024-09-20 13:28:54.622,429.2041978960584,1005
2024-09-20 13:28:54.659,429.1760318851134,6
2024-09-20 13:28:54.713,429.19424318887457,97
2024-09-20 13:28:55.027,429.1821736299284,103
2024-09-20 13:28:55.076,429.1855396395823,11
2024-09-20 13:28:55.187,429.2432611150657,12
2024-09-20 13:28:55.262,429.1610913632304,997
2024-09-20 13:28:55.310,429.2359972295272,1000
2024-09-20 13:28:55.489,429.2692483483471,11
2024-09-20 13:28:55.598,429.2100939022952,11
2024-09-20 13:28:55.614,429.24173918595136,9
2024-09-20 13:28:55.620,429.2188225205325,997
2024-09-20 13:28:55.657,429.2734076983272,997
2024-09-20 13:28:55.685,429.24548296367686,1002
2024-09-20 13:28:55.687,429.2330009243559,7
2024-09-20 13:28:55.927,429.2427544546108,11
2024-09-20 13:28:56.545,429.2613552303839,100
2024-09-20 13:28:56.716,429.255092768105,997
2024-09-20 13:28:56.892,429.24568466436295,7
2024-09-20 13:28:56.896,429.2597021627652,997
2024-09-20 13:28:57.586,429.2622485984125,104
2024-09-20 13:28:57.654,429.28393942001287,12
2024-09-20 13:28:59.018,429.2497777879841,12
2024-09-20 13:28:59.126,429.25820157669847,103
2024-09-20 13:28:59.256,429.24763541113447,103
2024-09-20 13:28:59.369,429.2632169093426,9
2024-09-20 13:28:59.386,429.24984997668906,997
2024-09-20 13:28:59.536,429.26906192431625,101
2024-09-20 13:28:59.563,429.27898750925306,998
2024-09-20 13:28:59.863,429.2498734573515,1004
2024-09-20 13:28:59.915,429.2472537830945,10
