Timestamp,Price,Size
2024-09-16 11:15:00.166,415.9044310778549,5
2024-09-16 11:15:00.172,415.8316480275713,102
2024-09-16 11:15:00.253,415.8042128408228,1003
2024-09-16 11:15:00.318,415.8347588222247,1002
2024-09-16 11:15:00.343,415.8587740302142,15
2024-09-16 11:15:00.348,415.7938523827313,99
2024-09-16 11:15:00.393,415.8348443629097,11
2024-09-16 11:15:00.484,415.8240051525153,12
2024-09-16 11:15:00.579,415.8062852741392,12
2024-09-16 11:15:00.609,415.88255439017394,8
2024-09-16 11:15:00.783,415.9046786062711,14
2024-09-16 11:15:00.841,415.8757605319297,101
2024-09-16 11:15:00.857,415.83396181092,11
2024-09-16 11:15:00.929,415.8374221335305,98
2024-09-16 11:15:01.010,415.8033609849455,997
2024-09-16 11:15:01.094,415.874856607388,997
2024-09-16 11:15:01.324,415.8390713248677,15
2024-09-16 11:15:01.343,415.8596573758053,105
2024-09-16 11:15:01.469,415.7962225079549,7
2024-09-16 11:15:01.493,415.8324265954423,7
2024-09-16 11:15:01.664,415.8671364196615,1002
2024-09-16 11:15:01.728,415.7974119527042,1004
2024-09-16 11:15:01.750,415.8704873367007,104
2024-09-16 11:15:01.758,415.849793767689,5
2024-09-16 11:15:01.926,415.82399793776233,997
2024-09-16 11:15:02.065,415.8416039769232,999
2024-09-16 11:15:02.184,415.7837775762012,1005
2024-09-16 11:15:02.193,415.81969166540034,10
2024-09-16 11:15:02.247,415.8057300116739,105
2024-09-16 11:15:02.288,415.7775193438528,11
2024-09-16 11:15:02.436,415.7918976664095,104
2024-09-16 11:15:02.464,415.80474546737,1002
2024-09-16 11:15:02.533,415.8221979903715,103
2024-09-16 11:15:02.598,415.8244204012592,5
2024-09-16 11:15:02.692,415.80721154143527,96
2024-09-16 11:15:02.696,415.82716775146616,13
2024-09-16 11:15:02.730,415.8299372803132,104
2024-09-16 11:15:02.747,415.8189370539772,101
2024-09-16 11:15:02.823,415.84522849639535,13
2024-09-16 11:15:02.976,415.8014335811242,998
2024-09-16 11:15:03.249,415.794647909767,100
2024-09-16 11:15:03.268,415.8152174822004,1001
2024-09-16 11:15:03.376,415.7811546130305,10
2024-09-16 11:15:03.377,415.8117536510899,1001
2024-09-16 11:15:03.380,41.57939462591883,103
2024-09-16 11:15:03.467,415.8124042640502,104
2024-09-16 11:15:03.475,415.81400309054095,99
2024-09-16 11:15:03.516,415.78362241918336,95
2024-09-16 11:15:03.651,415.8148106760545,13
2024-09-16 11:15:03.708,415.8264427646176,104
2024-09-16 11:15:03.710,415.7734063514551,105
2024-09-16 11:15:03.810,415.7828192707796,10
2024-09-16 11:15:03.823,415.81252212726525,996
2024-09-16 11:15:03.851,415.8009357377447,15
2024-09-16 11:15:03.912,415.799310184786,12
2024-09-16 11:15:03.979,415.80938427784326,15
2024-09-16 11:15:04.018,415.8272397888147,102
2024-09-16 11:15:04.024,415.86699227413015,13
2024-09-16 11:15:04.095,,10
2024-09-16 11:15:04.116,415.8335187794615,13
2024-09-16 11:15:04.120,415.8616346434793,101
2024-09-16 11:15:04.132,415.80209631918393,999
2024-09-16 11:15:04.168,415.8690164666524,996
2024-09-16 11:15:04.189,415.840492911626,995
2024-09-16 11:15:04.284,415.8461493545556,1003
2024-09-16 11:15:04.293,415.8524601855389,13
2024-09-16 11:15:04.394,415.846110038177,1002
2024-09-16 11:15:04.464,415.8529644026912,103
2024-09-16 11:15:04.508,415.8218180162074,1004
2024-09-16 11:15:04.555,415.8322658788618,11
2024-09-16 11:15:04.590,415.8580962176923,995
2024-09-16 11:15:04.593,415.8309384842168,997
2024-09-16 11:15:04.742,-415.8225608786273,11
2024-09-16 11:15:04.778,415.87604908113474,998
2024-09-16 11:15:04.804,415.8031334986257,996
2024-09-16 11:15:04.919,415.8434941947663,12
2024-09-16 11:15:05.000,415.8573049181265,995
2024-09-16 11:15:05.000,415.8201242054202,995
2024-09-16 11:15:05.035,415.8389686577893,999
2024-09-16 11:15:05.099,415.8514293563138,8
2024-09-16 11:15:05.119,415.8445350013058,1000
2024-09-16 11:15:05.147,415.8277323876862,6
2024-09-16 11:15:05.272,415.8503845090666,997
2024-09-16 11:15:05.284,415.8432534373492,10
2024-09-16 11:15:05.321,415.8483298604348,996
2024-09-16 11:15:05.447,41.58468440008917,14
2024-09-16 11:15:05.468,415.8490092779747,98
2024-09-16 11:15:05.490,415.8454868291953,1005
2024-09-16 11:15:05.515,415.8400134319353,95
2024-09-16 11:15:05.547,415.8253755309044,14
2024-09-16 11:15:05.573,415.8345292838501,996
2024-09-16 11:15:05.593,415.8184387734405,12
2024-09-16 11:15:05.594,415.8078722575845,13
2024-09-16 11:15:05.637,415.859346378953,96
2024-09-16 11:15:05.682,415.8670274043184,98
2024-09-16 11:15:05.720,415.8495174446516,96
2024-09-16 11:15:05.721,415.8454928419946,10
2024-09-16 11:15:05.817,415.8479127127829,95
2024-09-16 11:15:05.821,415.80687183770544,100
2024-09-16 11:15:05.881,415.8388439502192,7
2024-09-16 11:15:05.925,415.8453797189596,100
2024-09-16 11:15:05.964,415.8342409437636,99
2024-09-16 11:15:05.977,415.829599136778,995
2024-09-16 11:15:05.989,415.8441972687323,5
2024-09-16 11:15:06.012,415.70459517802857,15
2024-09-16 11:15:06.074,415.8065840140509,1004
2024-09-16 11:15:06.095,415.7178709603263,998
2024-09-16 11:15:06.123,415.7559833221251,11
2024-09-16 11:15:06.158,415.7127636677792,100
2024-09-16 11:15:06.174,415.758230784875,7
2024-09-16 11:15:06.256,415.71369693749335,8
2024-09-16 11:15:06.342,415.7344198473804,105
2024-09-16 11:15:06.368,415.7862058761139,9
2024-09-16 11:15:06.396,415.8140174842289,995
2024-09-16 11:15:06.411,415.7821288468532,996
2024-09-16 11:15:06.479,415.7521183642138,997
2024-09-16 11:15:06.489,415.7872811814988,6
2024-09-16 11:15:06.517,415.7259273201684,6
2024-09-16 11:15:06.532,415.77872912527147,101
2024-09-16 11:15:06.558,415.8024895862116,98
2024-09-16 11:15:06.566,415.7761860945976,997
2024-09-16 11:15:06.632,415.7438377159802,1000
2024-09-16 11:15:06.639,415.7729318268417,98
2024-09-16 11:15:06.664,415.7193457250091,98
2024-09-16 11:15:06.680,415.7322679537539,97
2024-09-16 11:15:06.682,415.7886735103151,13
2024-09-16 11:15:06.733,415.7792541890356,99
2024-09-16 11:15:06.736,415.7913565305833,100
2024-09-16 11:15:06.811,415.7923464732133,10
2024-09-16 11:15:06.820,415.7688951779415,102
2024-09-16 11:15:06.874,415.82260408408257,997
2024-09-16 11:15:06.996,415.7316205661592,10
2024-09-16 11:15:07.189,415.7280781581549,997
2024-09-16 11:15:07.366,415.7519872102076,997
2024-09-16 11:15:07.567,415.70091576381947,1002
2024-09-16 11:15:07.598,415.7370201149593,101
2024-09-16 11:15:07.647,415.7056277780568,6
2024-09-16 11:15:07.964,415.7533109532235,99
2024-09-16 11:15:08.016,415.7139434071669,97
2024-09-16 11:15:08.094,415.6986330104274,5
2024-09-16 11:15:08.159,415.7139104308579,9
2024-09-16 11:15:08.168,415.69946292241326,1002
2024-09-16 11:15:08.170,415.7213589537677,1005
2024-09-16 11:15:08.196,415.716442245222,1003
2024-09-16 11:15:08.300,415.7058983965893,6
2024-09-16 11:15:08.309,415.712666402678,98
2024-09-16 11:15:08.320,415.70403790151545,99
2024-09-16 11:15:08.372,415.7231115503992,95
2024-09-16 11:15:08.447,415.7308022452181,1002
2024-09-16 11:15:08.550,415.7259982382674,102
2024-09-16 11:15:08.564,415.7416263437592,103
2024-09-16 11:15:08.655,415.7176234264656,995
2024-09-16 11:15:08.674,415.7468891075488,100
2024-09-16 11:15:08.693,415.7123389740381,11
2024-09-16 11:15:08.708,415.71315502848825,1004
2024-09-16 11:15:08.751,415.711880611272,999
2024-09-16 11:15:08.793,415.7278037090846,6
2024-09-16 11:15:08.913,415.7063765410456,1003
2024-09-16 11:15:08.917,415.7385256412729,95
2024-09-16 11:15:08.983,415.7121226184215,1000
2024-09-16 11:15:08.988,415.7529086326082,96
2024-09-16 11:15:09.029,,95
2024-09-16 11:15:09.038,415.6221670263872,5
2024-09-16 11:15:09.043,415.7036056527992,8
2024-09-16 11:15:09.074,415.6773956877066,100
2024-09-16 11:15:09.114,415.6075438674293,102
2024-09-16 11:15:09.125,415.6795319761304,100
2024-09-16 11:15:09.131,415.6188565920492,14
2024-09-16 11:15:09.141,415.6301906051642,105
2024-09-16 11:15:09.145,415.6296000744856,13
2024-09-16 11:15:09.236,415.601459024321,98
2024-09-16 11:15:09.306,415.6362326596886,10
2024-09-16 11:15:09.325,415.6264489892656,97
2024-09-16 11:15:09.428,415.6519824425554,8
2024-09-16 11:15:09.508,415.6219309671049,12
2024-09-16 11:15:09.517,415.6191807879438,103
2024-09-16 11:15:09.535,415.7002095908652,102
2024-09-16 11:15:09.575,415.6121155978777,15
2024-09-16 11:15:09.718,415.6949918247043,14
2024-09-16 11:15:09.733,415.6732722642715,1004
2024-09-16 11:15:09.751,415.59765853916673,1003
2024-09-16 11:15:09.790,415.6862108903196,997
2024-09-16 11:15:09.822,415.6163065420502,96
2024-09-16 11:15:09.836,415.6141972201914,999
2024-09-16 11:15:09.877,415.60876663997,998
2024-09-16 11:15:09.989,415.632606143252,7
2024-09-16 11:15:10.037,415.5781279919496,12
2024-09-16 11:15:10.088,415.5321162214356,97
2024-09-16 11:15:10.102,415.6301446685776,996
2024-09-16 11:15:10.144,415.5916815055342,7
2024-09-16 11:15:10.186,41.56103108396941,97
2024-09-16 11:15:10.208,415.5408309398787,105
2024-09-16 11:15:10.224,415.5851121621338,12
2024-09-16 11:15:10.502,415.62912560492975,12
2024-09-16 11:15:10.548,415.5342920492487,15
2024-09-16 11:15:10.568,415.61586451003046,9
2024-09-16 11:15:10.617,415.6255682795964,996
2024-09-16 11:15:10.715,415.5502832821443,8
2024-09-16 11:15:10.828,415.6084191210868,996
2024-09-16 11:15:10.880,415.551535092896,7
2024-09-16 11:15:10.951,415.6101198643725,105
2024-09-16 11:15:10.984,415.60920508019706,102
2024-09-16 11:15:11.030,415.5514200438573,1001
2024-09-16 11:15:11.090,,96
2024-09-16 11:15:11.144,415.52731529390815,996
2024-09-16 11:15:11.291,415.5413640686856,9
2024-09-16 11:15:11.692,415.56149288402486,104
2024-09-16 11:15:11.781,415.5563495432745,1004
2024-09-16 11:15:12.087,415.6227503752695,12
2024-09-16 11:15:12.247,415.57346018368463,6
2024-09-16 11:15:12.452,415.6309062596465,998
2024-09-16 11:15:12.516,415.5825531987784,14
2024-09-16 11:15:12.664,415.64868066600246,95
2024-09-16 11:15:12.709,415.6093773336145,14
2024-09-16 11:15:12.781,415.6295571148902,1003
2024-09-16 11:15:12.807,415.601054606457,1002
2024-09-16 11:15:12.853,415.5544151667832,10
2024-09-16 11:15:12.888,415.5839386440935,1000
2024-09-16 11:15:12.999,415.6398636101854,10
2024-09-16 11:15:13.192,415.6424415194339,1001
2024-09-16 11:15:13.211,415.6349259731069,997
2024-09-16 11:15:13.432,415.66088715793967,8
2024-09-16 11:15:13.546,415.6446424473317,10
2024-09-16 11:15:14.029,415.60544439619474,9
2024-09-16 11:15:14.030,415.6212361059356,14
2024-09-16 11:15:14.083,415.6366557132754,95
2024-09-16 11:15:14.182,415.6479870106961,1004
2024-09-16 11:15:14.185,415.61911589842174,6
2024-09-16 11:15:14.219,415.6282060808911,13
2024-09-16 11:15:14.359,415.6238506748017,7
2024-09-16 11:15:14.363,415.6180795406739,11
2024-09-16 11:15:14.389,415.64300836306046,8
2024-09-16 11:15:14.465,415.62370144638254,999
2024-09-16 11:15:14.504,415.6099724661015,98
2024-09-16 11:15:14.520,415.6454992827207,12
2024-09-16 11:15:14.521,415.663813632955,105
2024-09-16 11:15:14.529,415.6126499461234,999
2024-09-16 11:15:14.634,415.66490291284686,1000
2024-09-16 11:15:14.668,415.604667945913,1000
2024-09-16 11:15:14.691,415.6180830130186,6
2024-09-16 11:15:14.759,415.65632240607385,13
2024-09-16 11:15:14.761,415.6180025525029,8
2024-09-16 11:15:14.788,415.6246097819334,5
2024-09-16 11:15:14.797,415.6350196666262,1001
2024-09-16 11:15:14.827,415.637287253153,15
2024-09-16 11:15:14.839,415.6282193306331,998
2024-09-16 11:15:14.908,415.6734837317606,997
2024-09-16 11:15:14.996,41.56483901168572,996
2024-09-16 11:15:15.040,415.7017571864495,96
2024-09-16 11:15:15.118,415.7111591535283,96
2024-09-16 11:15:15.247,415.7071995926459,997
2024-09-16 11:15:15.260,415.7050558503628,10
2024-09-16 11:15:15.267,415.7156866080341,5
2024-09-16 11:15:15.291,415.7157532849029,998
2024-09-16 11:15:15.316,415.7198523501838,102
2024-09-16 11:15:15.416,415.69335703403567,1004
2024-09-16 11:15:15.465,415.723467741681,97
2024-09-16 11:15:15.539,415.71793249553497,1002
2024-09-16 11:15:15.552,415.69999572015,1003
2024-09-16 11:15:15.605,415.7234317629422,13
2024-09-16 11:15:15.769,415.70671126067725,97
2024-09-16 11:15:15.804,415.7076746975376,1000
2024-09-16 11:15:15.825,415.7283656399554,995
2024-09-16 11:15:15.960,415.6931876361391,10
2024-09-16 11:15:16.041,415.7215919532301,9
2024-09-16 11:15:16.181,415.737599712194,999
2024-09-16 11:15:17.037,415.7472202339487,1004
2024-09-16 11:15:17.102,415.7336821141661,995
2024-09-16 11:15:17.326,415.7809506087873,995
2024-09-16 11:15:17.852,415.741006557411,15
2024-09-16 11:15:17.890,415.7650327005958,1005
2024-09-16 11:15:17.949,415.7517538957295,8
2024-09-16 11:15:18.008,415.777504401128,12
2024-09-16 11:15:18.011,415.7054918907683,1005
2024-09-16 11:15:18.047,415.7383075771354,1002
2024-09-16 11:15:18.068,415.77240745677045,11
2024-09-16 11:15:18.075,415.7615668424141,9
2024-09-16 11:15:18.078,415.7620719582641,999
2024-09-16 11:15:18.116,415.78162296526216,5
2024-09-16 11:15:18.120,415.74266652352776,998
2024-09-16 11:15:18.185,415.7703995490345,996
2024-09-16 11:15:18.246,415.7222840860508,100
2024-09-16 11:15:18.332,415.76701627078006,7
2024-09-16 11:15:18.433,415.7449362186729,96
2024-09-16 11:15:18.477,415.7705658165548,105
2024-09-16 11:15:18.626,415.6855911172842,104
2024-09-16 11:15:18.657,415.70311511989127,11
2024-09-16 11:15:18.675,415.7853987123648,99
2024-09-16 11:15:18.717,415.7138712529459,1004
2024-09-16 11:15:18.767,415.7173812521828,14
2024-09-16 11:15:18.794,41.56997576614006,1001
2024-09-16 11:15:18.883,415.7744167389016,101
2024-09-16 11:15:18.893,415.7755879412416,1003
2024-09-16 11:15:18.904,415.7475828244455,1003
2024-09-16 11:15:18.929,415.7576166886087,11
2024-09-16 11:15:18.944,415.7864960235395,12
2024-09-16 11:15:18.994,415.7760420581975,15
2024-09-16 11:15:19.049,415.778318820088,97
2024-09-16 11:15:19.225,415.7179558591925,995
2024-09-16 11:15:19.260,415.7824780871854,103
2024-09-16 11:15:19.342,415.7212029996929,10
2024-09-16 11:15:19.344,415.7657376979316,99
2024-09-16 11:15:19.362,415.7401607872681,1000
2024-09-16 11:15:19.526,415.7623020063411,104
2024-09-16 11:15:19.533,415.7970026635498,97
2024-09-16 11:15:19.588,415.7495919740791,98
2024-09-16 11:15:19.720,415.7186691671756,98
2024-09-16 11:15:19.728,415.70958357588336,96
2024-09-16 11:15:19.782,415.73338484951154,5
2024-09-16 11:15:19.886,415.7610835353103,13
2024-09-16 11:15:19.913,415.75875951768165,105
2024-09-16 11:15:19.916,415.735241103261,102
2024-09-16 11:15:19.961,415.7300675152693,999
2024-09-16 11:15:20.006,415.7448623673168,96
2024-09-16 11:15:20.259,415.6872875894425,101
2024-09-16 11:15:20.360,415.72261568494633,995
2024-09-16 11:15:20.384,415.7197590199712,1001
2024-09-16 11:15:20.815,415.7222696998314,98
2024-09-16 11:15:20.956,415.69938693316334,104
2024-09-16 11:15:21.020,415.7377735700267,1003
2024-09-16 11:15:21.094,415.7516441400793,99
2024-09-16 11:15:21.177,415.80458387376535,103
2024-09-16 11:15:21.180,415.76182456679913,15
2024-09-16 11:15:21.186,415.7869451516496,100
2024-09-16 11:15:21.187,415.7441596160102,995
2024-09-16 11:15:21.260,415.7577440979029,8
2024-09-16 11:15:21.290,415.7424924508263,99
2024-09-16 11:15:21.386,415.7473859504154,97
2024-09-16 11:15:21.400,415.8024241740403,997
2024-09-16 11:15:21.439,415.78417447090993,15
2024-09-16 11:15:21.521,415.793677246838,101
2024-09-16 11:15:21.557,415.8013273991967,998
2024-09-16 11:15:21.587,415.7536014004546,997
2024-09-16 11:15:21.632,415.7543287296402,97
2024-09-16 11:15:21.698,415.7491704169625,8
2024-09-16 11:15:21.701,415.7808683729472,1004
2024-09-16 11:15:21.733,415.79092173936186,6
2024-09-16 11:15:21.956,415.7531688354626,999
2024-09-16 11:15:23.019,415.7469392747729,995
2024-09-16 11:15:23.031,415.7518551230588,8
2024-09-16 11:15:23.043,415.79467539650767,6
2024-09-16 11:15:23.057,415.7444932959,1004
2024-09-16 11:15:23.084,415.7417409125537,95
2024-09-16 11:15:23.145,415.7919893882619,6
2024-09-16 11:15:23.246,415.7466892922264,5
2024-09-16 11:15:23.252,415.7924623442108,996
2024-09-16 11:15:23.491,415.7472645924439,6
2024-09-16 11:15:23.539,415.7683280897304,101
2024-09-16 11:15:23.614,415.737003429606,995
2024-09-16 11:15:23.658,,103
2024-09-16 11:15:23.793,415.80401919456096,996
2024-09-16 11:15:23.813,415.7562669342799,12
2024-09-16 11:15:23.816,415.7680345466323,105
2024-09-16 11:15:23.874,415.7899595336643,5
2024-09-16 11:15:24.012,415.7469889923633,8
2024-09-16 11:15:24.075,415.72036613034896,8
2024-09-16 11:15:24.082,415.7750614836201,104
2024-09-16 11:15:24.123,415.76989180262296,999
2024-09-16 11:15:24.128,415.729428236658,98
2024-09-16 11:15:24.187,415.7507686052671,15
2024-09-16 11:15:24.218,415.777501191587,6
2024-09-16 11:15:24.236,415.75467218676937,1004
2024-09-16 11:15:24.253,415.7785912120456,1005
2024-09-16 11:15:24.280,415.7691523866714,995
2024-09-16 11:15:24.367,415.7759939898098,997
2024-09-16 11:15:24.489,415.78741067549,12
2024-09-16 11:15:24.533,415.76057826671087,102
2024-09-16 11:15:24.552,415.757266157772,97
2024-09-16 11:15:24.553,415.76434927815694,1002
2024-09-16 11:15:24.579,415.7710272690488,9
2024-09-16 11:15:24.653,415.7520782685229,1004
2024-09-16 11:15:24.685,415.7416111761867,105
2024-09-16 11:15:24.723,415.753100486036,14
2024-09-16 11:15:24.773,415.7635263123525,9
2024-09-16 11:15:24.781,415.7514457542336,97
2024-09-16 11:15:24.783,415.73373326745246,99
2024-09-16 11:15:24.793,415.7674300576544,9
2024-09-16 11:15:24.820,415.7489305100224,98
2024-09-16 11:15:24.880,415.7605252935308,103
2024-09-16 11:15:24.886,415.7532126250159,998
2024-09-16 11:15:24.927,415.75238485727766,996
2024-09-16 11:15:24.960,415.789160799746,1002
2024-09-16 11:15:24.963,415.7392262803873,10
2024-09-16 11:15:25.112,415.740149892809,97
2024-09-16 11:15:25.116,415.7102553128494,997
2024-09-16 11:15:25.202,415.7208531799768,6
2024-09-16 11:15:25.214,415.71924063320847,996
2024-09-16 11:15:25.230,415.7235073270322,5
2024-09-16 11:15:25.399,415.7239927536216,103
2024-09-16 11:15:25.599,415.7365440816802,1001
2024-09-16 11:15:25.668,415.7458829097531,95
2024-09-16 11:15:25.702,415.7420931801735,995
2024-09-16 11:15:25.786,415.71264232684223,1001
2024-09-16 11:15:25.792,415.7286402921078,7
2024-09-16 11:15:25.801,415.7356023620816,996
2024-09-16 11:15:25.803,415.7334004053336,97
2024-09-16 11:15:25.807,415.70447261189634,1002
2024-09-16 11:15:25.833,415.7167475484851,102
2024-09-16 11:15:26.020,415.69973488061936,1005
2024-09-16 11:15:26.101,415.7147079271816,997
2024-09-16 11:15:26.141,415.68985141069743,1005
2024-09-16 11:15:26.179,415.7041000687861,103
2024-09-16 11:15:26.462,415.7293857493504,5
2024-09-16 11:15:26.489,415.7452354870183,10
2024-09-16 11:15:26.811,415.7035157013215,9
2024-09-16 11:15:26.979,415.70889183375937,1000
2024-09-16 11:15:26.980,415.7322264667039,95
2024-09-16 11:15:26.985,415.7067802394631,11
2024-09-16 11:15:27.041,415.6607487050834,101
2024-09-16 11:15:27.047,415.7089142329847,999
2024-09-16 11:15:27.079,415.7246523609903,101
2024-09-16 11:15:27.111,415.6743448930536,1000
2024-09-16 11:15:27.153,415.6522071505736,7
2024-09-16 11:15:27.208,415.6936783235867,103
2024-09-16 11:15:27.383,415.7309610526548,9
2024-09-16 11:15:27.391,415.7343768131561,1005
2024-09-16 11:15:27.584,415.72229727290426,103
2024-09-16 11:15:27.636,415.7291504934494,12
2024-09-16 11:15:27.644,415.7259276675205,1004
2024-09-16 11:15:27.667,415.74378658884586,13
2024-09-16 11:15:27.701,415.7401109229672,15
2024-09-16 11:15:27.705,415.7465485473031,1003
2024-09-16 11:15:27.719,415.71702178640993,996
2024-09-16 11:15:27.809,415.7288257691617,102
2024-09-16 11:15:27.842,415.73466731501617,104
2024-09-16 11:15:27.883,415.7061955627592,1005
2024-09-16 11:15:27.897,415.7139696552756,14
2024-09-16 11:15:27.978,415.6866797011486,999
2024-09-16 11:15:27.980,415.7098784885953,998
2024-09-16 11:15:27.990,415.6389830779969,99
2024-09-16 11:15:28.005,415.67602278528494,998
2024-09-16 11:15:28.025,415.63876675415736,15
2024-09-16 11:15:28.092,415.6546034165501,97
2024-09-16 11:15:28.096,415.6314758531545,995
2024-09-16 11:15:28.096,415.65480337389687,12
2024-09-16 11:15:28.329,415.6387323605081,998
2024-09-16 11:15:28.374,415.66662309250376,97
2024-09-16 11:15:28.477,415.6568071196808,8
2024-09-16 11:15:28.478,415.6243389718763,8
2024-09-16 11:15:28.554,415.6283189416647,1001
2024-09-16 11:15:28.565,41.565252394167366,15
2024-09-16 11:15:28.569,415.6306481481901,13
2024-09-16 11:15:28.609,-415.65479191071233,8
2024-09-16 11:15:28.650,415.62192854538114,101
2024-09-16 11:15:28.651,415.6519874796505,97
2024-09-16 11:15:28.661,415.638473110825,996
2024-09-16 11:15:28.724,415.6554428728607,5
2024-09-16 11:15:28.783,415.64765113078886,6
2024-09-16 11:15:28.877,415.6880262081895,95
2024-09-16 11:15:28.887,415.6324826297165,102
2024-09-16 11:15:28.935,415.652573131013,100
2024-09-16 11:15:28.936,415.6615335063492,998
2024-09-16 11:15:28.982,415.66122389934986,1005
2024-09-16 11:15:28.983,415.6622226917836,9
2024-09-16 11:15:28.988,415.6481881998761,1002
2024-09-16 11:15:29.001,415.6994596857631,13
2024-09-16 11:15:29.008,415.7045508150677,1004
2024-09-16 11:15:29.015,415.7504337974943,14
2024-09-16 11:15:29.016,415.70979180076966,1002
2024-09-16 11:15:29.024,415.7405128123291,6
2024-09-16 11:15:29.049,415.7251990489012,14
2024-09-16 11:15:29.092,415.74056498493695,996
2024-09-16 11:15:29.113,415.6763253078399,104
2024-09-16 11:15:29.132,415.6913711339228,95
2024-09-16 11:15:29.132,415.686617302105,95
2024-09-16 11:15:29.181,415.7224916207813,102
2024-09-16 11:15:29.224,415.7159381828053,5
2024-09-16 11:15:29.257,415.7566186605543,14
2024-09-16 11:15:29.275,415.67103985743097,1004
2024-09-16 11:15:29.278,415.6895276043893,6
2024-09-16 11:15:29.348,415.74278008096223,998
2024-09-16 11:15:29.372,415.7415393622704,14
2024-09-16 11:15:29.381,415.7167380383084,1002
2024-09-16 11:15:29.516,415.72360293755054,11
2024-09-16 11:15:29.530,415.6916749166442,999
2024-09-16 11:15:29.569,415.7364585332384,13
2024-09-16 11:15:29.643,415.6771749809683,1005
2024-09-16 11:15:29.657,41.57223673599528,7
2024-09-16 11:15:29.711,415.7294386492859,13
2024-09-16 11:15:29.737,415.6819552250236,102
2024-09-16 11:15:29.764,415.6813137657402,1004
2024-09-16 11:15:29.822,415.6852575802134,7
2024-09-16 11:15:29.939,415.7366755178896,999
2024-09-16 11:15:30.223,415.7304456526246,101
2024-09-16 11:15:30.792,415.7117682206048,8
2024-09-16 11:15:31.302,415.735202552618,96
2024-09-16 11:15:31.414,415.7909857756482,998
2024-09-16 11:15:31.502,415.74795923091983,995
2024-09-16 11:15:31.505,415.7757052070735,105
2024-09-16 11:15:31.506,415.7798117280465,104
2024-09-16 11:15:31.536,415.7425401042307,96
2024-09-16 11:15:31.566,415.7346848122996,99
2024-09-16 11:15:31.603,415.7626354879441,96
2024-09-16 11:15:31.639,415.7577469227498,105
2024-09-16 11:15:31.767,415.7510641447763,15
2024-09-16 11:15:31.818,415.740044042137,101
2024-09-16 11:15:31.937,415.7798821086377,7
2024-09-16 11:15:31.974,415.7425123223958,1002
2024-09-16 11:15:31.984,415.7739842751587,105
2024-09-16 11:15:32.033,415.6384953077612,15
2024-09-16 11:15:32.038,415.6918971896012,103
2024-09-16 11:15:32.059,415.7459583942706,10
2024-09-16 11:15:32.094,415.6963354242575,1005
2024-09-16 11:15:32.127,415.7167877636452,96
2024-09-16 11:15:32.152,415.6513973606101,11
2024-09-16 11:15:32.183,415.6408337727301,14
2024-09-16 11:15:32.206,415.64761037644575,7
2024-09-16 11:15:32.233,-415.6621647088651,995
2024-09-16 11:15:32.235,415.7280737293049,1001
2024-09-16 11:15:32.290,415.7444819224706,1000
2024-09-16 11:15:32.291,415.72433592738986,6
2024-09-16 11:15:32.379,415.6741784478479,100
2024-09-16 11:15:32.396,415.74572964942064,1002
2024-09-16 11:15:32.397,415.71844668141966,99
2024-09-16 11:15:32.410,415.76918072789744,5
2024-09-16 11:15:32.422,415.7248624360528,105
2024-09-16 11:15:32.513,415.71467854568897,996
2024-09-16 11:15:32.550,415.7460179380104,100
2024-09-16 11:15:32.564,415.7235300968857,99
2024-09-16 11:15:32.583,415.7123210043484,98
2024-09-16 11:15:32.589,415.738871137323,12
2024-09-16 11:15:32.644,415.7185410631004,101
2024-09-16 11:15:32.649,415.72676277158536,100
2024-09-16 11:15:32.687,415.7404253750634,102
2024-09-16 11:15:32.848,415.65404256670615,1001
2024-09-16 11:15:32.878,415.7102684716688,105
2024-09-16 11:15:32.991,415.7247358842541,999
2024-09-16 11:15:33.011,415.69101140313575,997
2024-09-16 11:15:33.032,415.72426521252856,13
2024-09-16 11:15:33.062,415.7212529662113,7
2024-09-16 11:15:33.094,415.7061433989252,996
2024-09-16 11:15:33.127,415.7424998125156,10
2024-09-16 11:15:33.253,415.6964595315844,6
2024-09-16 11:15:33.366,415.6872119331828,1005
2024-09-16 11:15:33.450,,99
2024-09-16 11:15:33.533,415.6728658930104,8
2024-09-16 11:15:33.721,415.730460093839,1005
2024-09-16 11:15:33.761,415.74369967726193,1002
2024-09-16 11:15:33.829,415.7463298971796,1004
2024-09-16 11:15:33.879,415.6801143969237,14
2024-09-16 11:15:33.882,415.6816179598328,6
2024-09-16 11:15:33.885,415.7193700469621,100
2024-09-16 11:15:33.905,415.7082083046139,997
2024-09-16 11:15:33.925,415.7162601317514,1000
2024-09-16 11:15:33.953,415.7140637824271,96
2024-09-16 11:15:33.958,415.74563286823,998
2024-09-16 11:15:33.965,415.7149462793068,6
2024-09-16 11:15:34.133,415.7218521527911,12
2024-09-16 11:15:34.165,415.783159634349,1001
2024-09-16 11:15:34.190,415.7865084568362,10
2024-09-16 11:15:34.355,415.75030135576,97
2024-09-16 11:15:34.416,415.7552576697843,995
2024-09-16 11:15:34.537,415.813646971989,8
2024-09-16 11:15:34.670,415.7353049406997,96
2024-09-16 11:15:34.675,415.7260382848899,105
2024-09-16 11:15:34.841,415.7624951676361,99
2024-09-16 11:15:34.951,415.7196877949584,102
2024-09-16 11:15:35.023,415.8364486276738,6
2024-09-16 11:15:35.024,415.8371736857197,1001
2024-09-16 11:15:35.162,415.85179304858633,104
2024-09-16 11:15:35.213,415.8619778837718,12
2024-09-16 11:15:35.232,415.8261130103799,998
2024-09-16 11:15:35.278,415.83946153372335,999
2024-09-16 11:15:35.391,415.7946755326954,100
2024-09-16 11:15:35.397,415.8584987430008,1003
2024-09-16 11:15:35.408,415.8318476128776,95
2024-09-16 11:15:35.437,415.8743585917079,10
2024-09-16 11:15:35.437,415.8295451815,1005
2024-09-16 11:15:35.461,415.8094527340556,6
2024-09-16 11:15:35.491,415.8384985957972,7
2024-09-16 11:15:35.527,415.82078081616487,14
2024-09-16 11:15:35.543,415.8852248890189,998
2024-09-16 11:15:35.558,415.8747788428997,6
2024-09-16 11:15:35.584,415.84365960056607,1001
2024-09-16 11:15:35.698,415.8327114883521,5
2024-09-16 11:15:35.713,415.87848872496426,96
2024-09-16 11:15:35.734,415.8293961083162,1001
2024-09-16 11:15:35.775,-415.795376399413,1005
2024-09-16 11:15:35.834,415.8811813379738,101
2024-09-16 11:15:35.861,415.81479050209407,997
2024-09-16 11:15:35.919,415.8151791462228,9
2024-09-16 11:15:35.974,415.8254390108429,95
2024-09-16 11:15:36.040,415.81372577817984,1005
2024-09-16 11:15:36.095,415.8186861298692,101
2024-09-16 11:15:36.139,415.8637624658015,10
2024-09-16 11:15:36.204,415.8426069890645,9
2024-09-16 11:15:36.234,415.8129543028198,5
2024-09-16 11:15:36.254,415.7904992451653,7
2024-09-16 11:15:36.312,415.8273217428381,97
2024-09-16 11:15:36.329,415.79798665303554,97
2024-09-16 11:15:36.350,415.851494804837,101
2024-09-16 11:15:36.356,415.7847502571821,97
2024-09-16 11:15:36.363,415.8099647000138,995
2024-09-16 11:15:36.395,-415.8125811716375,996
2024-09-16 11:15:36.404,415.8159899820598,98
2024-09-16 11:15:36.425,415.8242014657437,98
2024-09-16 11:15:36.439,415.8584260414376,1000
2024-09-16 11:15:36.478,415.7867343457036,102
2024-09-16 11:15:36.567,415.8520651499976,1002
2024-09-16 11:15:36.636,415.8133090723369,998
2024-09-16 11:15:36.701,415.8546184868736,8
2024-09-16 11:15:36.729,415.82453217726817,99
2024-09-16 11:15:36.736,415.84425721318433,104
2024-09-16 11:15:36.740,415.76965856529233,5
2024-09-16 11:15:36.765,415.8146991184454,11
2024-09-16 11:15:36.840,415.8510619920922,100
2024-09-16 11:15:36.864,415.792721970824,1002
2024-09-16 11:15:36.898,415.7866432040285,999
2024-09-16 11:15:36.927,415.81473920959786,5
2024-09-16 11:15:37.057,415.92653566687056,101
2024-09-16 11:15:37.150,415.856217342527,7
2024-09-16 11:15:37.216,415.8940376816367,9
2024-09-16 11:15:37.235,415.9262487466653,100
2024-09-16 11:15:37.395,415.9017263981652,97
2024-09-16 11:15:37.401,415.92075183035735,15
2024-09-16 11:15:37.483,415.9298772644041,1000
2024-09-16 11:15:37.515,415.9270802404031,104
2024-09-16 11:15:37.552,415.9151035922768,999
2024-09-16 11:15:37.631,415.9164751329076,105
2024-09-16 11:15:37.639,415.91151076676783,96
2024-09-16 11:15:37.672,415.9116252844481,1004
2024-09-16 11:15:37.697,415.8561762844645,999
2024-09-16 11:15:37.829,415.929884809566,6
2024-09-16 11:15:37.988,415.9132283573701,996
2024-09-16 11:15:38.049,415.9729581280221,99
2024-09-16 11:15:38.076,415.9415498704944,98
2024-09-16 11:15:38.153,415.9727719870204,1000
2024-09-16 11:15:38.185,415.8963241729037,103
2024-09-16 11:15:38.247,415.8938535423653,98
2024-09-16 11:15:38.247,415.9164129332477,6
2024-09-16 11:15:38.255,415.9778180361823,999
2024-09-16 11:15:38.277,415.9247291881616,9
2024-09-16 11:15:38.300,415.9246752612352,12
2024-09-16 11:15:38.365,415.9279889725395,100
2024-09-16 11:15:38.422,415.897330804178,12
2024-09-16 11:15:38.542,415.92784637536846,11
2024-09-16 11:15:38.550,415.965292230724,102
2024-09-16 11:15:38.604,415.9537022524877,104
2024-09-16 11:15:38.612,415.90958326044574,105
2024-09-16 11:15:38.630,415.90524073646674,102
2024-09-16 11:15:38.645,415.9137700321276,11
2024-09-16 11:15:38.725,415.96763197167024,100
2024-09-16 11:15:38.780,415.93433706313033,997
2024-09-16 11:15:38.797,415.8977982749765,95
2024-09-16 11:15:38.801,415.891665471032,995
2024-09-16 11:15:38.857,41.59105083920564,101
2024-09-16 11:15:38.862,415.8910352850559,100
2024-09-16 11:15:38.944,415.9033861185565,100
2024-09-16 11:15:39.004,415.95727594435454,7
2024-09-16 11:15:39.020,415.9338767531295,997
2024-09-16 11:15:39.080,415.9764545720932,103
2024-09-16 11:15:39.137,415.9235012510889,1004
2024-09-16 11:15:39.155,415.95813188678943,102
2024-09-16 11:15:39.182,415.93129437535725,101
2024-09-16 11:15:39.288,415.9794039976486,101
2024-09-16 11:15:39.328,415.9668913382699,99
2024-09-16 11:15:39.379,415.9616653284734,1003
2024-09-16 11:15:39.515,415.9432086410571,995
2024-09-16 11:15:39.551,415.90203351409264,1004
2024-09-16 11:15:39.584,415.9347269582928,11
2024-09-16 11:15:39.602,415.9682114905327,13
2024-09-16 11:15:39.618,415.91291522021226,11
2024-09-16 11:15:39.644,415.94237467259967,10
2024-09-16 11:15:39.674,415.9559192873932,101
2024-09-16 11:15:39.720,415.9716540365836,95
2024-09-16 11:15:39.743,415.9274502748052,101
2024-09-16 11:15:39.819,415.93663379573553,10
2024-09-16 11:15:39.928,415.912817742758,999
2024-09-16 11:15:39.965,415.9932665187905,996
2024-09-16 11:15:40.036,415.9477444572959,8
2024-09-16 11:15:40.038,415.93974886109527,104
2024-09-16 11:15:40.080,415.93299760430847,95
2024-09-16 11:15:40.115,415.9301694421029,998
2024-09-16 11:15:40.205,415.9635402790884,1004
2024-09-16 11:15:40.237,415.9613368085806,104
2024-09-16 11:15:40.237,415.8944950175042,98
2024-09-16 11:15:40.246,415.9485530616467,995
2024-09-16 11:15:40.259,415.9336263302296,1005
2024-09-16 11:15:40.350,415.88227611846696,1002
2024-09-16 11:15:40.360,415.94486610518027,14
2024-09-16 11:15:40.368,415.9469529399487,996
2024-09-16 11:15:40.381,415.9489010723583,9
2024-09-16 11:15:40.388,415.966168673802,101
2024-09-16 11:15:40.418,415.8981853772444,99
2024-09-16 11:15:40.474,415.9635806390445,999
2024-09-16 11:15:40.481,415.9367726563227,12
2024-09-16 11:15:40.659,415.88349991123454,15
2024-09-16 11:15:40.701,415.88394632982266,5
2024-09-16 11:15:40.710,415.9304188076747,998
2024-09-16 11:15:40.741,415.9417595830257,98
2024-09-16 11:15:40.845,415.9271439461821,98
2024-09-16 11:15:40.865,415.9458885546208,996
2024-09-16 11:15:40.908,-415.9472856784492,103
2024-09-16 11:15:40.924,415.94467020496427,15
2024-09-16 11:15:40.943,415.9373923905978,1002
2024-09-16 11:15:40.984,415.9085306406964,999
2024-09-16 11:15:41.043,415.9138074426043,104
2024-09-16 11:15:41.118,415.900508224152,12
2024-09-16 11:15:41.185,415.90254919378816,1001
2024-09-16 11:15:41.186,415.9042368670221,1002
2024-09-16 11:15:41.216,415.90860604215845,96
2024-09-16 11:15:41.377,415.8952061461615,14
2024-09-16 11:15:41.949,415.9190057033146,5
2024-09-16 11:15:41.988,415.9045515628819,999
2024-09-16 11:15:42.035,415.9650022083953,1000
2024-09-16 11:15:42.039,415.9417385987159,1002
2024-09-16 11:15:42.102,415.91418712458426,103
2024-09-16 11:15:42.122,415.9257666258916,96
2024-09-16 11:15:42.138,415.9169739299567,96
2024-09-16 11:15:42.182,415.9578465221557,15
2024-09-16 11:15:42.229,415.9517145439583,99
2024-09-16 11:15:42.274,415.9023447303797,997
2024-09-16 11:15:42.342,415.9643545666567,105
2024-09-16 11:15:42.368,415.9754840302063,104
2024-09-16 11:15:42.423,415.9463673159555,104
2024-09-16 11:15:42.433,415.9092029273464,1000
2024-09-16 11:15:42.481,415.91822181860033,104
2024-09-16 11:15:42.555,415.9546241695364,996
2024-09-16 11:15:42.563,415.8960134182613,997
2024-09-16 11:15:42.684,415.9669544156947,1000
2024-09-16 11:15:42.741,415.9773702104444,104
2024-09-16 11:15:42.753,415.90307388907286,97
2024-09-16 11:15:42.905,415.9157845876971,6
2024-09-16 11:15:42.939,415.9588635089638,11
2024-09-16 11:15:42.941,415.901117077642,102
2024-09-16 11:15:42.980,415.9688663349161,1001
2024-09-16 11:15:42.984,415.9620234971883,999
2024-09-16 11:15:43.000,-415.9768801454304,96
2024-09-16 11:15:43.064,415.9670469279071,5
2024-09-16 11:15:43.133,415.965898303122,998
2024-09-16 11:15:43.217,416.0025603001395,11
2024-09-16 11:15:43.275,415.95508909074766,1005
2024-09-16 11:15:43.328,415.9581836867444,9
2024-09-16 11:15:43.438,415.98305595043087,1000
2024-09-16 11:15:43.499,415.9953422677247,997
2024-09-16 11:15:43.509,415.9621543004201,100
2024-09-16 11:15:43.538,415.978411161583,1003
2024-09-16 11:15:43.615,415.9754824111996,9
2024-09-16 11:15:43.686,415.9553617400812,12
2024-09-16 11:15:43.697,415.9912310411552,5
2024-09-16 11:15:43.702,415.9467679508816,1000
2024-09-16 11:15:43.730,415.9345387925412,13
2024-09-16 11:15:43.738,415.9623831875589,9
2024-09-16 11:15:43.769,415.9488999211682,5
2024-09-16 11:15:43.860,415.9709290998083,103
2024-09-16 11:15:43.864,415.9771858824368,103
2024-09-16 11:15:43.908,415.9799243964808,97
2024-09-16 11:15:43.962,415.98235586471503,13
2024-09-16 11:15:43.971,416.0008795932406,997
2024-09-16 11:15:43.979,415.969952567275,6
2024-09-16 11:15:45.083,416.0457992808624,15
2024-09-16 11:15:45.158,416.0497530579795,95
2024-09-16 11:15:45.182,416.0333142142365,13
2024-09-16 11:15:45.259,416.0397554346666,102
2024-09-16 11:15:45.264,416.0416025387031,104
2024-09-16 11:15:45.286,416.0364271821162,102
2024-09-16 11:15:45.360,416.03346842902727,996
2024-09-16 11:15:45.403,416.05493739947934,101
2024-09-16 11:15:45.455,416.0527742097876,11
2024-09-16 11:15:45.461,416.05424554411127,1005
2024-09-16 11:15:45.624,416.0460554838432,1002
2024-09-16 11:15:45.628,416.0360449011352,100
2024-09-16 11:15:45.629,416.023291339443,1005
2024-09-16 11:15:45.631,416.0313658877819,14
2024-09-16 11:15:45.649,416.04767231831295,10
2024-09-16 11:15:45.675,416.04992319070936,98
2024-09-16 11:15:45.684,416.0109275539669,95
2024-09-16 11:15:45.709,416.02468357028704,11
2024-09-16 11:15:45.750,416.03969384162144,997
2024-09-16 11:15:45.776,416.0319294611614,96
2024-09-16 11:15:45.905,416.05642556303343,1000
2024-09-16 11:15:45.919,416.02862475441606,997
2024-09-16 11:15:45.940,416.04857058448863,99
2024-09-16 11:15:45.945,416.0278387554387,100
2024-09-16 11:15:45.983,416.0380464983496,7
2024-09-16 11:15:45.984,416.0488663336076,102
2024-09-16 11:15:45.996,416.0117089826698,102
2024-09-16 11:15:46.056,416.05114934164624,99
2024-09-16 11:15:46.077,416.04821682290856,5
2024-09-16 11:15:46.125,416.0582067897295,14
2024-09-16 11:15:46.156,416.0591902791129,15
2024-09-16 11:15:46.180,416.0105508284972,1002
2024-09-16 11:15:46.209,416.05449650651775,10
2024-09-16 11:15:46.233,41.60268613730393,999
2024-09-16 11:15:46.241,416.07938059035047,9
2024-09-16 11:15:46.254,416.0564291725743,98
2024-09-16 11:15:46.291,-416.0503309618821,1005
2024-09-16 11:15:46.323,416.0404831371054,997
2024-09-16 11:15:46.369,416.0398175294115,12
2024-09-16 11:15:46.477,416.0272186035341,1001
2024-09-16 11:15:46.563,416.069657608256,1003
2024-09-16 11:15:46.633,416.06680627002345,1001
2024-09-16 11:15:46.663,416.0570401254534,1005
2024-09-16 11:15:46.679,416.0315766416763,1001
2024-09-16 11:15:46.687,416.03878363641365,102
2024-09-16 11:15:46.795,416.0577367994323,98
2024-09-16 11:15:46.825,416.06714534025,105
2024-09-16 11:15:46.892,416.0320898146719,104
2024-09-16 11:15:46.972,416.05690005957496,7
2024-09-16 11:15:46.986,416.0457137994506,1001
2024-09-16 11:15:46.999,416.0560575547897,14
2024-09-16 11:15:47.077,416.0281373300786,97
2024-09-16 11:15:47.149,416.0832241413238,996
2024-09-16 11:15:47.162,416.0590779956284,998
2024-09-16 11:15:47.162,416.05327750792753,105
2024-09-16 11:15:47.164,416.0628137911367,96
2024-09-16 11:15:47.249,416.0881671303069,97
2024-09-16 11:15:47.300,416.0428364106809,996
2024-09-16 11:15:47.399,416.0612193627322,1000
2024-09-16 11:15:47.464,416.05225629524506,100
2024-09-16 11:15:47.469,416.0663670683418,99
2024-09-16 11:15:47.486,416.0465859981914,99
2024-09-16 11:15:47.538,416.05628544038,998
2024-09-16 11:15:47.563,416.0076078459535,101
2024-09-16 11:15:47.631,-416.038549797027,98
2024-09-16 11:15:47.648,416.0674808789596,999
2024-09-16 11:15:47.694,416.08360077022434,97
2024-09-16 11:15:47.770,416.0501414512139,15
2024-09-16 11:15:47.786,416.0461100051161,1003
2024-09-16 11:15:47.944,416.06319961613474,1005
2024-09-16 11:15:47.983,416.0543345830685,1001
2024-09-16 11:15:48.033,416.0226348180946,100
2024-09-16 11:15:48.082,416.0354555268989,998
2024-09-16 11:15:48.149,415.9839723960039,101
2024-09-16 11:15:48.275,416.00617854733247,6
2024-09-16 11:15:48.362,416.0020324607728,103
2024-09-16 11:15:48.424,415.9922328369827,1000
2024-09-16 11:15:48.474,416.01985240397846,95
2024-09-16 11:15:48.511,416.0186899569866,97
2024-09-16 11:15:48.607,416.02568997832185,1003
2024-09-16 11:15:48.661,416.0108881084576,1001
2024-09-16 11:15:48.685,416.0158974281904,997
2024-09-16 11:15:48.777,416.0399608961517,101
2024-09-16 11:15:48.829,416.0491293551159,11
2024-09-16 11:15:48.842,416.0125304094788,5
2024-09-16 11:15:49.053,416.0064912897384,95
2024-09-16 11:15:49.370,416.02112629608223,99
2024-09-16 11:15:49.469,416.0123772983476,96
2024-09-16 11:15:49.499,416.0297453427953,10
2024-09-16 11:15:49.500,416.0140535519627,102
2024-09-16 11:15:49.519,416.0015411746916,1002
2024-09-16 11:15:49.603,416.01536993453,996
2024-09-16 11:15:49.908,416.0269919745819,104
2024-09-16 11:15:50.014,415.9409693656631,104
2024-09-16 11:15:50.039,415.9880076339026,995
2024-09-16 11:15:50.081,415.9868430750191,1001
2024-09-16 11:15:50.091,415.9999648468329,1005
2024-09-16 11:15:50.233,416.0002796765595,12
2024-09-16 11:15:50.255,416.0077131698898,95
2024-09-16 11:15:50.272,415.98656886774233,96
2024-09-16 11:15:50.304,415.9878813027304,997
2024-09-16 11:15:50.348,415.9490223069575,1001
2024-09-16 11:15:50.373,415.9775881320704,5
2024-09-16 11:15:50.487,416.0004453550421,13
2024-09-16 11:15:50.560,415.99550606152985,5
2024-09-16 11:15:50.573,415.9798026429922,999
2024-09-16 11:15:50.573,416.0003646544756,1002
2024-09-16 11:15:50.786,415.99911831436606,102
2024-09-16 11:15:50.804,415.9433121599122,7
2024-09-16 11:15:50.805,415.9849608650152,10
2024-09-16 11:15:50.911,415.9985797906296,15
2024-09-16 11:15:51.114,415.9037855846962,11
2024-09-16 11:15:51.311,415.9109549222176,95
2024-09-16 11:15:51.468,415.9431516167354,12
2024-09-16 11:15:51.551,415.909586808862,10
2024-09-16 11:15:51.581,415.9008042498127,996
2024-09-16 11:15:51.597,415.9137886254708,1004
2024-09-16 11:15:51.751,415.8903776583272,12
2024-09-16 11:15:51.828,415.9409571169265,1005
2024-09-16 11:15:51.902,415.9161911722516,1005
2024-09-16 11:15:51.931,415.8918255886907,1002
2024-09-16 11:15:51.932,415.90884798956256,1005
2024-09-16 11:15:52.054,415.9295713825914,96
2024-09-16 11:15:52.193,,14
2024-09-16 11:15:52.299,415.9213478263042,998
2024-09-16 11:15:52.357,415.9149395475077,996
2024-09-16 11:15:52.388,415.9463507918126,1004
2024-09-16 11:15:52.400,415.9198565356732,15
2024-09-16 11:15:52.424,415.9143633168723,996
2024-09-16 11:15:52.429,415.9206064501138,104
2024-09-16 11:15:52.497,415.9297703402903,100
2024-09-16 11:15:52.556,415.91552379945136,1004
2024-09-16 11:15:52.589,415.90642773235527,13
2024-09-16 11:15:52.611,415.9307905504269,1001
2024-09-16 11:15:52.761,415.8889403938047,99
2024-09-16 11:15:52.788,415.9182072006975,101
2024-09-16 11:15:52.809,415.92399655218776,6
2024-09-16 11:15:52.880,415.9356459880299,96
2024-09-16 11:15:52.896,415.9122790286768,7
2024-09-16 11:15:52.979,415.9339385592615,1000
2024-09-16 11:15:53.016,415.891993939804,96
2024-09-16 11:15:53.067,415.89767382899527,1003
2024-09-16 11:15:53.087,415.87593796810586,5
2024-09-16 11:15:53.150,-415.9012519492381,997
2024-09-16 11:15:53.268,415.8737277737018,995
2024-09-16 11:15:53.316,415.90500120930665,10
2024-09-16 11:15:53.341,415.8879179194188,1003
2024-09-16 11:15:53.342,415.8621508551665,9
2024-09-16 11:15:53.362,415.878124327091,104
2024-09-16 11:15:53.475,415.8746574469015,1005
2024-09-16 11:15:53.504,,5
2024-09-16 11:15:53.505,415.8515883075631,105
2024-09-16 11:15:53.569,415.9003363976335,95
2024-09-16 11:15:53.679,415.88112480262,96
2024-09-16 11:15:53.679,415.9060699789785,15
2024-09-16 11:15:53.752,415.8851508122829,13
2024-09-16 11:15:53.771,415.9137622024291,1005
2024-09-16 11:15:53.851,415.8902055863079,998
2024-09-16 11:15:53.856,415.8839443417071,13
2024-09-16 11:15:53.865,415.9037348918425,105
2024-09-16 11:15:53.960,415.8665043728746,1004
2024-09-16 11:15:54.151,415.8917051820784,13
2024-09-16 11:15:54.347,415.8954451027624,102
2024-09-16 11:15:54.383,415.8903947224567,996
2024-09-16 11:15:54.495,415.8820079827643,13
2024-09-16 11:15:54.509,415.8878067540141,105
2024-09-16 11:15:54.541,415.8950955535688,100
2024-09-16 11:15:54.734,415.8695820917243,995
2024-09-16 11:15:54.991,415.8815206503425,5
2024-09-16 11:15:55.476,415.889509282036,1000
2024-09-16 11:15:55.574,415.88148176559633,1002
2024-09-16 11:15:55.582,415.8951987500512,96
2024-09-16 11:15:55.698,415.8846681349079,104
2024-09-16 11:15:55.805,415.8782873110853,1005
2024-09-16 11:15:55.831,415.8787672725829,996
2024-09-16 11:15:56.117,415.8597427351895,999
2024-09-16 11:15:56.208,415.862697937697,1002
2024-09-16 11:15:56.236,415.8947321990935,101
2024-09-16 11:15:56.255,415.8730289048353,998
2024-09-16 11:15:56.309,-415.8673792175583,997
2024-09-16 11:15:56.352,415.85697133977897,1003
2024-09-16 11:15:56.435,415.871808754364,997
2024-09-16 11:15:56.567,415.8782756209978,997
2024-09-16 11:15:56.709,415.8916058305268,6
2024-09-16 11:15:56.811,415.8629351820168,5
2024-09-16 11:15:56.821,415.8965841665368,6
2024-09-16 11:15:56.910,415.8567408172179,105
2024-09-16 11:15:56.956,415.8476132570944,13
2024-09-16 11:15:57.040,415.8603952861631,1002
2024-09-16 11:15:57.103,415.8599965783808,95
2024-09-16 11:15:57.107,415.8954556748104,1000
2024-09-16 11:15:57.120,415.90094908208863,11
2024-09-16 11:15:57.130,415.8631380232544,999
2024-09-16 11:15:57.138,415.8672113030697,6
2024-09-16 11:15:57.227,415.9249491466055,104
2024-09-16 11:15:57.325,415.91250611241526,1000
2024-09-16 11:15:57.356,415.8707841983143,100
2024-09-16 11:15:57.416,415.85984089281646,1001
2024-09-16 11:15:57.430,415.90265989634594,998
2024-09-16 11:15:57.454,415.8810514155127,96
2024-09-16 11:15:57.512,415.85302427407936,5
2024-09-16 11:15:57.572,415.85548516002274,8
2024-09-16 11:15:57.574,415.8542381957108,104
2024-09-16 11:15:57.593,415.86642825685976,9
2024-09-16 11:15:57.652,415.8542893649171,8
2024-09-16 11:15:57.685,415.8902376763062,1003
2024-09-16 11:15:57.727,415.8924381137957,6
2024-09-16 11:15:57.771,415.900597683161,13
2024-09-16 11:15:57.779,415.8723904974447,13
2024-09-16 11:15:57.850,41.58890162213768,102
2024-09-16 11:15:57.860,415.8931028230658,99
2024-09-16 11:15:57.889,415.8938887706688,103
2024-09-16 11:15:57.904,415.88125754840434,1000
2024-09-16 11:15:57.949,415.8890707556591,100
2024-09-16 11:15:57.954,415.8447504102954,1003
2024-09-16 11:15:57.975,415.86113094858206,13
2024-09-16 11:15:58.004,415.9369202448797,998
2024-09-16 11:15:58.017,415.9436965817914,995
2024-09-16 11:15:58.085,415.9528044461456,98
2024-09-16 11:15:58.118,415.9685311735879,99
2024-09-16 11:15:58.355,415.9614104412731,104
2024-09-16 11:15:58.411,415.96046399335296,13
2024-09-16 11:15:58.421,415.9292868266914,999
2024-09-16 11:15:58.478,415.97745925382185,11
2024-09-16 11:15:58.554,415.940680819059,104
2024-09-16 11:15:58.569,415.9574808244809,103
2024-09-16 11:15:58.657,415.98685576681385,8
2024-09-16 11:15:58.706,-415.93322069209074,100
2024-09-16 11:15:58.717,415.9180337797234,100
2024-09-16 11:15:58.797,415.9817460405933,996
2024-09-16 11:15:58.837,415.97633373920337,98
2024-09-16 11:15:58.853,415.9424200722425,13
2024-09-16 11:15:58.920,415.91989651665983,11
2024-09-16 11:15:58.931,415.9358263794931,13
2024-09-16 11:15:59.095,415.8862497306798,1005
2024-09-16 11:15:59.106,415.9251260727827,99
2024-09-16 11:15:59.192,415.9214704859994,98
2024-09-16 11:15:59.244,415.9571052484395,6
2024-09-16 11:15:59.245,415.93051206346,997
2024-09-16 11:15:59.408,415.9880687346703,95
2024-09-16 11:15:59.545,415.9627297489973,1004
2024-09-16 11:15:59.570,415.9219162646921,9
2024-09-16 11:15:59.582,415.9437055186544,1004
2024-09-16 11:15:59.609,415.9464585651256,997
2024-09-16 11:15:59.664,415.9323877101218,97
2024-09-16 11:15:59.702,415.8907668860915,10
2024-09-16 11:15:59.711,415.95465563721126,98
2024-09-16 11:15:59.737,415.8786755760318,99
2024-09-16 11:15:59.830,415.9508313771753,1003
2024-09-16 11:15:59.833,415.8943393021184,103
2024-09-16 11:15:59.859,415.9473952302993,1004
2024-09-16 11:15:59.891,415.9510831772763,999
