Timestamp,Price,Size
2024-09-19 09:53:00.479,415.4411443409987,12
2024-09-19 09:53:00.887,415.4508873150312,1004
2024-09-19 09:53:01.008,415.4325523519431,7
2024-09-19 09:53:01.092,415.46669599797394,1002
2024-09-19 09:53:01.097,415.4428105627943,104
2024-09-19 09:53:01.159,415.4015084512973,9
2024-09-19 09:53:01.221,415.46118625021126,1005
2024-09-19 09:53:01.238,415.4165402669884,995
2024-09-19 09:53:01.251,415.41814673419367,104
2024-09-19 09:53:01.329,415.4490877481064,1005
2024-09-19 09:53:01.456,415.4319450057414,9
2024-09-19 09:53:01.483,415.4230280920496,104
2024-09-19 09:53:01.484,415.4388179471139,997
2024-09-19 09:53:01.516,415.4142775210328,102
2024-09-19 09:53:01.553,415.42590347633984,998
2024-09-19 09:53:01.578,415.45252538280494,102
2024-09-19 09:53:01.586,415.4490799444781,103
2024-09-19 09:53:01.650,415.4176538206936,11
2024-09-19 09:53:01.664,415.3766644625844,995
2024-09-19 09:53:01.684,415.44777818093246,103
2024-09-19 09:53:01.690,415.44362625185175,97
2024-09-19 09:53:01.844,415.4546911464701,97
2024-09-19 09:53:01.858,415.4016402683225,98
2024-09-19 09:53:01.910,415.4516259869482,7
2024-09-19 09:53:02.292,415.36924788237,10
2024-09-19 09:53:03.008,415.32129870191,5
2024-09-19 09:53:03.010,415.37881848235565,6
2024-09-19 09:53:03.011,415.3302708357836,1003
2024-09-19 09:53:03.202,415.326494910943,996
2024-09-19 09:53:03.268,415.3122729506921,10
2024-09-19 09:53:03.350,415.3255084300597,1004
2024-09-19 09:53:03.379,415.3366710712903,5
2024-09-19 09:53:03.384,415.3382450754915,14
2024-09-19 09:53:03.403,415.33658920244346,102
2024-09-19 09:53:03.434,415.3302374902241,99
2024-09-19 09:53:03.446,415.3408215336681,1002
2024-09-19 09:53:03.514,41.531639062078746,97
2024-09-19 09:53:03.598,415.3060289233975,1005
2024-09-19 09:53:03.664,415.3627372467519,11
2024-09-19 09:53:03.698,415.3546006119288,7
2024-09-19 09:53:03.748,415.3065773300145,15
2024-09-19 09:53:03.768,415.30403176056177,7
2024-09-19 09:53:03.819,415.34590406042673,99
2024-09-19 09:53:03.968,415.3573457375105,103
2024-09-19 09:53:03.987,415.3105633099931,997
2024-09-19 09:53:03.988,415.3411125939352,1002
2024-09-19 09:53:04.106,415.3674507149993,103
2024-09-19 09:53:04.214,415.3655926072709,1004
2024-09-19 09:53:04.616,415.36113116461246,95
2024-09-19 09:53:04.836,415.3528280902388,997
2024-09-19 09:53:04.950,415.3655545709052,99
2024-09-19 09:53:04.952,415.3495743060847,103
2024-09-19 09:53:05.012,415.3678364129544,97
2024-09-19 09:53:05.013,415.3532597021768,995
2024-09-19 09:53:05.032,415.36639511815656,1005
2024-09-19 09:53:05.049,415.3777561577879,1002
2024-09-19 09:53:05.054,415.371400410216,99
2024-09-19 09:53:05.136,415.4177680699822,9
2024-09-19 09:53:05.155,415.3833569440981,10
2024-09-19 09:53:05.157,-415.3856923268004,9
2024-09-19 09:53:05.244,415.41759245913374,102
2024-09-19 09:53:05.250,415.3861539744558,98
2024-09-19 09:53:05.272,415.37403995078427,13
2024-09-19 09:53:05.286,415.36648002205294,15
2024-09-19 09:53:05.382,415.3891064295639,999
2024-09-19 09:53:05.392,415.3782399351761,101
2024-09-19 09:53:05.409,415.3974365442589,1002
2024-09-19 09:53:05.436,415.37475906381,996
2024-09-19 09:53:05.558,415.41285809301536,1003
2024-09-19 09:53:05.641,415.4131963816711,8
2024-09-19 09:53:05.654,415.3927518578434,96
2024-09-19 09:53:05.706,415.4154578610203,9
2024-09-19 09:53:05.726,415.3624041166258,103
2024-09-19 09:53:05.779,415.39078316322696,1001
2024-09-19 09:53:05.808,415.4016234614972,9
2024-09-19 09:53:05.861,415.3693328862462,1002
2024-09-19 09:53:05.880,415.3565841071739,9
2024-09-19 09:53:05.880,41.53580674424892,100
2024-09-19 09:53:05.911,415.35553156624906,15
2024-09-19 09:53:06.006,41.53493277226046,999
2024-09-19 09:53:06.008,415.35405066187815,9
2024-09-19 09:53:06.046,415.3662571839113,99
2024-09-19 09:53:06.074,415.35692267110346,10
2024-09-19 09:53:06.086,415.3534946880101,1000
2024-09-19 09:53:06.098,415.4129136188242,98
2024-09-19 09:53:06.380,415.3603259789484,996
2024-09-19 09:53:06.430,415.3617780347042,100
2024-09-19 09:53:06.584,415.3788699730136,1004
2024-09-19 09:53:06.661,415.3505121079554,1005
2024-09-19 09:53:06.681,415.3651206663123,998
2024-09-19 09:53:07.231,415.4103531740767,997
2024-09-19 09:53:08.071,415.4051923391735,998
2024-09-19 09:53:08.126,415.4122763007379,1004
2024-09-19 09:53:08.144,415.41333726447095,15
2024-09-19 09:53:08.242,415.43250385102937,1004
2024-09-19 09:53:08.265,415.44870975773415,95
2024-09-19 09:53:08.267,415.3950682147813,98
2024-09-19 09:53:08.511,415.4153077976704,7
2024-09-19 09:53:08.717,415.4396142472245,997
2024-09-19 09:53:08.731,-415.4014219274332,8
2024-09-19 09:53:08.885,415.40794689268336,1005
2024-09-19 09:53:09.051,415.439793119559,1003
2024-09-19 09:53:09.118,415.4202123012352,14
2024-09-19 09:53:09.139,415.4335556438423,102
2024-09-19 09:53:09.142,415.4318661037681,8
2024-09-19 09:53:09.234,415.4203318062125,5
2024-09-19 09:53:09.356,415.43337452636894,12
2024-09-19 09:53:09.376,415.4228634288367,996
2024-09-19 09:53:09.443,415.4228842562987,98
2024-09-19 09:53:09.500,415.4376546314608,999
2024-09-19 09:53:09.525,415.4351500559005,1000
2024-09-19 09:53:09.546,415.423327095515,9
2024-09-19 09:53:09.607,415.4494699073516,101
2024-09-19 09:53:09.656,415.41793488300186,1002
2024-09-19 09:53:09.680,415.4102431173176,104
2024-09-19 09:53:09.822,415.4202896881736,11
2024-09-19 09:53:10.002,415.4377203156584,1003
2024-09-19 09:53:10.060,415.4094986691472,1005
2024-09-19 09:53:10.075,415.4556981706992,104
2024-09-19 09:53:10.129,415.4363829604041,6
2024-09-19 09:53:10.195,415.4216830843881,104
2024-09-19 09:53:10.218,415.44507000598935,1005
2024-09-19 09:53:10.236,415.41967369770254,1004
2024-09-19 09:53:10.299,415.4367890188136,10
2024-09-19 09:53:10.413,415.4340131095759,997
2024-09-19 09:53:10.420,415.4395956510089,12
2024-09-19 09:53:10.439,415.4391277800304,100
2024-09-19 09:53:10.465,415.4182864074177,105
2024-09-19 09:53:10.469,415.4558733167897,997
2024-09-19 09:53:10.471,415.4402832800625,999
2024-09-19 09:53:10.533,415.4219360950268,98
2024-09-19 09:53:10.561,415.410679006129,999
2024-09-19 09:53:10.595,415.437906497512,996
2024-09-19 09:53:10.671,415.4393135372125,101
2024-09-19 09:53:10.717,415.431015601009,996
2024-09-19 09:53:10.717,415.42163433039394,12
2024-09-19 09:53:10.731,415.4551166519235,10
2024-09-19 09:53:10.764,415.4418686838138,104
2024-09-19 09:53:10.803,-415.4439814272538,14
2024-09-19 09:53:10.860,415.4409316359423,13
2024-09-19 09:53:10.936,415.4106415888944,1002
2024-09-19 09:53:10.949,415.447865096566,11
2024-09-19 09:53:11.000,415.4481131211282,105
2024-09-19 09:53:11.389,415.4571406092023,96
2024-09-19 09:53:11.525,415.43723254809294,97
2024-09-19 09:53:11.532,415.4598877781354,95
2024-09-19 09:53:12.044,415.4667522820443,13
2024-09-19 09:53:12.052,415.4679298017565,8
2024-09-19 09:53:12.124,415.466606443615,13
2024-09-19 09:53:12.230,415.4404628147024,8
2024-09-19 09:53:12.309,415.4709313090976,102
2024-09-19 09:53:12.371,415.4592351957055,102
2024-09-19 09:53:12.396,415.4796408202592,8
2024-09-19 09:53:12.404,415.43759051381113,95
2024-09-19 09:53:12.451,415.4315781314404,15
2024-09-19 09:53:12.455,415.4275678814162,1001
2024-09-19 09:53:12.485,415.47876645299135,97
2024-09-19 09:53:12.485,415.46418687704863,997
2024-09-19 09:53:12.542,415.4536503888907,10
2024-09-19 09:53:12.564,415.4598666993946,98
2024-09-19 09:53:12.586,415.4380834415238,100
2024-09-19 09:53:12.765,415.4357010454097,1003
2024-09-19 09:53:12.774,415.456103799814,1002
2024-09-19 09:53:12.790,415.4636242172158,104
2024-09-19 09:53:12.883,415.4873269040017,1003
2024-09-19 09:53:12.949,415.46724129075534,1005
2024-09-19 09:53:12.951,415.4774180912568,15
2024-09-19 09:53:12.957,415.4420021340495,103
2024-09-19 09:53:12.957,415.4605680417859,100
2024-09-19 09:53:12.964,415.43473269926994,99
2024-09-19 09:53:12.977,415.4225062496748,999
2024-09-19 09:53:13.020,415.4426417006321,1005
2024-09-19 09:53:13.068,415.435350337966,95
2024-09-19 09:53:13.147,415.4173122046995,14
2024-09-19 09:53:13.151,415.5060053486845,999
2024-09-19 09:53:13.176,415.4322574668876,1000
2024-09-19 09:53:13.242,-415.3990980246401,1002
2024-09-19 09:53:13.257,415.5006494821649,14
2024-09-19 09:53:13.265,415.4939318687801,1000
2024-09-19 09:53:13.289,415.41651735885216,104
2024-09-19 09:53:13.308,415.45078135687095,10
2024-09-19 09:53:13.338,415.4519270219062,102
2024-09-19 09:53:13.358,415.434646472877,13
2024-09-19 09:53:13.371,415.4475929062057,6
2024-09-19 09:53:13.404,415.4387435062687,96
2024-09-19 09:53:13.548,415.50422441506777,9
2024-09-19 09:53:13.606,415.40373717486136,100
2024-09-19 09:53:13.648,415.4597480189617,998
2024-09-19 09:53:13.706,415.41185466387833,14
2024-09-19 09:53:13.721,415.40250445478927,100
2024-09-19 09:53:13.737,415.4149361352945,999
2024-09-19 09:53:13.763,415.3996938308376,104
2024-09-19 09:53:13.782,415.4180186281368,14
2024-09-19 09:53:13.785,415.4204252630741,12
2024-09-19 09:53:13.849,415.42417752292897,105
2024-09-19 09:53:13.869,415.4593351961632,12
2024-09-19 09:53:13.891,41.5479598920497,9
2024-09-19 09:53:13.941,415.4327726624072,1000
2024-09-19 09:53:14.080,415.4222350672034,8
2024-09-19 09:53:14.122,415.43811560570106,5
2024-09-19 09:53:14.132,415.41880904832334,1002
2024-09-19 09:53:14.209,415.402849263149,8
2024-09-19 09:53:14.219,415.4264827232668,996
2024-09-19 09:53:14.244,415.4020209609195,999
2024-09-19 09:53:14.278,415.4150375243438,1003
2024-09-19 09:53:14.313,415.3956816400992,9
2024-09-19 09:53:14.371,415.3907336644545,13
2024-09-19 09:53:14.431,415.4231834281877,1005
2024-09-19 09:53:14.450,415.3955500518524,1003
2024-09-19 09:53:14.453,415.3955179564524,1005
2024-09-19 09:53:14.529,415.4052690125823,101
2024-09-19 09:53:14.541,415.4103686329415,1004
2024-09-19 09:53:14.548,415.3417981810493,102
2024-09-19 09:53:14.549,415.37484266776,11
2024-09-19 09:53:14.637,415.4331467075744,1000
2024-09-19 09:53:14.687,415.388541066944,97
2024-09-19 09:53:14.766,415.4074588840024,1001
2024-09-19 09:53:14.793,415.4116883086704,105
2024-09-19 09:53:14.800,415.4031122024164,998
2024-09-19 09:53:14.800,415.3733402912784,99
2024-09-19 09:53:14.818,415.4129130908544,105
2024-09-19 09:53:14.826,415.3827659455399,1002
2024-09-19 09:53:14.840,415.4076959959884,7
2024-09-19 09:53:15.089,415.3749996238027,997
2024-09-19 09:53:15.110,415.36161027804695,1001
2024-09-19 09:53:15.117,415.3409793441638,11
2024-09-19 09:53:15.155,415.3274755239286,999
2024-09-19 09:53:15.194,415.3514261184428,15
2024-09-19 09:53:15.310,415.3251391110418,99
2024-09-19 09:53:15.314,415.3639249890323,97
2024-09-19 09:53:15.422,415.3312140161858,11
2024-09-19 09:53:15.553,415.3531184866253,998
2024-09-19 09:53:15.621,415.391005332022,1004
2024-09-19 09:53:15.697,415.3323901213878,100
2024-09-19 09:53:15.702,415.3194287191873,105
2024-09-19 09:53:15.775,415.3721989219672,995
2024-09-19 09:53:15.779,415.3905958491756,99
2024-09-19 09:53:15.864,415.3849713956287,100
2024-09-19 09:53:15.886,415.3481738151709,1004
2024-09-19 09:53:16.472,415.3924944721333,10
2024-09-19 09:53:16.709,415.3829401029278,7
2024-09-19 09:53:17.050,415.36003475374497,11
2024-09-19 09:53:17.060,415.30747472816097,998
2024-09-19 09:53:17.130,415.36834292337375,1005
2024-09-19 09:53:17.180,415.3117926136285,1005
2024-09-19 09:53:17.343,415.3830202760606,98
2024-09-19 09:53:17.404,415.3615308761465,100
2024-09-19 09:53:17.440,415.3596585110101,10
2024-09-19 09:53:17.444,415.3486551993876,104
2024-09-19 09:53:17.558,415.3680253090786,14
2024-09-19 09:53:17.678,415.3231871398964,8
2024-09-19 09:53:17.694,415.3311292283191,999
2024-09-19 09:53:17.778,415.3443920076352,102
2024-09-19 09:53:17.836,415.3501335333918,96
2024-09-19 09:53:18.149,415.2575564019962,10
2024-09-19 09:53:18.175,415.2657001668306,98
2024-09-19 09:53:18.326,415.2728988794192,999
2024-09-19 09:53:18.415,415.2837510320711,97
2024-09-19 09:53:18.453,415.2621068400729,14
2024-09-19 09:53:18.480,415.28359052434143,99
2024-09-19 09:53:18.519,415.2370947749444,13
2024-09-19 09:53:18.528,415.2334329576727,999
2024-09-19 09:53:18.550,415.2960797631708,995
2024-09-19 09:53:18.633,415.2467447918169,9
2024-09-19 09:53:18.679,41.524182541106896,96
2024-09-19 09:53:18.726,415.2536654265471,1002
2024-09-19 09:53:18.794,415.2377527298507,998
2024-09-19 09:53:18.850,415.2547958507873,104
2024-09-19 09:53:18.963,415.242588763539,7
2024-09-19 09:53:19.052,415.17579207320864,13
2024-09-19 09:53:19.064,415.2501192814878,15
2024-09-19 09:53:19.113,415.2070683961475,14
2024-09-19 09:53:19.225,415.15568167903496,101
2024-09-19 09:53:19.344,415.1876667310516,97
2024-09-19 09:53:19.385,415.1576112281477,995
2024-09-19 09:53:19.408,415.1914571880338,6
2024-09-19 09:53:19.421,415.23057909464666,95
2024-09-19 09:53:19.445,415.1314473249696,996
2024-09-19 09:53:19.494,415.18465016423175,10
2024-09-19 09:53:19.747,415.1847047677848,96
2024-09-19 09:53:19.820,415.1822577687461,103
2024-09-19 09:53:19.837,415.1659983079626,5
2024-09-19 09:53:19.858,415.2200146211845,5
2024-09-19 09:53:19.867,415.2090793495072,10
2024-09-19 09:53:20.049,415.22549319727807,10
2024-09-19 09:53:20.068,415.2291139846134,97
2024-09-19 09:53:20.070,415.1555384473928,9
2024-09-19 09:53:20.074,415.2232337505931,999
2024-09-19 09:53:20.132,415.1643026839003,101
2024-09-19 09:53:20.165,415.19632322521903,95
2024-09-19 09:53:20.196,415.22402963090815,10
2024-09-19 09:53:20.209,415.1963808245329,104
2024-09-19 09:53:20.242,415.1710503432347,999
2024-09-19 09:53:20.305,415.1653487736278,103
2024-09-19 09:53:20.327,415.21914623944633,104
2024-09-19 09:53:20.362,415.1495286467824,997
2024-09-19 09:53:20.415,415.1701278960812,1003
2024-09-19 09:53:20.425,415.2507723912347,14
2024-09-19 09:53:20.501,415.1796860763056,105
2024-09-19 09:53:20.554,415.2029235629352,1002
2024-09-19 09:53:20.596,415.1808626100763,100
2024-09-19 09:53:20.601,415.18779883948713,9
2024-09-19 09:53:20.612,415.1667156179661,15
2024-09-19 09:53:20.631,415.1525342656585,12
2024-09-19 09:53:20.746,415.1494346623646,1003
2024-09-19 09:53:20.871,415.18690610351575,98
2024-09-19 09:53:20.872,415.17174799828086,97
2024-09-19 09:53:20.890,415.223273301673,96
2024-09-19 09:53:20.922,415.1499508827646,6
2024-09-19 09:53:20.934,415.1584541935683,1002
2024-09-19 09:53:20.984,415.1611317731001,1003
2024-09-19 09:53:21.132,415.2182857039173,1002
2024-09-19 09:53:21.147,415.17105003743006,100
2024-09-19 09:53:21.163,415.2210160406442,100
2024-09-19 09:53:21.201,415.1947019329484,11
2024-09-19 09:53:21.202,415.2240180217096,995
2024-09-19 09:53:21.335,415.19929205292,13
2024-09-19 09:53:21.398,415.22599298276657,1004
2024-09-19 09:53:21.406,415.221175259265,96
2024-09-19 09:53:21.530,415.2309151878933,7
2024-09-19 09:53:21.558,415.2115015055512,999
2024-09-19 09:53:21.564,415.2072111936227,997
2024-09-19 09:53:21.651,415.19503000216906,97
2024-09-19 09:53:21.666,415.1971222381627,6
2024-09-19 09:53:21.762,415.219266515976,1003
2024-09-19 09:53:21.833,415.2173039152378,1001
2024-09-19 09:53:21.910,415.2058007104184,5
2024-09-19 09:53:21.910,415.186478477005,1001
2024-09-19 09:53:21.937,415.2009637021124,999
2024-09-19 09:53:22.101,415.1766628705519,13
2024-09-19 09:53:22.449,415.1899878359832,100
2024-09-19 09:53:22.711,415.181133308447,96
2024-09-19 09:53:23.106,415.15166332663046,6
2024-09-19 09:53:23.121,,1000
2024-09-19 09:53:23.127,415.1434409501544,996
2024-09-19 09:53:23.146,415.1942794826207,7
2024-09-19 09:53:23.164,415.1785842574359,996
2024-09-19 09:53:23.203,415.1312191358182,98
2024-09-19 09:53:23.204,415.17768918135937,997
2024-09-19 09:53:23.352,415.1433947924506,13
2024-09-19 09:53:23.393,415.1473335406931,105
2024-09-19 09:53:23.440,415.1470394240504,14
2024-09-19 09:53:23.476,415.1452391946535,102
2024-09-19 09:53:23.493,415.1354963024962,996
2024-09-19 09:53:23.499,415.159865184666,105
2024-09-19 09:53:23.565,415.1527011093429,15
2024-09-19 09:53:23.588,415.16986359695954,101
2024-09-19 09:53:23.608,415.1530021545369,1004
2024-09-19 09:53:23.614,415.1454775824194,8
2024-09-19 09:53:23.710,415.1390346309005,101
2024-09-19 09:53:23.749,415.1606151551276,7
2024-09-19 09:53:23.798,415.1299703067259,99
2024-09-19 09:53:23.831,415.1579947784319,98
2024-09-19 09:53:23.869,415.1405873548308,1000
2024-09-19 09:53:23.907,415.15576345761457,996
2024-09-19 09:53:23.976,415.17006507157583,8
2024-09-19 09:53:23.995,415.1526712419479,11
2024-09-19 09:53:23.999,415.1528111958911,6
2024-09-19 09:53:24.072,415.23601329420006,10
2024-09-19 09:53:24.089,415.21317781643313,1002
2024-09-19 09:53:24.144,415.20981474888384,998
2024-09-19 09:53:24.158,415.1749720707657,996
2024-09-19 09:53:24.158,415.1458698906721,97
2024-09-19 09:53:24.175,415.2289838493775,102
2024-09-19 09:53:24.203,415.2295299299945,97
2024-09-19 09:53:24.210,415.24308905311744,996
2024-09-19 09:53:24.224,415.23373563574734,6
2024-09-19 09:53:24.233,415.246133435044,99
2024-09-19 09:53:24.238,415.1966077835325,995
2024-09-19 09:53:24.280,415.2261927153184,997
2024-09-19 09:53:24.373,415.24609055895286,996
2024-09-19 09:53:24.456,415.1626782007281,12
2024-09-19 09:53:24.475,415.241199350209,997
2024-09-19 09:53:24.504,415.2348537726009,104
2024-09-19 09:53:24.509,415.26409658132513,13
2024-09-19 09:53:24.559,415.25219717944407,14
2024-09-19 09:53:24.600,415.2574574814397,104
2024-09-19 09:53:24.664,415.1461449144473,999
2024-09-19 09:53:24.757,415.1886476527429,102
2024-09-19 09:53:24.895,415.2544545172837,104
2024-09-19 09:53:24.901,415.2167892538121,12
2024-09-19 09:53:24.902,415.2174030348887,99
2024-09-19 09:53:24.929,415.1859789957014,999
2024-09-19 09:53:24.935,415.2650288234085,103
2024-09-19 09:53:25.000,415.2829142882184,7
2024-09-19 09:53:25.005,415.2550040564629,999
2024-09-19 09:53:25.067,415.2941954954595,997
2024-09-19 09:53:25.138,415.289193910819,101
2024-09-19 09:53:25.227,415.2900395934964,6
2024-09-19 09:53:25.229,41.52871582285319,995
2024-09-19 09:53:25.238,415.2817111765945,15
2024-09-19 09:53:25.248,415.2797695956359,103
2024-09-19 09:53:25.377,415.301737925217,1003
2024-09-19 09:53:25.418,415.27766457731406,13
2024-09-19 09:53:25.636,415.28293057286135,5
2024-09-19 09:53:25.641,415.2888966790708,100
2024-09-19 09:53:25.738,41.52967742981386,95
2024-09-19 09:53:25.755,415.2522655751236,1005
2024-09-19 09:53:25.775,415.2884709625475,96
2024-09-19 09:53:25.799,415.2754034692486,97
2024-09-19 09:53:25.848,415.3037429840276,14
2024-09-19 09:53:25.884,415.298828613866,14
2024-09-19 09:53:25.931,415.261359764664,8
2024-09-19 09:53:25.998,415.295136766751,11
2024-09-19 09:53:26.006,415.2999654656833,8
2024-09-19 09:53:26.040,415.3121859131461,996
2024-09-19 09:53:26.059,415.2763031499587,105
2024-09-19 09:53:26.061,415.3218446628528,101
2024-09-19 09:53:26.078,415.3351458857484,15
2024-09-19 09:53:26.159,415.3092589526765,998
2024-09-19 09:53:26.206,415.2520732225487,102
2024-09-19 09:53:26.233,415.3153928016732,1003
2024-09-19 09:53:26.326,415.3028475512365,99
2024-09-19 09:53:26.483,415.3144085405247,5
2024-09-19 09:53:26.616,415.3070479629919,1001
2024-09-19 09:53:26.680,415.2988517251569,104
2024-09-19 09:53:26.717,415.3125331816944,14
2024-09-19 09:53:26.805,415.2730102783277,105
2024-09-19 09:53:26.813,415.2950256495778,10
2024-09-19 09:53:26.885,415.25625591593626,101
2024-09-19 09:53:26.896,415.2867957397596,9
2024-09-19 09:53:26.947,415.267581376197,1001
2024-09-19 09:53:26.961,415.3101604075872,5
2024-09-19 09:53:27.158,415.3636723811665,100
2024-09-19 09:53:27.255,415.3809047751928,101
2024-09-19 09:53:27.318,415.30288007365806,98
2024-09-19 09:53:27.363,415.36329375383536,8
2024-09-19 09:53:27.398,415.3521963411098,996
2024-09-19 09:53:27.417,415.3583331821153,99
2024-09-19 09:53:27.421,415.3737479493153,104
2024-09-19 09:53:27.459,415.3643176359613,1003
2024-09-19 09:53:27.464,415.34614863564974,1005
2024-09-19 09:53:27.543,415.334096406564,6
2024-09-19 09:53:27.556,415.35956854737503,999
2024-09-19 09:53:27.562,415.3536076899443,101
2024-09-19 09:53:27.598,415.3531223501712,997
2024-09-19 09:53:27.605,415.3144130184359,102
2024-09-19 09:53:27.626,415.3597245618776,13
2024-09-19 09:53:27.728,415.3060636667635,1005
2024-09-19 09:53:27.751,415.2993834348458,1003
2024-09-19 09:53:27.979,415.3927843682607,998
2024-09-19 09:53:27.983,415.3713279824681,998
2024-09-19 09:53:28.060,415.4101010010735,995
2024-09-19 09:53:28.138,415.42018275254736,7
2024-09-19 09:53:28.174,415.3572618041797,98
2024-09-19 09:53:28.186,,9
2024-09-19 09:53:28.203,415.3745147946837,1004
2024-09-19 09:53:28.255,415.38672279156987,8
2024-09-19 09:53:28.265,415.4060865551442,9
2024-09-19 09:53:28.277,415.3668976623715,998
2024-09-19 09:53:28.342,415.3925097251538,7
2024-09-19 09:53:28.353,415.36681842572506,99
2024-09-19 09:53:28.354,415.3880303163594,13
2024-09-19 09:53:28.394,415.37713357504686,7
2024-09-19 09:53:28.409,415.3487823749308,7
2024-09-19 09:53:28.468,415.38522431024273,14
2024-09-19 09:53:28.524,415.408446896035,99
2024-09-19 09:53:28.535,415.3833529664683,15
2024-09-19 09:53:28.653,415.3968213208935,100
2024-09-19 09:53:28.705,415.40520021910896,997
2024-09-19 09:53:28.734,415.3883293908605,996
2024-09-19 09:53:28.833,415.4056939492944,104
2024-09-19 09:53:28.918,415.4010564083285,5
2024-09-19 09:53:28.928,415.39746246315735,999
2024-09-19 09:53:29.006,415.382144024918,95
2024-09-19 09:53:29.007,415.4225825093743,95
2024-09-19 09:53:29.025,415.4095307218949,1003
2024-09-19 09:53:29.038,415.3716414217676,105
2024-09-19 09:53:29.193,415.3597223640364,7
2024-09-19 09:53:29.199,415.401619654686,101
2024-09-19 09:53:29.384,415.4086312195815,95
2024-09-19 09:53:29.424,415.4083725625282,98
2024-09-19 09:53:29.427,415.36768157263816,99
2024-09-19 09:53:29.444,415.3862529878304,1003
2024-09-19 09:53:29.516,415.3967608711427,998
2024-09-19 09:53:29.518,415.37200552665104,998
2024-09-19 09:53:29.523,415.3827103273702,1004
2024-09-19 09:53:29.592,415.4225349828351,7
2024-09-19 09:53:29.664,415.3478416940338,8
2024-09-19 09:53:29.681,415.3872874394549,999
2024-09-19 09:53:29.683,41.53631271059115,101
2024-09-19 09:53:29.687,415.3639314151851,104
2024-09-19 09:53:29.741,415.3853016667522,6
2024-09-19 09:53:29.757,415.3506224696655,1003
2024-09-19 09:53:29.763,415.3606137532087,15
2024-09-19 09:53:29.795,415.3817173798206,1004
2024-09-19 09:53:29.867,415.4147840642517,1003
2024-09-19 09:53:29.944,415.43111585383815,1005
2024-09-19 09:53:30.003,415.3627223001892,7
2024-09-19 09:53:30.149,415.38753748365167,995
2024-09-19 09:53:30.151,415.414659625011,14
2024-09-19 09:53:30.315,415.40410495992,97
2024-09-19 09:53:30.478,415.38708502353967,995
2024-09-19 09:53:30.642,415.36434237019273,996
2024-09-19 09:53:30.665,415.3843544121704,12
2024-09-19 09:53:30.870,415.3938969006149,15
2024-09-19 09:53:31.178,415.3740206013604,8
2024-09-19 09:53:31.255,,7
2024-09-19 09:53:31.323,415.3933304570764,104
2024-09-19 09:53:31.379,415.363904114,995
2024-09-19 09:53:31.409,415.38655144876407,102
2024-09-19 09:53:31.463,415.3719885722764,100
2024-09-19 09:53:31.491,415.3843269201042,100
2024-09-19 09:53:31.541,415.3989754890272,99
2024-09-19 09:53:31.710,415.3737118213297,1001
2024-09-19 09:53:31.928,415.38796507742256,10
2024-09-19 09:53:32.316,415.34007054492025,996
2024-09-19 09:53:32.608,415.33338417410727,996
2024-09-19 09:53:32.981,415.36796268746497,101
2024-09-19 09:53:32.988,415.37273185738417,104
2024-09-19 09:53:33.007,415.35439426299286,12
2024-09-19 09:53:33.205,415.332256682902,95
2024-09-19 09:53:33.225,415.343783861288,96
2024-09-19 09:53:33.238,415.36581619687934,1005
2024-09-19 09:53:33.368,415.3361079909314,1002
2024-09-19 09:53:33.405,415.34324518076505,97
2024-09-19 09:53:33.562,415.34768866778194,999
2024-09-19 09:53:33.809,415.3558370884643,14
2024-09-19 09:53:33.890,415.3526640297388,6
2024-09-19 09:53:33.906,415.36320206885415,15
2024-09-19 09:53:34.021,415.37913911190526,97
2024-09-19 09:53:34.177,415.335812807774,7
2024-09-19 09:53:34.191,415.3395668404492,98
2024-09-19 09:53:34.371,415.3677834754481,7
2024-09-19 09:53:34.410,415.3622358664232,1003
2024-09-19 09:53:34.624,415.3459900178336,5
2024-09-19 09:53:34.661,415.33161282936754,100
2024-09-19 09:53:34.710,415.3710687862196,14
2024-09-19 09:53:34.712,415.37038412134245,105
2024-09-19 09:53:34.713,415.3600646965384,7
2024-09-19 09:53:34.759,415.3557183185784,999
2024-09-19 09:53:34.780,415.363968850518,997
2024-09-19 09:53:35.139,415.3817453976629,1003
2024-09-19 09:53:35.144,415.3679588643656,15
2024-09-19 09:53:35.224,415.3800850290371,99
2024-09-19 09:53:35.262,415.3826979172698,12
2024-09-19 09:53:35.324,415.4114699201099,7
2024-09-19 09:53:35.329,415.4137850167023,95
2024-09-19 09:53:35.446,415.4050517510804,5
2024-09-19 09:53:35.486,415.3809685182197,98
2024-09-19 09:53:35.565,415.3383013715139,1002
2024-09-19 09:53:35.577,415.408613314306,96
2024-09-19 09:53:35.590,415.3577080230299,103
2024-09-19 09:53:35.684,415.3890486374033,10
2024-09-19 09:53:35.759,415.4073559917211,1001
2024-09-19 09:53:35.783,415.3547990698841,7
2024-09-19 09:53:35.795,415.3997300284608,12
2024-09-19 09:53:35.802,415.3516833389499,13
2024-09-19 09:53:35.813,415.42575125277097,13
2024-09-19 09:53:35.814,415.38055302752815,13
2024-09-19 09:53:35.853,415.38857708189465,15
2024-09-19 09:53:35.941,415.3916790872111,6
2024-09-19 09:53:36.618,-415.431029957557,9
2024-09-19 09:53:37.050,415.4173027473532,1005
2024-09-19 09:53:37.050,415.4111519210768,97
2024-09-19 09:53:37.097,415.41338879600073,98
2024-09-19 09:53:37.098,415.4240790421185,12
2024-09-19 09:53:37.283,415.3863914846641,98
2024-09-19 09:53:37.330,415.43850066784967,6
2024-09-19 09:53:37.412,415.4135368959219,12
2024-09-19 09:53:37.425,415.41959844192303,1002
2024-09-19 09:53:37.534,415.4084690587681,102
2024-09-19 09:53:37.554,415.3976352068221,100
2024-09-19 09:53:37.586,41.54217549185712,998
2024-09-19 09:53:37.587,415.387299339936,998
2024-09-19 09:53:37.587,415.397050341553,8
2024-09-19 09:53:37.616,41.54042611576151,1005
2024-09-19 09:53:37.641,415.42450061492,96
2024-09-19 09:53:37.679,415.39694099127934,7
2024-09-19 09:53:37.715,415.4085293761334,5
2024-09-19 09:53:37.769,415.4095097774267,105
2024-09-19 09:53:37.845,415.4215409108363,997
2024-09-19 09:53:37.913,415.4109895457988,1000
2024-09-19 09:53:37.927,415.4019801426989,12
2024-09-19 09:53:38.183,415.43761347201314,7
2024-09-19 09:53:39.004,415.41315340748366,1001
2024-09-19 09:53:39.119,415.4397810847533,12
2024-09-19 09:53:39.143,415.418068966697,1000
2024-09-19 09:53:39.317,415.4292695351688,103
2024-09-19 09:53:39.509,415.4282561632684,14
2024-09-19 09:53:39.608,415.4336714792471,5
2024-09-19 09:53:39.649,415.4374344387007,6
2024-09-19 09:53:39.696,415.4438723819867,97
2024-09-19 09:53:39.700,415.42216168976455,1005
2024-09-19 09:53:40.010,-415.4339386731373,15
2024-09-19 09:53:40.155,415.4292400344338,1001
2024-09-19 09:53:40.231,415.4404440155005,7
2024-09-19 09:53:40.374,415.44847566148326,13
2024-09-19 09:53:40.380,415.4599396416572,11
2024-09-19 09:53:40.529,415.4709795019674,11
2024-09-19 09:53:40.641,415.425840988536,1002
2024-09-19 09:53:40.703,415.45177296503056,95
2024-09-19 09:53:40.732,415.4295605598397,6
2024-09-19 09:53:40.833,415.4489818217559,13
2024-09-19 09:53:40.908,415.46088187326507,102
2024-09-19 09:53:40.997,415.4133547618357,104
2024-09-19 09:53:41.115,415.4409289372987,996
2024-09-19 09:53:41.116,415.4383170789879,1000
2024-09-19 09:53:41.616,41.54241317125685,1003
2024-09-19 09:53:41.813,415.4536458087424,98
2024-09-19 09:53:42.014,415.4379682228713,95
2024-09-19 09:53:42.080,415.4306562835927,104
2024-09-19 09:53:42.118,415.4518061222401,102
2024-09-19 09:53:42.178,415.4521799416727,1003
2024-09-19 09:53:42.193,415.442261238395,6
2024-09-19 09:53:42.277,415.450148389833,14
2024-09-19 09:53:42.412,415.4206379457244,13
2024-09-19 09:53:42.423,41.54412550154765,1005
2024-09-19 09:53:42.575,415.4434995498815,996
2024-09-19 09:53:42.601,415.4393540695127,103
2024-09-19 09:53:43.066,-415.43191230728473,1003
2024-09-19 09:53:43.135,415.5071347702682,1002
2024-09-19 09:53:43.138,415.5324958336038,12
2024-09-19 09:53:43.155,415.4629435137596,97
2024-09-19 09:53:43.196,415.4027001646104,95
2024-09-19 09:53:43.221,415.42113067772135,12
2024-09-19 09:53:43.337,415.4181684201175,104
2024-09-19 09:53:43.347,-415.38673245372,95
2024-09-19 09:53:43.467,415.4524618533422,8
2024-09-19 09:53:43.471,415.4772646389866,7
2024-09-19 09:53:43.484,415.3729729848158,8
2024-09-19 09:53:43.507,415.3993904912815,101
2024-09-19 09:53:43.516,415.419586204383,9
2024-09-19 09:53:43.570,415.52763190483,1000
2024-09-19 09:53:43.592,415.47991150110255,9
2024-09-19 09:53:43.610,415.3652715406405,97
2024-09-19 09:53:43.617,415.3801604308374,102
2024-09-19 09:53:43.635,415.42625873692737,9
2024-09-19 09:53:43.706,415.45884589075325,6
2024-09-19 09:53:43.720,41.540583733121466,102
2024-09-19 09:53:43.775,415.3614642731503,14
2024-09-19 09:53:43.845,415.4766339136834,996
2024-09-19 09:53:43.862,415.4874895660651,995
2024-09-19 09:53:43.863,415.4709435922479,104
2024-09-19 09:53:43.890,415.46722157632166,15
2024-09-19 09:53:43.898,415.395241218522,105
2024-09-19 09:53:43.904,415.3665061892922,15
2024-09-19 09:53:43.964,415.47247163153367,13
2024-09-19 09:53:44.023,415.51887347523297,99
2024-09-19 09:53:44.099,415.5198644508042,1004
2024-09-19 09:53:44.107,415.57150529482993,14
2024-09-19 09:53:44.234,415.53356881106856,997
2024-09-19 09:53:44.267,415.56430093486046,14
2024-09-19 09:53:44.360,415.5565875658607,5
2024-09-19 09:53:44.412,415.5694737020841,6
2024-09-19 09:53:44.506,415.5395985092463,98
2024-09-19 09:53:44.661,415.58462379989743,1000
2024-09-19 09:53:44.759,415.5201322356944,11
2024-09-19 09:53:44.792,415.5309624224424,1000
2024-09-19 09:53:44.799,415.5224768604716,999
2024-09-19 09:53:44.834,415.5629265719888,7
2024-09-19 09:53:44.884,415.55409680374856,102
2024-09-19 09:53:45.020,415.4947899075577,95
2024-09-19 09:53:45.109,415.5552335433879,15
2024-09-19 09:53:45.114,415.5154397593246,105
2024-09-19 09:53:45.163,415.5410910284032,15
2024-09-19 09:53:45.175,415.52959546864105,1000
2024-09-19 09:53:45.212,415.5284901961933,11
2024-09-19 09:53:45.291,415.52308611549046,1005
2024-09-19 09:53:45.309,415.502316237124,99
2024-09-19 09:53:45.348,415.5297046513596,998
2024-09-19 09:53:45.365,415.4815334781141,7
2024-09-19 09:53:45.370,415.5302969517124,996
2024-09-19 09:53:45.404,415.5450204096727,1002
2024-09-19 09:53:45.408,415.5088223170741,98
2024-09-19 09:53:45.410,415.5257433501205,8
2024-09-19 09:53:45.413,415.5032313103384,995
2024-09-19 09:53:45.484,415.4843572583144,100
2024-09-19 09:53:45.542,415.5293851745182,15
2024-09-19 09:53:45.593,415.5380244217809,8
2024-09-19 09:53:45.631,415.5430939363265,98
2024-09-19 09:53:45.745,415.5279540608718,6
2024-09-19 09:53:45.749,415.5340715447092,97
2024-09-19 09:53:45.859,415.479679930237,997
2024-09-19 09:53:45.885,415.5202569040575,6
2024-09-19 09:53:45.891,-415.4909807735119,96
2024-09-19 09:53:45.899,415.4992621332276,996
2024-09-19 09:53:45.960,415.53658126586777,100
2024-09-19 09:53:45.980,415.5152008888323,11
2024-09-19 09:53:46.021,415.5303976842277,10
2024-09-19 09:53:46.036,415.5082760158356,997
2024-09-19 09:53:46.050,415.5020475212333,97
2024-09-19 09:53:46.068,415.504516855287,15
2024-09-19 09:53:46.148,415.5642429987477,99
2024-09-19 09:53:46.206,415.50801376568654,14
2024-09-19 09:53:46.255,415.4987222492041,12
2024-09-19 09:53:46.343,415.5411338088997,1003
2024-09-19 09:53:46.368,415.51184858841606,104
2024-09-19 09:53:46.425,415.4958806958492,97
2024-09-19 09:53:46.481,41.55372094859439,1001
2024-09-19 09:53:46.491,-415.513520168273,105
2024-09-19 09:53:46.501,415.515077794598,12
2024-09-19 09:53:46.518,415.5429316439426,995
2024-09-19 09:53:46.549,415.5057872210879,7
2024-09-19 09:53:46.598,415.4851639715626,9
2024-09-19 09:53:46.637,415.5111204134493,102
2024-09-19 09:53:46.685,415.5370736160268,1004
2024-09-19 09:53:46.690,415.50076945186186,995
2024-09-19 09:53:46.729,415.5172670369397,1000
2024-09-19 09:53:46.762,415.5145615248191,12
2024-09-19 09:53:46.835,,999
2024-09-19 09:53:46.858,415.519395724426,995
2024-09-19 09:53:46.879,,8
2024-09-19 09:53:46.919,415.489978385162,104
2024-09-19 09:53:46.920,415.5271640192185,101
2024-09-19 09:53:46.928,415.5354618583736,96
2024-09-19 09:53:47.187,415.5631224214224,995
2024-09-19 09:53:47.210,415.5533315260366,102
2024-09-19 09:53:47.773,415.5459555183127,1003
2024-09-19 09:53:47.998,415.55710694291577,101
2024-09-19 09:53:48.007,415.5638791623306,6
2024-09-19 09:53:48.010,415.5825249078191,5
2024-09-19 09:53:48.031,415.5330672644829,105
2024-09-19 09:53:48.111,415.5668862479138,97
2024-09-19 09:53:48.259,415.5469700922623,103
2024-09-19 09:53:48.278,415.5455909392017,1002
2024-09-19 09:53:48.281,415.5368101492424,103
2024-09-19 09:53:48.295,415.5324984360094,15
2024-09-19 09:53:48.369,415.5533266886434,1004
2024-09-19 09:53:48.423,415.55924036354895,98
2024-09-19 09:53:48.534,415.5516201735535,8
2024-09-19 09:53:48.595,415.52303634896975,1005
2024-09-19 09:53:48.653,415.5317212796839,999
2024-09-19 09:53:48.661,415.5606870186538,14
2024-09-19 09:53:48.684,415.5716678313557,1003
2024-09-19 09:53:48.707,415.5403032383392,103
2024-09-19 09:53:48.722,415.5068361311319,11
2024-09-19 09:53:48.781,415.5582444820957,6
2024-09-19 09:53:48.887,415.50587980150885,104
2024-09-19 09:53:49.001,415.5350039564722,995
2024-09-19 09:53:49.318,415.5254266561492,1003
2024-09-19 09:53:49.426,415.5407872050814,6
2024-09-19 09:53:49.662,415.5366784877896,104
2024-09-19 09:53:50.109,415.58181410289416,5
2024-09-19 09:53:50.177,415.5937352160526,99
2024-09-19 09:53:50.200,415.5541823982505,11
2024-09-19 09:53:50.477,415.5833432504968,98
2024-09-19 09:53:50.612,415.6165157518367,998
2024-09-19 09:53:50.816,415.570971289192,15
2024-09-19 09:53:51.087,415.6199568727082,6
2024-09-19 09:53:51.094,415.6403442263849,101
2024-09-19 09:53:51.342,415.618420155792,1002
2024-09-19 09:53:51.620,415.6263093214978,105
2024-09-19 09:53:51.751,415.6192663169507,100
2024-09-19 09:53:51.779,415.62909963713406,996
2024-09-19 09:53:51.790,415.6304676051903,101
2024-09-19 09:53:51.962,415.6404495173669,13
2024-09-19 09:53:51.994,415.6327706677764,95
2024-09-19 09:53:52.065,415.6062468727734,103
2024-09-19 09:53:52.067,415.6242359027592,996
2024-09-19 09:53:52.069,,100
2024-09-19 09:53:52.147,415.6284306082688,997
2024-09-19 09:53:52.150,-415.5792843913203,995
2024-09-19 09:53:52.220,415.6319000834065,100
2024-09-19 09:53:52.228,415.65454907938863,1004
2024-09-19 09:53:52.232,415.6239615322453,1001
2024-09-19 09:53:52.242,415.6340974360609,995
2024-09-19 09:53:52.277,415.60181281624256,98
2024-09-19 09:53:52.315,415.6258345536475,15
2024-09-19 09:53:52.320,415.6310493226865,99
2024-09-19 09:53:52.325,415.6184030972107,11
2024-09-19 09:53:52.332,415.6457653739828,1000
2024-09-19 09:53:52.357,415.6109597774153,998
2024-09-19 09:53:52.392,415.6124292380576,14
2024-09-19 09:53:52.449,415.626772452636,9
2024-09-19 09:53:52.530,415.62249578331006,105
2024-09-19 09:53:52.566,415.65249216997705,10
2024-09-19 09:53:52.582,415.614934036509,1002
2024-09-19 09:53:52.672,415.65318323815626,999
2024-09-19 09:53:52.705,415.6267071477704,103
2024-09-19 09:53:52.710,415.6119274834001,11
2024-09-19 09:53:52.711,415.58267919638,95
2024-09-19 09:53:52.731,415.6141547861819,1002
2024-09-19 09:53:52.838,415.6079920374236,104
2024-09-19 09:53:52.850,415.5975050382406,98
2024-09-19 09:53:52.902,415.6477650856657,7
2024-09-19 09:53:53.341,415.6097045206349,8
2024-09-19 09:53:54.058,415.61912770655886,10
2024-09-19 09:53:54.069,415.6538299097466,1001
2024-09-19 09:53:54.087,415.63194393383066,995
2024-09-19 09:53:54.097,415.6222354878777,14
2024-09-19 09:53:54.109,415.6216791634491,96
2024-09-19 09:53:54.117,415.6007830876055,101
2024-09-19 09:53:54.155,415.62359682206,11
2024-09-19 09:53:54.176,415.6523536592185,14
2024-09-19 09:53:54.185,415.6126579541732,12
2024-09-19 09:53:54.378,415.6181618146456,1002
2024-09-19 09:53:54.418,415.6477354379888,995
2024-09-19 09:53:54.429,415.6257291542991,996
2024-09-19 09:53:54.434,415.6442352789147,96
2024-09-19 09:53:54.461,415.6427096734095,98
2024-09-19 09:53:54.497,415.6574096330827,10
2024-09-19 09:53:54.530,415.640859610434,995
2024-09-19 09:53:54.532,415.6154774260253,11
2024-09-19 09:53:54.588,-415.6528870814568,97
2024-09-19 09:53:54.640,415.6679344455317,9
2024-09-19 09:53:54.655,415.5969114636683,97
2024-09-19 09:53:54.659,415.5862650885924,14
2024-09-19 09:53:54.683,415.59726740278006,995
2024-09-19 09:53:54.687,415.6187602197335,105
2024-09-19 09:53:54.703,415.6391700338776,1001
2024-09-19 09:53:54.709,415.6359816648556,1003
2024-09-19 09:53:54.794,415.605535070122,98
2024-09-19 09:53:54.822,415.6345273513186,96
2024-09-19 09:53:54.902,415.6466825851383,1003
2024-09-19 09:53:54.965,415.64440406986176,14
2024-09-19 09:53:54.966,415.6014619681797,101
2024-09-19 09:53:56.018,415.6807006739705,13
2024-09-19 09:53:56.104,415.6990617398157,103
2024-09-19 09:53:56.146,415.6986512309126,1003
2024-09-19 09:53:56.299,415.6973260945554,12
2024-09-19 09:53:56.382,415.6919387278122,97
2024-09-19 09:53:56.537,415.6753011376792,1001
2024-09-19 09:53:56.586,415.6807454266199,100
2024-09-19 09:53:56.609,415.6837717104891,999
2024-09-19 09:53:56.610,415.689401962624,1002
2024-09-19 09:53:56.669,415.6806861095376,996
2024-09-19 09:53:56.689,415.6944682741546,95
2024-09-19 09:53:56.704,415.69412479671234,8
2024-09-19 09:53:56.715,415.68402964767415,8
2024-09-19 09:53:56.725,415.6943256576354,1005
2024-09-19 09:53:56.764,41.56832725369834,95
2024-09-19 09:53:56.808,415.6582012079113,1004
2024-09-19 09:53:56.833,415.6669804684935,1003
2024-09-19 09:53:56.864,415.7030937791025,997
2024-09-19 09:53:56.925,415.6668504196583,7
2024-09-19 09:53:57.052,41.56963030822749,5
2024-09-19 09:53:57.140,415.6690716391062,98
2024-09-19 09:53:57.177,415.6843048484329,999
2024-09-19 09:53:57.247,415.6657671738584,9
2024-09-19 09:53:57.250,415.6707616592682,9
2024-09-19 09:53:57.267,415.6807672633466,998
2024-09-19 09:53:57.285,415.67472205653286,99
2024-09-19 09:53:57.348,415.6607856679507,1005
2024-09-19 09:53:57.365,415.66968626236473,14
2024-09-19 09:53:57.374,415.6831613522442,102
2024-09-19 09:53:57.412,415.6657225394444,1001
2024-09-19 09:53:57.530,415.6802714851783,99
2024-09-19 09:53:57.601,415.6879952813873,995
2024-09-19 09:53:57.674,415.6968930257936,15
2024-09-19 09:53:57.676,415.68801645220753,7
2024-09-19 09:53:57.727,415.68221475154905,998
2024-09-19 09:53:57.756,415.6616029200753,14
2024-09-19 09:53:57.776,415.6658884132517,10
2024-09-19 09:53:57.777,415.6825789940205,1004
2024-09-19 09:53:57.784,415.6888270989768,1000
2024-09-19 09:53:57.846,415.6702351334704,95
2024-09-19 09:53:57.861,415.68929821511983,98
2024-09-19 09:53:59.290,415.67450991294135,14
2024-09-19 09:53:59.422,415.674798702888,104
2024-09-19 09:53:59.987,415.6629559274208,996
