Timestamp,Price,Size
2024-09-19 14:39:00.019,419.4346837078054,12
2024-09-19 14:39:00.036,419.4020502702989,5
2024-09-19 14:39:00.184,419.39975602966535,99
2024-09-19 14:39:00.268,419.4319335632135,15
2024-09-19 14:39:00.358,419.406301953842,102
2024-09-19 14:39:00.490,419.445923718118,1003
2024-09-19 14:39:00.701,419.4430622674767,97
2024-09-19 14:39:00.713,419.43957855394433,7
2024-09-19 14:39:00.769,419.4348313432463,98
2024-09-19 14:39:00.778,419.4350241926225,11
2024-09-19 14:39:00.798,419.4252519471452,999
2024-09-19 14:39:00.822,,13
2024-09-19 14:39:00.912,419.41837392213415,1001
2024-09-19 14:39:00.970,419.40004973946014,1003
2024-09-19 14:39:00.997,419.4372965853199,100
2024-09-19 14:39:00.999,419.4012032081543,1005
2024-09-19 14:39:01.089,419.39408161490735,14
2024-09-19 14:39:01.090,,997
2024-09-19 14:39:01.168,419.3937147392212,96
2024-09-19 14:39:01.183,419.37487506107067,1005
2024-09-19 14:39:01.263,419.3961692199753,14
2024-09-19 14:39:01.278,419.4543547719255,9
2024-09-19 14:39:01.305,419.39091421625193,8
2024-09-19 14:39:01.337,419.4067771906084,102
2024-09-19 14:39:01.366,419.3945423776758,996
2024-09-19 14:39:01.386,419.3548517896951,98
2024-09-19 14:39:01.387,419.41403958759,5
2024-09-19 14:39:01.440,419.3649947667715,102
2024-09-19 14:39:01.454,419.4383783688745,97
2024-09-19 14:39:01.486,419.37906258314734,5
2024-09-19 14:39:01.507,419.3712138002424,15
2024-09-19 14:39:01.531,419.368690265425,1000
2024-09-19 14:39:01.560,419.45176629823,1002
2024-09-19 14:39:01.593,419.3731065151873,995
2024-09-19 14:39:01.662,419.3962773817146,1002
2024-09-19 14:39:01.712,419.37956287924834,95
2024-09-19 14:39:01.818,419.37595342450726,997
2024-09-19 14:39:01.826,-419.40006902688015,103
2024-09-19 14:39:01.916,419.3489088230155,99
2024-09-19 14:39:01.974,419.4524034123945,10
2024-09-19 14:39:01.976,419.40285920270287,11
2024-09-19 14:39:01.990,419.4054841065724,102
2024-09-19 14:39:02.127,419.3552274002302,999
2024-09-19 14:39:02.143,419.41642232943406,11
2024-09-19 14:39:02.171,419.4121210701687,1001
2024-09-19 14:39:02.175,419.3293409653651,99
2024-09-19 14:39:02.209,419.4257498486319,11
2024-09-19 14:39:02.362,419.37747546000224,15
2024-09-19 14:39:02.373,419.4223939570913,996
2024-09-19 14:39:02.394,419.3886355654259,99
2024-09-19 14:39:02.401,419.3501680353218,12
2024-09-19 14:39:02.451,419.3902944199887,1002
2024-09-19 14:39:02.542,419.3819379863329,11
2024-09-19 14:39:02.578,419.336587012064,99
2024-09-19 14:39:02.664,419.4165614629516,1001
2024-09-19 14:39:02.793,,101
2024-09-19 14:39:02.954,419.3958479631711,7
2024-09-19 14:39:02.991,419.3425828269754,13
2024-09-19 14:39:03.045,419.3936645747551,1002
2024-09-19 14:39:03.107,416.1715401419197,6
2024-09-19 14:39:03.255,419.3882947030546,104
2024-09-19 14:39:03.388,419.384602018493,10
2024-09-19 14:39:03.577,419.3685812095091,998
2024-09-19 14:39:03.598,419.3832063892493,995
2024-09-19 14:39:03.638,419.3637394889808,105
2024-09-19 14:39:03.650,419.3787033514071,13
2024-09-19 14:39:03.841,419.35696784413824,1004
2024-09-19 14:39:03.934,419.38080952103707,102
2024-09-19 14:39:03.937,419.3775607666728,99
2024-09-19 14:39:03.997,419.3978025960968,98
2024-09-19 14:39:04.011,419.36524597519497,8
2024-09-19 14:39:04.013,419.3412790095081,8
2024-09-19 14:39:04.238,419.3562898262617,101
2024-09-19 14:39:04.265,419.3606939719148,996
2024-09-19 14:39:04.268,419.3225545804021,7
2024-09-19 14:39:04.268,419.36546192262193,1000
2024-09-19 14:39:04.373,419.3510982326927,99
2024-09-19 14:39:04.404,419.3563538749552,1002
2024-09-19 14:39:04.427,419.3200504500496,102
2024-09-19 14:39:04.432,419.3511523603188,7
2024-09-19 14:39:04.434,419.3362010503331,98
2024-09-19 14:39:04.490,419.3544378164789,1004
2024-09-19 14:39:04.550,419.3534350332934,99
2024-09-19 14:39:04.556,419.3365453590514,1005
2024-09-19 14:39:04.557,419.36234324911095,99
2024-09-19 14:39:04.569,419.3573896807002,102
2024-09-19 14:39:04.601,419.3651397308548,999
2024-09-19 14:39:04.625,419.3325987820028,8
2024-09-19 14:39:04.641,419.336322328322,12
2024-09-19 14:39:04.656,419.3578626188805,98
2024-09-19 14:39:04.677,419.32839751008487,98
2024-09-19 14:39:04.680,419.3756614818548,995
2024-09-19 14:39:04.720,419.33811868466194,998
2024-09-19 14:39:04.835,419.3524968942207,96
2024-09-19 14:39:04.880,419.37149530718375,997
2024-09-19 14:39:04.932,419.3406114622165,100
2024-09-19 14:39:04.954,419.3421002405174,1001
2024-09-19 14:39:04.991,419.3247288235111,10
2024-09-19 14:39:05.021,419.3918610691625,102
2024-09-19 14:39:05.115,419.38406237521184,15
2024-09-19 14:39:05.161,419.3887272309515,12
2024-09-19 14:39:05.189,419.4338882217278,101
2024-09-19 14:39:05.194,419.3988642146419,98
2024-09-19 14:39:05.232,419.397915722304,100
2024-09-19 14:39:05.258,419.39900636205255,998
2024-09-19 14:39:05.379,419.3931486656786,1001
2024-09-19 14:39:05.385,419.4241319746736,996
2024-09-19 14:39:05.404,419.39161363071,1000
2024-09-19 14:39:05.411,419.3776173712149,1002
2024-09-19 14:39:05.538,419.3607755198966,103
2024-09-19 14:39:05.543,419.3385302515524,98
2024-09-19 14:39:05.566,419.3870983340849,101
2024-09-19 14:39:05.567,-419.420959872064,7
2024-09-19 14:39:05.628,419.3909543323101,11
2024-09-19 14:39:05.643,419.4016457521993,1002
2024-09-19 14:39:05.654,419.38421684922633,13
2024-09-19 14:39:05.676,419.4152664827433,105
2024-09-19 14:39:05.683,419.4171929751735,99
2024-09-19 14:39:05.701,419.41265214741776,1000
2024-09-19 14:39:05.705,419.3506824494011,98
2024-09-19 14:39:05.766,419.3973313175762,104
2024-09-19 14:39:05.777,419.3980133825648,15
2024-09-19 14:39:05.795,419.42769718020446,997
2024-09-19 14:39:05.808,416.2026062278525,1004
2024-09-19 14:39:05.895,419.37288879485055,1005
2024-09-19 14:39:05.950,419.3882631191413,96
2024-09-19 14:39:06.132,419.4284334409482,1001
2024-09-19 14:39:06.437,419.42727603857713,1005
2024-09-19 14:39:06.443,419.4387607984476,10
2024-09-19 14:39:06.468,419.4281819742011,1001
2024-09-19 14:39:06.536,419.43256681968177,11
2024-09-19 14:39:06.547,416.23925364273225,1001
2024-09-19 14:39:06.600,419.4193734559714,5
2024-09-19 14:39:06.639,419.42876891699126,95
2024-09-19 14:39:06.872,419.4230078491464,15
2024-09-19 14:39:07.050,419.44335674545664,1003
2024-09-19 14:39:07.060,419.4259385992985,105
2024-09-19 14:39:07.062,419.4923234555684,15
2024-09-19 14:39:07.145,419.4110192064709,1000
2024-09-19 14:39:07.301,419.46962426001073,997
2024-09-19 14:39:07.644,419.45032373267713,8
2024-09-19 14:39:07.704,419.4290852770193,1003
2024-09-19 14:39:07.715,419.45349550024105,1000
2024-09-19 14:39:07.809,419.4627580536041,96
2024-09-19 14:39:07.853,419.4618791811259,8
2024-09-19 14:39:07.990,419.4740850462367,105
2024-09-19 14:39:08.378,419.4444097094263,8
2024-09-19 14:39:08.504,419.413408596172,1000
2024-09-19 14:39:08.617,419.4261309332843,5
2024-09-19 14:39:08.710,419.4613363195832,101
2024-09-19 14:39:08.763,419.44217786262845,999
2024-09-19 14:39:09.117,419.4147358247965,10
2024-09-19 14:39:09.207,419.47953513670535,96
2024-09-19 14:39:09.220,419.4455802797078,98
2024-09-19 14:39:09.343,419.4706857963852,7
2024-09-19 14:39:09.406,419.48843859190544,98
2024-09-19 14:39:09.410,419.4578097852302,9
2024-09-19 14:39:09.411,419.4800706514837,11
2024-09-19 14:39:09.436,419.46453872781854,9
2024-09-19 14:39:09.514,41.94766003458864,995
2024-09-19 14:39:09.558,419.4498050632223,101
2024-09-19 14:39:09.563,419.4804398997502,996
2024-09-19 14:39:09.596,419.4120850596468,98
2024-09-19 14:39:09.654,419.4153404048352,7
2024-09-19 14:39:09.656,419.486009472352,13
2024-09-19 14:39:09.691,419.4821965251276,12
2024-09-19 14:39:09.768,419.4317411765128,14
2024-09-19 14:39:09.853,419.44925044503645,102
2024-09-19 14:39:09.955,419.4191567439948,13
2024-09-19 14:39:09.973,419.4138488404727,1004
2024-09-19 14:39:10.003,419.425786858416,98
2024-09-19 14:39:10.089,419.4093304641083,7
2024-09-19 14:39:10.147,419.3978151535103,998
2024-09-19 14:39:10.147,419.4047957956832,13
2024-09-19 14:39:10.159,419.4131329760721,996
2024-09-19 14:39:10.233,419.475609219497,1003
2024-09-19 14:39:10.237,419.3423091820011,97
2024-09-19 14:39:10.278,419.3993314845814,103
2024-09-19 14:39:10.346,419.4233045786537,101
2024-09-19 14:39:10.393,419.420051103804,996
2024-09-19 14:39:10.397,419.4641926478284,15
2024-09-19 14:39:10.427,419.4227871825488,995
2024-09-19 14:39:10.549,419.44406487629897,13
2024-09-19 14:39:10.601,419.4683246926086,14
2024-09-19 14:39:10.691,419.3924683015858,105
2024-09-19 14:39:10.703,419.3644007771652,98
2024-09-19 14:39:10.716,419.4674055337553,96
2024-09-19 14:39:10.727,419.4279527242005,104
2024-09-19 14:39:10.757,419.4316978389365,15
2024-09-19 14:39:10.800,419.47682948356527,998
2024-09-19 14:39:10.814,419.4718214466258,9
2024-09-19 14:39:10.843,419.41461370890426,11
2024-09-19 14:39:10.924,419.3743258673176,95
2024-09-19 14:39:10.933,419.3978836192695,1004
2024-09-19 14:39:10.978,419.3936030119127,13
2024-09-19 14:39:10.983,419.4144463109786,104
2024-09-19 14:39:11.291,419.3805012269349,95
2024-09-19 14:39:11.392,419.3876504045654,1004
2024-09-19 14:39:11.439,419.384236229692,1001
2024-09-19 14:39:11.714,419.39165685075005,14
2024-09-19 14:39:11.859,419.3691140221025,95
2024-09-19 14:39:12.163,419.40533135678527,998
2024-09-19 14:39:12.395,419.40331017764254,14
2024-09-19 14:39:12.486,419.4053794065004,102
2024-09-19 14:39:12.804,419.3826089680173,99
2024-09-19 14:39:12.815,419.3844523391149,1000
2024-09-19 14:39:13.029,419.446170551712,104
2024-09-19 14:39:13.132,419.4349175120181,96
2024-09-19 14:39:13.155,419.4373489749764,14
2024-09-19 14:39:13.161,419.45001157487,11
2024-09-19 14:39:13.205,419.43038988527775,5
2024-09-19 14:39:13.208,419.4522739625264,1004
2024-09-19 14:39:13.210,419.42172865386016,100
2024-09-19 14:39:13.213,419.4293320579443,102
2024-09-19 14:39:13.253,416.31673276626327,9
2024-09-19 14:39:13.262,419.4655043292541,97
2024-09-19 14:39:13.280,419.434278761135,1000
2024-09-19 14:39:13.282,419.4480827761019,104
2024-09-19 14:39:13.287,419.4611762736316,10
2024-09-19 14:39:13.405,419.4253550690029,15
2024-09-19 14:39:13.410,419.4396264442033,105
2024-09-19 14:39:13.533,419.4356042930583,6
2024-09-19 14:39:13.579,419.4538934096614,1004
2024-09-19 14:39:13.604,419.4485450070717,100
2024-09-19 14:39:13.613,419.4517522159414,104
2024-09-19 14:39:13.632,419.4539705435896,5
2024-09-19 14:39:13.661,419.4628120529081,1003
2024-09-19 14:39:13.715,419.4227834596817,14
2024-09-19 14:39:13.744,419.45563197535074,9
2024-09-19 14:39:13.758,419.4392982699546,98
2024-09-19 14:39:13.794,419.4338001612054,999
2024-09-19 14:39:13.813,419.469011695378,100
2024-09-19 14:39:13.903,419.46352674709993,7
2024-09-19 14:39:13.931,419.4512447013148,97
2024-09-19 14:39:13.961,419.4396740662629,12
2024-09-19 14:39:14.125,419.4499180168082,99
2024-09-19 14:39:14.136,419.450395936008,1002
2024-09-19 14:39:14.144,419.45809838863926,96
2024-09-19 14:39:14.183,419.4447210367987,100
2024-09-19 14:39:14.254,419.42715735762,5
2024-09-19 14:39:14.303,419.4443326256368,5
2024-09-19 14:39:14.401,419.44923084437016,105
2024-09-19 14:39:14.411,419.4233515708808,103
2024-09-19 14:39:14.417,419.4126312300005,1002
2024-09-19 14:39:14.427,419.4689471392373,5
2024-09-19 14:39:14.451,419.4222564080514,98
2024-09-19 14:39:14.501,419.441011619546,15
2024-09-19 14:39:14.504,419.4562181839535,996
2024-09-19 14:39:14.581,419.4487058983668,5
2024-09-19 14:39:14.619,419.4326629846893,995
2024-09-19 14:39:14.686,419.4514294795699,10
2024-09-19 14:39:14.752,419.4166217373297,96
2024-09-19 14:39:14.812,419.4564416697349,98
2024-09-19 14:39:14.914,419.4535885374459,1003
2024-09-19 14:39:15.002,419.42350359964007,1001
2024-09-19 14:39:15.046,419.4710990742852,11
2024-09-19 14:39:15.058,419.4572234842192,101
2024-09-19 14:39:15.073,419.4424177818048,996
2024-09-19 14:39:15.153,419.4778289089669,997
2024-09-19 14:39:15.174,419.3616860060325,100
2024-09-19 14:39:15.237,419.3951352376287,105
2024-09-19 14:39:15.241,419.32380282467295,10
2024-09-19 14:39:15.339,419.3779924905813,1001
2024-09-19 14:39:15.345,419.3113264715852,998
2024-09-19 14:39:15.462,419.3781885845453,6
2024-09-19 14:39:15.556,419.4566264644759,1005
2024-09-19 14:39:15.592,419.3945557986877,95
2024-09-19 14:39:15.595,419.4620500332312,8
2024-09-19 14:39:15.636,419.33763138764783,996
2024-09-19 14:39:15.659,419.4611911516101,7
2024-09-19 14:39:15.684,419.3844665707912,103
2024-09-19 14:39:15.705,419.4641772110111,7
2024-09-19 14:39:15.742,419.365993967401,9
2024-09-19 14:39:15.745,419.3726839792789,7
2024-09-19 14:39:15.746,419.44123992108496,102
2024-09-19 14:39:15.765,419.4104334645778,996
2024-09-19 14:39:15.928,419.3099247236535,1003
2024-09-19 14:39:15.965,419.39168800588766,12
2024-09-19 14:39:15.993,419.4581541722037,96
2024-09-19 14:39:16.033,419.3493875912112,101
2024-09-19 14:39:16.126,419.3564077928376,10
2024-09-19 14:39:16.265,419.32937385471513,7
2024-09-19 14:39:16.385,419.34427457789417,998
2024-09-19 14:39:16.438,419.3067570613433,104
2024-09-19 14:39:16.446,419.3016642677498,1000
2024-09-19 14:39:16.926,419.3055192444004,97
2024-09-19 14:39:17.089,419.3550236634362,11
2024-09-19 14:39:17.182,,97
2024-09-19 14:39:17.384,416.2622485829468,996
2024-09-19 14:39:17.698,419.3519973758439,7
2024-09-19 14:39:17.999,419.3518597185858,14
2024-09-19 14:39:18.132,419.3554201039182,104
2024-09-19 14:39:18.146,419.375138441166,98
2024-09-19 14:39:18.625,419.3503368346428,1000
2024-09-19 14:39:18.741,419.3461072318652,14
2024-09-19 14:39:18.780,419.3550707368885,997
2024-09-19 14:39:19.001,419.4021507585978,11
2024-09-19 14:39:19.042,419.4369095733896,96
2024-09-19 14:39:19.114,419.3908410276051,13
2024-09-19 14:39:19.128,41.94296453466433,95
2024-09-19 14:39:19.195,419.4036181740698,997
2024-09-19 14:39:19.223,419.4036209554905,1001
2024-09-19 14:39:19.227,419.3831689445984,6
2024-09-19 14:39:19.331,419.3907823344163,99
2024-09-19 14:39:19.372,419.3564843964788,15
2024-09-19 14:39:19.380,419.3998254022265,5
2024-09-19 14:39:19.380,419.37739566212286,1004
2024-09-19 14:39:19.408,419.3574718692458,103
2024-09-19 14:39:19.422,419.3884282444882,6
2024-09-19 14:39:19.446,419.3856450158223,102
2024-09-19 14:39:19.566,419.4455919663896,98
2024-09-19 14:39:19.590,419.3993791979063,996
2024-09-19 14:39:19.596,419.4032720708024,97
2024-09-19 14:39:19.601,419.4314861275887,96
2024-09-19 14:39:19.621,419.4186190320851,102
2024-09-19 14:39:19.622,419.4368208415473,997
2024-09-19 14:39:19.638,-419.3854560115871,102
2024-09-19 14:39:19.759,419.3684059053304,101
2024-09-19 14:39:19.786,419.41613184005496,5
2024-09-19 14:39:19.788,419.3940284145231,10
2024-09-19 14:39:19.796,419.377482767181,6
2024-09-19 14:39:19.924,419.39685488475794,1001
2024-09-19 14:39:19.929,419.40124688966256,1002
2024-09-19 14:39:19.939,419.39262667323095,98
2024-09-19 14:39:19.950,419.3832714590925,1005
2024-09-19 14:39:19.978,419.3925429105654,15
2024-09-19 14:39:20.291,419.3730672241665,9
2024-09-19 14:39:21.092,419.3541043083977,103
2024-09-19 14:39:21.106,419.3787691760878,6
2024-09-19 14:39:21.112,419.3454415410907,997
2024-09-19 14:39:21.113,419.36620370057983,99
2024-09-19 14:39:21.133,419.3374550585368,8
2024-09-19 14:39:21.175,419.32087095878217,99
2024-09-19 14:39:21.235,419.3226557790915,995
2024-09-19 14:39:21.247,419.3525918177626,10
2024-09-19 14:39:21.258,419.3646508167023,1000
2024-09-19 14:39:21.314,419.3581016305404,96
2024-09-19 14:39:21.333,419.3283655056344,1000
2024-09-19 14:39:21.549,419.3748096682373,1000
2024-09-19 14:39:21.884,419.3428426207884,8
2024-09-19 14:39:21.889,419.3480469229878,996
2024-09-19 14:39:21.967,419.3410123102071,1004
2024-09-19 14:39:21.993,419.34822078429727,1005
2024-09-19 14:39:22.184,419.3208406248644,1004
2024-09-19 14:39:22.437,419.3875471981031,1001
2024-09-19 14:39:22.611,419.3599487149546,1001
2024-09-19 14:39:22.696,419.3209440486641,10
2024-09-19 14:39:22.811,419.36329339695135,10
2024-09-19 14:39:22.822,419.3367789186697,1003
2024-09-19 14:39:22.837,419.3219284016749,100
2024-09-19 14:39:23.103,419.3783718167549,11
2024-09-19 14:39:23.143,419.3458751259967,14
2024-09-19 14:39:23.193,416.2481348195227,5
2024-09-19 14:39:23.201,419.3554580929384,1004
2024-09-19 14:39:23.240,419.36917134473697,102
2024-09-19 14:39:23.347,419.3935264424322,97
2024-09-19 14:39:23.378,419.3605666938479,6
2024-09-19 14:39:23.417,419.3733127780404,104
2024-09-19 14:39:23.417,419.3461785048701,98
2024-09-19 14:39:23.422,419.3666542465176,995
2024-09-19 14:39:23.424,419.3876782570865,8
2024-09-19 14:39:23.467,419.3792772890278,99
2024-09-19 14:39:23.534,419.3828606785203,995
2024-09-19 14:39:23.545,419.3736993944652,1004
2024-09-19 14:39:23.573,419.35790577797474,6
2024-09-19 14:39:23.663,419.3383847019583,1000
2024-09-19 14:39:23.735,41.93543753628043,102
2024-09-19 14:39:23.811,419.3872549865847,1005
2024-09-19 14:39:23.870,419.4160889733956,105
2024-09-19 14:39:23.915,419.3745176439027,11
2024-09-19 14:39:23.942,419.40390916495454,14
2024-09-19 14:39:24.006,419.4300342109386,6
2024-09-19 14:39:24.013,419.3872699348044,1001
2024-09-19 14:39:24.099,419.3831385872518,104
2024-09-19 14:39:24.113,419.4388741265977,999
2024-09-19 14:39:24.121,419.4336027928733,1003
2024-09-19 14:39:24.139,419.4412236733608,5
2024-09-19 14:39:24.193,419.3928736091247,1003
2024-09-19 14:39:24.202,419.4226254963239,97
2024-09-19 14:39:24.225,419.43172592465146,1004
2024-09-19 14:39:24.279,419.3910572876351,98
2024-09-19 14:39:24.307,419.44096955207874,11
2024-09-19 14:39:24.380,419.4135146350786,95
2024-09-19 14:39:24.390,419.43552375910775,998
2024-09-19 14:39:24.450,419.4020905657747,95
2024-09-19 14:39:24.538,419.3855287549577,1000
2024-09-19 14:39:24.547,419.41478606577726,996
2024-09-19 14:39:24.565,419.4151028167694,12
2024-09-19 14:39:24.567,419.42735621788,105
2024-09-19 14:39:24.595,419.4130036509277,999
2024-09-19 14:39:24.673,419.3867552670416,105
2024-09-19 14:39:24.729,419.3903705494869,1004
2024-09-19 14:39:24.743,419.4186271789914,9
2024-09-19 14:39:24.761,419.37001891200345,99
2024-09-19 14:39:24.804,419.40673471811607,1000
2024-09-19 14:39:24.831,419.4096698196236,100
2024-09-19 14:39:24.850,419.4347434610628,96
2024-09-19 14:39:24.861,419.39038200415496,99
2024-09-19 14:39:24.959,419.429466366988,95
2024-09-19 14:39:25.122,419.4192084985585,12
2024-09-19 14:39:25.185,419.4424556368139,1000
2024-09-19 14:39:25.277,419.398560573993,96
2024-09-19 14:39:25.308,419.430970346623,996
2024-09-19 14:39:25.313,419.4072935814261,6
2024-09-19 14:39:25.440,419.41259045265,15
2024-09-19 14:39:25.785,419.4472559330499,998
2024-09-19 14:39:25.968,419.4471342615958,98
2024-09-19 14:39:26.040,419.38535564971136,1000
2024-09-19 14:39:26.079,419.4181641663727,105
2024-09-19 14:39:26.098,419.442192582922,9
2024-09-19 14:39:26.126,419.4352310954899,1000
2024-09-19 14:39:26.202,419.4506980403904,99
2024-09-19 14:39:26.298,419.4502060920859,104
2024-09-19 14:39:26.346,419.4397107470327,999
2024-09-19 14:39:26.373,419.4099696607797,14
2024-09-19 14:39:26.543,419.3968671309341,100
2024-09-19 14:39:26.589,419.435954002136,99
2024-09-19 14:39:26.592,41.94487675124444,999
2024-09-19 14:39:26.618,419.35280415363616,95
2024-09-19 14:39:26.630,419.4396938389216,7
2024-09-19 14:39:26.698,419.41111695407193,1000
2024-09-19 14:39:26.708,419.3848570073473,1004
2024-09-19 14:39:26.749,419.4513202970308,11
2024-09-19 14:39:26.798,419.4553873577476,97
2024-09-19 14:39:26.869,419.4389343203934,103
2024-09-19 14:39:26.899,-419.4210425383162,7
2024-09-19 14:39:26.986,419.4265989051653,1004
2024-09-19 14:39:27.008,416.1062417652584,103
2024-09-19 14:39:27.130,419.32861743752943,14
2024-09-19 14:39:27.193,419.3416768753267,97
2024-09-19 14:39:27.355,419.336499833109,6
2024-09-19 14:39:27.541,419.3510482851328,100
2024-09-19 14:39:27.627,419.3322945765462,1005
2024-09-19 14:39:27.836,419.3228995670879,9
2024-09-19 14:39:27.840,419.325814899728,97
2024-09-19 14:39:28.017,419.3241623539597,104
2024-09-19 14:39:28.136,419.3519085129228,995
2024-09-19 14:39:28.209,419.3489165369184,5
2024-09-19 14:39:28.321,419.3223364438607,101
2024-09-19 14:39:28.329,419.34884397145714,1003
2024-09-19 14:39:28.349,-419.3387029690361,9
2024-09-19 14:39:28.382,419.3213876760505,1003
2024-09-19 14:39:28.384,419.3119752690418,105
2024-09-19 14:39:28.388,419.3758620532505,997
2024-09-19 14:39:28.432,419.3975180899844,103
2024-09-19 14:39:28.440,419.38246756463,9
2024-09-19 14:39:28.469,419.33688939104,6
2024-09-19 14:39:28.477,419.3385472482466,99
2024-09-19 14:39:28.567,419.3874491240797,104
2024-09-19 14:39:28.665,419.3996331891287,102
2024-09-19 14:39:28.666,419.32401994583984,99
2024-09-19 14:39:28.728,419.39231751327264,996
2024-09-19 14:39:28.744,419.3659011448085,98
2024-09-19 14:39:28.847,419.3314146694854,96
2024-09-19 14:39:28.909,419.3894415521804,9
2024-09-19 14:39:28.936,,105
2024-09-19 14:39:28.940,419.39883397403497,105
2024-09-19 14:39:29.100,419.3077724561061,103
2024-09-19 14:39:29.239,419.2854959853328,998
2024-09-19 14:39:29.244,419.3865338026603,98
2024-09-19 14:39:29.313,419.3779739725516,996
2024-09-19 14:39:29.561,419.36632237790354,1003
2024-09-19 14:39:29.611,419.3751942059935,999
2024-09-19 14:39:29.631,419.3319438325417,8
2024-09-19 14:39:29.651,419.3500869675907,101
2024-09-19 14:39:29.816,419.2779812065775,103
2024-09-19 14:39:29.944,419.366009357414,6
2024-09-19 14:39:30.019,419.234998855128,1000
2024-09-19 14:39:30.024,419.2319324995432,10
2024-09-19 14:39:30.236,,99
2024-09-19 14:39:30.526,419.23534899050026,1002
2024-09-19 14:39:30.552,419.25272283376034,9
2024-09-19 14:39:30.562,419.2170238798483,9
2024-09-19 14:39:30.604,419.2400020014297,999
2024-09-19 14:39:30.717,419.2539547127983,995
2024-09-19 14:39:30.765,419.2338087211235,1000
2024-09-19 14:39:30.777,415.8990602272266,1002
2024-09-19 14:39:30.925,415.8864896271847,1003
2024-09-19 14:39:31.036,419.142848912597,104
2024-09-19 14:39:31.119,419.17763944064114,9
2024-09-19 14:39:31.188,419.1288115600539,11
2024-09-19 14:39:31.217,419.1561775168184,998
2024-09-19 14:39:31.296,419.1682989202319,7
2024-09-19 14:39:31.436,419.1392370402123,7
2024-09-19 14:39:31.520,419.1280556316392,101
2024-09-19 14:39:31.620,419.1258439908064,996
2024-09-19 14:39:31.620,419.13640370508045,995
2024-09-19 14:39:31.635,419.1323562687395,5
2024-09-19 14:39:31.672,419.2186037226386,1004
2024-09-19 14:39:31.744,419.1381763366919,105
2024-09-19 14:39:31.870,419.1354706291253,1001
2024-09-19 14:39:31.918,419.2190506038656,1005
2024-09-19 14:39:31.994,419.168402944265,13
2024-09-19 14:39:32.017,419.215766771366,11
2024-09-19 14:39:32.017,419.1760321882708,101
2024-09-19 14:39:32.114,419.1476460800692,7
2024-09-19 14:39:32.116,419.15816751319807,997
2024-09-19 14:39:32.165,419.1428815782988,995
2024-09-19 14:39:32.277,419.1488295735678,15
2024-09-19 14:39:32.437,419.1498532414845,105
2024-09-19 14:39:32.492,419.13296834566825,1001
2024-09-19 14:39:32.526,419.2139120336437,96
2024-09-19 14:39:32.557,419.1384904489556,5
2024-09-19 14:39:32.609,419.15547686221424,8
2024-09-19 14:39:32.610,419.113260956482,9
2024-09-19 14:39:32.678,419.2019764691949,15
2024-09-19 14:39:32.691,419.1869927059181,1001
2024-09-19 14:39:32.692,419.1556032955895,997
2024-09-19 14:39:32.723,419.1119821450416,6
2024-09-19 14:39:32.750,419.15070539256834,99
2024-09-19 14:39:32.855,419.1214121971786,9
2024-09-19 14:39:32.869,419.16331623326425,12
2024-09-19 14:39:32.948,419.1108628416583,12
2024-09-19 14:39:32.980,419.1327893202032,99
2024-09-19 14:39:32.988,419.1247814031447,98
2024-09-19 14:39:33.030,419.1996735898759,5
2024-09-19 14:39:33.064,419.21581073214406,105
2024-09-19 14:39:33.223,419.2202518331962,105
2024-09-19 14:39:33.278,419.2072391146007,13
2024-09-19 14:39:33.341,419.2090149041697,98
2024-09-19 14:39:33.348,419.19655335632166,95
2024-09-19 14:39:33.384,419.192470311625,1002
2024-09-19 14:39:33.439,419.1897625324164,7
2024-09-19 14:39:33.451,419.21251400736605,1005
2024-09-19 14:39:33.470,419.2163123915097,8
2024-09-19 14:39:33.492,419.2088687764039,5
2024-09-19 14:39:33.499,419.2070283459132,95
2024-09-19 14:39:33.508,419.2189454167563,15
2024-09-19 14:39:33.514,419.2127118780258,14
2024-09-19 14:39:33.614,419.215820716819,98
2024-09-19 14:39:33.626,419.1901497113922,99
2024-09-19 14:39:33.782,419.2097471562262,105
2024-09-19 14:39:33.892,419.19545082549,6
2024-09-19 14:39:33.920,419.2230716991767,105
2024-09-19 14:39:34.043,419.1950397968234,96
2024-09-19 14:39:34.102,419.19099043245154,97
2024-09-19 14:39:34.143,419.2015482318793,5
2024-09-19 14:39:34.252,419.19117485462215,1001
2024-09-19 14:39:34.276,419.1869897977948,98
2024-09-19 14:39:34.435,419.1911329511954,98
2024-09-19 14:39:34.483,419.1993582660461,1001
2024-09-19 14:39:34.624,419.2027736577893,999
2024-09-19 14:39:34.662,419.181164874004,101
2024-09-19 14:39:34.703,419.1935789631938,14
2024-09-19 14:39:34.801,419.1820364689172,995
2024-09-19 14:39:34.964,419.2082302528232,998
2024-09-19 14:39:35.049,41.91916483321708,99
2024-09-19 14:39:35.094,419.1597218239784,99
2024-09-19 14:39:35.176,419.1463296954296,1002
2024-09-19 14:39:35.234,419.14231661536576,100
2024-09-19 14:39:35.235,419.1310095079794,999
2024-09-19 14:39:35.242,419.1199409643255,1002
2024-09-19 14:39:35.304,419.14912924182295,1002
2024-09-19 14:39:35.313,419.1966478058454,100
2024-09-19 14:39:35.315,419.1809369987745,97
2024-09-19 14:39:35.396,419.1699236308209,1005
2024-09-19 14:39:35.427,419.1418264549872,9
2024-09-19 14:39:35.464,419.1588090676126,5
2024-09-19 14:39:35.489,419.1987748078161,5
2024-09-19 14:39:35.559,419.1587210718249,1005
2024-09-19 14:39:35.710,419.16172336646025,14
2024-09-19 14:39:35.727,419.1583488930905,7
2024-09-19 14:39:35.742,419.1519749997484,10
2024-09-19 14:39:35.748,419.16487948301545,1005
2024-09-19 14:39:35.854,419.1290282319928,96
2024-09-19 14:39:35.877,419.17109037175095,7
2024-09-19 14:39:35.952,419.20505851654815,1003
2024-09-19 14:39:36.043,419.1673489455096,9
2024-09-19 14:39:36.065,419.1815551158599,96
2024-09-19 14:39:36.101,419.1671887782087,12
2024-09-19 14:39:36.217,419.1805280282978,104
2024-09-19 14:39:36.267,419.1752657223992,6
2024-09-19 14:39:36.272,419.17660882647937,7
2024-09-19 14:39:36.554,419.1705866552667,101
2024-09-19 14:39:36.742,419.16981424866,15
2024-09-19 14:39:37.204,419.18446260282224,1003
2024-09-19 14:39:37.274,419.1838979752111,7
2024-09-19 14:39:37.308,419.1662622027919,996
2024-09-19 14:39:37.313,,99
2024-09-19 14:39:37.400,419.170334840868,103
2024-09-19 14:39:37.438,419.1924033093489,996
2024-09-19 14:39:37.505,419.16338656451416,1002
2024-09-19 14:39:37.548,419.1777220375435,102
2024-09-19 14:39:37.552,419.21748719076095,96
2024-09-19 14:39:37.745,419.1927679267047,997
2024-09-19 14:39:37.788,419.1765723235908,98
2024-09-19 14:39:37.818,419.2167679976741,7
2024-09-19 14:39:37.915,419.1816684614232,96
2024-09-19 14:39:37.936,419.2146498174613,1004
2024-09-19 14:39:38.034,419.0879214147296,104
2024-09-19 14:39:38.065,419.0748139863935,8
2024-09-19 14:39:38.092,419.08853196409086,97
2024-09-19 14:39:38.124,419.0890446058155,99
2024-09-19 14:39:38.153,419.211780051342,1001
2024-09-19 14:39:38.160,419.21429071464974,96
2024-09-19 14:39:38.187,419.088609037959,14
2024-09-19 14:39:38.283,419.0902172541023,8
2024-09-19 14:39:38.305,419.1605231942052,1005
2024-09-19 14:39:38.322,419.1994144753436,996
2024-09-19 14:39:38.351,419.09251870221135,15
2024-09-19 14:39:38.369,419.1900152491115,10
2024-09-19 14:39:38.389,419.0869791743506,99
2024-09-19 14:39:38.392,419.1193475883798,997
2024-09-19 14:39:38.464,419.13478808094857,995
2024-09-19 14:39:38.474,419.1016283661045,14
2024-09-19 14:39:38.485,419.1832488849154,995
2024-09-19 14:39:38.535,419.20762132515216,13
2024-09-19 14:39:38.592,419.2036910682452,999
2024-09-19 14:39:38.595,419.1707933777769,10
2024-09-19 14:39:38.613,419.1607407251507,95
2024-09-19 14:39:38.668,-419.09977980035103,104
2024-09-19 14:39:38.695,419.1987092529925,997
2024-09-19 14:39:38.717,419.0889219676503,998
2024-09-19 14:39:38.737,419.08945150769057,6
2024-09-19 14:39:38.760,419.104402473103,10
2024-09-19 14:39:38.838,419.14459609719046,97
2024-09-19 14:39:38.874,419.1441298239568,8
2024-09-19 14:39:38.876,419.1448076074337,11
2024-09-19 14:39:38.931,419.1051664889304,1002
2024-09-19 14:39:39.004,419.04510163217856,999
2024-09-19 14:39:39.151,419.0877353369503,101
2024-09-19 14:39:39.231,419.085547162784,5
2024-09-19 14:39:39.282,-419.0699295275192,10
2024-09-19 14:39:39.328,419.1087646212391,104
2024-09-19 14:39:39.427,419.1071326050918,1004
2024-09-19 14:39:39.469,419.0981167980711,10
2024-09-19 14:39:39.487,419.0961877154367,999
2024-09-19 14:39:39.504,419.0819930090087,996
2024-09-19 14:39:39.777,419.11468468585286,102
2024-09-19 14:39:39.810,419.0597074535234,12
2024-09-19 14:39:39.993,419.0959013456618,96
2024-09-19 14:39:40.005,419.0505439056865,102
2024-09-19 14:39:40.153,41.904404479191605,1002
2024-09-19 14:39:40.167,419.03425653095184,1002
2024-09-19 14:39:40.199,419.0413774758786,8
2024-09-19 14:39:40.227,419.0399179715551,12
2024-09-19 14:39:40.253,419.04114619246405,101
2024-09-19 14:39:40.493,419.0421875054205,5
2024-09-19 14:39:40.551,419.0201482384396,996
2024-09-19 14:39:40.792,419.0457497977168,9
2024-09-19 14:39:40.817,419.0395363497829,9
2024-09-19 14:39:40.934,419.0476119686734,9
2024-09-19 14:39:41.205,419.0569001696412,9
2024-09-19 14:39:41.272,419.0414934192552,8
2024-09-19 14:39:41.274,419.0585444453569,1001
2024-09-19 14:39:41.275,419.02597641926144,14
2024-09-19 14:39:41.279,419.02132050480685,5
2024-09-19 14:39:41.430,419.022090394716,96
2024-09-19 14:39:41.586,419.0253563120919,1001
2024-09-19 14:39:41.777,419.0183150286325,96
2024-09-19 14:39:41.787,419.0173022304325,9
2024-09-19 14:39:41.805,419.0437854867824,7
2024-09-19 14:39:41.811,419.0552316662112,96
2024-09-19 14:39:42.028,419.0269971672025,13
2024-09-19 14:39:42.028,419.0552294973128,1004
2024-09-19 14:39:42.035,419.0646796172187,8
2024-09-19 14:39:42.084,419.01219520932045,100
2024-09-19 14:39:42.138,418.9968076581409,10
2024-09-19 14:39:42.211,419.022002784039,15
2024-09-19 14:39:42.256,419.0127092340937,1001
2024-09-19 14:39:42.279,419.0332148492599,102
2024-09-19 14:39:42.282,-419.0115821574941,97
2024-09-19 14:39:42.299,419.0617018448085,101
2024-09-19 14:39:42.329,419.0137257101619,5
2024-09-19 14:39:42.449,419.01319276692993,6
2024-09-19 14:39:42.464,419.0538412429466,99
2024-09-19 14:39:42.508,419.08806166314713,998
2024-09-19 14:39:42.560,419.0397081246342,999
2024-09-19 14:39:42.589,419.0247815159068,998
2024-09-19 14:39:42.641,419.0152067606711,12
2024-09-19 14:39:42.657,419.0452353933668,10
2024-09-19 14:39:42.678,419.0106473924527,101
2024-09-19 14:39:42.700,419.019038302498,1005
2024-09-19 14:39:42.738,419.0192020669125,999
2024-09-19 14:39:42.789,419.0363550254014,103
2024-09-19 14:39:42.825,419.00992691996817,100
2024-09-19 14:39:42.998,419.0256225466511,97
2024-09-19 14:39:43.025,419.1248595513753,8
2024-09-19 14:39:43.044,-419.1437883186329,12
2024-09-19 14:39:43.094,419.1126757093821,105
2024-09-19 14:39:43.137,419.1156615281532,998
2024-09-19 14:39:43.157,415.83073081865615,1000
2024-09-19 14:39:43.170,419.1327355981907,9
2024-09-19 14:39:43.181,419.1161973823117,1000
2024-09-19 14:39:43.190,419.1099483117365,9
2024-09-19 14:39:43.332,419.1199992046567,98
2024-09-19 14:39:43.382,419.1333244611312,96
2024-09-19 14:39:43.385,419.1340721815755,99
2024-09-19 14:39:43.413,419.1413206642589,10
2024-09-19 14:39:43.445,419.1150596149956,11
2024-09-19 14:39:43.458,419.1341250001613,103
2024-09-19 14:39:43.528,419.1488177114314,103
2024-09-19 14:39:43.584,419.1326028413936,1003
2024-09-19 14:39:43.650,419.1191757818028,1004
2024-09-19 14:39:43.680,419.1573765357188,6
2024-09-19 14:39:43.697,419.1199897957131,96
2024-09-19 14:39:43.704,419.1232069793803,1001
2024-09-19 14:39:43.763,419.1157569353587,12
2024-09-19 14:39:43.834,419.15367597960926,1003
2024-09-19 14:39:43.834,419.1283587141882,98
2024-09-19 14:39:43.870,419.0993918339607,99
2024-09-19 14:39:43.938,419.1247258269981,997
2024-09-19 14:39:44.003,419.1600778374207,5
2024-09-19 14:39:44.047,419.1134704559703,998
2024-09-19 14:39:44.131,419.1034554644336,1004
2024-09-19 14:39:44.139,419.147943146346,996
2024-09-19 14:39:44.159,419.1251828393155,1003
2024-09-19 14:39:44.169,419.1176313721445,98
2024-09-19 14:39:44.192,419.1065779215862,102
2024-09-19 14:39:44.251,419.1168072833052,1000
2024-09-19 14:39:44.358,419.1663179236292,104
2024-09-19 14:39:44.482,419.1220913186636,14
2024-09-19 14:39:44.679,419.12128064210873,12
2024-09-19 14:39:44.687,419.1261759211989,996
2024-09-19 14:39:44.755,419.11654354288,15
2024-09-19 14:39:44.783,419.1187867728365,96
2024-09-19 14:39:44.801,419.1299725181571,1002
2024-09-19 14:39:44.811,419.1235368419031,1000
2024-09-19 14:39:44.822,,96
2024-09-19 14:39:44.902,419.1264693847406,96
2024-09-19 14:39:44.973,419.1352107769793,998
2024-09-19 14:39:44.990,419.11959900724287,10
2024-09-19 14:39:45.001,419.1046563338801,103
2024-09-19 14:39:45.330,419.114221280846,1005
2024-09-19 14:39:45.992,419.0935004018459,95
2024-09-19 14:39:46.012,419.0765258706837,99
2024-09-19 14:39:46.017,41.91040888520181,1003
2024-09-19 14:39:46.089,419.05233791829335,95
2024-09-19 14:39:46.092,41.90880769655221,105
2024-09-19 14:39:46.190,419.0585090317432,1004
2024-09-19 14:39:46.194,419.0578650877717,12
2024-09-19 14:39:46.264,419.06128715984687,997
2024-09-19 14:39:46.317,419.0365568719943,995
2024-09-19 14:39:46.333,419.1082090953085,1004
2024-09-19 14:39:46.343,419.1252800981961,997
2024-09-19 14:39:46.419,419.0668082057,11
2024-09-19 14:39:46.473,419.12621375770175,10
2024-09-19 14:39:46.475,419.0532630703082,95
2024-09-19 14:39:46.704,419.0927429573047,101
2024-09-19 14:39:46.794,419.0936671465662,10
2024-09-19 14:39:46.821,419.0381656161903,103
2024-09-19 14:39:46.821,419.1121114833816,105
2024-09-19 14:39:46.830,419.1221303520739,13
2024-09-19 14:39:46.908,419.06085853785606,14
2024-09-19 14:39:46.981,419.03321652892976,1001
2024-09-19 14:39:47.027,419.129476369985,6
2024-09-19 14:39:47.337,419.0831856376584,996
2024-09-19 14:39:47.369,419.1059985860208,1000
2024-09-19 14:39:47.385,419.1216036287662,14
2024-09-19 14:39:47.497,419.134846377369,1005
2024-09-19 14:39:47.743,419.1074542628201,97
2024-09-19 14:39:47.763,419.0988590749068,1002
2024-09-19 14:39:47.787,419.0850199659766,998
2024-09-19 14:39:47.857,419.11913731604193,7
2024-09-19 14:39:48.000,419.07934689879335,104
2024-09-19 14:39:48.051,419.1095803785197,10
2024-09-19 14:39:48.084,419.1035949314379,103
2024-09-19 14:39:48.224,419.08907991060096,15
2024-09-19 14:39:48.350,419.1019426107596,105
2024-09-19 14:39:48.394,419.1055395463036,15
2024-09-19 14:39:48.424,41.90612024979351,999
2024-09-19 14:39:48.457,419.0841953896652,14
2024-09-19 14:39:48.606,419.0842198341577,97
2024-09-19 14:39:48.661,419.0974197772907,6
2024-09-19 14:39:48.767,419.06922206245457,9
2024-09-19 14:39:48.777,419.1128171161227,13
2024-09-19 14:39:48.825,419.1085260889785,1000
2024-09-19 14:39:48.868,419.11766561954136,11
2024-09-19 14:39:49.026,419.1020765059984,100
2024-09-19 14:39:49.068,419.0901485829776,14
2024-09-19 14:39:49.117,419.0808799416352,1004
2024-09-19 14:39:49.130,419.0500917924365,99
2024-09-19 14:39:49.169,419.0700050154391,1001
2024-09-19 14:39:49.179,419.0909401141301,9
2024-09-19 14:39:49.231,419.09893085558735,14
2024-09-19 14:39:49.348,419.0540820591752,98
2024-09-19 14:39:49.380,419.0553323593507,1005
2024-09-19 14:39:49.418,419.09243288321306,11
2024-09-19 14:39:49.440,419.1151287093391,8
2024-09-19 14:39:49.498,419.067679137797,14
2024-09-19 14:39:49.534,419.1069268305917,8
2024-09-19 14:39:49.556,419.09492006175645,103
2024-09-19 14:39:49.560,419.1019548677767,15
2024-09-19 14:39:49.592,419.0826517872566,101
2024-09-19 14:39:49.723,419.114197176085,8
2024-09-19 14:39:49.724,419.0618641014264,95
2024-09-19 14:39:49.771,419.057570464827,11
2024-09-19 14:39:49.910,419.11590705314654,100
2024-09-19 14:39:50.048,419.102855706516,102
2024-09-19 14:39:50.061,419.17476523733103,1004
2024-09-19 14:39:50.077,419.1390177173607,9
2024-09-19 14:39:50.100,419.19868295625713,996
2024-09-19 14:39:50.133,419.21076676961184,1003
2024-09-19 14:39:50.167,,105
2024-09-19 14:39:50.175,419.13007776294177,102
2024-09-19 14:39:50.191,419.136690882068,103
2024-09-19 14:39:50.361,419.130218675613,998
2024-09-19 14:39:50.378,419.2224129190421,998
2024-09-19 14:39:50.390,419.1610572032325,96
2024-09-19 14:39:50.432,419.1208709297929,100
2024-09-19 14:39:50.440,419.2643555305374,9
2024-09-19 14:39:50.443,419.2210525186168,98
2024-09-19 14:39:50.538,419.1292922416168,996
2024-09-19 14:39:50.642,,1005
2024-09-19 14:39:50.667,419.2001473475451,1001
2024-09-19 14:39:50.673,419.2068215332516,1002
2024-09-19 14:39:50.715,419.1002882875247,95
2024-09-19 14:39:50.729,419.1231085976806,7
2024-09-19 14:39:50.733,419.1494454028264,103
2024-09-19 14:39:50.777,419.1400714049125,999
2024-09-19 14:39:50.860,419.146694383188,9
2024-09-19 14:39:50.928,419.1431464467594,98
2024-09-19 14:39:50.967,419.2439362187189,14
2024-09-19 14:39:50.983,419.2107586512177,100
2024-09-19 14:39:50.997,419.18507515493377,103
2024-09-19 14:39:51.053,419.2646633412011,1003
2024-09-19 14:39:51.240,419.2411719849735,1000
2024-09-19 14:39:51.241,419.22056880164064,999
2024-09-19 14:39:51.395,419.2335502620668,8
2024-09-19 14:39:51.419,419.23570824781086,13
2024-09-19 14:39:51.631,419.2300268330939,5
2024-09-19 14:39:51.705,419.2491495719451,997
2024-09-19 14:39:51.827,419.2465092214384,97
2024-09-19 14:39:51.895,419.2536975722679,13
2024-09-19 14:39:52.056,41.92006512341883,7
2024-09-19 14:39:52.085,41.92085391018024,96
2024-09-19 14:39:52.094,419.2335777675122,97
2024-09-19 14:39:52.144,419.2243300873831,9
2024-09-19 14:39:52.207,419.2303509532721,1003
2024-09-19 14:39:52.210,419.2522538267831,105
2024-09-19 14:39:52.230,419.2197102486358,96
2024-09-19 14:39:52.511,419.243741951145,12
2024-09-19 14:39:52.534,419.20860936447326,96
2024-09-19 14:39:52.572,419.2272299965909,103
2024-09-19 14:39:52.588,419.211971142657,1005
2024-09-19 14:39:52.615,419.22324312597664,15
2024-09-19 14:39:52.617,419.22983397860673,14
2024-09-19 14:39:52.666,419.2214000754944,100
2024-09-19 14:39:52.756,419.2129343949105,104
2024-09-19 14:39:52.767,419.2262498054207,1004
2024-09-19 14:39:52.775,419.2183435410343,1004
2024-09-19 14:39:52.795,419.21091885456406,8
2024-09-19 14:39:52.876,419.2318164215996,13
2024-09-19 14:39:52.881,419.2070328228623,105
2024-09-19 14:39:53.363,419.1856212515686,102
2024-09-19 14:39:53.483,419.183222052957,10
2024-09-19 14:39:53.517,419.1899636184959,997
2024-09-19 14:39:53.543,419.2048660838036,96
2024-09-19 14:39:53.809,419.17978711773,996
2024-09-19 14:39:53.869,419.1825283062148,104
2024-09-19 14:39:53.935,419.1848090013998,997
2024-09-19 14:39:54.049,419.18670671946535,101
2024-09-19 14:39:54.104,419.1817707095308,997
2024-09-19 14:39:54.105,419.2175737202946,99
2024-09-19 14:39:54.128,419.2076248462294,6
2024-09-19 14:39:54.182,419.1776872501751,9
2024-09-19 14:39:54.209,419.2495672407012,9
2024-09-19 14:39:54.226,419.1829903992401,12
2024-09-19 14:39:54.241,419.2426206223633,97
2024-09-19 14:39:54.244,419.2041157531535,11
2024-09-19 14:39:54.245,419.2046375890248,1001
2024-09-19 14:39:54.277,419.2144148783554,8
2024-09-19 14:39:54.323,419.2050812676683,1001
2024-09-19 14:39:54.405,419.1836156040069,11
2024-09-19 14:39:54.425,419.1810535358167,1005
2024-09-19 14:39:54.436,419.1918833608328,9
2024-09-19 14:39:54.501,419.19151828283015,98
2024-09-19 14:39:54.584,419.1916329808956,6
2024-09-19 14:39:54.623,419.2144936070916,8
2024-09-19 14:39:54.644,419.2060573080499,1005
2024-09-19 14:39:54.654,419.2455621999066,102
2024-09-19 14:39:54.692,419.19747809015337,998
2024-09-19 14:39:54.704,419.2035240006906,14
2024-09-19 14:39:54.740,419.1838328656685,13
2024-09-19 14:39:54.755,419.22206047644096,99
2024-09-19 14:39:54.782,419.1961533456196,1004
2024-09-19 14:39:54.825,419.22888962498325,10
2024-09-19 14:39:54.866,419.17985901576645,8
2024-09-19 14:39:54.895,419.1793947872237,1005
2024-09-19 14:39:54.902,419.2044351947762,98
2024-09-19 14:39:54.994,419.2463416664357,99
2024-09-19 14:39:55.021,419.2198939666529,6
2024-09-19 14:39:55.037,419.2246531008416,1005
2024-09-19 14:39:55.041,419.2314692939528,97
2024-09-19 14:39:55.091,419.2394582772869,1004
2024-09-19 14:39:55.109,419.2498769584992,8
2024-09-19 14:39:55.285,419.23813186010574,1004
2024-09-19 14:39:55.329,419.2377431838744,104
2024-09-19 14:39:55.401,419.23778904662026,9
2024-09-19 14:39:55.620,419.2377104258093,9
2024-09-19 14:39:56.028,419.27397263725766,95
2024-09-19 14:39:56.044,419.2738976420643,6
2024-09-19 14:39:56.056,419.2596828006352,1002
2024-09-19 14:39:56.135,419.251869970075,995
2024-09-19 14:39:56.177,419.2621589227449,10
2024-09-19 14:39:56.346,419.3089411346537,1000
2024-09-19 14:39:56.416,419.27323297509326,995
2024-09-19 14:39:56.438,-419.2554828901225,102
2024-09-19 14:39:56.448,419.26907163675656,104
2024-09-19 14:39:56.483,419.27418359511694,1005
2024-09-19 14:39:56.491,419.2763762924516,10
2024-09-19 14:39:56.511,419.2450351078976,104
2024-09-19 14:39:56.540,419.2800646920838,11
2024-09-19 14:39:56.687,419.2507330502701,15
2024-09-19 14:39:56.704,419.28110855225657,96
2024-09-19 14:39:56.749,419.2940836401744,104
2024-09-19 14:39:56.810,419.2841656608392,7
2024-09-19 14:39:56.857,419.2989111445848,1001
2024-09-19 14:39:56.902,,100
2024-09-19 14:39:56.985,419.29815957219694,103
2024-09-19 14:39:57.069,419.2802043936084,5
2024-09-19 14:39:57.122,419.29595008886434,13
2024-09-19 14:39:57.149,419.29639992956544,6
2024-09-19 14:39:57.163,419.2805124710826,96
2024-09-19 14:39:57.263,419.2828509136417,14
2024-09-19 14:39:57.311,419.2840548020157,1004
2024-09-19 14:39:57.365,419.2628646433545,8
2024-09-19 14:39:57.387,419.2735755246973,11
2024-09-19 14:39:57.570,419.28732732300807,5
2024-09-19 14:39:57.673,419.2800973487186,104
2024-09-19 14:39:57.684,415.93114437883247,14
2024-09-19 14:39:57.685,419.2777074307885,103
2024-09-19 14:39:57.736,419.29830345098384,6
2024-09-19 14:39:57.766,419.2898454829482,1000
2024-09-19 14:39:57.797,419.2609637491036,102
2024-09-19 14:39:57.971,419.2984504063135,13
2024-09-19 14:39:57.976,419.2884443492816,100
2024-09-19 14:39:58.079,419.2501497017046,9
2024-09-19 14:39:58.119,419.2737304145948,997
2024-09-19 14:39:58.704,419.2850815429781,6
2024-09-19 14:39:58.714,,1000
2024-09-19 14:39:59.018,419.2477142789208,998
2024-09-19 14:39:59.085,419.1970525545423,95
2024-09-19 14:39:59.160,,14
2024-09-19 14:39:59.324,419.18816177883366,1003
2024-09-19 14:39:59.358,419.1859476851908,96
2024-09-19 14:39:59.372,419.1909876274282,9
2024-09-19 14:39:59.426,419.2277936383729,5
2024-09-19 14:39:59.514,419.1955888367359,97
2024-09-19 14:39:59.595,419.2114163446032,1003
2024-09-19 14:39:59.687,419.17603952847486,15
2024-09-19 14:39:59.735,419.2011791221712,1000
2024-09-19 14:39:59.893,419.2104296866334,101
