Timestamp,Price,Size
2024-09-17 14:21:00.267,404.9207427161123,1005
2024-09-17 14:21:00.407,404.9652457504128,998
2024-09-17 14:21:00.538,404.942027588052,100
2024-09-17 14:21:00.555,404.95611192054287,97
2024-09-17 14:21:00.636,404.9862187315015,8
2024-09-17 14:21:00.667,404.93584967486896,8
2024-09-17 14:21:00.846,404.9433163396455,97
2024-09-17 14:21:00.862,404.9612343636808,11
2024-09-17 14:21:00.891,404.945186275591,998
2024-09-17 14:21:00.924,404.9652576714756,105
2024-09-17 14:21:00.988,404.9185108360926,98
2024-09-17 14:21:00.993,404.9492305058472,13
2024-09-17 14:21:01.101,405.03688267960223,1001
2024-09-17 14:21:01.194,405.0174377778171,8
2024-09-17 14:21:01.225,405.0284403450356,105
2024-09-17 14:21:01.398,405.0217980560624,9
2024-09-17 14:21:01.415,404.9994561930965,1005
2024-09-17 14:21:01.437,405.0311778448545,104
2024-09-17 14:21:01.448,405.01639602626057,12
2024-09-17 14:21:01.452,405.0257830777156,99
2024-09-17 14:21:01.472,405.0038852602156,1004
2024-09-17 14:21:01.488,405.0297210589465,1004
2024-09-17 14:21:01.560,405.0130224027316,1004
2024-09-17 14:21:01.635,405.0309248480252,1004
2024-09-17 14:21:01.734,405.0150680375319,1004
2024-09-17 14:21:01.879,405.0108354561746,1003
2024-09-17 14:21:01.908,405.0189817263283,96
2024-09-17 14:21:01.936,405.02491911033326,101
2024-09-17 14:21:02.068,405.0110812945498,996
2024-09-17 14:21:02.251,404.9802552908525,97
2024-09-17 14:21:02.314,405.0004129571211,15
2024-09-17 14:21:02.512,405.0090362777484,999
2024-09-17 14:21:02.681,405.0154066070324,96
2024-09-17 14:21:02.713,404.999679161198,999
2024-09-17 14:21:02.864,404.9836107114259,10
2024-09-17 14:21:03.082,405.0054139048895,96
2024-09-17 14:21:03.204,405.02658862811313,10
2024-09-17 14:21:03.218,405.0162575069664,9
2024-09-17 14:21:03.357,405.01717434669206,999
2024-09-17 14:21:03.419,404.9913732999826,999
2024-09-17 14:21:03.492,405.00128355031615,99
2024-09-17 14:21:03.672,405.01944598016735,99
2024-09-17 14:21:03.676,405.0082171947848,105
2024-09-17 14:21:03.788,405.0167616577617,95
2024-09-17 14:21:03.791,405.0351243565646,1005
2024-09-17 14:21:03.819,405.0253691579079,100
2024-09-17 14:21:03.910,405.0285191690343,14
2024-09-17 14:21:04.371,405.0316668984994,1002
2024-09-17 14:21:04.377,405.02864369226046,1000
2024-09-17 14:21:04.436,-405.03605419445466,9
2024-09-17 14:21:04.691,405.0370519791418,15
2024-09-17 14:21:04.760,405.0298045518746,101
2024-09-17 14:21:04.762,405.04586030638944,1005
2024-09-17 14:21:04.789,405.018807881792,95
2024-09-17 14:21:04.997,405.0210776437893,101
2024-09-17 14:21:05.429,405.05133387809735,5
2024-09-17 14:21:05.462,405.0811852149781,6
2024-09-17 14:21:05.523,405.0730586418729,102
2024-09-17 14:21:05.577,405.049720231769,104
2024-09-17 14:21:05.954,405.06954466670106,1005
2024-09-17 14:21:06.130,405.0748153811588,103
2024-09-17 14:21:06.151,405.0763597987683,8
2024-09-17 14:21:06.160,405.0561614812971,8
2024-09-17 14:21:06.168,405.0655260011807,98
2024-09-17 14:21:06.201,405.1151897589335,1003
2024-09-17 14:21:06.231,405.0815166940018,6
2024-09-17 14:21:06.240,405.10815227158446,98
2024-09-17 14:21:06.241,405.0543771164807,1003
2024-09-17 14:21:06.440,405.1058703991095,100
2024-09-17 14:21:06.471,405.0326996605265,1003
2024-09-17 14:21:06.515,405.06149410289385,6
2024-09-17 14:21:06.520,405.0777818100855,1000
2024-09-17 14:21:06.523,405.10517062758254,1001
2024-09-17 14:21:06.530,405.0984265716896,1001
2024-09-17 14:21:06.541,405.0812743906557,9
2024-09-17 14:21:06.570,405.1052282107419,97
2024-09-17 14:21:06.579,405.0480678130824,12
2024-09-17 14:21:06.655,405.0866361774433,100
2024-09-17 14:21:06.672,405.07542918765137,100
2024-09-17 14:21:06.682,405.11030178559054,104
2024-09-17 14:21:06.683,405.0578491483614,1001
2024-09-17 14:21:06.706,405.0718385720424,97
2024-09-17 14:21:06.793,405.1180378788571,1004
2024-09-17 14:21:06.906,405.1075069355473,101
2024-09-17 14:21:06.971,405.06138954109593,14
2024-09-17 14:21:06.979,405.1159652965844,95
2024-09-17 14:21:07.008,405.0807972668428,997
2024-09-17 14:21:07.214,405.0871548176982,6
2024-09-17 14:21:07.431,405.0828518541784,10
2024-09-17 14:21:07.558,405.0808667701717,14
2024-09-17 14:21:07.565,405.067527323693,95
2024-09-17 14:21:07.626,405.0890471697524,12
2024-09-17 14:21:07.730,405.07618640295806,97
2024-09-17 14:21:07.750,405.0951434698996,999
2024-09-17 14:21:07.935,405.08871808955314,12
2024-09-17 14:21:08.084,405.10160666265705,998
2024-09-17 14:21:08.164,405.08118648448254,11
2024-09-17 14:21:08.551,-405.0932558044565,15
2024-09-17 14:21:08.776,405.1049832781365,15
2024-09-17 14:21:09.079,405.0971212275821,6
2024-09-17 14:21:09.148,405.1195864543442,1000
2024-09-17 14:21:09.231,405.0992296255328,998
2024-09-17 14:21:09.493,405.0993951885562,1002
2024-09-17 14:21:09.776,405.0985719724568,10
2024-09-17 14:21:09.921,405.1160965651601,102
2024-09-17 14:21:10.082,405.1212715479909,7
2024-09-17 14:21:10.177,405.1085795480746,8
2024-09-17 14:21:10.210,405.1269375364183,1000
2024-09-17 14:21:10.256,405.10443768997567,10
2024-09-17 14:21:10.342,405.1113867498823,104
2024-09-17 14:21:10.452,405.1275247715433,998
2024-09-17 14:21:10.478,405.09077026165824,13
2024-09-17 14:21:10.680,405.0960430798816,1002
2024-09-17 14:21:10.740,405.1125935194031,7
2024-09-17 14:21:10.757,405.0953948387254,99
2024-09-17 14:21:11.008,405.1179062518359,997
2024-09-17 14:21:11.013,405.087303229728,103
2024-09-17 14:21:11.122,405.110825311396,1005
2024-09-17 14:21:11.147,405.1207193464431,95
2024-09-17 14:21:11.179,405.1360186990328,999
2024-09-17 14:21:11.214,405.13646017324174,995
2024-09-17 14:21:11.241,405.0995512299756,103
2024-09-17 14:21:11.267,405.1266182947451,1003
2024-09-17 14:21:11.280,405.0978195606207,7
2024-09-17 14:21:11.368,405.0857617534047,105
2024-09-17 14:21:11.382,405.1215305676666,102
2024-09-17 14:21:11.411,405.1167054005558,102
2024-09-17 14:21:11.481,405.1256591447427,101
2024-09-17 14:21:11.511,405.0838343740312,1005
2024-09-17 14:21:11.697,405.1237517177992,996
2024-09-17 14:21:11.707,405.0993078771738,997
2024-09-17 14:21:11.727,405.1297364585664,105
2024-09-17 14:21:11.748,405.1073129657251,6
2024-09-17 14:21:11.782,405.1023113659413,7
2024-09-17 14:21:11.943,405.0975568161064,1003
2024-09-17 14:21:11.959,405.1452298064529,995
2024-09-17 14:21:11.969,405.1004639820617,15
2024-09-17 14:21:11.995,405.1519728043253,101
2024-09-17 14:21:12.109,405.0832572491551,1003
2024-09-17 14:21:12.252,405.0888230735515,9
2024-09-17 14:21:12.301,405.08613848242936,99
2024-09-17 14:21:12.388,405.0839079152046,10
2024-09-17 14:21:12.502,405.0864662900592,998
2024-09-17 14:21:12.549,405.0934765671861,96
2024-09-17 14:21:12.864,405.08326561786834,15
2024-09-17 14:21:12.882,405.0695492757813,98
2024-09-17 14:21:13.013,405.0403432192752,7
2024-09-17 14:21:13.014,405.0858228574026,1001
2024-09-17 14:21:13.060,405.0607644130796,11
2024-09-17 14:21:13.108,405.0515454643133,996
2024-09-17 14:21:13.113,405.05784975003536,96
2024-09-17 14:21:13.158,405.0796043138035,7
2024-09-17 14:21:13.224,405.0453448548611,98
2024-09-17 14:21:13.338,405.0528752779207,1003
2024-09-17 14:21:13.344,405.0995458725092,104
2024-09-17 14:21:13.348,405.06249780716746,1002
2024-09-17 14:21:13.386,405.0453525593565,999
2024-09-17 14:21:13.491,405.0860566380002,1001
2024-09-17 14:21:13.626,405.0863268638258,1002
2024-09-17 14:21:13.669,405.0755375219451,1000
2024-09-17 14:21:13.698,405.0468469129102,1002
2024-09-17 14:21:13.702,405.0324632841159,997
2024-09-17 14:21:13.739,405.08563093461646,996
2024-09-17 14:21:13.743,405.0827529744042,12
2024-09-17 14:21:13.779,405.0878556822447,96
2024-09-17 14:21:13.781,,97
2024-09-17 14:21:13.875,405.0887443659152,100
2024-09-17 14:21:13.910,405.0798354518983,1005
2024-09-17 14:21:13.968,405.081657394463,1003
2024-09-17 14:21:14.073,405.0320799286154,995
2024-09-17 14:21:14.150,405.0831340639328,100
2024-09-17 14:21:14.276,,996
2024-09-17 14:21:14.324,405.0421680076301,101
2024-09-17 14:21:14.386,405.06783279467527,5
2024-09-17 14:21:14.621,405.0563910763948,8
2024-09-17 14:21:14.705,405.0725053123646,1003
2024-09-17 14:21:14.742,405.1109479368186,995
2024-09-17 14:21:14.992,405.0773059857404,10
2024-09-17 14:21:15.052,405.1266888381379,103
2024-09-17 14:21:15.107,405.1187498157961,7
2024-09-17 14:21:15.358,405.1260733168397,97
2024-09-17 14:21:15.396,405.1191850252397,102
2024-09-17 14:21:15.424,405.09868375808617,999
2024-09-17 14:21:15.449,40.510570587041954,100
2024-09-17 14:21:15.481,405.1403177920761,5
2024-09-17 14:21:15.628,405.0908670965604,104
2024-09-17 14:21:15.774,405.08960149750345,9
2024-09-17 14:21:15.870,405.12302910203664,104
2024-09-17 14:21:16.187,405.10751673885295,98
2024-09-17 14:21:16.196,405.1141077536105,996
2024-09-17 14:21:17.062,405.10850606867984,998
2024-09-17 14:21:17.125,405.1259339449334,6
2024-09-17 14:21:17.139,405.0813506742525,13
2024-09-17 14:21:17.216,405.1518336356336,10
2024-09-17 14:21:17.261,405.0958490946425,1002
2024-09-17 14:21:17.269,405.07873585408623,98
2024-09-17 14:21:17.312,405.0804683667607,1001
2024-09-17 14:21:17.324,405.1254167524756,13
2024-09-17 14:21:17.433,405.1332216494638,10
2024-09-17 14:21:17.457,405.1180171325496,1004
2024-09-17 14:21:17.518,405.0981840183616,100
2024-09-17 14:21:17.526,405.1258893636656,10
2024-09-17 14:21:17.533,405.1048781032564,100
2024-09-17 14:21:17.625,405.0933152575144,997
2024-09-17 14:21:17.649,405.12205867621424,97
2024-09-17 14:21:17.703,405.135321927308,1004
2024-09-17 14:21:17.746,405.1045693985921,8
2024-09-17 14:21:17.764,405.1064578445884,999
2024-09-17 14:21:17.774,405.1360865136171,14
2024-09-17 14:21:17.797,405.0973762604275,5
2024-09-17 14:21:17.864,405.0881467934735,1003
2024-09-17 14:21:17.895,405.13818794187233,105
2024-09-17 14:21:17.910,405.0922445274376,1000
2024-09-17 14:21:17.942,405.0765089335656,6
2024-09-17 14:21:17.944,405.0789144002762,1000
2024-09-17 14:21:17.961,405.1399054227546,12
2024-09-17 14:21:17.997,405.1148972775172,1002
2024-09-17 14:21:18.060,405.120952378392,98
2024-09-17 14:21:18.212,405.1273985148549,7
2024-09-17 14:21:18.596,405.1012259465676,99
2024-09-17 14:21:18.691,405.1201435133612,104
2024-09-17 14:21:18.699,405.1096126897151,998
2024-09-17 14:21:18.903,405.1062515727406,997
2024-09-17 14:21:18.911,405.1336750787872,99
2024-09-17 14:21:19.017,405.0895853581698,14
2024-09-17 14:21:19.053,405.1215123196172,99
2024-09-17 14:21:19.135,405.13321056169104,14
2024-09-17 14:21:19.161,405.12122810406805,95
2024-09-17 14:21:19.192,405.0968832160729,998
2024-09-17 14:21:19.238,405.1401767756622,101
2024-09-17 14:21:19.276,405.1126055818134,14
2024-09-17 14:21:19.297,-405.0955454829197,995
2024-09-17 14:21:19.314,405.1020935036826,1002
2024-09-17 14:21:19.420,405.1075444356811,1005
2024-09-17 14:21:19.442,40.50846691973834,104
2024-09-17 14:21:19.500,405.09332725054696,999
2024-09-17 14:21:19.608,405.1037348780589,5
2024-09-17 14:21:19.705,405.09977310726697,997
2024-09-17 14:21:19.854,405.0969382543044,1002
2024-09-17 14:21:19.883,405.1176823466727,1005
2024-09-17 14:21:20.259,405.07265189167,995
2024-09-17 14:21:20.276,405.0898776953354,1003
2024-09-17 14:21:20.537,405.04302436854965,97
2024-09-17 14:21:20.559,405.0915166343401,96
2024-09-17 14:21:20.687,405.1072116690936,995
2024-09-17 14:21:20.903,405.0743081289217,96
2024-09-17 14:21:21.076,405.0543218405337,96
2024-09-17 14:21:21.091,405.1041070751169,6
2024-09-17 14:21:21.378,405.0792135443924,101
2024-09-17 14:21:21.400,405.0865348141017,1005
2024-09-17 14:21:21.418,405.11083213505935,101
2024-09-17 14:21:21.427,405.05173465500405,995
2024-09-17 14:21:21.447,405.0596720814096,997
2024-09-17 14:21:21.667,,10
2024-09-17 14:21:21.732,405.0414798097849,6
2024-09-17 14:21:21.835,405.0602338744232,96
2024-09-17 14:21:21.894,405.1149581716298,1003
2024-09-17 14:21:22.045,405.14605554232656,12
2024-09-17 14:21:22.066,405.1447488884111,104
2024-09-17 14:21:22.207,405.1089578782205,996
2024-09-17 14:21:22.210,405.1234156765208,8
2024-09-17 14:21:22.420,405.1464225127212,99
2024-09-17 14:21:22.517,405.1320702057882,1000
2024-09-17 14:21:22.571,405.1201334878954,101
2024-09-17 14:21:22.634,405.1305142178364,100
2024-09-17 14:21:22.726,405.14520044404594,8
2024-09-17 14:21:22.731,405.0929104290988,101
2024-09-17 14:21:22.754,405.11813110888113,15
2024-09-17 14:21:22.893,,998
2024-09-17 14:21:22.896,405.1238805712439,1001
2024-09-17 14:21:22.925,405.1241288105525,1003
2024-09-17 14:21:22.998,405.11553660288354,1003
2024-09-17 14:21:23.200,405.0866154445862,99
2024-09-17 14:21:23.215,405.0844892101785,1000
2024-09-17 14:21:23.225,405.1001022071565,998
2024-09-17 14:21:23.272,405.1081726856201,12
2024-09-17 14:21:23.384,405.0985859134535,98
2024-09-17 14:21:23.466,405.1151317994039,14
2024-09-17 14:21:23.537,405.1018533785738,999
2024-09-17 14:21:23.591,405.076203794912,1001
2024-09-17 14:21:23.609,405.1007389151848,105
2024-09-17 14:21:23.655,405.0682860244052,1003
2024-09-17 14:21:23.658,405.0770607283461,12
2024-09-17 14:21:23.732,405.1092473771476,998
2024-09-17 14:21:23.783,405.0834680074967,1005
2024-09-17 14:21:23.846,405.08697811081913,1005
2024-09-17 14:21:24.018,405.1048183125354,102
2024-09-17 14:21:24.097,405.0954975178216,6
2024-09-17 14:21:24.142,405.0697196549313,1003
2024-09-17 14:21:24.153,405.1123675593179,14
2024-09-17 14:21:24.187,405.1266131302606,8
2024-09-17 14:21:24.215,405.12468379081866,1001
2024-09-17 14:21:24.325,405.1239919707255,12
2024-09-17 14:21:24.413,405.11661560694887,10
2024-09-17 14:21:24.432,405.1482851880392,14
2024-09-17 14:21:24.501,405.12795334745846,97
2024-09-17 14:21:24.590,405.120501529293,99
2024-09-17 14:21:24.599,405.0852940981686,104
2024-09-17 14:21:24.644,405.0815603998338,999
2024-09-17 14:21:24.696,405.1233380920272,14
2024-09-17 14:21:24.794,405.1185518394509,105
2024-09-17 14:21:24.797,405.1205677862101,103
2024-09-17 14:21:24.809,405.1165480700234,101
2024-09-17 14:21:24.856,405.07758477665647,1002
2024-09-17 14:21:24.859,405.1030593091997,103
2024-09-17 14:21:25.038,405.1532831935818,10
2024-09-17 14:21:25.041,405.1612270800432,96
2024-09-17 14:21:25.057,405.1374945684336,998
2024-09-17 14:21:25.129,405.16398960094097,1004
2024-09-17 14:21:25.130,405.1385451510115,100
2024-09-17 14:21:25.133,405.1748052342716,11
2024-09-17 14:21:25.170,405.1779528729799,96
2024-09-17 14:21:25.205,405.1561957445738,1003
2024-09-17 14:21:25.361,405.1388309220277,995
2024-09-17 14:21:25.408,405.1298653869033,103
2024-09-17 14:21:25.411,405.1756178114559,104
2024-09-17 14:21:25.415,405.1687522704656,1005
2024-09-17 14:21:25.444,405.176863616366,9
2024-09-17 14:21:25.630,405.1912867151364,99
2024-09-17 14:21:25.646,405.1950019724353,11
2024-09-17 14:21:25.691,405.14717786921886,6
2024-09-17 14:21:25.694,405.1319666085886,15
2024-09-17 14:21:25.754,405.1730060780796,13
2024-09-17 14:21:25.764,405.12561783729217,1000
2024-09-17 14:21:25.781,405.1323691054724,1001
2024-09-17 14:21:25.798,405.17297573773743,997
2024-09-17 14:21:25.826,405.17410881015707,1002
2024-09-17 14:21:25.828,,5
2024-09-17 14:21:25.837,405.1871005974379,5
2024-09-17 14:21:25.927,405.1737278573419,101
2024-09-17 14:21:25.928,405.1669018151328,14
2024-09-17 14:21:25.937,405.15868431236623,5
2024-09-17 14:21:25.997,405.1759595059864,1005
2024-09-17 14:21:26.076,405.15115236757725,1000
2024-09-17 14:21:26.114,405.1432698677545,12
2024-09-17 14:21:26.123,405.1343462662636,95
2024-09-17 14:21:26.198,405.1378534715088,104
2024-09-17 14:21:26.225,405.1696533584759,997
2024-09-17 14:21:26.347,405.1204794340017,999
2024-09-17 14:21:26.355,405.165181876427,5
2024-09-17 14:21:26.369,405.1344826912589,9
2024-09-17 14:21:26.440,405.1427628201757,1003
2024-09-17 14:21:26.579,405.1549071339162,10
2024-09-17 14:21:26.811,405.1119158131877,99
2024-09-17 14:21:26.857,405.1505681168999,102
2024-09-17 14:21:27.031,405.1004916955895,1003
2024-09-17 14:21:27.058,405.0935176846072,9
2024-09-17 14:21:27.253,405.0809183452839,100
2024-09-17 14:21:27.286,405.1033124770456,9
2024-09-17 14:21:27.352,405.0999080732574,8
2024-09-17 14:21:27.411,405.0900463251085,1000
2024-09-17 14:21:27.491,405.1081456508416,998
2024-09-17 14:21:27.519,405.1121158066551,998
2024-09-17 14:21:27.614,405.1140787001668,11
2024-09-17 14:21:27.726,405.1021530388658,1000
2024-09-17 14:21:27.749,-405.08444140300526,95
2024-09-17 14:21:27.884,405.1046298650224,98
2024-09-17 14:21:27.896,405.0870746529859,1000
2024-09-17 14:21:27.896,405.1114886636197,11
2024-09-17 14:21:27.948,405.1120513834834,998
2024-09-17 14:21:27.984,405.08728125848376,1001
2024-09-17 14:21:28.021,405.0541758074396,98
2024-09-17 14:21:28.227,405.0867941702488,996
2024-09-17 14:21:28.300,405.0674746565254,998
2024-09-17 14:21:28.314,405.0717249637834,15
2024-09-17 14:21:28.529,405.0723188795821,97
2024-09-17 14:21:28.566,405.0522130836185,995
2024-09-17 14:21:28.588,405.05650652992216,999
2024-09-17 14:21:28.599,405.0650434917516,95
2024-09-17 14:21:28.604,405.0811724936949,998
2024-09-17 14:21:28.609,405.0832667966643,5
2024-09-17 14:21:28.694,405.0618480435624,1000
2024-09-17 14:21:28.750,405.0650564268363,5
2024-09-17 14:21:28.751,405.0571867178588,5
2024-09-17 14:21:28.766,405.0730025343583,99
2024-09-17 14:21:28.797,405.09272160375394,98
2024-09-17 14:21:28.941,405.06403382670936,1003
2024-09-17 14:21:28.986,405.0767789825244,12
2024-09-17 14:21:29.032,405.0463562029452,12
2024-09-17 14:21:29.057,405.11213870066297,997
2024-09-17 14:21:29.071,405.0779660407876,103
2024-09-17 14:21:29.074,405.0990489306086,95
2024-09-17 14:21:29.153,405.0430215720472,9
2024-09-17 14:21:29.247,405.1193598676526,15
2024-09-17 14:21:29.252,405.0739244802853,95
2024-09-17 14:21:29.256,405.0760056631278,101
2024-09-17 14:21:29.340,405.07852626468826,104
2024-09-17 14:21:29.412,405.02460585091455,1000
2024-09-17 14:21:29.506,405.0498693382223,15
2024-09-17 14:21:29.656,405.0513949046466,11
2024-09-17 14:21:29.667,405.0703879845959,12
2024-09-17 14:21:29.673,405.076520470788,1003
2024-09-17 14:21:29.679,405.0884487731476,103
2024-09-17 14:21:29.680,405.0965861412263,996
2024-09-17 14:21:29.751,405.0146681220583,97
2024-09-17 14:21:29.845,405.0620209558289,1005
2024-09-17 14:21:29.856,405.1311946660607,1003
2024-09-17 14:21:29.878,405.064364641204,1002
2024-09-17 14:21:29.914,405.10837854408567,5
2024-09-17 14:21:29.927,405.1072302113285,12
2024-09-17 14:21:30.007,405.0490583050715,1005
2024-09-17 14:21:30.453,405.0307768095336,9
2024-09-17 14:21:30.568,405.0256168266781,6
2024-09-17 14:21:30.768,405.03293402453534,95
2024-09-17 14:21:31.036,405.0656862505366,1004
2024-09-17 14:21:31.067,405.0541956275735,102
2024-09-17 14:21:31.097,405.0611507462452,97
2024-09-17 14:21:31.100,405.055346837256,99
2024-09-17 14:21:31.115,405.0680685865336,8
2024-09-17 14:21:31.173,40.50670212400771,8
2024-09-17 14:21:31.324,405.07669100244175,100
2024-09-17 14:21:31.326,405.0749841561257,9
2024-09-17 14:21:31.569,405.0600070578863,14
2024-09-17 14:21:31.745,405.0660549298117,12
2024-09-17 14:21:31.774,405.0590560790375,6
2024-09-17 14:21:31.828,405.0679191911918,1001
2024-09-17 14:21:31.946,405.0725463915829,102
2024-09-17 14:21:32.020,405.090906437648,995
2024-09-17 14:21:32.042,405.06338166758303,6
2024-09-17 14:21:32.048,405.0797284546501,96
2024-09-17 14:21:32.056,,1000
2024-09-17 14:21:32.064,405.0806985548705,104
2024-09-17 14:21:32.078,405.0868947114861,996
2024-09-17 14:21:32.083,405.0602575299771,5
2024-09-17 14:21:32.109,405.0543421309997,102
2024-09-17 14:21:32.267,405.0926912873146,995
2024-09-17 14:21:32.317,405.1195020706341,9
2024-09-17 14:21:32.353,405.0878561141829,104
2024-09-17 14:21:32.394,405.0479259168905,7
2024-09-17 14:21:32.444,405.0534555815168,99
2024-09-17 14:21:32.466,405.12909583436266,13
2024-09-17 14:21:32.479,405.0514180610167,100
2024-09-17 14:21:32.485,405.07990487781336,1002
2024-09-17 14:21:32.496,405.09910785157456,99
2024-09-17 14:21:32.580,40.50549586524383,997
2024-09-17 14:21:32.602,405.10374969759823,101
2024-09-17 14:21:32.632,405.07404648477296,98
2024-09-17 14:21:32.783,405.05780765161865,97
2024-09-17 14:21:32.808,405.05780906759145,15
2024-09-17 14:21:32.828,405.0472820527034,7
2024-09-17 14:21:32.857,405.0584125361014,102
2024-09-17 14:21:32.864,405.0862764820244,5
2024-09-17 14:21:32.932,405.0876434758913,99
2024-09-17 14:21:32.966,405.0891965782802,97
2024-09-17 14:21:33.148,405.12856327695374,7
2024-09-17 14:21:33.154,405.13264685052974,11
2024-09-17 14:21:33.210,405.1328563433527,7
2024-09-17 14:21:33.318,405.1284883740601,7
2024-09-17 14:21:33.322,405.1241488252597,103
2024-09-17 14:21:33.422,405.11994380065823,11
2024-09-17 14:21:33.588,405.1312916947423,97
2024-09-17 14:21:33.738,405.12700864519,8
2024-09-17 14:21:33.764,405.12540359343694,10
2024-09-17 14:21:33.864,405.1399939230299,14
2024-09-17 14:21:34.422,,10
2024-09-17 14:21:34.787,405.12089475837934,15
2024-09-17 14:21:35.021,405.15045733591165,5
2024-09-17 14:21:35.022,405.1202317864091,1003
2024-09-17 14:21:35.044,-405.1681483777144,105
2024-09-17 14:21:35.196,405.1493039344221,103
2024-09-17 14:21:35.375,405.16328253231217,7
2024-09-17 14:21:35.400,405.1568302971933,97
2024-09-17 14:21:35.587,405.1364492097806,1005
2024-09-17 14:21:35.589,,97
2024-09-17 14:21:35.602,405.161083325584,98
2024-09-17 14:21:35.653,405.16282641129726,1002
2024-09-17 14:21:35.734,405.12733528210987,998
2024-09-17 14:21:35.776,405.1615294758717,101
2024-09-17 14:21:35.790,405.1684845241148,6
2024-09-17 14:21:35.826,405.15381614830807,12
2024-09-17 14:21:35.895,405.1266042453361,99
2024-09-17 14:21:35.901,405.1372486408292,13
2024-09-17 14:21:36.073,405.1802046956203,104
2024-09-17 14:21:36.117,405.1441551794436,1002
2024-09-17 14:21:36.179,405.1852609273366,105
2024-09-17 14:21:36.217,405.1244001977725,99
2024-09-17 14:21:36.231,405.1602352371204,9
2024-09-17 14:21:36.268,405.1537360975175,996
2024-09-17 14:21:36.309,405.13372447204426,99
2024-09-17 14:21:36.313,405.198118632283,102
2024-09-17 14:21:36.369,405.1886166168216,11
2024-09-17 14:21:36.387,405.1240222530006,95
2024-09-17 14:21:36.411,405.1690658347215,6
2024-09-17 14:21:36.443,405.1603154818306,15
2024-09-17 14:21:36.469,405.1564032947857,105
2024-09-17 14:21:36.570,405.1318231186456,15
2024-09-17 14:21:36.619,405.17039473076113,101
2024-09-17 14:21:36.670,405.1596857038956,1001
2024-09-17 14:21:36.730,405.1498425656087,102
2024-09-17 14:21:36.768,405.1728134743968,998
2024-09-17 14:21:36.780,405.15045974864194,99
2024-09-17 14:21:36.811,405.199875796969,97
2024-09-17 14:21:36.812,405.1479412174467,998
2024-09-17 14:21:36.897,405.14313704635305,8
2024-09-17 14:21:36.933,405.12470083171627,97
2024-09-17 14:21:36.944,405.1796754369759,11
2024-09-17 14:21:36.983,405.1842015222659,1005
2024-09-17 14:21:36.990,405.1606134442141,98
2024-09-17 14:21:37.012,405.06857585390526,999
2024-09-17 14:21:37.103,405.11001985394574,1003
2024-09-17 14:21:37.105,405.1052521645174,101
2024-09-17 14:21:37.144,,5
2024-09-17 14:21:37.153,405.0958196790443,15
2024-09-17 14:21:37.161,405.121250728486,1004
2024-09-17 14:21:37.170,40.5054599523763,5
2024-09-17 14:21:37.185,405.09266518929365,999
2024-09-17 14:21:37.212,405.1476138469847,96
2024-09-17 14:21:37.252,405.0958392610294,101
2024-09-17 14:21:37.401,405.09261103960944,997
2024-09-17 14:21:37.448,405.0985160742071,998
2024-09-17 14:21:37.474,405.0901239154661,96
2024-09-17 14:21:37.474,405.1202671844206,1005
2024-09-17 14:21:37.493,405.1727274578215,104
2024-09-17 14:21:37.530,405.1481964273891,105
2024-09-17 14:21:37.545,405.1306887864876,7
2024-09-17 14:21:37.585,405.1679096531498,96
2024-09-17 14:21:37.608,405.1210448807373,8
2024-09-17 14:21:37.618,405.1015998717885,10
2024-09-17 14:21:37.649,405.065183249086,103
2024-09-17 14:21:37.814,405.1248465036511,1003
2024-09-17 14:21:38.009,405.0446812454737,101
2024-09-17 14:21:38.029,405.0483665144334,96
2024-09-17 14:21:38.042,405.051815296948,998
2024-09-17 14:21:38.130,405.0598980366168,7
2024-09-17 14:21:38.140,405.0216814450479,9
2024-09-17 14:21:38.166,405.0410832496869,14
2024-09-17 14:21:38.180,405.0505759549386,6
2024-09-17 14:21:38.249,405.0065228010455,14
2024-09-17 14:21:38.371,405.0530645909634,96
2024-09-17 14:21:38.413,405.0165586223834,1002
2024-09-17 14:21:38.454,405.04097999896345,999
2024-09-17 14:21:38.484,405.0451026965596,13
2024-09-17 14:21:38.490,405.0579414235684,997
2024-09-17 14:21:38.526,405.078295486093,999
2024-09-17 14:21:38.532,405.0725536267257,1001
2024-09-17 14:21:38.537,405.04202206360907,96
2024-09-17 14:21:38.554,405.0565335884082,101
2024-09-17 14:21:38.601,405.0591994842989,102
2024-09-17 14:21:38.635,405.0522487963842,5
2024-09-17 14:21:38.711,405.0474961455507,5
2024-09-17 14:21:38.727,405.0506534829929,105
2024-09-17 14:21:38.796,405.04459207904193,102
2024-09-17 14:21:38.834,405.0288294431294,996
2024-09-17 14:21:38.842,405.06171677935583,1002
2024-09-17 14:21:38.890,405.07210405871575,999
2024-09-17 14:21:38.937,405.0486033314055,96
2024-09-17 14:21:39.103,405.0721703256117,101
2024-09-17 14:21:39.323,405.0459412511441,13
2024-09-17 14:21:39.353,405.0551765998266,998
2024-09-17 14:21:39.386,40.502164015354346,100
2024-09-17 14:21:39.607,405.02930232516144,5
2024-09-17 14:21:39.674,405.0595810144556,10
2024-09-17 14:21:39.685,405.0316763850384,98
2024-09-17 14:21:39.701,405.0357398583328,15
2024-09-17 14:21:39.712,405.0543624798249,97
2024-09-17 14:21:39.819,405.0823499055873,98
2024-09-17 14:21:39.836,405.0543456660025,1005
2024-09-17 14:21:40.769,405.05168987750335,12
2024-09-17 14:21:40.914,405.0530031991768,11
2024-09-17 14:21:41.003,404.9652075490454,1004
2024-09-17 14:21:41.059,405.02975718967656,13
2024-09-17 14:21:41.137,404.9777207028463,101
2024-09-17 14:21:41.164,404.99960190429897,998
2024-09-17 14:21:41.189,404.9606649421625,1001
2024-09-17 14:21:41.337,405.0205287329176,9
2024-09-17 14:21:41.375,405.0640034388183,7
2024-09-17 14:21:41.434,405.05179265016415,996
2024-09-17 14:21:41.492,404.9550969231569,1002
2024-09-17 14:21:41.524,405.0499586766917,11
2024-09-17 14:21:41.583,405.04339098636126,997
2024-09-17 14:21:41.610,404.9702963389864,12
2024-09-17 14:21:41.671,405.0576856642919,5
2024-09-17 14:21:41.672,405.0603474522357,99
2024-09-17 14:21:41.699,404.9647485301035,7
2024-09-17 14:21:41.738,405.05255296576064,96
2024-09-17 14:21:41.740,405.02196188018274,98
2024-09-17 14:21:41.829,405.0396270397154,997
2024-09-17 14:21:41.831,405.0287576288409,996
2024-09-17 14:21:41.881,,102
2024-09-17 14:21:41.891,405.0317838107167,1002
2024-09-17 14:21:41.927,405.0179297477581,1005
2024-09-17 14:21:42.008,404.991745480378,12
2024-09-17 14:21:42.059,405.0379118572124,102
2024-09-17 14:21:42.081,405.0266996242896,13
2024-09-17 14:21:42.093,405.00316283874,11
2024-09-17 14:21:42.115,404.9554939550107,1000
2024-09-17 14:21:42.119,404.9688102911322,102
2024-09-17 14:21:42.183,404.9824080750599,11
2024-09-17 14:21:42.212,405.0112500152766,15
2024-09-17 14:21:42.234,404.98965095169206,101
2024-09-17 14:21:42.236,404.9876575713829,11
2024-09-17 14:21:42.251,405.03042276090827,104
2024-09-17 14:21:42.362,404.99021759712446,101
2024-09-17 14:21:42.369,404.9709559936916,8
2024-09-17 14:21:42.394,404.93466142451217,8
2024-09-17 14:21:42.443,405.0573756376743,5
2024-09-17 14:21:42.448,405.03784759919256,997
2024-09-17 14:21:42.524,404.9926160328403,999
2024-09-17 14:21:42.527,405.0271956088044,97
2024-09-17 14:21:42.662,405.043206382339,6
2024-09-17 14:21:42.724,404.9530142092007,999
2024-09-17 14:21:42.753,404.9601906607198,14
2024-09-17 14:21:42.796,405.0211809796433,1004
2024-09-17 14:21:42.810,404.955976004624,14
2024-09-17 14:21:42.829,405.00008499658105,101
2024-09-17 14:21:42.840,404.9997325872516,1000
2024-09-17 14:21:42.871,404.9527112620942,1005
2024-09-17 14:21:42.984,404.9405456922121,104
2024-09-17 14:21:43.854,405.06339139584674,6
2024-09-17 14:21:44.125,405.08521705986857,105
2024-09-17 14:21:44.950,405.0909277136675,105
2024-09-17 14:21:44.983,405.0719717553287,998
2024-09-17 14:21:45.127,405.1541565015708,12
2024-09-17 14:21:45.180,405.0773923364883,99
2024-09-17 14:21:45.284,405.1025355135554,101
2024-09-17 14:21:45.297,405.1450028627253,9
2024-09-17 14:21:45.337,405.08345140768864,95
2024-09-17 14:21:45.362,405.0867676122468,104
2024-09-17 14:21:45.377,405.0845389373458,6
2024-09-17 14:21:45.409,405.1186907698542,10
2024-09-17 14:21:45.471,405.1004120413372,105
2024-09-17 14:21:45.506,405.1360494944804,15
2024-09-17 14:21:45.593,405.092113017596,7
2024-09-17 14:21:45.600,405.1603145060237,100
2024-09-17 14:21:45.615,405.12816237971913,1004
2024-09-17 14:21:45.641,405.0996500702356,997
2024-09-17 14:21:45.661,405.142397340228,10
2024-09-17 14:21:45.744,405.1077539572798,5
2024-09-17 14:21:45.757,405.105256125234,104
2024-09-17 14:21:46.015,405.1565909667861,1004
2024-09-17 14:21:46.030,405.16979220791166,998
2024-09-17 14:21:46.187,405.1884009832817,11
2024-09-17 14:21:46.187,405.2038131252044,1002
2024-09-17 14:21:46.214,405.180090972941,6
2024-09-17 14:21:46.251,405.221036050321,1001
2024-09-17 14:21:46.300,405.1703045626061,11
2024-09-17 14:21:46.354,405.1865891854286,1000
2024-09-17 14:21:46.416,405.17665467578826,102
2024-09-17 14:21:46.527,405.20015406785353,15
2024-09-17 14:21:46.534,405.17194872900666,13
2024-09-17 14:21:46.639,405.2255501131655,998
2024-09-17 14:21:46.787,405.1724998253723,13
2024-09-17 14:21:46.884,405.201807250649,8
2024-09-17 14:21:46.904,-405.1637705503356,997
2024-09-17 14:21:46.936,405.1873729044782,98
2024-09-17 14:21:46.953,405.17991484593495,103
2024-09-17 14:21:46.953,405.1724015881458,1004
2024-09-17 14:21:47.240,405.1168111736309,996
2024-09-17 14:21:47.260,405.2213783819009,1001
2024-09-17 14:21:47.327,405.1522355718612,5
2024-09-17 14:21:47.408,405.114423018914,99
2024-09-17 14:21:47.445,405.1702499073503,997
2024-09-17 14:21:47.478,405.1857582121927,102
2024-09-17 14:21:47.505,405.1170905202282,99
2024-09-17 14:21:47.624,405.1932827001136,9
2024-09-17 14:21:47.628,405.0918853529078,105
2024-09-17 14:21:47.710,405.1688772884291,14
2024-09-17 14:21:47.733,405.0871626380621,1003
2024-09-17 14:21:47.771,405.1468927654744,11
2024-09-17 14:21:47.805,405.160302762849,100
2024-09-17 14:21:47.847,405.1766083595386,10
2024-09-17 14:21:47.864,405.12764648310514,15
2024-09-17 14:21:47.881,405.10496727822704,98
2024-09-17 14:21:47.891,405.1410377452581,104
2024-09-17 14:21:47.927,405.1106069393487,100
2024-09-17 14:21:47.945,405.1850951854586,7
2024-09-17 14:21:47.984,405.20708467205446,102
2024-09-17 14:21:48.030,405.11249684663113,101
2024-09-17 14:21:48.036,405.0846465029602,103
2024-09-17 14:21:48.062,405.0777678666984,997
2024-09-17 14:21:48.065,405.0597113784322,11
2024-09-17 14:21:48.070,405.0588873637474,998
2024-09-17 14:21:48.137,405.0901006774679,1004
2024-09-17 14:21:48.191,405.1144456696538,1005
2024-09-17 14:21:48.211,405.0911343690988,11
2024-09-17 14:21:48.255,405.0903337687769,1002
2024-09-17 14:21:48.320,405.1397082138079,7
2024-09-17 14:21:48.398,405.11983833380526,10
2024-09-17 14:21:48.410,405.0927790824218,103
2024-09-17 14:21:48.424,405.114856277428,1000
2024-09-17 14:21:48.439,405.1163774061761,102
2024-09-17 14:21:48.466,405.10526852370685,1002
2024-09-17 14:21:48.520,405.076834602592,95
2024-09-17 14:21:48.542,405.09514978325154,96
2024-09-17 14:21:48.555,405.104151967256,95
2024-09-17 14:21:48.624,405.0982052148594,1004
2024-09-17 14:21:48.676,405.1013091082476,98
2024-09-17 14:21:48.750,405.1186667457615,105
2024-09-17 14:21:48.767,405.06935618597606,1004
2024-09-17 14:21:48.832,405.0986758436573,1002
2024-09-17 14:21:48.837,405.0979875650953,10
2024-09-17 14:21:48.840,405.09282189825694,1001
2024-09-17 14:21:48.858,405.08613568713486,103
2024-09-17 14:21:48.873,405.1000394335389,13
2024-09-17 14:21:48.938,405.1100980985018,5
2024-09-17 14:21:48.950,405.1042127508012,14
2024-09-17 14:21:48.952,405.12361548102416,8
2024-09-17 14:21:49.034,405.0883539310835,1004
2024-09-17 14:21:49.142,405.0853650294062,98
2024-09-17 14:21:49.348,405.09134666413104,997
2024-09-17 14:21:49.395,405.0924580581704,97
2024-09-17 14:21:49.431,405.10101431444406,12
2024-09-17 14:21:49.608,405.10273036602695,97
2024-09-17 14:21:49.635,405.0946191717375,12
2024-09-17 14:21:49.639,405.1005348500676,102
2024-09-17 14:21:49.684,405.0849362155051,11
2024-09-17 14:21:49.688,405.1130569371092,6
2024-09-17 14:21:49.783,405.0985072742572,7
2024-09-17 14:21:49.786,405.13489855012057,9
2024-09-17 14:21:50.236,405.0959144492315,995
2024-09-17 14:21:50.259,405.1170219879448,999
2024-09-17 14:21:50.431,405.1258535487015,104
2024-09-17 14:21:50.537,40.51049852658195,6
2024-09-17 14:21:50.765,405.1134175805952,15
2024-09-17 14:21:50.783,405.1334209786749,103
2024-09-17 14:21:50.959,405.1080201430407,1005
2024-09-17 14:21:51.510,405.14233163567394,101
2024-09-17 14:21:52.097,405.1583789466769,9
2024-09-17 14:21:52.103,405.1421391505283,105
2024-09-17 14:21:52.132,405.2207909226114,1002
2024-09-17 14:21:52.169,405.13683836373,8
2024-09-17 14:21:52.304,405.210609451326,999
2024-09-17 14:21:52.315,405.2101392879765,998
2024-09-17 14:21:52.318,405.1487213210003,999
2024-09-17 14:21:52.339,405.1475686761489,5
2024-09-17 14:21:52.350,405.1620506194539,99
2024-09-17 14:21:52.373,405.1460116266339,14
2024-09-17 14:21:52.378,405.1595859902954,15
2024-09-17 14:21:52.381,405.1606592658629,100
2024-09-17 14:21:52.396,405.15073332282896,98
2024-09-17 14:21:52.472,405.1695614660472,103
2024-09-17 14:21:52.486,405.1581013290487,104
2024-09-17 14:21:52.575,405.1780140199948,11
2024-09-17 14:21:52.677,,104
2024-09-17 14:21:52.726,405.1881035397156,11
2024-09-17 14:21:52.739,405.16156367215547,104
2024-09-17 14:21:52.777,405.12653141352655,101
2024-09-17 14:21:52.784,405.152704458521,98
2024-09-17 14:21:52.859,405.1685508738071,99
2024-09-17 14:21:52.863,405.1514659148608,999
2024-09-17 14:21:52.935,405.1677731379141,5
2024-09-17 14:21:52.937,405.1520235489945,998
2024-09-17 14:21:53.025,405.2188925022353,1002
2024-09-17 14:21:53.079,405.20980070917074,14
2024-09-17 14:21:53.169,405.2299047055015,104
2024-09-17 14:21:53.190,405.22495558400254,1004
2024-09-17 14:21:53.197,405.2173081034136,102
2024-09-17 14:21:53.248,405.21458472412695,102
2024-09-17 14:21:53.280,405.2359495007111,101
2024-09-17 14:21:53.291,405.2020677346858,998
2024-09-17 14:21:53.350,405.2311689724916,13
2024-09-17 14:21:53.597,405.22480857994685,104
2024-09-17 14:21:53.629,405.1942443329333,997
2024-09-17 14:21:53.636,405.22655479223295,1003
2024-09-17 14:21:53.713,405.2319508040682,996
2024-09-17 14:21:53.766,405.2191322983691,1002
2024-09-17 14:21:53.817,405.2396295599689,104
2024-09-17 14:21:53.864,405.2340580908419,998
2024-09-17 14:21:53.931,405.2176583303782,1003
2024-09-17 14:21:53.954,405.21631093371815,995
2024-09-17 14:21:54.034,405.2205070683647,95
2024-09-17 14:21:54.128,405.2446112637196,15
2024-09-17 14:21:54.259,405.2226994663423,1000
2024-09-17 14:21:54.412,405.21810699344337,9
2024-09-17 14:21:54.535,405.2152265346167,13
2024-09-17 14:21:54.811,405.25038759151295,15
2024-09-17 14:21:54.823,405.22908468093095,1005
2024-09-17 14:21:54.834,405.2338144648016,98
2024-09-17 14:21:54.952,405.22972590965145,99
2024-09-17 14:21:55.036,405.1838180727362,12
2024-09-17 14:21:55.049,405.2443662346327,98
2024-09-17 14:21:55.120,405.22597295681646,97
2024-09-17 14:21:55.148,405.22827708572777,995
2024-09-17 14:21:55.165,405.19402620910745,103
2024-09-17 14:21:55.242,405.2201951426546,98
2024-09-17 14:21:55.264,405.2235435596998,1001
2024-09-17 14:21:55.280,405.2200894591247,99
2024-09-17 14:21:55.295,405.2456013502781,995
2024-09-17 14:21:55.386,405.21895747274095,1005
2024-09-17 14:21:55.398,405.2355126675152,11
2024-09-17 14:21:55.426,405.19567085046094,6
2024-09-17 14:21:55.456,405.1909736048351,99
2024-09-17 14:21:55.569,405.24670104144633,11
2024-09-17 14:21:55.610,405.2264371095132,995
2024-09-17 14:21:55.629,405.2094834835608,104
2024-09-17 14:21:55.660,405.17470893461046,7
2024-09-17 14:21:55.691,405.2241170117964,1000
2024-09-17 14:21:55.700,405.2174446536907,12
2024-09-17 14:21:55.714,405.2312085379924,100
2024-09-17 14:21:55.749,405.20411394310327,1001
2024-09-17 14:21:55.751,405.2120182399352,1005
2024-09-17 14:21:55.759,405.2417571509962,6
2024-09-17 14:21:55.763,405.2316892980437,1002
2024-09-17 14:21:55.852,405.2435867866315,102
2024-09-17 14:21:55.920,405.1936094103817,997
2024-09-17 14:21:55.923,405.2324007271645,98
2024-09-17 14:21:56.003,405.2294291590476,996
2024-09-17 14:21:56.038,405.2512253471696,1001
2024-09-17 14:21:56.104,405.2392223497484,997
2024-09-17 14:21:56.121,405.2305550244742,97
2024-09-17 14:21:56.158,405.23734298904594,14
2024-09-17 14:21:56.210,40.52462009845595,104
2024-09-17 14:21:56.235,405.2430820038458,998
2024-09-17 14:21:56.265,405.2354111020322,999
2024-09-17 14:21:56.288,405.2047469348253,1003
2024-09-17 14:21:56.290,405.2133112386397,6
2024-09-17 14:21:56.342,405.2271338327625,1001
2024-09-17 14:21:56.364,405.2477391516288,997
2024-09-17 14:21:56.469,405.201540442528,1001
2024-09-17 14:21:56.504,405.2378502292181,9
2024-09-17 14:21:56.521,405.22983548702894,101
2024-09-17 14:21:56.581,405.2280639578419,997
2024-09-17 14:21:56.584,405.2423175736288,95
2024-09-17 14:21:56.629,405.2154583322083,999
2024-09-17 14:21:56.629,405.2295230569548,14
2024-09-17 14:21:56.645,405.2246287550021,1003
2024-09-17 14:21:56.741,405.2428053016656,13
2024-09-17 14:21:56.756,405.21395198520514,99
2024-09-17 14:21:56.832,405.2488346373629,1005
2024-09-17 14:21:56.834,405.2580188520992,14
2024-09-17 14:21:56.887,405.2557249165857,996
2024-09-17 14:21:56.898,405.245390226776,1005
2024-09-17 14:21:56.940,405.24952377580473,999
2024-09-17 14:21:56.950,405.2399593895411,6
2024-09-17 14:21:57.174,405.2214312196063,996
2024-09-17 14:21:57.223,405.2497454501803,5
2024-09-17 14:21:57.353,405.2340448536189,104
2024-09-17 14:21:57.622,405.2288891013014,100
2024-09-17 14:21:58.005,405.18969281256017,997
2024-09-17 14:21:58.088,405.1905351568416,996
2024-09-17 14:21:58.274,405.193137977672,1005
2024-09-17 14:21:58.318,-405.21519842928666,99
2024-09-17 14:21:58.410,405.1892496802249,102
2024-09-17 14:21:58.557,405.1958534324448,1000
2024-09-17 14:21:58.580,405.2259900215229,6
2024-09-17 14:21:58.621,405.2079191934217,1005
2024-09-17 14:21:58.768,405.2017308341668,8
2024-09-17 14:21:58.872,405.206612652026,100
2024-09-17 14:21:59.094,405.19620039607855,1003
2024-09-17 14:21:59.118,405.21603931774297,104
2024-09-17 14:21:59.158,405.1587043979034,1005
2024-09-17 14:21:59.181,405.1520868927893,15
2024-09-17 14:21:59.187,405.1517528469829,97
2024-09-17 14:21:59.269,405.1941124407202,9
2024-09-17 14:21:59.293,405.2067543553173,101
2024-09-17 14:21:59.296,405.1546821772977,104
2024-09-17 14:21:59.299,405.23327055200656,1004
2024-09-17 14:21:59.301,405.21062546095686,101
2024-09-17 14:21:59.337,405.1971420586561,6
2024-09-17 14:21:59.400,405.1544289079032,1000
2024-09-17 14:21:59.441,405.1329524774725,12
2024-09-17 14:21:59.537,405.16251041856447,12
2024-09-17 14:21:59.566,405.2136674023043,97
2024-09-17 14:21:59.588,405.1408099660863,10
2024-09-17 14:21:59.631,405.2240367634736,103
2024-09-17 14:21:59.662,405.19229709227545,100
2024-09-17 14:21:59.681,405.1309334133538,996
2024-09-17 14:21:59.702,405.1917491976698,999
2024-09-17 14:21:59.717,405.1660495574244,10
2024-09-17 14:21:59.730,405.1390326122697,99
2024-09-17 14:21:59.812,405.1707850148691,5
2024-09-17 14:21:59.886,405.19875907750895,5
2024-09-17 14:21:59.919,405.1898227551188,1003
2024-09-17 14:21:59.955,,5
