Timestamp,Price,Size
2024-09-20 11:12:00.020,425.9917072913439,98
2024-09-20 11:12:00.090,426.0066546654444,97
2024-09-20 11:12:00.103,426.0232605001314,96
2024-09-20 11:12:00.147,426.0448501882043,13
2024-09-20 11:12:00.174,425.9552523550176,9
2024-09-20 11:12:00.255,42.60589250623505,6
2024-09-20 11:12:00.329,426.01606446545946,100
2024-09-20 11:12:00.331,426.0041996090917,1002
2024-09-20 11:12:00.433,426.0135304096559,998
2024-09-20 11:12:00.440,426.0036724267649,996
2024-09-20 11:12:00.479,426.0146682965039,12
2024-09-20 11:12:00.508,425.9987486747765,1004
2024-09-20 11:12:00.525,426.01106207772807,101
2024-09-20 11:12:00.558,-426.0060035446485,104
2024-09-20 11:12:00.692,425.9888560763836,9
2024-09-20 11:12:00.808,425.95161644276834,100
2024-09-20 11:12:00.855,426.02279439054206,13
2024-09-20 11:12:00.949,425.98089927481817,95
2024-09-20 11:12:01.039,425.9444378888276,995
2024-09-20 11:12:01.165,425.9677960074378,105
2024-09-20 11:12:01.222,425.9411243545509,1002
2024-09-20 11:12:01.232,425.96966953202985,98
2024-09-20 11:12:01.293,425.9537877666168,1002
2024-09-20 11:12:01.442,425.957540026615,1003
2024-09-20 11:12:01.595,425.97462454792384,11
2024-09-20 11:12:01.665,425.9512404103759,1005
2024-09-20 11:12:01.784,425.9766695552892,10
2024-09-20 11:12:01.844,425.9568112754696,1003
2024-09-20 11:12:01.854,425.9652481578255,103
2024-09-20 11:12:02.031,425.92639132709246,10
2024-09-20 11:12:02.091,425.9378753723441,995
2024-09-20 11:12:02.103,425.9230469547834,11
2024-09-20 11:12:02.153,425.95248580397833,10
2024-09-20 11:12:02.162,425.9258471006893,6
2024-09-20 11:12:02.199,425.93950829220006,12
2024-09-20 11:12:02.229,425.945419301133,996
2024-09-20 11:12:02.264,425.9234248066125,99
2024-09-20 11:12:02.278,425.9324914873922,997
2024-09-20 11:12:02.288,425.9526071529578,102
2024-09-20 11:12:02.437,425.932842093166,96
2024-09-20 11:12:02.514,425.9416878655217,102
2024-09-20 11:12:02.522,425.9301542320902,998
2024-09-20 11:12:02.597,425.9543419318056,7
2024-09-20 11:12:02.607,425.9568005087799,7
2024-09-20 11:12:02.650,425.9372044743918,104
2024-09-20 11:12:02.675,425.9337013705524,996
2024-09-20 11:12:02.754,425.9307914151684,6
2024-09-20 11:12:02.826,425.91985068787983,1002
2024-09-20 11:12:02.884,425.9316661112829,13
2024-09-20 11:12:02.893,425.9507098822326,102
2024-09-20 11:12:02.919,425.9291771375716,105
2024-09-20 11:12:02.928,425.9331687379296,997
2024-09-20 11:12:02.941,425.947959866805,997
2024-09-20 11:12:03.013,426.0022198701609,101
2024-09-20 11:12:03.024,425.97899518127406,101
2024-09-20 11:12:03.055,425.9875696183856,10
2024-09-20 11:12:03.080,426.0010585462582,101
2024-09-20 11:12:03.159,426.00403342743925,5
2024-09-20 11:12:03.252,425.9913311447201,1000
2024-09-20 11:12:03.370,425.99471734191377,95
2024-09-20 11:12:03.371,425.9955418654519,1003
2024-09-20 11:12:03.392,425.9879443597219,105
2024-09-20 11:12:03.439,425.9846694639656,15
2024-09-20 11:12:03.475,425.9833131630409,11
2024-09-20 11:12:03.494,426.0027655880428,9
2024-09-20 11:12:03.497,425.9964517202813,1003
2024-09-20 11:12:03.647,425.9956330423381,14
2024-09-20 11:12:03.648,425.9923208039715,105
2024-09-20 11:12:03.671,425.99440235029823,1003
2024-09-20 11:12:03.748,425.9961246714605,11
2024-09-20 11:12:03.791,425.9989280448741,996
2024-09-20 11:12:03.811,425.9913469300411,6
2024-09-20 11:12:03.906,425.9605187591961,100
2024-09-20 11:12:04.928,425.9668971042836,95
2024-09-20 11:12:05.052,425.9611083080436,1002
2024-09-20 11:12:05.064,425.9964991309601,15
2024-09-20 11:12:05.158,426.0356665271642,11
2024-09-20 11:12:05.165,425.9774822298364,95
2024-09-20 11:12:05.165,426.03250859614536,5
2024-09-20 11:12:05.217,425.9930914133676,15
2024-09-20 11:12:05.226,425.98271324389,10
2024-09-20 11:12:05.261,426.0033669333137,5
2024-09-20 11:12:05.305,425.9368259390994,1001
2024-09-20 11:12:05.336,426.0194226536328,105
2024-09-20 11:12:05.451,425.9704002391386,11
2024-09-20 11:12:05.472,426.0242482007407,998
2024-09-20 11:12:05.497,426.0363301203227,102
2024-09-20 11:12:05.549,426.005142559152,95
2024-09-20 11:12:05.565,425.9825087396265,10
2024-09-20 11:12:05.584,425.95432587233125,100
2024-09-20 11:12:05.617,425.9750286312535,7
2024-09-20 11:12:05.625,426.0106148350607,1002
2024-09-20 11:12:05.637,425.948254249446,998
2024-09-20 11:12:05.672,425.9413590750628,104
2024-09-20 11:12:05.741,426.03414552924977,996
2024-09-20 11:12:05.748,426.0193301191749,105
2024-09-20 11:12:05.753,425.94696669981,13
2024-09-20 11:12:05.956,426.0114963553133,104
2024-09-20 11:12:05.974,425.9733259998423,9
2024-09-20 11:12:05.976,425.97103973185,5
2024-09-20 11:12:05.992,426.01954320633104,1001
2024-09-20 11:12:05.994,425.9614626069815,995
2024-09-20 11:12:06.107,42.602259483730776,7
2024-09-20 11:12:06.177,426.0157626838948,998
2024-09-20 11:12:06.556,426.0076178935554,98
2024-09-20 11:12:06.608,426.02687366608126,99
2024-09-20 11:12:06.690,426.0245938853794,11
2024-09-20 11:12:06.812,426.0315164191007,1000
2024-09-20 11:12:06.843,426.0273851483648,13
2024-09-20 11:12:07.005,426.0147248499212,8
2024-09-20 11:12:07.030,426.01039445292673,1003
2024-09-20 11:12:07.077,426.01974168108495,98
2024-09-20 11:12:07.103,426.0195037814372,1001
2024-09-20 11:12:07.109,426.0592169257028,100
2024-09-20 11:12:07.121,425.9807283056735,13
2024-09-20 11:12:07.186,426.0525790801631,13
2024-09-20 11:12:07.196,426.0314936431404,100
2024-09-20 11:12:07.239,426.0095950601931,97
2024-09-20 11:12:07.243,426.00725507086366,999
2024-09-20 11:12:07.262,426.027077213335,7
2024-09-20 11:12:07.295,425.9994303496087,1005
2024-09-20 11:12:07.295,426.0352419213919,105
2024-09-20 11:12:07.358,426.04423252089344,97
2024-09-20 11:12:07.474,425.9970367780746,102
2024-09-20 11:12:07.493,426.00544911401215,14
2024-09-20 11:12:07.495,426.03343224304575,96
2024-09-20 11:12:07.517,426.02360087463177,96
2024-09-20 11:12:07.555,426.0139572113332,1004
2024-09-20 11:12:07.556,426.004705311204,99
2024-09-20 11:12:07.808,426.02353349752514,12
2024-09-20 11:12:07.828,426.03008691156265,104
2024-09-20 11:12:07.844,426.0478873142249,1001
2024-09-20 11:12:07.901,426.0166571193333,1003
2024-09-20 11:12:07.983,426.0076087091081,97
2024-09-20 11:12:08.032,426.0509372659101,102
2024-09-20 11:12:08.035,-426.065157755862,995
2024-09-20 11:12:08.056,426.0602914246734,6
2024-09-20 11:12:08.063,426.0335853766178,1000
2024-09-20 11:12:08.123,426.0052231978238,103
2024-09-20 11:12:08.166,426.0635392873186,6
2024-09-20 11:12:08.204,426.0570614564062,8
2024-09-20 11:12:08.254,426.05328966136216,997
2024-09-20 11:12:08.263,426.0342861277753,96
2024-09-20 11:12:08.265,426.0359710106116,996
2024-09-20 11:12:08.499,426.05131315473307,14
2024-09-20 11:12:08.549,426.0564445793426,995
2024-09-20 11:12:08.574,426.0306616808275,104
2024-09-20 11:12:08.708,426.0342133012147,103
2024-09-20 11:12:08.733,426.0004410213497,98
2024-09-20 11:12:08.745,426.0267943774617,100
2024-09-20 11:12:08.794,426.0305810368536,12
2024-09-20 11:12:08.860,426.01445490600656,8
2024-09-20 11:12:08.866,426.0523515654112,96
2024-09-20 11:12:08.901,426.0255381559051,1000
2024-09-20 11:12:08.952,426.0672869944398,14
2024-09-20 11:12:08.999,426.0503365450624,1003
2024-09-20 11:12:09.009,426.0488426170335,996
2024-09-20 11:12:09.162,426.0389072444505,10
2024-09-20 11:12:09.203,426.0616001085568,995
2024-09-20 11:12:09.207,426.07671851377216,99
2024-09-20 11:12:09.229,426.0772378365506,11
2024-09-20 11:12:09.304,426.0472257638917,6
2024-09-20 11:12:09.384,426.0621654852772,15
2024-09-20 11:12:09.439,426.0813226182853,96
2024-09-20 11:12:09.518,426.0605375710717,1001
2024-09-20 11:12:09.662,426.0437845565156,104
2024-09-20 11:12:09.694,426.0520686751381,8
2024-09-20 11:12:09.846,426.07945244864726,96
2024-09-20 11:12:10.012,425.98519857578464,98
2024-09-20 11:12:10.022,426.0613451910217,999
2024-09-20 11:12:10.077,425.9544821894972,12
2024-09-20 11:12:10.121,425.9586318078234,7
2024-09-20 11:12:10.131,426.02753996182105,1003
2024-09-20 11:12:10.192,425.9949436221749,99
2024-09-20 11:12:10.214,425.99626025898016,8
2024-09-20 11:12:10.218,425.9960507678862,102
2024-09-20 11:12:10.265,425.9614810409763,11
2024-09-20 11:12:10.309,425.9525526919473,95
2024-09-20 11:12:10.351,425.9946075942652,1003
2024-09-20 11:12:10.351,425.939948665004,100
2024-09-20 11:12:10.353,426.00211179372536,997
2024-09-20 11:12:10.479,426.0012081518928,1004
2024-09-20 11:12:10.534,426.000862863864,1001
2024-09-20 11:12:10.558,425.95902698960697,102
2024-09-20 11:12:10.589,426.0207505269562,100
2024-09-20 11:12:10.627,426.0005167462998,12
2024-09-20 11:12:10.675,426.0131187677998,96
2024-09-20 11:12:10.732,426.0224035097119,10
2024-09-20 11:12:10.777,425.9550276885722,997
2024-09-20 11:12:10.782,426.00864978219647,999
2024-09-20 11:12:10.825,426.0204012186776,5
2024-09-20 11:12:10.837,425.9848156264314,13
2024-09-20 11:12:10.886,425.9633920268103,8
2024-09-20 11:12:10.908,426.0447780271376,103
2024-09-20 11:12:10.917,425.9850663062624,5
2024-09-20 11:12:10.952,,1000
2024-09-20 11:12:12.003,425.9555492417267,102
2024-09-20 11:12:12.059,425.9606430364257,11
2024-09-20 11:12:12.119,425.9929470122029,1004
2024-09-20 11:12:12.129,425.957504166817,102
2024-09-20 11:12:12.146,425.93539605322223,104
2024-09-20 11:12:12.152,425.9947384255047,7
2024-09-20 11:12:12.198,425.9533765917504,14
2024-09-20 11:12:12.357,425.9526399131906,100
2024-09-20 11:12:12.388,425.9572189763536,13
2024-09-20 11:12:12.401,425.9595198123415,1001
2024-09-20 11:12:12.424,425.9539463420117,998
2024-09-20 11:12:12.438,425.9806142642953,104
2024-09-20 11:12:12.458,425.9897953382792,105
2024-09-20 11:12:12.465,425.9836147702887,995
2024-09-20 11:12:12.498,425.9726066303688,10
2024-09-20 11:12:12.712,425.953539506368,9
2024-09-20 11:12:12.717,425.9459918454423,7
2024-09-20 11:12:12.780,425.9758610319036,13
2024-09-20 11:12:12.810,425.9492805254048,1002
2024-09-20 11:12:12.839,425.9581331601991,14
2024-09-20 11:12:12.852,425.9855403505056,9
2024-09-20 11:12:12.856,425.9482307214741,1000
2024-09-20 11:12:12.909,425.9655489036485,8
2024-09-20 11:12:13.324,425.9639309995712,98
2024-09-20 11:12:14.019,425.8946165598592,1000
2024-09-20 11:12:14.020,425.9480521107505,1005
2024-09-20 11:12:14.080,425.887118551988,6
2024-09-20 11:12:14.405,425.8650345512808,99
2024-09-20 11:12:14.565,425.9551825715613,1002
2024-09-20 11:12:14.591,425.8976044281032,100
2024-09-20 11:12:14.607,425.9189927432166,1002
2024-09-20 11:12:14.633,425.93001336334726,996
2024-09-20 11:12:14.644,425.9073871845952,10
2024-09-20 11:12:14.657,425.8810567828039,1004
2024-09-20 11:12:14.828,425.9022251420623,6
2024-09-20 11:12:14.843,425.9344064713436,15
2024-09-20 11:12:14.858,425.9287984199196,13
2024-09-20 11:12:15.140,425.856910356565,105
2024-09-20 11:12:15.735,425.8684662797261,101
2024-09-20 11:12:15.872,425.8641275016751,1001
2024-09-20 11:12:16.273,425.8627126097511,1003
2024-09-20 11:12:16.298,425.8826843399316,99
2024-09-20 11:12:16.405,425.8596466546669,99
2024-09-20 11:12:16.432,425.8737486495982,997
2024-09-20 11:12:16.644,425.882248203468,12
2024-09-20 11:12:17.003,425.8407147076437,101
2024-09-20 11:12:17.058,425.8647694809634,1002
2024-09-20 11:12:17.068,425.86814208427296,103
2024-09-20 11:12:17.101,425.8729220088736,1002
2024-09-20 11:12:17.192,425.8317165216103,13
2024-09-20 11:12:17.195,425.7914680027827,102
2024-09-20 11:12:17.287,425.8115765960466,100
2024-09-20 11:12:17.458,425.813860852877,95
2024-09-20 11:12:17.535,425.85192998044937,995
2024-09-20 11:12:17.731,425.8115252755728,102
2024-09-20 11:12:17.752,425.8756127260656,97
2024-09-20 11:12:17.858,425.7856748899853,13
2024-09-20 11:12:18.017,425.77714164111694,99
2024-09-20 11:12:18.335,425.7921126086134,8
2024-09-20 11:12:18.475,425.7719857103775,103
2024-09-20 11:12:18.525,425.7927964914318,101
2024-09-20 11:12:18.792,425.7873196365034,13
2024-09-20 11:12:18.834,425.8080666357491,11
2024-09-20 11:12:18.949,425.7721580236291,9
2024-09-20 11:12:18.960,425.7791788454648,5
2024-09-20 11:12:19.044,425.77724065660897,6
2024-09-20 11:12:19.095,425.781061550383,1002
2024-09-20 11:12:19.216,425.7752931482111,997
2024-09-20 11:12:19.346,425.79253977346247,6
2024-09-20 11:12:19.421,425.76908717283567,105
2024-09-20 11:12:19.516,425.7795118522595,103
2024-09-20 11:12:19.607,425.7840863509463,100
2024-09-20 11:12:19.635,425.7986138273864,996
2024-09-20 11:12:19.687,425.7879339227516,103
2024-09-20 11:12:19.701,425.7888638609555,999
2024-09-20 11:12:19.777,425.7956626051548,105
2024-09-20 11:12:19.857,425.7700953904564,98
2024-09-20 11:12:19.898,425.7990257594917,97
2024-09-20 11:12:19.969,425.76440597377314,96
2024-09-20 11:12:19.997,425.7757888550587,1002
2024-09-20 11:12:21.265,425.79929441435706,103
2024-09-20 11:12:21.467,425.8112000628087,99
2024-09-20 11:12:21.482,425.77100454316974,7
2024-09-20 11:12:21.639,425.80262238158446,8
2024-09-20 11:12:21.643,425.79098504232593,95
2024-09-20 11:12:21.809,425.78471011315065,15
2024-09-20 11:12:21.847,425.807744725716,995
2024-09-20 11:12:21.886,425.7832184392242,99
2024-09-20 11:12:22.000,425.84584118358623,14
2024-09-20 11:12:22.032,425.8590452363009,5
2024-09-20 11:12:22.067,425.864723336615,105
2024-09-20 11:12:22.105,425.8539637580304,99
2024-09-20 11:12:22.147,425.8310072443551,995
2024-09-20 11:12:22.207,425.84494282348567,102
2024-09-20 11:12:22.229,425.8552980787869,998
2024-09-20 11:12:22.244,425.82533824722594,1002
2024-09-20 11:12:22.353,425.8537325360922,1005
2024-09-20 11:12:22.391,425.84605384956063,1005
2024-09-20 11:12:22.506,425.8469049147817,96
2024-09-20 11:12:22.520,425.8469303778486,96
2024-09-20 11:12:22.539,425.85966258876687,105
2024-09-20 11:12:22.598,425.8356837014171,1000
2024-09-20 11:12:22.627,425.8719663832453,99
2024-09-20 11:12:22.653,42.585423940768905,6
2024-09-20 11:12:22.693,425.8863950938429,10
2024-09-20 11:12:22.715,425.8289619535439,999
2024-09-20 11:12:22.742,425.844974217009,95
2024-09-20 11:12:22.802,425.8579875676477,98
2024-09-20 11:12:22.816,425.84865728562727,996
2024-09-20 11:12:22.951,425.8363261507968,999
2024-09-20 11:12:22.960,425.8644770344325,100
2024-09-20 11:12:23.044,425.8347150483741,998
2024-09-20 11:12:23.077,425.77287446024025,13
2024-09-20 11:12:23.095,425.79805822216287,6
2024-09-20 11:12:23.182,425.7841051812623,15
2024-09-20 11:12:23.192,425.757492514911,103
2024-09-20 11:12:23.210,425.8095343434808,11
2024-09-20 11:12:23.248,425.7540480700352,95
2024-09-20 11:12:23.248,425.8397466083306,6
2024-09-20 11:12:23.269,425.8333492526181,105
2024-09-20 11:12:23.291,425.76658576521777,104
2024-09-20 11:12:23.326,425.8170690746188,104
2024-09-20 11:12:23.365,425.8147062400921,1002
2024-09-20 11:12:23.414,425.8042081006044,102
2024-09-20 11:12:23.482,425.7640921996018,998
2024-09-20 11:12:23.505,425.84165174844713,97
2024-09-20 11:12:23.511,425.8303033903365,1002
2024-09-20 11:12:23.532,425.82115043653766,5
2024-09-20 11:12:23.541,425.7992737028413,97
2024-09-20 11:12:23.596,425.793192361176,95
2024-09-20 11:12:23.610,425.8119880932134,95
2024-09-20 11:12:23.644,425.8314439465686,995
2024-09-20 11:12:23.746,425.7864914732213,97
2024-09-20 11:12:23.774,425.83122148237663,1000
2024-09-20 11:12:23.890,425.8302386383757,995
2024-09-20 11:12:23.903,425.8262515795921,7
2024-09-20 11:12:23.965,425.80703888282073,105
2024-09-20 11:12:23.991,425.7817484354305,5
2024-09-20 11:12:24.135,425.8541102095008,1003
2024-09-20 11:12:24.171,425.82562721637976,12
2024-09-20 11:12:24.864,425.8376865102733,1004
2024-09-20 11:12:24.905,425.8330340306177,1005
2024-09-20 11:12:24.947,425.839314357783,104
2024-09-20 11:12:24.975,425.85763203512846,104
2024-09-20 11:12:25.081,425.8751275025523,96
2024-09-20 11:12:25.156,425.880591659352,103
2024-09-20 11:12:25.299,425.8718373054355,1003
2024-09-20 11:12:25.302,425.8740797590159,995
2024-09-20 11:12:25.307,,9
2024-09-20 11:12:25.351,425.88498457817576,9
2024-09-20 11:12:25.395,425.870878082354,1004
2024-09-20 11:12:25.480,425.88371072736567,7
2024-09-20 11:12:25.499,425.8740615265463,1001
2024-09-20 11:12:25.562,425.86809933584095,14
2024-09-20 11:12:25.608,425.8822392480898,11
2024-09-20 11:12:25.708,425.8903043239068,103
2024-09-20 11:12:25.721,425.8624272807746,1002
2024-09-20 11:12:25.759,425.8726561516432,13
2024-09-20 11:12:25.772,42.58754611365933,6
2024-09-20 11:12:25.783,425.8645789925864,15
2024-09-20 11:12:25.982,425.8692360886564,9
2024-09-20 11:12:26.075,425.7702783532887,8
2024-09-20 11:12:26.139,425.8422196473781,9
2024-09-20 11:12:26.174,425.8072648508302,6
2024-09-20 11:12:26.177,425.8946271887305,1001
2024-09-20 11:12:26.218,425.87834760540255,998
2024-09-20 11:12:26.222,425.8313060151752,105
2024-09-20 11:12:26.226,425.8501103402695,10
2024-09-20 11:12:26.271,425.9007725073752,105
2024-09-20 11:12:26.307,425.883799308372,103
2024-09-20 11:12:26.308,425.74911033916754,1002
2024-09-20 11:12:26.321,425.9015709533724,12
2024-09-20 11:12:26.341,425.8073615135933,8
2024-09-20 11:12:26.390,425.8436130924195,15
2024-09-20 11:12:26.472,425.8949430014813,95
2024-09-20 11:12:26.486,425.8905162837137,1005
2024-09-20 11:12:26.569,425.87102622594506,1002
2024-09-20 11:12:26.581,425.7765154642765,14
2024-09-20 11:12:26.588,425.8946778727999,15
2024-09-20 11:12:26.588,425.87843787430296,11
2024-09-20 11:12:26.644,425.7528962475719,105
2024-09-20 11:12:26.661,425.8467749783061,9
2024-09-20 11:12:26.805,425.88027421952256,6
2024-09-20 11:12:26.809,425.9115901507651,9
2024-09-20 11:12:26.833,425.85029429915033,1005
2024-09-20 11:12:26.862,425.8854465750837,1003
2024-09-20 11:12:26.913,425.881408333438,11
2024-09-20 11:12:26.936,425.8632924780614,5
2024-09-20 11:12:26.955,425.78498071119344,102
2024-09-20 11:12:26.959,425.8776176557014,100
2024-09-20 11:12:27.241,425.8141976047916,1004
2024-09-20 11:12:27.316,425.8057715939858,13
2024-09-20 11:12:27.320,425.7947589483653,12
2024-09-20 11:12:27.332,425.7942532722656,10
2024-09-20 11:12:27.360,425.8174070331898,5
2024-09-20 11:12:27.402,425.7933072819369,1001
2024-09-20 11:12:27.418,425.7945270313746,11
2024-09-20 11:12:27.430,425.8301543479162,11
2024-09-20 11:12:27.606,425.7932897211365,99
2024-09-20 11:12:27.742,425.783535843113,103
2024-09-20 11:12:27.767,425.83760845428105,1004
2024-09-20 11:12:27.781,425.8389958290444,1000
2024-09-20 11:12:27.800,425.7990774577552,997
2024-09-20 11:12:27.945,425.82877192741785,11
2024-09-20 11:12:27.947,425.7856262641063,101
2024-09-20 11:12:28.067,425.8225037573173,1003
2024-09-20 11:12:28.176,425.8526496452661,8
2024-09-20 11:12:28.409,425.8506132222679,998
2024-09-20 11:12:28.641,425.8414047584864,102
2024-09-20 11:12:28.831,425.8368562200095,1004
2024-09-20 11:12:28.988,425.8363631716719,5
2024-09-20 11:12:29.005,425.9233123199661,101
2024-09-20 11:12:29.011,425.9054619407498,1005
2024-09-20 11:12:29.024,425.88880023873486,101
2024-09-20 11:12:29.063,425.9044079318117,102
2024-09-20 11:12:29.403,425.8523100546916,99
2024-09-20 11:12:29.445,425.924972495006,1003
2024-09-20 11:12:29.445,425.8795946667025,5
2024-09-20 11:12:29.485,425.8949009678471,102
2024-09-20 11:12:29.546,425.84011214315257,998
2024-09-20 11:12:29.577,425.9057558721939,5
2024-09-20 11:12:29.629,425.8697249507169,11
2024-09-20 11:12:29.766,425.9130991729892,995
2024-09-20 11:12:29.774,425.9133514800588,1002
2024-09-20 11:12:29.801,425.85859148603726,103
2024-09-20 11:12:29.884,425.9016213588461,997
2024-09-20 11:12:29.912,425.9145366463017,1000
2024-09-20 11:12:29.949,425.8547480164044,8
2024-09-20 11:12:30.060,425.9272588256285,5
2024-09-20 11:12:30.097,425.9052520620407,995
2024-09-20 11:12:30.348,425.9037783278407,8
2024-09-20 11:12:30.617,425.89640353172416,1000
2024-09-20 11:12:30.631,425.9016616259369,101
2024-09-20 11:12:30.853,425.9027316677922,96
2024-09-20 11:12:30.876,425.9216670477099,98
2024-09-20 11:12:30.929,425.9114374150833,103
2024-09-20 11:12:31.196,425.90300433899154,14
2024-09-20 11:12:31.258,425.8835600142612,1005
2024-09-20 11:12:31.259,425.9274350626214,8
2024-09-20 11:12:31.283,425.89560845501967,97
2024-09-20 11:12:31.287,425.8917785046223,8
2024-09-20 11:12:31.292,425.9017347682239,101
2024-09-20 11:12:31.294,425.8900227950532,99
2024-09-20 11:12:31.299,425.8888835424377,5
2024-09-20 11:12:31.306,425.89688776058034,10
2024-09-20 11:12:31.328,425.9060127761749,104
2024-09-20 11:12:31.401,425.88143019488734,998
2024-09-20 11:12:31.407,425.86889851736913,1001
2024-09-20 11:12:31.411,425.8885685734575,5
2024-09-20 11:12:31.417,425.8922610541196,1005
2024-09-20 11:12:31.451,425.8945911416845,6
2024-09-20 11:12:31.463,425.8722429240984,1005
2024-09-20 11:12:31.521,425.8955466066924,7
2024-09-20 11:12:31.543,425.9142456808242,998
2024-09-20 11:12:31.636,425.885948471626,997
2024-09-20 11:12:31.655,425.9045729158083,1002
2024-09-20 11:12:31.691,425.87831584257657,14
2024-09-20 11:12:31.724,425.908168716112,7
2024-09-20 11:12:31.739,425.9117352346203,9
2024-09-20 11:12:31.795,425.9029851424343,97
2024-09-20 11:12:31.962,425.9045207152775,13
2024-09-20 11:12:31.969,425.8980898742312,6
2024-09-20 11:12:32.002,425.8413781569727,15
2024-09-20 11:12:32.074,425.8510661155812,11
2024-09-20 11:12:32.095,425.8757921923566,995
2024-09-20 11:12:32.270,425.8551706206291,1004
2024-09-20 11:12:32.313,425.8392314405855,995
2024-09-20 11:12:32.494,425.8353339484957,95
2024-09-20 11:12:32.498,425.8855287399527,10
2024-09-20 11:12:32.570,,103
2024-09-20 11:12:32.573,425.8580695487649,13
2024-09-20 11:12:32.592,425.8369745088328,96
2024-09-20 11:12:32.593,425.8441713318481,998
2024-09-20 11:12:32.630,425.86141658074905,12
2024-09-20 11:12:32.696,425.8881640633018,15
2024-09-20 11:12:32.757,425.827936051147,98
2024-09-20 11:12:32.764,425.8366515369841,97
2024-09-20 11:12:32.791,425.8851345300928,10
2024-09-20 11:12:32.838,425.88791075713584,8
2024-09-20 11:12:32.905,425.8721045602832,96
2024-09-20 11:12:32.928,425.8541593240341,1001
2024-09-20 11:12:33.921,425.82083291247534,15
2024-09-20 11:12:34.185,425.8093114831951,14
2024-09-20 11:12:34.399,425.81390075538513,996
2024-09-20 11:12:34.668,425.7924730147251,1003
2024-09-20 11:12:34.855,425.80257557100254,7
2024-09-20 11:12:35.064,425.800078682479,98
2024-09-20 11:12:35.072,425.8432332098492,97
2024-09-20 11:12:35.200,425.8504303117827,997
2024-09-20 11:12:35.683,425.8416615204004,1004
2024-09-20 11:12:35.712,425.8504900057831,12
2024-09-20 11:12:35.747,425.8538431231677,995
2024-09-20 11:12:35.767,425.8482397267458,102
2024-09-20 11:12:35.773,425.8126207917158,101
2024-09-20 11:12:36.057,425.8373888826394,95
2024-09-20 11:12:36.071,425.8248726569729,1004
2024-09-20 11:12:36.782,425.8477541286562,995
2024-09-20 11:12:37.112,425.845455673786,1005
2024-09-20 11:12:37.212,425.8826870469014,96
2024-09-20 11:12:37.253,425.856068042562,6
2024-09-20 11:12:37.363,425.8603537097365,5
2024-09-20 11:12:37.427,425.8125570522855,99
2024-09-20 11:12:37.430,42.58627579334585,999
2024-09-20 11:12:37.461,425.8351645346994,1005
2024-09-20 11:12:37.466,425.85108008149393,995
2024-09-20 11:12:37.576,425.8492875500074,101
2024-09-20 11:12:37.727,425.7864697225422,97
2024-09-20 11:12:37.778,425.8579749552224,9
2024-09-20 11:12:37.794,425.8551813243277,1001
2024-09-20 11:12:37.861,425.8623091905317,7
2024-09-20 11:12:37.947,425.80584166682064,9
2024-09-20 11:12:37.980,425.8519008360254,7
2024-09-20 11:12:38.003,425.7975409612937,999
2024-09-20 11:12:38.026,425.7752194593442,95
2024-09-20 11:12:38.112,425.7703100700661,9
2024-09-20 11:12:38.118,425.7778684492423,6
2024-09-20 11:12:38.128,425.7740303423922,11
2024-09-20 11:12:38.134,425.7748980088758,15
2024-09-20 11:12:38.176,425.7620588935375,6
2024-09-20 11:12:38.319,425.7655929757408,11
2024-09-20 11:12:38.390,425.76311410485386,10
2024-09-20 11:12:38.419,425.7808921119542,998
2024-09-20 11:12:38.436,425.7948939149365,14
2024-09-20 11:12:38.497,425.7511679229126,103
2024-09-20 11:12:38.527,425.7597122638508,1000
2024-09-20 11:12:38.553,425.7651269353384,104
2024-09-20 11:12:38.606,425.7660861150422,1003
2024-09-20 11:12:38.760,425.7655541324431,5
2024-09-20 11:12:38.792,425.7909887696537,98
2024-09-20 11:12:38.894,425.7994549914645,5
2024-09-20 11:12:38.963,425.8100938594425,13
2024-09-20 11:12:38.963,425.7599628148544,1004
2024-09-20 11:12:39.019,425.80611521323806,999
2024-09-20 11:12:39.076,425.74251122682136,10
2024-09-20 11:12:39.090,425.731749053858,15
2024-09-20 11:12:39.196,425.7892973019594,1001
2024-09-20 11:12:39.274,425.7553451007136,5
2024-09-20 11:12:39.290,425.7420484861818,996
2024-09-20 11:12:39.295,425.7993442773574,8
2024-09-20 11:12:39.378,425.775906667457,996
2024-09-20 11:12:39.402,425.78422713881736,9
2024-09-20 11:12:39.526,425.8125587503114,1005
2024-09-20 11:12:39.551,425.7701250896843,102
2024-09-20 11:12:39.676,425.7759573002891,1005
2024-09-20 11:12:39.700,425.801878495658,1000
2024-09-20 11:12:39.724,425.7921323051112,103
2024-09-20 11:12:39.754,425.7706717089641,5
2024-09-20 11:12:39.796,425.7720321281999,8
2024-09-20 11:12:39.857,425.7978635974046,995
2024-09-20 11:12:39.869,425.7872675690712,1005
2024-09-20 11:12:39.893,425.79151586260775,995
2024-09-20 11:12:39.898,425.7856344121198,1005
2024-09-20 11:12:39.930,425.78133973778887,11
2024-09-20 11:12:39.966,425.7675284388969,1004
2024-09-20 11:12:40.258,425.7210351148164,13
2024-09-20 11:12:40.394,425.7187278509096,995
2024-09-20 11:12:41.332,425.7094766149338,995
2024-09-20 11:12:41.335,425.7294956319143,102
2024-09-20 11:12:41.533,425.6944986144304,13
2024-09-20 11:12:41.791,425.7174528043792,1003
2024-09-20 11:12:41.982,425.73319582490376,12
2024-09-20 11:12:42.046,425.67852028425904,1003
2024-09-20 11:12:42.082,425.6907005684018,1005
2024-09-20 11:12:42.177,425.6684456198152,1005
2024-09-20 11:12:42.468,425.6687817216422,99
2024-09-20 11:12:42.518,425.663488548471,1002
2024-09-20 11:12:42.586,425.6518791649925,1003
2024-09-20 11:12:42.597,425.649208039742,995
2024-09-20 11:12:42.602,425.6603290236208,998
2024-09-20 11:12:42.674,425.6776105782723,6
2024-09-20 11:12:42.678,425.6836108904512,97
2024-09-20 11:12:42.682,425.6532499310339,8
2024-09-20 11:12:42.759,425.6583341102807,15
2024-09-20 11:12:42.845,425.67027122410775,98
2024-09-20 11:12:42.860,425.684089943077,95
2024-09-20 11:12:42.875,42.5672817486338,995
2024-09-20 11:12:42.999,425.66805572743255,104
2024-09-20 11:12:43.041,425.7097511426642,15
2024-09-20 11:12:43.064,425.6931742304414,995
2024-09-20 11:12:43.167,425.6840179800328,96
2024-09-20 11:12:43.176,425.69541881712735,1005
2024-09-20 11:12:43.189,425.6827109220713,99
2024-09-20 11:12:43.204,425.68309339134055,9
2024-09-20 11:12:43.295,425.6870149491191,96
2024-09-20 11:12:43.320,425.68660611869007,10
2024-09-20 11:12:43.378,425.6955509283529,104
2024-09-20 11:12:43.409,425.6771189452765,12
2024-09-20 11:12:43.429,425.6859254545808,13
2024-09-20 11:12:43.531,425.6875987638614,7
2024-09-20 11:12:43.538,425.6624273820991,96
2024-09-20 11:12:43.548,425.6694250530773,995
2024-09-20 11:12:43.552,425.6857237931736,7
2024-09-20 11:12:43.554,425.6802685724285,12
2024-09-20 11:12:43.556,425.67278716549663,1001
2024-09-20 11:12:43.573,425.67966906807294,1003
2024-09-20 11:12:43.588,425.685988677042,13
2024-09-20 11:12:43.622,425.6755699084271,12
2024-09-20 11:12:43.699,425.69250096538326,101
2024-09-20 11:12:43.702,425.67475754289137,97
2024-09-20 11:12:43.705,425.6667393329918,104
2024-09-20 11:12:43.710,425.667632691647,13
2024-09-20 11:12:43.736,,995
2024-09-20 11:12:43.769,425.694837584315,1004
2024-09-20 11:12:43.852,425.6972699465819,7
2024-09-20 11:12:43.859,425.6910950430199,10
2024-09-20 11:12:43.918,425.6917881675343,1005
2024-09-20 11:12:44.018,425.6540666965744,101
2024-09-20 11:12:44.072,425.6825352121608,995
2024-09-20 11:12:44.108,425.667895280822,98
2024-09-20 11:12:44.171,425.6755463731974,103
2024-09-20 11:12:44.178,425.6694975660296,1003
2024-09-20 11:12:44.195,425.65617221663854,1001
2024-09-20 11:12:44.382,425.6758413829925,96
2024-09-20 11:12:44.401,425.6910738421402,105
2024-09-20 11:12:44.411,425.7192389596895,1004
2024-09-20 11:12:44.446,425.65989259970695,101
2024-09-20 11:12:44.514,425.6649175444402,102
2024-09-20 11:12:44.645,425.6765775048247,999
2024-09-20 11:12:44.678,425.6842917851888,105
2024-09-20 11:12:44.748,425.7640268521652,11
2024-09-20 11:12:44.854,425.7090104187955,97
2024-09-20 11:12:44.917,425.74213869609616,105
2024-09-20 11:12:44.927,425.7407053542612,1003
2024-09-20 11:12:44.963,425.7049110156148,1004
2024-09-20 11:12:45.085,425.7857834030527,997
2024-09-20 11:12:45.512,425.7667719720632,97
2024-09-20 11:12:45.527,425.808720296815,6
2024-09-20 11:12:45.673,425.8124901642888,105
2024-09-20 11:12:45.851,425.81853679629546,999
2024-09-20 11:12:45.852,425.7853504699821,1003
2024-09-20 11:12:45.855,425.8086623487013,1001
2024-09-20 11:12:46.128,425.835700461992,995
2024-09-20 11:12:46.184,425.82532630824113,96
2024-09-20 11:12:46.303,425.8058063975872,8
2024-09-20 11:12:46.323,425.8107637277967,995
2024-09-20 11:12:46.540,425.81480970286384,997
2024-09-20 11:12:46.560,425.8481462016394,102
2024-09-20 11:12:46.689,425.8210928610606,995
2024-09-20 11:12:46.795,425.8413175150336,99
2024-09-20 11:12:46.926,425.82672858821775,9
2024-09-20 11:12:47.004,425.8503614990742,998
2024-09-20 11:12:47.016,425.8548252885362,97
2024-09-20 11:12:47.090,425.8509199509049,7
2024-09-20 11:12:47.485,425.8429147885847,98
2024-09-20 11:12:47.499,425.8477959927163,96
2024-09-20 11:12:47.506,425.84267226123416,104
2024-09-20 11:12:47.592,425.84026102375526,97
2024-09-20 11:12:47.729,425.8658751852817,14
2024-09-20 11:12:47.964,425.85255213152993,105
2024-09-20 11:12:48.012,425.8254799680362,15
2024-09-20 11:12:48.053,425.8173858826218,7
2024-09-20 11:12:48.294,425.8495059663501,8
2024-09-20 11:12:48.358,425.8247064639705,1002
2024-09-20 11:12:48.375,425.8456050299613,1005
2024-09-20 11:12:48.396,425.8451046983628,7
2024-09-20 11:12:48.455,,1000
2024-09-20 11:12:48.573,425.8186934008595,97
2024-09-20 11:12:48.587,425.8545676985456,9
2024-09-20 11:12:48.698,425.8087278817746,99
2024-09-20 11:12:48.866,425.8162196158308,1005
2024-09-20 11:12:48.901,425.83343886178034,99
2024-09-20 11:12:48.962,425.84907088477456,100
2024-09-20 11:12:48.985,425.8448711852519,14
2024-09-20 11:12:49.136,425.81174930993006,102
2024-09-20 11:12:49.676,425.8169411042872,1004
2024-09-20 11:12:49.757,425.81997405152,98
2024-09-20 11:12:49.815,425.8089658714477,97
2024-09-20 11:12:49.888,425.8171719139975,103
2024-09-20 11:12:50.048,425.8458444838965,104
2024-09-20 11:12:50.075,425.7985187245317,11
2024-09-20 11:12:50.115,425.8431698756749,98
2024-09-20 11:12:50.147,425.8285878181582,97
2024-09-20 11:12:50.194,425.83903839178726,105
2024-09-20 11:12:50.227,425.8265095965688,101
2024-09-20 11:12:50.354,425.8173168139409,11
2024-09-20 11:12:50.356,425.8234466614852,5
2024-09-20 11:12:50.406,425.82473337161576,12
2024-09-20 11:12:50.415,425.8456152398328,6
2024-09-20 11:12:50.443,425.81011872423926,1005
2024-09-20 11:12:50.508,425.8384003148012,1001
2024-09-20 11:12:50.576,425.82799993269714,11
2024-09-20 11:12:50.636,425.81319397153857,1004
2024-09-20 11:12:50.636,425.8496764583615,95
2024-09-20 11:12:50.642,425.84129211593984,103
2024-09-20 11:12:50.652,425.8274569851331,99
2024-09-20 11:12:50.683,425.8315553245936,104
2024-09-20 11:12:50.806,425.81349642543,9
2024-09-20 11:12:50.814,425.8389726027237,103
2024-09-20 11:12:50.839,425.8341832450781,95
2024-09-20 11:12:50.918,425.8188591539139,95
2024-09-20 11:12:50.939,425.8283841441168,996
2024-09-20 11:12:50.958,425.8009496989905,105
2024-09-20 11:12:51.002,425.80161157425295,1001
2024-09-20 11:12:51.033,425.74133710688335,1003
2024-09-20 11:12:51.043,425.7624948460317,105
2024-09-20 11:12:51.067,425.8304968728537,999
2024-09-20 11:12:51.144,425.8230060976552,995
2024-09-20 11:12:51.180,425.8088150489029,105
2024-09-20 11:12:51.224,425.7641937474472,1003
2024-09-20 11:12:51.225,425.77216541034346,8
2024-09-20 11:12:51.255,425.7561239860816,9
2024-09-20 11:12:51.282,425.7649830657698,10
2024-09-20 11:12:51.318,425.77332045795686,12
2024-09-20 11:12:51.346,425.75471450438494,6
2024-09-20 11:12:51.349,425.7605962166463,996
2024-09-20 11:12:51.388,425.7773756370136,995
2024-09-20 11:12:51.432,425.81469905808353,995
2024-09-20 11:12:51.454,425.7355431160808,8
2024-09-20 11:12:51.470,425.81965932709727,9
2024-09-20 11:12:51.470,425.7888485883397,95
2024-09-20 11:12:51.576,425.8017353571191,998
2024-09-20 11:12:51.640,425.8010275325672,98
2024-09-20 11:12:51.709,425.79539615786376,11
2024-09-20 11:12:51.728,425.74168744456085,103
2024-09-20 11:12:51.739,425.7864302143866,8
2024-09-20 11:12:51.863,425.7929997107283,995
2024-09-20 11:12:51.892,425.7868949475632,11
2024-09-20 11:12:51.911,425.82234019099786,995
2024-09-20 11:12:51.928,425.7963829876473,997
2024-09-20 11:12:51.944,425.7732557556433,995
2024-09-20 11:12:52.018,42.57477478702227,998
2024-09-20 11:12:52.054,425.8101543714353,1005
2024-09-20 11:12:52.077,425.7924759176379,97
2024-09-20 11:12:52.107,425.7994680101155,1000
2024-09-20 11:12:52.144,425.8161461614051,11
2024-09-20 11:12:52.169,425.79032837751095,1003
2024-09-20 11:12:52.197,425.7936279356396,100
2024-09-20 11:12:52.237,425.7494687398087,996
2024-09-20 11:12:52.294,425.7744773977985,100
2024-09-20 11:12:52.299,425.7699234439167,7
2024-09-20 11:12:52.360,425.8013346466408,999
2024-09-20 11:12:52.477,425.8133133082138,95
2024-09-20 11:12:52.570,425.7493595671397,98
2024-09-20 11:12:52.598,425.748852448661,97
2024-09-20 11:12:52.609,425.7840775621885,101
2024-09-20 11:12:52.631,425.81393742492463,11
2024-09-20 11:12:52.647,425.7462186299432,5
2024-09-20 11:12:52.667,425.786195803428,1004
2024-09-20 11:12:52.668,425.7266284108202,999
2024-09-20 11:12:52.691,425.7628637221411,1002
2024-09-20 11:12:52.744,425.8158322206405,101
2024-09-20 11:12:52.786,425.7528230789269,99
2024-09-20 11:12:52.832,425.7428859025706,103
2024-09-20 11:12:52.844,425.8293638816263,1004
2024-09-20 11:12:52.845,-425.7518496025968,1005
2024-09-20 11:12:52.905,425.740361990505,1003
2024-09-20 11:12:52.908,425.7698710243133,13
2024-09-20 11:12:52.937,425.7838897159897,996
2024-09-20 11:12:53.014,425.7698083568913,996
2024-09-20 11:12:53.046,425.781794516557,14
2024-09-20 11:12:53.079,425.7695503863943,98
2024-09-20 11:12:53.123,425.7738135395244,998
2024-09-20 11:12:53.264,425.7982195522269,95
2024-09-20 11:12:53.287,425.7926506573178,998
2024-09-20 11:12:53.333,425.8280609779949,100
2024-09-20 11:12:53.545,425.7842267176197,1002
2024-09-20 11:12:53.598,425.7968880629052,8
2024-09-20 11:12:53.620,425.7777188455463,99
2024-09-20 11:12:53.623,425.77039732280446,7
2024-09-20 11:12:53.631,,104
2024-09-20 11:12:53.635,425.8277329168016,12
2024-09-20 11:12:53.680,425.7769520934191,5
2024-09-20 11:12:53.682,425.7777997858194,13
2024-09-20 11:12:53.767,425.7880455280812,1000
2024-09-20 11:12:53.782,425.7939433028012,995
2024-09-20 11:12:53.865,425.8034903621118,1002
2024-09-20 11:12:53.982,425.78640066881866,10
2024-09-20 11:12:54.005,425.7208104954744,7
2024-09-20 11:12:54.041,425.7267691593864,14
2024-09-20 11:12:54.045,425.8016234617217,6
2024-09-20 11:12:54.062,425.7147548803983,100
2024-09-20 11:12:54.065,425.7721980904949,105
2024-09-20 11:12:54.086,425.7423692385482,997
2024-09-20 11:12:54.094,425.77777558284697,998
2024-09-20 11:12:54.108,425.748297894913,13
2024-09-20 11:12:54.133,425.81025782734326,999
2024-09-20 11:12:54.155,425.75724394370303,5
2024-09-20 11:12:54.263,425.7785036031822,96
2024-09-20 11:12:54.318,425.81228040867205,1002
2024-09-20 11:12:54.353,425.7465413225896,1004
2024-09-20 11:12:54.358,425.7206662310778,1004
2024-09-20 11:12:54.398,425.7126519758335,99
2024-09-20 11:12:54.411,425.7879868777146,995
2024-09-20 11:12:54.460,,98
2024-09-20 11:12:54.498,425.7784526663581,11
2024-09-20 11:12:54.512,425.7425029403519,6
2024-09-20 11:12:54.561,425.74732210606055,99
2024-09-20 11:12:54.579,425.7612959024648,14
2024-09-20 11:12:54.595,425.72855690951343,999
2024-09-20 11:12:54.650,42.58114027088416,103
2024-09-20 11:12:54.690,425.7387345671849,996
2024-09-20 11:12:54.810,425.7631314092583,101
2024-09-20 11:12:54.871,425.7425267538506,104
2024-09-20 11:12:54.917,425.7351718328878,1002
2024-09-20 11:12:55.123,425.7832426457296,1000
2024-09-20 11:12:55.192,425.7714564611728,1003
2024-09-20 11:12:55.631,425.74345973996566,15
2024-09-20 11:12:55.637,425.782728401136,1001
2024-09-20 11:12:55.645,425.765395057188,99
2024-09-20 11:12:55.680,425.75277893698296,99
2024-09-20 11:12:55.720,425.77178451221664,1003
2024-09-20 11:12:56.041,425.9064202647643,103
2024-09-20 11:12:56.046,425.8355620512398,6
2024-09-20 11:12:56.080,425.787531330089,7
2024-09-20 11:12:56.099,425.8868444611012,103
2024-09-20 11:12:56.178,425.88953222211177,15
2024-09-20 11:12:56.187,425.89208325079966,98
2024-09-20 11:12:56.209,425.8608300972915,11
2024-09-20 11:12:56.274,,998
2024-09-20 11:12:56.286,,97
2024-09-20 11:12:56.312,42.58504966620538,1002
2024-09-20 11:12:56.352,425.8561848957921,5
2024-09-20 11:12:56.401,425.87238890674536,998
2024-09-20 11:12:56.413,425.88003613946,995
2024-09-20 11:12:56.419,425.7602347361508,100
2024-09-20 11:12:56.421,425.891182523404,103
2024-09-20 11:12:56.427,425.8851820539171,9
2024-09-20 11:12:56.447,425.7865022560283,14
2024-09-20 11:12:56.477,425.8486017769095,15
2024-09-20 11:12:56.483,425.886033423156,995
2024-09-20 11:12:56.487,425.7573150237438,8
2024-09-20 11:12:56.509,425.8654239690287,1002
2024-09-20 11:12:56.553,425.8653485253174,15
2024-09-20 11:12:56.570,425.8931025879247,99
2024-09-20 11:12:56.616,425.8796804895343,11
2024-09-20 11:12:56.622,425.82060084581485,7
2024-09-20 11:12:56.905,425.8165008231792,1002
2024-09-20 11:12:56.916,425.7745275349285,105
2024-09-20 11:12:56.916,425.8625018345516,996
2024-09-20 11:12:57.096,425.88617370093993,996
2024-09-20 11:12:57.770,42.58825149526341,5
2024-09-20 11:12:58.176,425.8890460159381,999
2024-09-20 11:12:59.026,425.8645814631187,998
2024-09-20 11:12:59.162,425.84821421576646,999
2024-09-20 11:12:59.268,425.8558933316563,98
2024-09-20 11:12:59.645,425.8601689626088,99
2024-09-20 11:12:59.662,425.85058370110175,998
2024-09-20 11:12:59.720,425.8557627771679,10
2024-09-20 11:12:59.812,425.85299360642176,996
2024-09-20 11:12:59.917,425.8754642130473,998
2024-09-20 11:12:59.937,425.8505721163127,95
