Timestamp,Price,Size
2024-09-18 13:11:00.017,416.18767528350713,1001
2024-09-18 13:11:00.034,416.1722776953296,12
2024-09-18 13:11:00.150,416.16614928512007,999
2024-09-18 13:11:00.374,416.1933534849939,997
2024-09-18 13:11:00.408,416.165754811787,998
2024-09-18 13:11:00.428,416.1671491209912,10
2024-09-18 13:11:00.492,416.1565969597195,104
2024-09-18 13:11:00.515,416.1671158100376,7
2024-09-18 13:11:00.590,416.1729384998033,95
2024-09-18 13:11:00.624,416.1748449388975,997
2024-09-18 13:11:00.749,416.1656396667729,8
2024-09-18 13:11:00.766,416.1792625605272,101
2024-09-18 13:11:00.786,416.1717470224409,15
2024-09-18 13:11:00.821,416.19495168092885,96
2024-09-18 13:11:00.837,416.1673567591999,995
2024-09-18 13:11:01.159,416.1740974685239,7
2024-09-18 13:11:01.710,416.1859622183218,98
2024-09-18 13:11:02.770,416.1838474820854,15
2024-09-18 13:11:03.011,416.2357032644144,6
2024-09-18 13:11:03.038,416.2592695982232,100
2024-09-18 13:11:03.114,416.21586680976014,15
2024-09-18 13:11:03.220,416.2010964085016,98
2024-09-18 13:11:03.372,416.22306262020936,996
2024-09-18 13:11:03.449,416.1907294630902,1004
2024-09-18 13:11:03.501,416.244152226783,15
2024-09-18 13:11:03.506,416.2383528543935,101
2024-09-18 13:11:03.521,416.1999641294158,998
2024-09-18 13:11:03.537,416.2085757732271,98
2024-09-18 13:11:03.567,416.192779937423,98
2024-09-18 13:11:03.620,416.2050626012066,100
2024-09-18 13:11:03.653,416.2127530860717,999
2024-09-18 13:11:03.654,416.2149979694256,996
2024-09-18 13:11:03.728,416.28167303872056,997
2024-09-18 13:11:03.733,416.2891007388762,1005
2024-09-18 13:11:03.811,416.228322671001,1002
2024-09-18 13:11:03.811,416.2366565937618,10
2024-09-18 13:11:03.833,416.1778704604501,11
2024-09-18 13:11:03.922,416.1990982878247,104
2024-09-18 13:11:03.923,416.2709549864471,1000
2024-09-18 13:11:03.931,416.16646675090334,1003
2024-09-18 13:11:03.934,416.2256218405562,104
2024-09-18 13:11:03.937,416.20160127421633,104
2024-09-18 13:11:03.973,416.193688929845,1001
2024-09-18 13:11:04.007,416.2963217011985,8
2024-09-18 13:11:04.053,416.2797612514242,6
2024-09-18 13:11:04.102,416.2957157881996,7
2024-09-18 13:11:04.297,416.2924309898986,996
2024-09-18 13:11:04.719,416.2944521636078,1002
2024-09-18 13:11:04.837,416.2861782152433,96
2024-09-18 13:11:05.156,416.2771279263878,99
2024-09-18 13:11:05.187,416.2822217707888,12
2024-09-18 13:11:05.226,416.2946492419762,1001
2024-09-18 13:11:05.514,416.2919764698114,999
2024-09-18 13:11:05.906,416.2829594175228,12
2024-09-18 13:11:07.042,416.294940462212,98
2024-09-18 13:11:07.075,416.2761384638114,1002
2024-09-18 13:11:07.096,416.26796348723207,7
2024-09-18 13:11:07.137,416.2899291780964,95
2024-09-18 13:11:07.190,416.2799719279192,996
2024-09-18 13:11:07.486,416.2967563943435,104
2024-09-18 13:11:07.494,,998
2024-09-18 13:11:07.536,416.295580112797,98
2024-09-18 13:11:07.775,416.2699476387986,997
2024-09-18 13:11:07.818,416.2841167172497,1004
2024-09-18 13:11:07.902,416.2830955740668,1001
2024-09-18 13:11:07.934,416.309893611345,8
2024-09-18 13:11:07.935,416.285251555345,101
2024-09-18 13:11:07.947,416.2793981825541,1002
2024-09-18 13:11:08.011,416.3134476856389,95
2024-09-18 13:11:08.016,416.309507579982,996
2024-09-18 13:11:08.019,416.2851829798223,96
2024-09-18 13:11:08.028,416.3101892557322,104
2024-09-18 13:11:08.082,416.2792979079572,996
2024-09-18 13:11:08.171,416.29293913607177,101
2024-09-18 13:11:08.172,416.2763606334892,998
2024-09-18 13:11:08.181,416.311337205814,12
2024-09-18 13:11:08.211,416.3058592285898,100
2024-09-18 13:11:08.240,416.3089560204687,98
2024-09-18 13:11:08.271,,999
2024-09-18 13:11:08.277,416.3071793599142,995
2024-09-18 13:11:08.322,416.2586027275181,105
2024-09-18 13:11:08.328,416.2895273938352,96
2024-09-18 13:11:08.384,416.2801921944781,1004
2024-09-18 13:11:08.412,416.2815076848498,7
2024-09-18 13:11:08.463,416.2862080622508,1002
2024-09-18 13:11:08.512,416.2961974496377,1001
2024-09-18 13:11:08.551,416.2815766555768,101
2024-09-18 13:11:08.808,416.2463991897023,1002
2024-09-18 13:11:08.839,416.3079313410999,1003
2024-09-18 13:11:08.906,416.301405706744,1003
2024-09-18 13:11:08.929,416.2698796588127,1002
2024-09-18 13:11:08.933,416.2842145669681,14
2024-09-18 13:11:08.973,416.3229371842701,8
2024-09-18 13:11:08.985,416.3038441479112,95
2024-09-18 13:11:09.058,416.26033627759927,10
2024-09-18 13:11:09.120,416.24945522864425,1004
2024-09-18 13:11:09.191,416.2813410092188,999
2024-09-18 13:11:09.236,416.27401529944217,14
2024-09-18 13:11:09.240,416.2729415783234,104
2024-09-18 13:11:09.313,416.2678899744028,97
2024-09-18 13:11:09.364,,7
2024-09-18 13:11:09.637,416.2557972215135,103
2024-09-18 13:11:09.643,416.28709650855046,10
2024-09-18 13:11:09.826,416.2624406570078,97
2024-09-18 13:11:09.908,416.25968176850233,103
2024-09-18 13:11:10.007,416.3618944788725,102
2024-09-18 13:11:10.038,416.2676667582999,101
2024-09-18 13:11:10.075,416.34677140474986,11
2024-09-18 13:11:10.122,416.2971898762264,5
2024-09-18 13:11:10.230,416.3358640300913,102
2024-09-18 13:11:10.325,416.3399085089251,104
2024-09-18 13:11:10.455,416.35438036023896,1003
2024-09-18 13:11:10.597,416.34793884069353,13
2024-09-18 13:11:10.627,416.33643917876856,13
2024-09-18 13:11:10.696,416.3529308793331,5
2024-09-18 13:11:10.746,416.3421455531632,1005
2024-09-18 13:11:10.910,416.3397170537236,9
2024-09-18 13:11:11.345,416.3445540558793,997
2024-09-18 13:11:11.464,41.634732935030144,999
2024-09-18 13:11:11.473,416.34813689664907,7
2024-09-18 13:11:11.562,416.3381227231871,8
2024-09-18 13:11:11.607,416.3460813114061,999
2024-09-18 13:11:11.689,416.3590915651304,1001
2024-09-18 13:11:11.965,416.33727241064446,99
2024-09-18 13:11:12.023,416.3805364280236,996
2024-09-18 13:11:12.059,416.3307047283823,104
2024-09-18 13:11:12.160,416.367315991033,997
2024-09-18 13:11:12.174,416.3636889881288,999
2024-09-18 13:11:12.495,416.33524151074033,1003
2024-09-18 13:11:12.637,416.3670603877212,7
2024-09-18 13:11:12.912,416.3189073178828,11
2024-09-18 13:11:12.955,416.3431438184556,1001
2024-09-18 13:11:14.075,416.4091300528749,95
2024-09-18 13:11:14.317,416.40682789376064,99
2024-09-18 13:11:14.334,416.3917685063917,1003
2024-09-18 13:11:14.779,416.4002656812657,14
2024-09-18 13:11:15.064,416.452334405344,1003
2024-09-18 13:11:15.071,416.429532360836,10
2024-09-18 13:11:15.172,416.4113431143612,995
2024-09-18 13:11:15.211,416.4542371783372,99
2024-09-18 13:11:15.785,416.4247426979315,1003
2024-09-18 13:11:15.879,416.4089023844933,11
2024-09-18 13:11:16.019,416.4229674408013,7
2024-09-18 13:11:16.027,416.43409673593226,998
2024-09-18 13:11:16.047,416.37820019727326,1002
2024-09-18 13:11:16.079,416.4093306880935,13
2024-09-18 13:11:16.171,416.41438882638965,12
2024-09-18 13:11:16.205,416.4090556835106,7
2024-09-18 13:11:16.223,416.4222836831665,104
2024-09-18 13:11:16.448,416.3986180289448,1004
2024-09-18 13:11:16.501,416.3944587604767,95
2024-09-18 13:11:16.556,416.4132740101751,1002
2024-09-18 13:11:16.726,416.44107822601006,1004
2024-09-18 13:11:16.757,416.4230583900936,995
2024-09-18 13:11:16.785,416.41840241283137,95
2024-09-18 13:11:16.802,416.3790880724422,5
2024-09-18 13:11:16.821,416.3962499953656,101
2024-09-18 13:11:16.867,416.42896322931534,95
2024-09-18 13:11:16.943,416.3851265621224,998
2024-09-18 13:11:17.003,416.383081437028,1005
2024-09-18 13:11:17.082,416.3813389359812,96
2024-09-18 13:11:17.141,416.3805189906814,9
2024-09-18 13:11:17.203,416.40219203648905,11
2024-09-18 13:11:17.223,416.4051567509205,997
2024-09-18 13:11:17.271,416.38421609887206,98
2024-09-18 13:11:17.318,416.3983430955844,99
2024-09-18 13:11:17.364,416.3933088876925,5
2024-09-18 13:11:17.395,416.3823819465062,14
2024-09-18 13:11:17.399,416.3975010895082,101
2024-09-18 13:11:17.416,416.36857740164425,96
2024-09-18 13:11:17.498,416.397938260279,105
2024-09-18 13:11:17.533,416.3987215516967,998
2024-09-18 13:11:17.642,416.3916179807009,996
2024-09-18 13:11:17.657,416.3906994198117,104
2024-09-18 13:11:17.749,416.3754488135068,9
2024-09-18 13:11:17.779,416.3901598378026,5
2024-09-18 13:11:17.786,416.3861991484973,97
2024-09-18 13:11:17.822,416.3957730397457,98
2024-09-18 13:11:17.866,416.38310873706894,97
2024-09-18 13:11:17.988,416.4119568076587,99
2024-09-18 13:11:18.023,416.3929162676656,1004
2024-09-18 13:11:18.284,416.4069131730622,7
2024-09-18 13:11:18.392,416.3942964999156,95
2024-09-18 13:11:18.410,416.39246852749886,12
2024-09-18 13:11:18.743,416.3989027738632,97
2024-09-18 13:11:18.816,416.41835674374073,995
2024-09-18 13:11:18.918,416.405725253704,7
2024-09-18 13:11:19.006,416.3958524850129,1004
2024-09-18 13:11:19.042,416.3686228836205,104
2024-09-18 13:11:19.049,416.3314783893242,5
2024-09-18 13:11:19.157,416.3855150786339,105
2024-09-18 13:11:19.199,416.3375698136717,13
2024-09-18 13:11:19.311,416.3893638332976,996
2024-09-18 13:11:19.334,416.32703746849774,102
2024-09-18 13:11:19.469,416.3200607723646,11
2024-09-18 13:11:19.489,416.3595401292176,9
2024-09-18 13:11:19.551,416.3846270388159,104
2024-09-18 13:11:19.556,416.3451089223947,1001
2024-09-18 13:11:19.558,416.3571418371177,11
2024-09-18 13:11:19.585,416.34339094692007,7
2024-09-18 13:11:19.595,416.3391739683747,98
2024-09-18 13:11:19.629,416.3847242631855,8
2024-09-18 13:11:19.662,416.3627730342825,95
2024-09-18 13:11:19.683,416.3875570879365,1003
2024-09-18 13:11:19.772,416.393990502582,96
2024-09-18 13:11:19.782,416.3868316510156,14
2024-09-18 13:11:19.798,416.3588244542484,10
2024-09-18 13:11:19.833,416.3731245449365,995
2024-09-18 13:11:19.915,416.3734761171393,1004
2024-09-18 13:11:19.993,416.3523206391425,98
2024-09-18 13:11:20.124,416.3594208268155,11
2024-09-18 13:11:20.169,416.4840072444438,14
2024-09-18 13:11:20.247,416.4477810512159,8
2024-09-18 13:11:20.342,416.43767024553455,1005
2024-09-18 13:11:20.368,416.4310172361893,95
2024-09-18 13:11:20.374,416.4551446969516,1000
2024-09-18 13:11:20.392,416.46519733371554,1004
2024-09-18 13:11:20.396,416.4331374031342,1001
2024-09-18 13:11:20.409,416.4395688194616,13
2024-09-18 13:11:20.466,416.4406023032074,1002
2024-09-18 13:11:20.472,416.45577885534567,6
2024-09-18 13:11:20.583,416.4410446636887,99
2024-09-18 13:11:20.617,416.4620877526366,11
2024-09-18 13:11:20.645,416.4537826337308,995
2024-09-18 13:11:20.689,416.40747302751487,997
2024-09-18 13:11:20.712,416.387685598188,15
2024-09-18 13:11:20.715,416.3580136377973,101
2024-09-18 13:11:20.754,416.38493268869,7
2024-09-18 13:11:20.794,416.48062442423566,1004
2024-09-18 13:11:20.817,416.4372944655956,14
2024-09-18 13:11:20.819,416.43379871764967,5
2024-09-18 13:11:20.924,416.4458502888799,105
2024-09-18 13:11:20.945,416.4392004689535,101
2024-09-18 13:11:20.986,416.46378210118553,11
2024-09-18 13:11:21.041,416.46489950772633,8
2024-09-18 13:11:21.060,416.4460446949734,8
2024-09-18 13:11:21.133,416.4558962606656,98
2024-09-18 13:11:21.157,416.46691111745423,105
2024-09-18 13:11:21.180,416.46604365206105,14
2024-09-18 13:11:21.641,416.4494245395444,96
2024-09-18 13:11:21.657,416.4624028834239,14
2024-09-18 13:11:21.820,416.4611359999996,95
2024-09-18 13:11:21.955,416.4520761854025,99
2024-09-18 13:11:22.012,416.44741497853175,13
2024-09-18 13:11:22.019,416.42441800037807,1001
2024-09-18 13:11:22.060,416.4588092900063,998
2024-09-18 13:11:22.128,416.4316823468004,7
2024-09-18 13:11:22.174,416.44672988210624,13
2024-09-18 13:11:22.224,41.64354463829155,10
2024-09-18 13:11:22.244,416.4309888346135,998
2024-09-18 13:11:22.259,416.4393941270354,1002
2024-09-18 13:11:22.318,416.4300854197318,104
2024-09-18 13:11:22.355,416.430973829523,103
2024-09-18 13:11:22.404,416.4280959522384,98
2024-09-18 13:11:22.407,416.4817583489311,95
2024-09-18 13:11:22.431,416.4358136864659,97
2024-09-18 13:11:22.460,416.4684264709118,101
2024-09-18 13:11:22.468,416.4361449145872,104
2024-09-18 13:11:22.494,416.4689051968334,1004
2024-09-18 13:11:22.521,416.43779345488457,1002
2024-09-18 13:11:22.557,416.42798818140096,105
2024-09-18 13:11:22.562,416.4225373107409,5
2024-09-18 13:11:22.690,416.4396819869969,9
2024-09-18 13:11:22.738,416.4278449634709,103
2024-09-18 13:11:22.776,416.4345195407376,15
2024-09-18 13:11:22.791,416.4504210472114,1002
2024-09-18 13:11:22.868,416.4606287205403,10
2024-09-18 13:11:22.912,416.4294350585643,8
2024-09-18 13:11:22.979,416.4268551563608,100
2024-09-18 13:11:22.993,416.4267598750301,1005
2024-09-18 13:11:22.994,416.4195840217779,15
2024-09-18 13:11:23.052,416.4963760756346,14
2024-09-18 13:11:23.455,416.509716798116,995
2024-09-18 13:11:23.460,416.493301228003,96
2024-09-18 13:11:23.508,416.4865788619588,1000
2024-09-18 13:11:23.565,416.47716595632494,999
2024-09-18 13:11:23.569,416.5274919872785,99
2024-09-18 13:11:23.657,416.48007827026606,100
2024-09-18 13:11:24.007,416.5334929516778,1005
2024-09-18 13:11:24.075,416.5082356100498,1002
2024-09-18 13:11:24.078,416.5589706763071,1001
2024-09-18 13:11:24.082,416.5628412659539,1004
2024-09-18 13:11:24.245,416.5564646145986,11
2024-09-18 13:11:24.295,416.5139771238063,101
2024-09-18 13:11:24.420,416.5327577447654,996
2024-09-18 13:11:24.598,416.5659821481152,6
2024-09-18 13:11:24.631,416.52907739177175,103
2024-09-18 13:11:24.978,416.5424228195727,1005
2024-09-18 13:11:24.986,416.5504925464695,1005
2024-09-18 13:11:25.332,416.55834316989694,96
2024-09-18 13:11:25.336,416.5936181754829,995
2024-09-18 13:11:25.344,416.5614314880071,999
2024-09-18 13:11:25.379,416.5718156659465,103
2024-09-18 13:11:25.403,416.5983570711753,102
2024-09-18 13:11:25.449,416.5952133913001,995
2024-09-18 13:11:25.488,416.5647892009587,10
2024-09-18 13:11:25.518,416.5582478100257,10
2024-09-18 13:11:25.619,416.5546418868087,14
2024-09-18 13:11:25.626,416.54875836414885,12
2024-09-18 13:11:25.725,416.61109669308576,10
2024-09-18 13:11:25.749,416.5746782147922,9
2024-09-18 13:11:25.879,416.5695058977511,995
2024-09-18 13:11:25.907,416.53732466943137,998
2024-09-18 13:11:25.951,416.5422557997601,13
2024-09-18 13:11:26.110,-41.6580968065647,5
2024-09-18 13:11:26.116,416.5529217303905,11
2024-09-18 13:11:26.493,416.60021015669247,1004
2024-09-18 13:11:26.523,416.5756879810588,14
2024-09-18 13:11:26.594,416.5429797460136,102
2024-09-18 13:11:26.656,416.5632570456014,1003
2024-09-18 13:11:26.707,416.6032856806159,11
2024-09-18 13:11:26.814,416.5529527138066,95
2024-09-18 13:11:26.853,416.5425442319836,996
2024-09-18 13:11:26.873,416.5727841537715,1002
2024-09-18 13:11:26.985,416.5560956363996,6
2024-09-18 13:11:27.026,416.5817946606194,15
2024-09-18 13:11:27.085,416.56505605142826,995
2024-09-18 13:11:27.090,416.56095398630896,97
2024-09-18 13:11:27.113,416.5613566070353,10
2024-09-18 13:11:27.132,416.5762437291421,999
2024-09-18 13:11:27.148,416.5312431120688,104
2024-09-18 13:11:27.180,416.5626466395779,12
2024-09-18 13:11:27.315,416.58322846787,998
2024-09-18 13:11:27.383,416.55136587903263,1002
2024-09-18 13:11:27.387,416.56573273471054,102
2024-09-18 13:11:27.435,416.5624168665411,15
2024-09-18 13:11:27.552,416.5815562539273,1001
2024-09-18 13:11:27.563,416.5297343091835,15
2024-09-18 13:11:27.610,416.57462601026737,12
2024-09-18 13:11:27.641,416.57249175122365,1000
2024-09-18 13:11:27.738,416.55892343761104,99
2024-09-18 13:11:27.759,416.57249549128335,998
2024-09-18 13:11:27.787,416.55992045561055,1001
2024-09-18 13:11:27.871,41.65530835511832,104
2024-09-18 13:11:27.920,416.5326776197687,8
2024-09-18 13:11:27.955,416.5685206208276,6
2024-09-18 13:11:28.019,416.69717408821407,102
2024-09-18 13:11:28.063,416.6668039431841,96
2024-09-18 13:11:28.240,416.6268990811843,1001
2024-09-18 13:11:28.339,416.6917413946318,996
2024-09-18 13:11:28.396,416.6138547395594,12
2024-09-18 13:11:28.422,416.6503629988091,13
2024-09-18 13:11:28.427,416.56505222448754,99
2024-09-18 13:11:28.439,416.6266874611984,1003
2024-09-18 13:11:28.455,416.635982191396,1002
2024-09-18 13:11:28.478,416.67084452757575,995
2024-09-18 13:11:28.489,416.6376327328935,99
2024-09-18 13:11:28.540,416.5692424676377,996
2024-09-18 13:11:28.543,416.6395499463592,11
2024-09-18 13:11:28.557,416.5902455536715,97
2024-09-18 13:11:28.580,416.63460440657946,11
2024-09-18 13:11:28.603,416.6091243365783,1005
2024-09-18 13:11:28.619,416.60747710435066,7
2024-09-18 13:11:28.676,416.57534842486007,98
2024-09-18 13:11:28.715,416.618081572169,998
2024-09-18 13:11:28.743,416.6618564511869,15
2024-09-18 13:11:28.945,416.6209347696542,95
2024-09-18 13:11:29.038,416.65439771457335,103
2024-09-18 13:11:29.058,416.6886734225945,999
2024-09-18 13:11:29.105,416.62436484891055,1003
2024-09-18 13:11:29.324,416.6850772251822,1005
2024-09-18 13:11:29.346,416.63967651420126,101
2024-09-18 13:11:29.375,416.67614059074873,101
2024-09-18 13:11:29.379,416.6523180540558,8
2024-09-18 13:11:29.393,416.7072769177876,9
2024-09-18 13:11:29.508,416.6924741129846,99
2024-09-18 13:11:29.510,416.68377956233513,6
2024-09-18 13:11:29.533,416.6676164220934,14
2024-09-18 13:11:29.567,416.6523576395713,99
2024-09-18 13:11:29.629,416.6823585002768,11
2024-09-18 13:11:29.630,416.6856794071342,997
2024-09-18 13:11:29.643,416.68843967477335,104
2024-09-18 13:11:29.678,416.7131715538041,96
2024-09-18 13:11:29.685,416.6479509512048,999
2024-09-18 13:11:29.747,416.7248600472439,1000
2024-09-18 13:11:29.810,416.70513687571673,11
2024-09-18 13:11:29.853,416.714851883909,1004
2024-09-18 13:11:29.859,416.7060929349621,5
2024-09-18 13:11:29.934,416.6522077701797,13
2024-09-18 13:11:29.939,416.7010855476447,1001
2024-09-18 13:11:29.948,416.63921465010617,10
2024-09-18 13:11:29.955,416.7109087417396,997
2024-09-18 13:11:30.009,416.5981932242228,104
2024-09-18 13:11:30.143,416.6165217855425,1002
2024-09-18 13:11:31.006,416.67395823165896,12
2024-09-18 13:11:31.089,416.68220891926336,96
2024-09-18 13:11:31.112,416.70518734770855,998
2024-09-18 13:11:31.256,416.68677359202695,1000
2024-09-18 13:11:31.314,416.71265611402345,8
2024-09-18 13:11:31.315,416.6439397947535,103
2024-09-18 13:11:31.380,416.66036231911824,997
2024-09-18 13:11:31.434,416.6153587899002,14
2024-09-18 13:11:31.481,416.7028751449832,104
2024-09-18 13:11:31.502,416.6108865671862,14
2024-09-18 13:11:31.513,416.68736297328326,1000
2024-09-18 13:11:31.581,416.6150164259913,103
2024-09-18 13:11:31.674,416.6780231755729,104
2024-09-18 13:11:31.760,416.62759431225714,1005
2024-09-18 13:11:31.848,416.6298757106398,997
2024-09-18 13:11:31.918,416.70544625876505,102
2024-09-18 13:11:31.924,416.7061001882402,5
2024-09-18 13:11:32.403,416.7294406086161,1005
2024-09-18 13:11:32.543,416.7317139989681,12
2024-09-18 13:11:32.552,416.70575099260657,99
2024-09-18 13:11:32.629,416.7179354636168,104
2024-09-18 13:11:33.009,,95
2024-09-18 13:11:33.021,416.7265825847486,95
2024-09-18 13:11:33.026,416.6916987214677,1003
2024-09-18 13:11:33.058,416.7322661130503,1001
2024-09-18 13:11:33.149,416.73839705486125,995
2024-09-18 13:11:33.278,416.7026768959606,14
2024-09-18 13:11:33.391,416.6942651203232,15
2024-09-18 13:11:33.444,416.7358519757356,1005
2024-09-18 13:11:33.507,416.69881719103495,7
2024-09-18 13:11:33.565,416.7364437119388,1003
2024-09-18 13:11:33.581,416.69953899690665,103
2024-09-18 13:11:33.590,416.7091048211792,998
2024-09-18 13:11:33.979,416.70407537350405,1000
2024-09-18 13:11:34.002,416.66994155176326,999
2024-09-18 13:11:34.055,416.7388772971881,14
2024-09-18 13:11:34.126,416.7244613287364,11
2024-09-18 13:11:34.131,416.6626863773464,10
2024-09-18 13:11:34.134,416.6529004179533,97
2024-09-18 13:11:34.246,416.7000740167127,105
2024-09-18 13:11:34.285,41.66921697284732,14
2024-09-18 13:11:34.302,416.67973314346006,9
2024-09-18 13:11:34.385,416.65659989369465,105
2024-09-18 13:11:34.534,416.6910944122498,13
2024-09-18 13:11:34.575,416.72700918097263,1004
2024-09-18 13:11:34.580,416.70140999371495,100
2024-09-18 13:11:34.615,416.719351747477,1003
2024-09-18 13:11:34.640,416.723835390805,1005
2024-09-18 13:11:34.657,416.6948715260464,97
2024-09-18 13:11:34.665,416.67916174356577,97
2024-09-18 13:11:34.694,416.7020229345732,102
2024-09-18 13:11:34.821,416.7306403549853,7
2024-09-18 13:11:34.846,416.6613864536419,13
2024-09-18 13:11:34.894,416.7243061880408,995
2024-09-18 13:11:34.907,416.7299577135131,1001
2024-09-18 13:11:34.946,416.6691837753809,11
2024-09-18 13:11:34.956,416.7341254764184,8
2024-09-18 13:11:34.973,416.730311047217,96
2024-09-18 13:11:35.004,416.6543216736441,15
2024-09-18 13:11:35.006,416.7008631764576,95
2024-09-18 13:11:35.025,416.6701251346236,997
2024-09-18 13:11:35.188,416.70500346881954,98
2024-09-18 13:11:35.271,416.6939708113716,101
2024-09-18 13:11:35.293,416.6856731487322,12
2024-09-18 13:11:35.316,416.6782552811284,11
2024-09-18 13:11:35.346,416.7029005158497,6
2024-09-18 13:11:35.419,416.6981197525743,103
2024-09-18 13:11:35.428,416.6807471543085,1000
2024-09-18 13:11:35.489,416.6996799716919,7
2024-09-18 13:11:35.531,416.6793633517977,995
2024-09-18 13:11:35.586,416.6927698383772,103
2024-09-18 13:11:35.594,416.66784776413823,1000
2024-09-18 13:11:35.724,416.6542168500408,96
2024-09-18 13:11:35.731,416.7031780479188,5
2024-09-18 13:11:35.762,416.6538430491989,1002
2024-09-18 13:11:35.794,416.6634362893262,13
2024-09-18 13:11:35.964,416.68508831709033,102
2024-09-18 13:11:36.038,416.6440456068915,103
2024-09-18 13:11:36.058,416.5162129962646,101
2024-09-18 13:11:36.071,-416.5465167562464,1002
2024-09-18 13:11:36.087,416.6548723506995,13
2024-09-18 13:11:36.102,416.5200172658998,99
2024-09-18 13:11:36.110,416.51425525041145,99
2024-09-18 13:11:36.115,416.6624618799112,96
2024-09-18 13:11:36.126,416.5592702711904,95
2024-09-18 13:11:36.156,416.5152907651706,999
2024-09-18 13:11:36.196,416.5044271094272,1005
2024-09-18 13:11:36.238,416.56818309255874,98
2024-09-18 13:11:36.248,-416.648298242062,98
2024-09-18 13:11:36.311,416.6137339755699,1001
2024-09-18 13:11:36.351,416.53102123380586,7
2024-09-18 13:11:36.353,416.5394367603505,1004
2024-09-18 13:11:36.398,416.5223135158943,97
2024-09-18 13:11:36.452,416.6008892883521,999
2024-09-18 13:11:36.675,416.634741302506,996
2024-09-18 13:11:36.678,416.5336126377284,96
2024-09-18 13:11:36.678,416.653904570322,998
2024-09-18 13:11:36.688,416.5087254416416,11
2024-09-18 13:11:36.722,416.6348981291229,9
2024-09-18 13:11:36.743,416.6019338491298,102
2024-09-18 13:11:36.754,416.5988031782964,1003
2024-09-18 13:11:36.808,416.6110812025723,96
2024-09-18 13:11:36.831,41.65251190019906,5
2024-09-18 13:11:36.859,416.5296171452292,999
2024-09-18 13:11:36.887,416.52464962010345,6
2024-09-18 13:11:36.934,416.56759079547663,6
2024-09-18 13:11:36.972,416.60512294920494,11
2024-09-18 13:11:37.021,416.5018668688618,14
2024-09-18 13:11:37.033,416.4763968808673,97
2024-09-18 13:11:37.164,416.5128300284888,97
2024-09-18 13:11:37.168,416.5132664178568,998
2024-09-18 13:11:37.190,416.4968684671797,999
2024-09-18 13:11:37.337,416.5275684309372,998
2024-09-18 13:11:37.350,416.5031102929388,999
2024-09-18 13:11:37.359,416.48980205266224,101
2024-09-18 13:11:37.517,416.4938220586554,1003
2024-09-18 13:11:37.532,416.5118548885448,995
2024-09-18 13:11:37.573,416.52224912075735,11
2024-09-18 13:11:37.635,416.4756156880003,1005
2024-09-18 13:11:37.659,416.4785971398085,9
2024-09-18 13:11:37.668,416.50484669239415,8
2024-09-18 13:11:37.679,416.5171217253289,996
2024-09-18 13:11:37.708,416.5354416722166,98
2024-09-18 13:11:37.728,416.5026044330684,15
2024-09-18 13:11:37.747,416.5291227104728,6
2024-09-18 13:11:37.820,41.65287182509093,8
2024-09-18 13:11:37.952,416.5098577055768,105
2024-09-18 13:11:38.026,,1004
2024-09-18 13:11:38.086,416.408954638658,14
2024-09-18 13:11:38.097,416.4370488095042,105
2024-09-18 13:11:38.326,416.4481908653298,105
2024-09-18 13:11:38.341,416.3836548022184,13
2024-09-18 13:11:38.422,416.4351091982361,999
2024-09-18 13:11:38.465,416.452959523652,100
2024-09-18 13:11:38.499,416.4505090282147,105
2024-09-18 13:11:38.542,416.4062013286139,14
2024-09-18 13:11:38.622,416.4241948257288,997
2024-09-18 13:11:38.659,416.412771548628,995
2024-09-18 13:11:38.680,416.4380008902184,98
2024-09-18 13:11:38.688,416.4399322684927,105
2024-09-18 13:11:38.797,416.4249678070769,1003
2024-09-18 13:11:38.959,416.4753173101564,999
2024-09-18 13:11:39.021,416.45322283079247,996
2024-09-18 13:11:39.043,416.3838830102116,1002
2024-09-18 13:11:39.045,416.4935776201042,103
2024-09-18 13:11:39.076,416.4246481879897,999
2024-09-18 13:11:39.117,416.49673730993743,999
2024-09-18 13:11:39.225,416.3795199529649,6
2024-09-18 13:11:39.317,416.3913331244207,999
2024-09-18 13:11:39.363,416.5064156694575,1005
2024-09-18 13:11:39.506,416.4312908957872,8
2024-09-18 13:11:39.515,416.5304209497942,97
2024-09-18 13:11:39.539,416.4817718532287,11
2024-09-18 13:11:39.559,416.37888320888726,98
2024-09-18 13:11:39.608,416.5286136639551,6
2024-09-18 13:11:39.675,,5
2024-09-18 13:11:39.694,416.46771334113936,99
2024-09-18 13:11:39.701,416.40522503285473,105
2024-09-18 13:11:39.727,416.5280593777893,102
2024-09-18 13:11:39.786,416.4991272289269,98
2024-09-18 13:11:39.817,416.5039564436822,11
2024-09-18 13:11:39.836,416.3708474244844,105
2024-09-18 13:11:39.968,416.5115361899329,105
2024-09-18 13:11:40.003,416.48043970165736,11
2024-09-18 13:11:40.007,416.4960699833407,8
2024-09-18 13:11:40.043,416.50462056330485,14
2024-09-18 13:11:40.193,416.5189514259244,1001
2024-09-18 13:11:40.193,416.490176224075,98
2024-09-18 13:11:40.196,416.4966786603768,103
2024-09-18 13:11:40.223,416.505973787825,1002
2024-09-18 13:11:40.343,416.4901572221317,1001
2024-09-18 13:11:40.410,,8
2024-09-18 13:11:40.440,416.4974947861147,1003
2024-09-18 13:11:40.446,416.52359881502497,98
2024-09-18 13:11:40.474,416.5251598201653,1004
2024-09-18 13:11:40.480,416.4849791100829,13
2024-09-18 13:11:40.502,416.50879884909057,1004
2024-09-18 13:11:40.578,416.5100495933769,100
2024-09-18 13:11:40.610,416.4997301540423,10
2024-09-18 13:11:40.613,416.4938431718235,9
2024-09-18 13:11:40.684,416.52152550245967,1004
2024-09-18 13:11:40.687,416.5140391764085,6
2024-09-18 13:11:40.691,416.4981153484907,1001
2024-09-18 13:11:40.703,416.5338971465308,995
2024-09-18 13:11:40.706,416.4966766545861,7
2024-09-18 13:11:40.871,416.5229358461979,7
2024-09-18 13:11:40.873,416.51785013260894,100
2024-09-18 13:11:40.881,416.5145330818308,102
2024-09-18 13:11:41.436,416.4388368845856,98
2024-09-18 13:11:41.517,416.4632266779186,9
2024-09-18 13:11:41.740,416.4372239807557,104
2024-09-18 13:11:41.829,416.4473240888431,999
2024-09-18 13:11:41.885,416.4898594376021,102
2024-09-18 13:11:42.032,416.4383327106363,997
2024-09-18 13:11:42.163,416.4452054961665,105
2024-09-18 13:11:42.188,416.5153313780066,998
2024-09-18 13:11:42.208,416.4656406229144,1001
2024-09-18 13:11:42.352,416.4299304079711,10
2024-09-18 13:11:42.432,416.490345493845,15
2024-09-18 13:11:42.459,416.46774261209214,12
2024-09-18 13:11:42.527,416.46394966787926,997
2024-09-18 13:11:42.549,416.4457440659744,99
2024-09-18 13:11:42.660,416.425582433628,5
2024-09-18 13:11:42.712,416.4513594057192,96
2024-09-18 13:11:42.717,416.5332106798261,998
2024-09-18 13:11:42.785,416.44385876340425,5
2024-09-18 13:11:42.837,416.5092187440132,104
2024-09-18 13:11:42.840,416.4295927832218,995
2024-09-18 13:11:43.031,416.45505705133394,8
2024-09-18 13:11:43.070,416.501951740803,103
2024-09-18 13:11:43.226,416.5194538397999,103
2024-09-18 13:11:43.276,,102
2024-09-18 13:11:43.343,416.4740537425329,105
2024-09-18 13:11:43.369,416.5082505936328,9
2024-09-18 13:11:43.405,416.49169085750987,15
2024-09-18 13:11:43.446,416.5108183164555,5
2024-09-18 13:11:43.528,416.473222516945,13
2024-09-18 13:11:43.559,416.5131529195118,1004
2024-09-18 13:11:43.573,416.5113148076644,6
2024-09-18 13:11:43.603,416.50277761999934,998
2024-09-18 13:11:43.798,416.5241140728766,14
2024-09-18 13:11:43.820,-416.4833969032107,11
2024-09-18 13:11:43.880,416.4687197822332,99
2024-09-18 13:11:43.885,416.4852794132664,14
2024-09-18 13:11:43.912,416.5001429022896,999
2024-09-18 13:11:43.958,416.5036353121022,996
2024-09-18 13:11:43.966,416.50707624611937,99
2024-09-18 13:11:44.131,416.4654918478712,13
2024-09-18 13:11:44.172,416.4150041993397,995
2024-09-18 13:11:44.181,416.451378440348,1002
2024-09-18 13:11:44.254,416.4676051985113,14
2024-09-18 13:11:44.265,416.4263880463801,998
2024-09-18 13:11:44.352,416.44297041930577,5
2024-09-18 13:11:44.438,416.45179174325136,7
2024-09-18 13:11:44.561,416.43679309481337,9
2024-09-18 13:11:44.581,416.4366003110936,999
2024-09-18 13:11:44.665,416.4652287892537,7
2024-09-18 13:11:44.692,416.4541674962727,999
2024-09-18 13:11:44.793,416.42434829558266,999
2024-09-18 13:11:44.901,416.4632265894802,14
2024-09-18 13:11:45.032,416.4200168978022,105
2024-09-18 13:11:45.033,416.44464802894646,5
2024-09-18 13:11:45.038,416.4739636114585,105
2024-09-18 13:11:45.145,416.45475981827184,97
2024-09-18 13:11:45.173,416.39189947666114,14
2024-09-18 13:11:45.187,416.417314314961,99
2024-09-18 13:11:45.237,416.4415327315462,998
2024-09-18 13:11:45.247,416.3943315732601,99
2024-09-18 13:11:45.253,416.38389066299993,98
2024-09-18 13:11:45.297,416.3929110256877,1003
2024-09-18 13:11:45.298,416.47991969571854,997
2024-09-18 13:11:45.500,416.42802574950434,1004
2024-09-18 13:11:45.575,416.4381398504476,105
2024-09-18 13:11:45.613,416.4444120416735,6
2024-09-18 13:11:45.754,416.4545362500702,995
2024-09-18 13:11:45.862,416.3946868675279,101
2024-09-18 13:11:45.862,416.39332414937314,5
2024-09-18 13:11:45.894,416.42438967966217,996
2024-09-18 13:11:45.904,416.4363119365887,1004
2024-09-18 13:11:46.004,416.4601729816538,6
2024-09-18 13:11:46.069,416.43967592289465,7
2024-09-18 13:11:46.124,416.4385524108659,10
2024-09-18 13:11:46.147,416.4421000898057,7
2024-09-18 13:11:46.265,416.448855941894,1003
2024-09-18 13:11:46.300,416.4093576278432,13
2024-09-18 13:11:46.396,416.4147205383787,1004
2024-09-18 13:11:46.446,416.4101143748904,13
2024-09-18 13:11:46.456,416.4121645825633,1002
2024-09-18 13:11:46.460,416.43349541231663,1004
2024-09-18 13:11:46.474,416.4707808656301,99
2024-09-18 13:11:46.479,416.452177161562,8
2024-09-18 13:11:46.540,416.4412548434744,15
2024-09-18 13:11:46.600,416.4574795014879,102
2024-09-18 13:11:46.634,416.43896237813743,100
2024-09-18 13:11:46.713,416.4510391151522,100
2024-09-18 13:11:46.725,416.446221710167,8
2024-09-18 13:11:46.779,416.42154826692325,1003
2024-09-18 13:11:46.779,416.4394161690817,1004
2024-09-18 13:11:46.839,416.44906711805714,98
2024-09-18 13:11:46.896,416.4584025691067,13
2024-09-18 13:11:46.920,416.4254917127148,1000
2024-09-18 13:11:46.978,416.4388034706999,95
2024-09-18 13:11:47.198,416.4146560451715,7
2024-09-18 13:11:47.293,416.3955633063552,8
2024-09-18 13:11:47.420,416.4142413857995,14
2024-09-18 13:11:47.938,416.40552427763504,105
2024-09-18 13:11:48.057,416.41282484897965,98
2024-09-18 13:11:48.138,416.4210530990271,1000
2024-09-18 13:11:48.191,416.4184473118303,7
2024-09-18 13:11:48.292,416.4118602413422,1000
2024-09-18 13:11:48.315,416.3910270194934,102
2024-09-18 13:11:48.439,416.4247221569411,8
2024-09-18 13:11:48.457,416.416366166144,14
2024-09-18 13:11:48.458,416.41983881200525,104
2024-09-18 13:11:48.707,416.4045154199034,102
2024-09-18 13:11:48.773,416.41773846253295,12
2024-09-18 13:11:48.812,416.4039506930427,103
2024-09-18 13:11:48.944,416.4199976714434,1005
2024-09-18 13:11:48.997,416.3966072464719,96
2024-09-18 13:11:49.015,416.4638924626811,1003
2024-09-18 13:11:49.055,416.4149318559206,1004
2024-09-18 13:11:49.056,416.4034050046684,97
2024-09-18 13:11:49.116,416.4399597921314,1001
2024-09-18 13:11:49.192,416.4192542902729,104
2024-09-18 13:11:49.209,416.42741765152107,95
2024-09-18 13:11:49.224,41.64532768207519,8
2024-09-18 13:11:49.227,416.3899154590531,7
2024-09-18 13:11:49.287,416.4276948240635,97
2024-09-18 13:11:49.310,416.4382733097973,1003
2024-09-18 13:11:49.341,416.4131203453644,99
2024-09-18 13:11:49.380,416.4132378845767,11
2024-09-18 13:11:49.398,416.3964725500915,995
2024-09-18 13:11:49.440,416.4268332095243,6
2024-09-18 13:11:49.443,416.448149500127,101
2024-09-18 13:11:49.451,416.4478536700795,104
2024-09-18 13:11:49.567,416.4335177867008,100
2024-09-18 13:11:49.577,416.4292983692305,1000
2024-09-18 13:11:49.642,416.4204735976986,104
2024-09-18 13:11:49.656,416.4448232708583,102
2024-09-18 13:11:49.672,416.4013304951517,103
2024-09-18 13:11:49.684,416.3976948007321,996
2024-09-18 13:11:49.699,416.44082216644347,998
2024-09-18 13:11:49.726,416.4386623785721,14
2024-09-18 13:11:49.764,416.42184104057503,102
2024-09-18 13:11:49.878,416.43548308136064,1004
2024-09-18 13:11:49.968,416.4330148772409,995
2024-09-18 13:11:49.985,416.393016659237,99
2024-09-18 13:11:49.993,416.4078299953656,10
2024-09-18 13:11:50.004,416.3923047972912,14
2024-09-18 13:11:50.006,416.38417886138416,105
2024-09-18 13:11:50.160,416.42282576688456,1001
2024-09-18 13:11:50.171,416.4161270590205,96
2024-09-18 13:11:50.498,416.4224931817078,99
2024-09-18 13:11:50.587,416.408411054278,1001
2024-09-18 13:11:50.593,416.3988631475653,13
2024-09-18 13:11:50.817,416.40202297144697,15
2024-09-18 13:11:50.866,416.4280735358539,1002
2024-09-18 13:11:50.984,416.4029343793752,1002
2024-09-18 13:11:51.017,416.3535215611237,105
2024-09-18 13:11:51.063,416.3719485471756,99
2024-09-18 13:11:51.090,416.370501871404,102
2024-09-18 13:11:51.111,416.3842418808433,1000
2024-09-18 13:11:51.155,416.374589645331,6
2024-09-18 13:11:51.213,416.3697650848606,999
2024-09-18 13:11:51.319,416.3685983480434,15
2024-09-18 13:11:51.606,416.3791415451921,9
2024-09-18 13:11:51.621,416.3492009090537,1003
2024-09-18 13:11:51.649,416.3586261548912,12
2024-09-18 13:11:51.727,416.36971913093,995
2024-09-18 13:11:51.765,416.3875197936936,1001
2024-09-18 13:11:51.812,416.379089988053,1000
2024-09-18 13:11:51.837,416.338733374688,1005
2024-09-18 13:11:51.897,416.37544207089496,96
2024-09-18 13:11:51.911,416.3521246102505,9
2024-09-18 13:11:51.926,416.3617204897407,105
2024-09-18 13:11:51.939,416.375993100734,98
2024-09-18 13:11:51.951,416.3771502247329,9
2024-09-18 13:11:52.056,416.3750768832076,100
2024-09-18 13:11:52.141,416.36485734191234,998
2024-09-18 13:11:52.399,416.35493116369753,103
2024-09-18 13:11:52.510,416.399378104726,13
2024-09-18 13:11:52.669,416.3776401549299,96
2024-09-18 13:11:52.898,416.364798391905,100
2024-09-18 13:11:52.946,416.3604929526358,103
2024-09-18 13:11:52.993,416.3566421029932,102
2024-09-18 13:11:53.164,416.43130063336105,101
2024-09-18 13:11:53.184,416.3812891517017,1002
2024-09-18 13:11:53.185,416.4034355672893,100
2024-09-18 13:11:53.300,416.4214793641511,103
2024-09-18 13:11:53.314,416.4400876531972,15
2024-09-18 13:11:53.353,416.4293371679718,98
2024-09-18 13:11:53.420,416.4449163019864,9
2024-09-18 13:11:53.471,416.4433891687418,1005
2024-09-18 13:11:53.510,416.407370856818,101
2024-09-18 13:11:53.554,416.4624234253377,97
2024-09-18 13:11:53.624,416.426794818149,104
2024-09-18 13:11:53.662,416.4179603697982,10
2024-09-18 13:11:53.692,416.43330777194296,103
2024-09-18 13:11:53.842,416.4247823854968,103
2024-09-18 13:11:53.879,416.4120186126021,1001
2024-09-18 13:11:53.886,416.4357652425793,15
2024-09-18 13:11:53.966,41.64675012276363,1004
2024-09-18 13:11:53.970,416.4272328635109,12
2024-09-18 13:11:53.976,416.3959264483997,97
2024-09-18 13:11:54.025,416.38904790320095,1005
2024-09-18 13:11:54.440,416.44074954971455,12
2024-09-18 13:11:54.445,416.4397627630439,99
2024-09-18 13:11:54.454,416.4127156486576,11
2024-09-18 13:11:54.501,416.4367864514569,996
2024-09-18 13:11:54.760,416.3916970052934,997
2024-09-18 13:11:55.022,416.38764454628256,8
2024-09-18 13:11:55.022,416.3677758132978,100
2024-09-18 13:11:55.054,416.4226446227289,1002
2024-09-18 13:11:55.054,416.37114286628,14
2024-09-18 13:11:55.112,416.3649726976708,97
2024-09-18 13:11:55.127,416.4015323656562,6
2024-09-18 13:11:55.134,416.4215949338484,995
2024-09-18 13:11:55.154,416.36879186703374,98
2024-09-18 13:11:55.159,416.4373354639164,1004
2024-09-18 13:11:55.211,416.3782354014287,100
2024-09-18 13:11:55.213,416.4103996975272,99
2024-09-18 13:11:55.215,416.39254823717295,999
2024-09-18 13:11:55.268,416.37431534676927,14
2024-09-18 13:11:55.288,416.3743373685547,103
2024-09-18 13:11:55.298,416.4064595767665,997
2024-09-18 13:11:55.352,416.3975327403308,5
2024-09-18 13:11:55.486,416.3603626653903,1000
2024-09-18 13:11:55.493,416.40286331874927,98
2024-09-18 13:11:55.509,416.411625317828,9
2024-09-18 13:11:55.539,416.4053067215725,102
2024-09-18 13:11:55.604,416.4046601801483,996
2024-09-18 13:11:55.668,416.379325906177,11
2024-09-18 13:11:55.686,416.35405507660056,15
2024-09-18 13:11:55.728,416.3773801039022,13
2024-09-18 13:11:55.774,416.4363956793517,5
2024-09-18 13:11:55.808,416.3857053448051,96
2024-09-18 13:11:55.848,416.3604551852938,105
2024-09-18 13:11:55.875,-416.3753357883911,1001
2024-09-18 13:11:55.964,416.38833087537216,104
2024-09-18 13:11:55.978,416.355389504871,13
2024-09-18 13:11:56.177,416.3934332489296,14
2024-09-18 13:11:56.369,416.39564593591615,104
2024-09-18 13:11:56.402,416.4116637155599,999
2024-09-18 13:11:56.966,416.4071365032516,1002
2024-09-18 13:11:57.017,416.4842190972047,1002
2024-09-18 13:11:57.034,416.5061429792649,96
2024-09-18 13:11:57.171,416.4925660043026,1004
2024-09-18 13:11:57.255,416.4203635133824,96
2024-09-18 13:11:57.272,416.4843920468719,102
2024-09-18 13:11:57.373,416.4393330119783,101
2024-09-18 13:11:57.377,416.49737101117296,101
2024-09-18 13:11:57.391,416.504764025071,5
2024-09-18 13:11:57.394,416.4784309590858,1001
2024-09-18 13:11:57.409,416.4189417024742,1000
2024-09-18 13:11:57.515,416.4134472972587,15
2024-09-18 13:11:57.525,-416.4680145800893,1002
2024-09-18 13:11:57.569,416.5235227768028,100
2024-09-18 13:11:57.657,416.4976059334381,7
2024-09-18 13:11:57.657,416.45436284416905,101
2024-09-18 13:11:57.678,416.4841123702733,5
2024-09-18 13:11:57.688,416.4903279174508,995
2024-09-18 13:11:57.694,416.49575088557145,995
2024-09-18 13:11:57.705,416.4280864657736,1002
2024-09-18 13:11:57.707,416.4026006435844,1001
2024-09-18 13:11:57.747,416.4460568604429,100
2024-09-18 13:11:57.766,416.4836906152584,103
2024-09-18 13:11:57.775,416.4543533089509,104
2024-09-18 13:11:57.777,416.44114841214736,104
2024-09-18 13:11:57.803,416.4348619035277,1005
2024-09-18 13:11:57.819,416.4281653589166,15
2024-09-18 13:11:57.847,416.4743264392361,98
2024-09-18 13:11:57.880,416.5121513701081,5
2024-09-18 13:11:57.949,416.4791279591531,997
2024-09-18 13:11:57.992,416.4227214641293,997
2024-09-18 13:11:58.006,416.36073771135057,998
2024-09-18 13:11:58.016,416.342540054017,1002
2024-09-18 13:11:58.053,416.3664998440543,103
2024-09-18 13:11:58.081,416.40126118716313,96
2024-09-18 13:11:58.109,416.3537152602523,996
2024-09-18 13:11:58.182,416.3252136905451,1001
2024-09-18 13:11:58.222,416.38664328429337,103
2024-09-18 13:11:58.249,416.386330495327,104
2024-09-18 13:11:58.283,416.3387254998887,10
2024-09-18 13:11:58.317,416.3232903051544,1004
2024-09-18 13:11:58.352,416.3091338755495,105
2024-09-18 13:11:58.359,416.3150108505096,1002
2024-09-18 13:11:58.363,416.3221562878256,1000
2024-09-18 13:11:58.387,416.36592026340696,1005
2024-09-18 13:11:58.614,416.3645252373839,104
2024-09-18 13:11:58.649,416.3593994759769,12
2024-09-18 13:11:58.661,416.3934683651096,1002
2024-09-18 13:11:58.668,416.3173110814287,7
2024-09-18 13:11:58.682,416.3592539786282,12
2024-09-18 13:11:58.724,41.63602099765951,1005
2024-09-18 13:11:58.725,416.4219579992578,998
2024-09-18 13:11:58.779,416.2897578877023,8
2024-09-18 13:11:58.787,416.3317026572597,96
2024-09-18 13:11:58.800,416.35781929819456,1005
2024-09-18 13:11:58.816,41.62963930961188,1000
2024-09-18 13:11:58.840,416.3152658810493,104
2024-09-18 13:11:58.907,416.3996093990386,996
2024-09-18 13:11:58.945,416.30480974759786,15
2024-09-18 13:11:59.223,416.3833043620088,101
2024-09-18 13:11:59.301,416.3640668784889,999
2024-09-18 13:11:59.427,416.3591816926324,9
2024-09-18 13:11:59.443,416.4152577470704,5
2024-09-18 13:11:59.493,416.4270500124294,1004
2024-09-18 13:11:59.529,416.44518980148985,997
2024-09-18 13:11:59.535,416.4245832743361,1004
2024-09-18 13:11:59.551,416.4352526591799,999
2024-09-18 13:11:59.582,416.4277229596694,103
2024-09-18 13:11:59.631,416.3512649152433,1003
2024-09-18 13:11:59.640,416.4461917864487,1000
2024-09-18 13:11:59.643,416.43322213053614,100
2024-09-18 13:11:59.845,416.4372844461138,96
2024-09-18 13:11:59.862,,9
