Timestamp,Price,Size
2024-09-17 10:56:00.067,415.499541137417,104
2024-09-17 10:56:00.073,415.4880931934489,5
2024-09-17 10:56:00.102,415.5053327821581,1005
2024-09-17 10:56:00.109,415.4864347305368,97
2024-09-17 10:56:00.122,415.5238343994451,13
2024-09-17 10:56:00.124,415.5098443105289,8
2024-09-17 10:56:00.249,415.5141413957007,996
2024-09-17 10:56:00.254,415.503916089057,13
2024-09-17 10:56:00.283,415.49675443539326,13
2024-09-17 10:56:00.288,415.5052786508173,11
2024-09-17 10:56:00.300,,1003
2024-09-17 10:56:00.302,415.5047859265081,1002
2024-09-17 10:56:00.363,415.4935396441985,95
2024-09-17 10:56:00.445,415.4939684838909,105
2024-09-17 10:56:00.471,415.5013469230773,101
2024-09-17 10:56:00.488,415.50859995971547,13
2024-09-17 10:56:00.495,-415.528808263689,102
2024-09-17 10:56:00.563,415.5300124753695,996
2024-09-17 10:56:00.568,415.4899819215177,98
2024-09-17 10:56:00.571,415.4815379747464,998
2024-09-17 10:56:00.627,415.49293910367726,13
2024-09-17 10:56:00.660,415.51481570877286,996
2024-09-17 10:56:00.696,415.499040360389,1000
2024-09-17 10:56:00.711,415.4970798878935,1004
2024-09-17 10:56:00.736,415.488308501661,8
2024-09-17 10:56:00.796,415.4878215128248,1004
2024-09-17 10:56:00.851,415.4930784317186,9
2024-09-17 10:56:00.867,415.4930765862015,99
2024-09-17 10:56:01.008,415.5053097719104,1001
2024-09-17 10:56:01.043,415.4984589307592,102
2024-09-17 10:56:01.340,415.497425414122,105
2024-09-17 10:56:01.463,415.51006472090376,995
2024-09-17 10:56:01.494,415.51264116662645,5
2024-09-17 10:56:01.664,415.4971933919994,997
2024-09-17 10:56:01.777,415.50844113485454,97
2024-09-17 10:56:01.928,415.4985257148655,7
2024-09-17 10:56:02.077,415.48959784027215,6
2024-09-17 10:56:03.000,415.4865448975875,1001
2024-09-17 10:56:03.033,415.5642352863242,15
2024-09-17 10:56:03.053,415.48489876207896,105
2024-09-17 10:56:03.131,415.55745686873655,14
2024-09-17 10:56:03.150,415.4997909245377,5
2024-09-17 10:56:03.194,415.49616863868783,99
2024-09-17 10:56:03.251,415.5657830447559,99
2024-09-17 10:56:03.305,415.484025552437,1000
2024-09-17 10:56:03.318,415.5613836744256,100
2024-09-17 10:56:03.353,415.4970076840623,1001
2024-09-17 10:56:03.400,415.4925974900005,7
2024-09-17 10:56:03.436,415.5582019070339,6
2024-09-17 10:56:03.467,415.5075912022805,97
2024-09-17 10:56:03.649,415.48737649854127,99
2024-09-17 10:56:03.758,415.4931524553364,999
2024-09-17 10:56:03.804,415.5017409468362,97
2024-09-17 10:56:03.807,415.4902053017117,100
2024-09-17 10:56:03.847,415.4799148419907,102
2024-09-17 10:56:03.872,415.5323829936454,11
2024-09-17 10:56:03.902,415.4938924012893,1005
2024-09-17 10:56:03.911,415.4836906892823,102
2024-09-17 10:56:03.949,415.5682573920604,1005
2024-09-17 10:56:03.984,41.55134853630544,1004
2024-09-17 10:56:03.996,415.5034216589303,95
2024-09-17 10:56:04.097,415.57946957516026,1001
2024-09-17 10:56:04.347,415.60274182814095,14
2024-09-17 10:56:04.412,415.6167473640619,100
2024-09-17 10:56:04.468,415.588767647858,7
2024-09-17 10:56:04.586,415.58566390232784,104
2024-09-17 10:56:04.902,415.5767335065723,96
2024-09-17 10:56:05.027,415.6138201135475,996
2024-09-17 10:56:05.177,415.6113893532234,97
2024-09-17 10:56:05.326,415.6046232895128,105
2024-09-17 10:56:05.462,415.62208443799096,1003
2024-09-17 10:56:05.650,415.6280940710454,1003
2024-09-17 10:56:05.839,415.5958743397949,999
2024-09-17 10:56:06.028,415.67108414328993,103
2024-09-17 10:56:06.054,415.683755206296,101
2024-09-17 10:56:06.157,415.6879373210243,105
2024-09-17 10:56:06.176,415.674504206512,1002
2024-09-17 10:56:06.216,415.6757163286146,15
2024-09-17 10:56:06.370,415.6472793190986,97
2024-09-17 10:56:06.461,415.67483600341154,14
2024-09-17 10:56:06.520,415.6621375820615,95
2024-09-17 10:56:06.548,415.6585627210172,8
2024-09-17 10:56:06.552,415.6605990336195,998
2024-09-17 10:56:06.658,415.6623674107546,1002
2024-09-17 10:56:06.762,415.6681655817629,10
2024-09-17 10:56:06.839,415.6559450479509,10
2024-09-17 10:56:07.176,415.69326097575873,1002
2024-09-17 10:56:07.485,415.70349502931424,997
2024-09-17 10:56:07.672,415.7084034411997,12
2024-09-17 10:56:07.762,415.6881457331637,1000
2024-09-17 10:56:08.262,415.7134190128896,998
2024-09-17 10:56:08.299,415.7032757402499,95
2024-09-17 10:56:08.364,415.69912550031535,997
2024-09-17 10:56:08.552,415.6953294732674,1003
2024-09-17 10:56:08.583,415.7103294898166,9
2024-09-17 10:56:08.695,415.69525488880487,97
2024-09-17 10:56:08.998,415.7093861912091,995
2024-09-17 10:56:09.014,415.8019880499653,101
2024-09-17 10:56:09.138,415.737532968244,103
2024-09-17 10:56:09.257,415.7554450217569,95
2024-09-17 10:56:09.281,415.7695311313152,1000
2024-09-17 10:56:09.286,415.79184631531547,1003
2024-09-17 10:56:09.290,415.8269681014915,12
2024-09-17 10:56:09.439,415.8197266565263,97
2024-09-17 10:56:09.483,415.7968076364265,996
2024-09-17 10:56:09.485,415.8271775864873,102
2024-09-17 10:56:09.551,415.8107965173765,10
2024-09-17 10:56:09.602,415.7951404177224,101
2024-09-17 10:56:09.608,415.79837820579786,1001
2024-09-17 10:56:09.693,415.80239171412586,99
2024-09-17 10:56:09.698,415.7965645434828,8
2024-09-17 10:56:09.733,415.7835387096509,102
2024-09-17 10:56:09.734,415.7844659425928,1002
2024-09-17 10:56:09.793,41.58130711726713,998
2024-09-17 10:56:09.806,415.7930863743032,6
2024-09-17 10:56:09.886,415.7682756181047,8
2024-09-17 10:56:09.890,415.8165802099237,11
2024-09-17 10:56:09.951,415.80767978595776,1001
2024-09-17 10:56:09.968,415.73945832587486,14
2024-09-17 10:56:10.039,415.8352139225407,5
2024-09-17 10:56:10.068,415.81888370296366,995
2024-09-17 10:56:10.122,-415.813299518924,1002
2024-09-17 10:56:10.133,415.7935639493774,102
2024-09-17 10:56:10.167,415.8138484306355,998
2024-09-17 10:56:10.181,415.7945675503734,9
2024-09-17 10:56:10.224,415.8113010329287,1001
2024-09-17 10:56:10.383,415.8222666441658,1001
2024-09-17 10:56:10.413,415.7852969026391,996
2024-09-17 10:56:10.443,415.81291789446806,999
2024-09-17 10:56:10.499,415.77969819394986,11
2024-09-17 10:56:10.533,415.8090179901374,97
2024-09-17 10:56:10.652,415.7745321351831,101
2024-09-17 10:56:10.680,415.793655009966,97
2024-09-17 10:56:10.686,415.8110014044808,5
2024-09-17 10:56:10.786,415.8237466612872,1004
2024-09-17 10:56:10.851,415.8035306186288,9
2024-09-17 10:56:10.873,415.8233793956044,9
2024-09-17 10:56:10.922,415.79880287645926,14
2024-09-17 10:56:10.928,415.7980529920226,103
2024-09-17 10:56:10.975,415.7953743735533,6
2024-09-17 10:56:11.026,415.7574742330008,1005
2024-09-17 10:56:11.073,415.7451798963245,6
2024-09-17 10:56:11.087,415.7871427275481,11
2024-09-17 10:56:11.168,415.8077761783717,11
2024-09-17 10:56:11.296,415.7717688064737,15
2024-09-17 10:56:11.354,415.7543719755009,13
2024-09-17 10:56:11.459,415.80546880885913,9
2024-09-17 10:56:11.521,415.8026889391601,99
2024-09-17 10:56:11.548,415.8064297593799,1000
2024-09-17 10:56:11.635,415.8121042117282,9
2024-09-17 10:56:11.651,415.7934026416555,999
2024-09-17 10:56:11.660,415.7703993498584,1002
2024-09-17 10:56:11.662,415.8463777167589,12
2024-09-17 10:56:11.688,415.783929532475,15
2024-09-17 10:56:11.752,415.77287818801847,105
2024-09-17 10:56:11.873,415.8409623865708,99
2024-09-17 10:56:11.935,415.86274534132633,98
2024-09-17 10:56:12.080,415.8744568137341,9
2024-09-17 10:56:12.314,415.85987074819536,6
2024-09-17 10:56:12.680,415.8581908773272,1002
2024-09-17 10:56:12.750,415.888540716902,97
2024-09-17 10:56:12.993,415.8505082829231,1000
2024-09-17 10:56:13.047,415.91387712936233,1003
2024-09-17 10:56:13.283,415.94980732045,99
2024-09-17 10:56:13.419,415.9554178071536,1004
2024-09-17 10:56:13.445,415.8920307836171,99
2024-09-17 10:56:13.484,415.96924229473257,96
2024-09-17 10:56:13.521,415.9150945693687,104
2024-09-17 10:56:13.732,415.934401611293,11
2024-09-17 10:56:13.772,415.9377766360252,101
2024-09-17 10:56:13.818,415.8661737219521,5
2024-09-17 10:56:13.846,415.92848554674,9
2024-09-17 10:56:13.859,415.9478734449764,12
2024-09-17 10:56:13.948,415.9574555061092,13
2024-09-17 10:56:13.987,415.9161550677016,1003
2024-09-17 10:56:14.034,415.9751213707718,104
2024-09-17 10:56:14.105,415.94282768038,6
2024-09-17 10:56:14.109,416.0041306815797,999
2024-09-17 10:56:14.122,415.9824652720706,7
2024-09-17 10:56:14.135,416.0031207982637,13
2024-09-17 10:56:14.237,415.9517429374106,997
2024-09-17 10:56:14.273,415.9816277913467,1001
2024-09-17 10:56:14.310,415.98002717793617,103
2024-09-17 10:56:14.353,415.9700170876347,998
2024-09-17 10:56:14.383,415.9911705068287,10
2024-09-17 10:56:14.444,-415.9893566703932,15
2024-09-17 10:56:14.516,415.995080735549,10
2024-09-17 10:56:14.624,416.008440050365,100
2024-09-17 10:56:14.636,415.9674377644926,1000
2024-09-17 10:56:14.722,415.9667062546056,8
2024-09-17 10:56:14.773,415.9720256846048,103
2024-09-17 10:56:14.858,415.9654274798844,1000
2024-09-17 10:56:15.009,415.9638499368496,5
2024-09-17 10:56:15.081,415.9583535013856,1003
2024-09-17 10:56:15.085,415.96833292012457,15
2024-09-17 10:56:15.154,415.9553246949891,101
2024-09-17 10:56:15.301,415.99224597218216,1004
2024-09-17 10:56:15.375,415.9582283304293,12
2024-09-17 10:56:15.544,,13
2024-09-17 10:56:15.582,415.9670950699899,10
2024-09-17 10:56:15.666,415.9766166077712,1002
2024-09-17 10:56:15.695,415.9923114987384,997
2024-09-17 10:56:15.803,415.9815628896861,13
2024-09-17 10:56:15.835,415.9500112455098,5
2024-09-17 10:56:15.869,41.59712592635562,1005
2024-09-17 10:56:15.892,415.9648247333827,999
2024-09-17 10:56:15.970,415.9979695202478,1004
2024-09-17 10:56:15.989,416.0048251016421,1005
2024-09-17 10:56:16.247,415.9527995858207,98
2024-09-17 10:56:16.353,415.9314267735017,100
2024-09-17 10:56:16.516,415.9460181847218,102
2024-09-17 10:56:16.522,415.92907997387135,100
2024-09-17 10:56:16.735,415.9449507839593,9
2024-09-17 10:56:16.758,415.9376744095853,12
2024-09-17 10:56:16.785,415.9289772569168,105
2024-09-17 10:56:16.837,415.93723071033327,998
2024-09-17 10:56:17.014,415.9040242634416,105
2024-09-17 10:56:17.022,415.8786008343839,10
2024-09-17 10:56:17.109,415.9004951792299,97
2024-09-17 10:56:17.119,415.88163713429634,104
2024-09-17 10:56:17.178,415.8867973659046,11
2024-09-17 10:56:17.340,415.9044878190718,1004
2024-09-17 10:56:17.546,415.902143006473,99
2024-09-17 10:56:17.587,415.8952257331805,12
2024-09-17 10:56:17.737,415.87589528264897,102
2024-09-17 10:56:17.740,415.8889538222576,1004
2024-09-17 10:56:17.802,415.8790850539671,997
2024-09-17 10:56:17.881,415.9102925105722,14
2024-09-17 10:56:18.042,415.86630475476034,104
2024-09-17 10:56:18.046,415.8189422868475,14
2024-09-17 10:56:18.067,415.8033391779208,1001
2024-09-17 10:56:18.384,415.88138231894186,6
2024-09-17 10:56:18.398,415.82532554632456,1003
2024-09-17 10:56:18.414,415.880117065061,95
2024-09-17 10:56:18.420,415.89962505648447,99
2024-09-17 10:56:18.435,415.8429778944972,15
2024-09-17 10:56:18.590,415.8260389167842,995
2024-09-17 10:56:18.608,415.8568988175592,8
2024-09-17 10:56:18.653,415.8860251761807,12
2024-09-17 10:56:18.814,-415.8761577827543,1003
2024-09-17 10:56:18.905,415.79878370970096,7
2024-09-17 10:56:18.918,415.8916497646042,103
2024-09-17 10:56:18.992,415.8143117465364,104
2024-09-17 10:56:19.092,415.77612677242905,1005
2024-09-17 10:56:19.136,415.75621549045184,998
2024-09-17 10:56:19.136,415.767881673424,14
2024-09-17 10:56:19.219,415.7205350153318,13
2024-09-17 10:56:19.250,415.7603210464987,7
2024-09-17 10:56:19.263,415.7120553898608,9
2024-09-17 10:56:19.306,415.74630474909645,11
2024-09-17 10:56:19.356,415.7607651552858,100
2024-09-17 10:56:19.372,415.7880493864192,1003
2024-09-17 10:56:19.463,415.7272599389983,1005
2024-09-17 10:56:19.497,415.7816653335061,10
2024-09-17 10:56:19.498,415.763611904128,1004
2024-09-17 10:56:19.587,415.70830120869937,6
2024-09-17 10:56:19.690,415.7510032814276,100
2024-09-17 10:56:19.695,415.77144890964775,5
2024-09-17 10:56:19.767,415.7530321877147,96
2024-09-17 10:56:19.773,415.7596406396496,997
2024-09-17 10:56:19.777,415.7879638960344,996
2024-09-17 10:56:19.817,415.7691669495062,997
2024-09-17 10:56:19.829,415.7041166941594,1000
2024-09-17 10:56:20.191,415.6652084742322,6
2024-09-17 10:56:20.330,415.71834855246175,997
2024-09-17 10:56:20.354,415.6590828733165,101
2024-09-17 10:56:20.397,415.72519468913725,100
2024-09-17 10:56:20.489,415.6956334350471,998
2024-09-17 10:56:20.503,415.6625262287779,9
2024-09-17 10:56:20.687,,15
2024-09-17 10:56:20.822,415.7065264928555,98
2024-09-17 10:56:20.834,415.6866572842591,996
2024-09-17 10:56:21.096,415.6380241968347,1000
2024-09-17 10:56:21.451,415.65476680790647,999
2024-09-17 10:56:21.467,415.692678638589,1004
2024-09-17 10:56:21.476,415.674183945331,1002
2024-09-17 10:56:21.595,415.6554179608122,1000
2024-09-17 10:56:21.621,415.6839442493453,104
2024-09-17 10:56:21.705,415.6562916980152,104
2024-09-17 10:56:21.773,415.66427366380617,7
2024-09-17 10:56:21.988,415.64395892170063,97
2024-09-17 10:56:22.332,415.6801357810333,995
2024-09-17 10:56:22.635,415.6677308439277,997
2024-09-17 10:56:22.996,415.6784864968179,97
2024-09-17 10:56:23.035,415.5760537147573,1000
2024-09-17 10:56:23.112,415.5797443536352,104
2024-09-17 10:56:23.415,415.5784611745472,14
2024-09-17 10:56:23.549,415.6562801006229,98
2024-09-17 10:56:23.668,415.6261035216662,99
2024-09-17 10:56:23.839,415.62201239635857,7
2024-09-17 10:56:23.844,415.652871322939,1000
2024-09-17 10:56:23.927,415.6294448978736,104
2024-09-17 10:56:23.943,415.5668773442128,5
2024-09-17 10:56:23.955,415.5596940840659,997
2024-09-17 10:56:23.982,415.6088987410845,1001
2024-09-17 10:56:24.005,415.5620606181328,95
2024-09-17 10:56:24.018,415.5830656924343,15
2024-09-17 10:56:24.065,415.5781071248966,13
2024-09-17 10:56:24.071,415.5619928669196,103
2024-09-17 10:56:24.085,415.573893374839,1000
2024-09-17 10:56:24.149,415.5870272687008,10
2024-09-17 10:56:24.182,415.5683760000979,9
2024-09-17 10:56:24.204,415.5914212727765,9
2024-09-17 10:56:24.267,415.5608221044703,10
2024-09-17 10:56:24.268,415.60182753432673,6
2024-09-17 10:56:24.302,415.5864638746867,998
2024-09-17 10:56:24.368,415.5930633804946,103
2024-09-17 10:56:24.370,415.58446253881255,998
2024-09-17 10:56:24.429,415.5572547766756,102
2024-09-17 10:56:24.451,415.5878671601059,104
2024-09-17 10:56:24.453,415.5862323466026,97
2024-09-17 10:56:24.458,415.5804370246922,998
2024-09-17 10:56:24.463,415.5662710777988,998
2024-09-17 10:56:24.545,415.5772194781607,100
2024-09-17 10:56:24.551,415.6073551488498,9
2024-09-17 10:56:24.770,415.5849568777711,1003
2024-09-17 10:56:24.780,415.5656999910922,11
2024-09-17 10:56:24.949,415.55396239059576,1000
2024-09-17 10:56:24.972,415.5687751439183,1000
2024-09-17 10:56:24.976,415.5641231274769,14
2024-09-17 10:56:24.978,415.5832797974504,96
2024-09-17 10:56:25.022,415.5955682910516,998
2024-09-17 10:56:25.057,415.570267462485,105
2024-09-17 10:56:25.291,415.5831545133124,996
2024-09-17 10:56:25.339,415.5815332633888,998
2024-09-17 10:56:25.609,415.60229847738873,15
2024-09-17 10:56:25.669,415.57024690931576,1002
2024-09-17 10:56:25.941,415.5933517776584,9
2024-09-17 10:56:26.048,415.5626825480285,97
2024-09-17 10:56:26.050,415.5865289064134,95
2024-09-17 10:56:26.087,415.6459543098764,101
2024-09-17 10:56:26.125,415.6531433219726,996
2024-09-17 10:56:26.263,415.63245859474887,100
2024-09-17 10:56:26.283,415.6427972751868,12
2024-09-17 10:56:26.324,,104
2024-09-17 10:56:26.336,-415.6555810502174,103
2024-09-17 10:56:26.403,415.6084895776237,13
2024-09-17 10:56:26.436,415.6620321593343,6
2024-09-17 10:56:26.553,415.5993574825141,15
2024-09-17 10:56:26.779,415.6618988731543,99
2024-09-17 10:56:26.823,415.58692140467247,5
2024-09-17 10:56:26.939,415.626722642428,11
2024-09-17 10:56:27.004,415.5572179020932,1000
2024-09-17 10:56:27.105,415.49470238580193,9
2024-09-17 10:56:27.105,415.5569102677005,105
2024-09-17 10:56:27.121,-415.57831300229367,996
2024-09-17 10:56:27.180,415.5351625322331,8
2024-09-17 10:56:27.207,415.5824867546253,13
2024-09-17 10:56:27.214,415.4933446045116,101
2024-09-17 10:56:27.302,415.56972692905214,105
2024-09-17 10:56:27.339,415.5550812374673,102
2024-09-17 10:56:27.343,415.55013998961584,6
2024-09-17 10:56:27.439,415.5123870467058,11
2024-09-17 10:56:27.518,,96
2024-09-17 10:56:27.529,415.5603409743253,996
2024-09-17 10:56:27.624,415.5695411242015,6
2024-09-17 10:56:27.640,415.5777872856584,97
2024-09-17 10:56:27.675,-415.5058540130474,12
2024-09-17 10:56:27.717,415.5821148280298,1005
2024-09-17 10:56:27.850,415.5992522185245,1004
2024-09-17 10:56:27.921,415.5423096874565,103
2024-09-17 10:56:27.952,415.5456010913951,15
2024-09-17 10:56:28.193,415.5478088171331,1004
2024-09-17 10:56:28.199,415.5549545990236,6
2024-09-17 10:56:28.237,415.5632613324154,102
2024-09-17 10:56:28.274,415.5976334939911,8
2024-09-17 10:56:28.310,415.5725224127943,9
2024-09-17 10:56:28.311,415.53097844032527,1004
2024-09-17 10:56:28.373,415.5903385130763,1001
2024-09-17 10:56:28.396,41.5570355400848,995
2024-09-17 10:56:28.399,415.5801801653072,11
2024-09-17 10:56:28.524,415.5494956831313,8
2024-09-17 10:56:28.559,415.53853491454805,995
2024-09-17 10:56:28.580,415.53469382228417,15
2024-09-17 10:56:28.655,415.5616237453876,96
2024-09-17 10:56:28.656,415.5317563780136,1000
2024-09-17 10:56:28.665,415.55720219417947,98
2024-09-17 10:56:28.677,415.536858303534,11
2024-09-17 10:56:28.694,415.5840453033308,99
2024-09-17 10:56:28.715,415.5867062145617,104
2024-09-17 10:56:28.744,415.5867447467951,96
2024-09-17 10:56:28.767,415.53205204930407,14
2024-09-17 10:56:28.779,415.5353918780481,7
2024-09-17 10:56:28.814,415.56868061094366,102
2024-09-17 10:56:28.849,415.5361204575078,998
2024-09-17 10:56:28.857,415.588978357915,15
2024-09-17 10:56:28.881,415.5299316240087,998
2024-09-17 10:56:28.889,415.5392911703844,99
2024-09-17 10:56:28.954,415.5331272971131,13
2024-09-17 10:56:28.956,415.5551031101608,99
2024-09-17 10:56:28.966,415.5595513203388,995
2024-09-17 10:56:29.110,415.5739681734493,995
2024-09-17 10:56:29.124,415.5690367280077,100
2024-09-17 10:56:29.333,415.5695396417319,5
2024-09-17 10:56:29.339,415.5433017009872,95
2024-09-17 10:56:29.451,415.5548565481018,1004
2024-09-17 10:56:29.510,415.5528559810402,99
2024-09-17 10:56:29.665,415.5300543775838,105
2024-09-17 10:56:29.666,415.5656168757799,996
2024-09-17 10:56:29.676,415.5591650568458,1001
2024-09-17 10:56:29.709,415.56859955277673,100
2024-09-17 10:56:29.712,415.5453060908066,1002
2024-09-17 10:56:29.721,415.5570581988398,96
2024-09-17 10:56:29.735,415.5830317661921,10
2024-09-17 10:56:29.817,415.5424501068,97
2024-09-17 10:56:29.848,415.5674554479468,1000
2024-09-17 10:56:29.849,415.5609616046058,1003
2024-09-17 10:56:29.858,415.55732259663023,97
2024-09-17 10:56:29.871,415.5226065432867,997
2024-09-17 10:56:29.876,415.56337317070177,95
2024-09-17 10:56:29.883,415.56744137250433,1000
2024-09-17 10:56:29.951,415.5568565207552,105
2024-09-17 10:56:29.973,415.5118788947112,98
2024-09-17 10:56:30.183,415.6096048709051,11
2024-09-17 10:56:30.183,415.5946552211032,105
2024-09-17 10:56:30.216,415.60977130258345,998
2024-09-17 10:56:30.365,415.6000977318729,10
2024-09-17 10:56:30.367,415.5572067841704,14
2024-09-17 10:56:30.384,415.5836679871079,12
2024-09-17 10:56:30.397,415.5940008516706,14
2024-09-17 10:56:30.527,415.5892565235897,996
2024-09-17 10:56:30.562,415.5996816540234,7
2024-09-17 10:56:30.606,415.595240421672,1000
2024-09-17 10:56:30.701,415.6007127866193,10
2024-09-17 10:56:30.708,-415.6070643896052,104
2024-09-17 10:56:30.785,415.6094993614494,9
2024-09-17 10:56:30.791,415.5612918451072,105
2024-09-17 10:56:30.822,415.6020127390094,99
2024-09-17 10:56:30.853,415.6142677048348,104
2024-09-17 10:56:30.860,415.59276217176887,101
2024-09-17 10:56:30.940,415.5830403138302,999
2024-09-17 10:56:31.013,-415.5984009390437,14
2024-09-17 10:56:31.077,415.5980374237504,10
2024-09-17 10:56:31.142,415.6001083636597,1001
2024-09-17 10:56:31.148,415.6034391490659,13
2024-09-17 10:56:31.149,415.59292935844456,10
2024-09-17 10:56:31.164,415.6275867896808,1001
2024-09-17 10:56:31.409,415.593662756214,102
2024-09-17 10:56:31.461,415.58452710363,105
2024-09-17 10:56:31.534,415.5982096529097,96
2024-09-17 10:56:31.592,415.5878835642322,1000
2024-09-17 10:56:31.741,415.58698224371074,1001
2024-09-17 10:56:31.887,415.6154383240994,997
2024-09-17 10:56:31.906,415.61749992731575,11
2024-09-17 10:56:31.959,415.64720024675694,105
2024-09-17 10:56:32.023,415.60840622695343,9
2024-09-17 10:56:32.041,415.6125791510484,14
2024-09-17 10:56:32.074,415.6027031061311,105
2024-09-17 10:56:32.357,415.61987608710086,9
2024-09-17 10:56:32.434,415.59840199215967,999
2024-09-17 10:56:32.647,415.60575314888496,13
2024-09-17 10:56:32.665,415.5976687706262,96
2024-09-17 10:56:33.313,415.6033626734354,9
2024-09-17 10:56:33.443,415.63669715674223,100
2024-09-17 10:56:33.816,415.6260798340247,14
2024-09-17 10:56:33.831,415.5966615301628,1004
2024-09-17 10:56:33.910,415.633778932461,998
2024-09-17 10:56:33.960,415.6154356807395,1000
2024-09-17 10:56:33.991,415.6077388835535,95
2024-09-17 10:56:34.049,415.62790497167134,99
2024-09-17 10:56:34.051,41.561975808735255,104
2024-09-17 10:56:34.053,415.61595222644223,105
2024-09-17 10:56:34.086,415.537013397249,998
2024-09-17 10:56:34.089,415.62163161901753,1002
2024-09-17 10:56:34.254,415.5752651244669,104
2024-09-17 10:56:34.264,415.5925045788964,6
2024-09-17 10:56:34.284,415.58755174819015,5
2024-09-17 10:56:34.369,415.62134697021867,98
2024-09-17 10:56:34.453,415.53742813646136,95
2024-09-17 10:56:34.457,415.6203880496949,999
2024-09-17 10:56:34.553,415.56678368803176,8
2024-09-17 10:56:34.560,415.5726744746365,1005
2024-09-17 10:56:34.647,415.5584941193479,99
2024-09-17 10:56:34.695,415.6054408764176,5
2024-09-17 10:56:34.776,415.6033308664824,7
2024-09-17 10:56:34.974,415.5836579074921,8
2024-09-17 10:56:34.974,415.55514382677234,103
2024-09-17 10:56:35.055,415.50507275027246,11
2024-09-17 10:56:35.162,415.5006919115184,999
2024-09-17 10:56:35.390,415.5009939547792,995
2024-09-17 10:56:35.395,415.5201524499743,13
2024-09-17 10:56:35.595,415.524206370893,1000
2024-09-17 10:56:35.776,415.5146381462686,1005
2024-09-17 10:56:35.965,415.51677973016126,105
2024-09-17 10:56:35.991,415.5243506776744,8
2024-09-17 10:56:36.054,415.5180330318248,99
2024-09-17 10:56:36.060,415.5076616218116,11
2024-09-17 10:56:36.064,415.49292325689385,999
2024-09-17 10:56:36.113,415.4870241571054,98
2024-09-17 10:56:36.181,415.49418561717135,11
2024-09-17 10:56:36.278,415.5047600495918,996
2024-09-17 10:56:36.289,415.492994526472,11
2024-09-17 10:56:36.294,415.4971685334445,1001
2024-09-17 10:56:36.314,415.52130834337777,14
2024-09-17 10:56:36.381,415.5229948566202,9
2024-09-17 10:56:36.399,415.5102119793847,12
2024-09-17 10:56:36.443,415.52231806786193,12
2024-09-17 10:56:36.502,415.51804980776257,104
2024-09-17 10:56:36.512,415.4738759357877,995
2024-09-17 10:56:36.549,415.50134884300576,1002
2024-09-17 10:56:36.573,415.50809267507935,101
2024-09-17 10:56:36.607,415.5003077506167,101
2024-09-17 10:56:36.621,415.47861902539785,100
2024-09-17 10:56:36.648,415.5172672784292,6
2024-09-17 10:56:36.657,415.4811590392217,1001
2024-09-17 10:56:36.685,415.4970859109227,1004
2024-09-17 10:56:36.712,415.4867416459175,7
2024-09-17 10:56:36.716,415.48480571636543,995
2024-09-17 10:56:36.716,415.50171082610507,99
2024-09-17 10:56:36.806,415.4726985114472,96
2024-09-17 10:56:36.959,415.4818766453307,999
2024-09-17 10:56:36.975,415.4847383303037,995
2024-09-17 10:56:36.983,415.47946770164873,1002
2024-09-17 10:56:37.075,415.5210125322864,5
2024-09-17 10:56:37.126,415.5224699759843,13
2024-09-17 10:56:37.168,415.56051020501286,12
2024-09-17 10:56:37.202,415.5389420342879,997
2024-09-17 10:56:37.211,415.5519208505848,998
2024-09-17 10:56:37.251,415.5641493766757,10
2024-09-17 10:56:37.274,-415.49840590295446,7
2024-09-17 10:56:37.282,,1003
2024-09-17 10:56:37.284,415.5567567904966,1004
2024-09-17 10:56:37.304,415.5053738939407,1004
2024-09-17 10:56:37.382,415.572361571432,1003
2024-09-17 10:56:37.393,415.52785813719015,9
2024-09-17 10:56:37.455,415.518665616636,12
2024-09-17 10:56:37.507,415.4953565841061,5
2024-09-17 10:56:37.617,415.5674855429757,997
2024-09-17 10:56:37.741,415.5761203920658,101
2024-09-17 10:56:37.756,415.5458443873462,1000
2024-09-17 10:56:37.785,415.5377360764679,15
2024-09-17 10:56:37.825,415.5661166339893,105
2024-09-17 10:56:37.835,415.53644317285193,998
2024-09-17 10:56:37.844,415.5643325741708,10
2024-09-17 10:56:37.925,415.4992162615864,1002
2024-09-17 10:56:37.996,415.5385191429073,99
2024-09-17 10:56:38.131,415.5812125761959,97
2024-09-17 10:56:38.146,415.648545444562,97
2024-09-17 10:56:38.183,415.6325926330591,98
2024-09-17 10:56:38.189,415.59611380352095,95
2024-09-17 10:56:38.238,415.6042950278776,11
2024-09-17 10:56:38.280,415.61990008755737,13
2024-09-17 10:56:38.452,415.5869974295008,998
2024-09-17 10:56:38.500,415.58719132714793,1002
2024-09-17 10:56:38.625,415.69340190949777,1003
2024-09-17 10:56:38.699,415.6586088591838,100
2024-09-17 10:56:38.725,415.6142092715992,996
2024-09-17 10:56:38.756,415.65998916560375,101
2024-09-17 10:56:38.807,415.61391289335927,96
2024-09-17 10:56:38.820,415.58785993743896,1003
2024-09-17 10:56:38.864,415.5761373930334,1000
2024-09-17 10:56:38.938,41.560447905100034,6
2024-09-17 10:56:39.164,415.6857640783343,99
2024-09-17 10:56:39.395,41.566687665100766,103
2024-09-17 10:56:39.638,415.6950036531704,12
2024-09-17 10:56:39.807,415.7091826645944,14
2024-09-17 10:56:39.902,415.6480532443857,999
2024-09-17 10:56:39.923,415.6380468751222,1002
2024-09-17 10:56:39.992,415.65121959014505,95
2024-09-17 10:56:40.030,415.65565360192056,103
2024-09-17 10:56:40.143,415.6679028241704,101
2024-09-17 10:56:40.268,415.6304300174291,15
2024-09-17 10:56:40.316,415.6375002705768,11
2024-09-17 10:56:40.330,415.61695271052224,102
2024-09-17 10:56:40.374,415.6227604087824,103
2024-09-17 10:56:40.470,415.6448007427417,995
2024-09-17 10:56:40.506,415.6334541575032,1001
2024-09-17 10:56:40.679,415.63865521831,7
2024-09-17 10:56:40.786,415.6758408768077,99
2024-09-17 10:56:40.993,415.6332361907054,100
2024-09-17 10:56:41.016,415.6902196774857,97
2024-09-17 10:56:41.092,415.62354130839327,998
2024-09-17 10:56:41.105,415.6171917226266,8
2024-09-17 10:56:41.158,415.6932735029622,5
2024-09-17 10:56:41.182,415.6255097954464,15
2024-09-17 10:56:41.293,415.6759808599896,96
2024-09-17 10:56:41.325,,12
2024-09-17 10:56:41.326,415.6089643015978,11
2024-09-17 10:56:41.340,415.6239408881627,96
2024-09-17 10:56:41.373,415.5973638135452,1002
2024-09-17 10:56:41.471,415.5937971592356,1001
2024-09-17 10:56:41.486,415.6936746500648,1005
2024-09-17 10:56:41.504,415.5968054461157,7
2024-09-17 10:56:41.514,415.59925894964175,995
2024-09-17 10:56:41.624,415.6712891514727,12
2024-09-17 10:56:41.735,415.6144730674689,96
2024-09-17 10:56:41.787,415.63437124166376,11
2024-09-17 10:56:41.802,415.57729130394114,1004
2024-09-17 10:56:41.817,,105
2024-09-17 10:56:41.839,415.58687003820097,1001
2024-09-17 10:56:41.844,415.6913547765297,104
2024-09-17 10:56:41.898,415.60754496736246,99
2024-09-17 10:56:41.900,415.63212778172993,5
2024-09-17 10:56:41.914,415.6535287891177,102
2024-09-17 10:56:41.970,415.6719776999029,1003
2024-09-17 10:56:42.298,415.6189182236407,6
2024-09-17 10:56:42.344,415.6470489382584,105
2024-09-17 10:56:42.349,415.6395283653693,998
2024-09-17 10:56:42.441,415.6259125932374,995
2024-09-17 10:56:42.476,415.6739959823277,7
2024-09-17 10:56:42.489,415.6185926057992,6
2024-09-17 10:56:42.585,415.63902176756073,999
2024-09-17 10:56:42.591,415.6544891813078,11
2024-09-17 10:56:42.726,415.6360289783135,995
2024-09-17 10:56:42.736,-415.6336809297008,10
2024-09-17 10:56:42.776,415.6304101134708,97
2024-09-17 10:56:42.788,415.6218649547793,96
2024-09-17 10:56:42.920,415.6417560055082,9
2024-09-17 10:56:42.959,415.64952189186585,9
2024-09-17 10:56:43.048,415.6484680614847,103
2024-09-17 10:56:43.290,415.6166037093959,996
2024-09-17 10:56:43.605,415.6300242250486,12
2024-09-17 10:56:44.026,415.64522555149534,99
2024-09-17 10:56:44.056,415.6443486430057,99
2024-09-17 10:56:44.353,415.6435634125249,14
2024-09-17 10:56:44.370,415.6498431798892,98
2024-09-17 10:56:44.734,415.6590905203814,1005
2024-09-17 10:56:45.046,415.562242956833,6
2024-09-17 10:56:45.094,415.5760159894367,100
2024-09-17 10:56:45.094,415.639915777058,996
2024-09-17 10:56:45.122,415.5541932304533,997
2024-09-17 10:56:45.130,415.65457666613474,99
2024-09-17 10:56:45.160,415.5894421959565,13
2024-09-17 10:56:45.169,415.6728340180208,1001
2024-09-17 10:56:45.211,415.5635874515676,995
2024-09-17 10:56:45.287,415.5708179735402,8
2024-09-17 10:56:45.294,415.62168905961335,7
2024-09-17 10:56:45.352,415.5841279460434,13
2024-09-17 10:56:45.371,415.6511346183539,98
2024-09-17 10:56:45.393,415.5665523536165,995
2024-09-17 10:56:45.446,415.6302931033694,999
2024-09-17 10:56:45.480,415.5756399127843,995
2024-09-17 10:56:45.483,415.5746853376219,7
2024-09-17 10:56:45.491,415.6223007972662,99
2024-09-17 10:56:45.500,415.6056923396905,8
2024-09-17 10:56:45.519,415.61233831352513,7
2024-09-17 10:56:45.533,415.6093952607726,104
2024-09-17 10:56:45.546,415.62232925633856,11
2024-09-17 10:56:45.602,415.5589788829601,997
2024-09-17 10:56:45.644,415.5639902871748,1002
2024-09-17 10:56:45.799,415.5676316922831,104
2024-09-17 10:56:45.811,415.5534204982963,98
2024-09-17 10:56:45.819,415.5536881596953,7
2024-09-17 10:56:45.856,415.596546279154,102
2024-09-17 10:56:45.869,415.5574338035199,997
2024-09-17 10:56:45.882,415.5515759886804,104
2024-09-17 10:56:46.027,415.601409446426,97
2024-09-17 10:56:46.065,415.5747892813317,996
2024-09-17 10:56:46.085,415.6172686393835,10
2024-09-17 10:56:46.087,415.5748828920742,13
2024-09-17 10:56:46.112,415.5458038519154,999
2024-09-17 10:56:46.118,415.6082448996058,9
2024-09-17 10:56:46.178,415.6246958526509,997
2024-09-17 10:56:46.231,415.6264112744449,8
2024-09-17 10:56:46.268,415.6132300042148,101
2024-09-17 10:56:46.273,415.6261317239491,10
2024-09-17 10:56:46.294,415.6519344725133,1000
2024-09-17 10:56:46.308,415.64202640095385,7
2024-09-17 10:56:46.371,415.619867687712,104
2024-09-17 10:56:46.411,415.61801908027314,1002
2024-09-17 10:56:46.412,415.5898837341495,100
2024-09-17 10:56:46.482,415.5684135266802,100
2024-09-17 10:56:46.525,415.5932234281333,98
2024-09-17 10:56:46.538,415.6210783075212,98
2024-09-17 10:56:46.584,415.5875942637568,14
2024-09-17 10:56:46.674,415.5971971080837,105
2024-09-17 10:56:46.687,415.6031288686342,999
2024-09-17 10:56:46.690,,97
2024-09-17 10:56:46.704,415.5544344758552,97
2024-09-17 10:56:46.733,415.5794627674621,15
2024-09-17 10:56:46.776,415.6079429509243,103
2024-09-17 10:56:46.848,415.5383134501832,10
2024-09-17 10:56:46.968,415.6266189811497,999
2024-09-17 10:56:46.968,415.5380783906148,5
2024-09-17 10:56:47.001,415.6362417823474,1000
2024-09-17 10:56:47.211,415.6214516490747,1004
2024-09-17 10:56:47.222,415.6709193473055,1000
2024-09-17 10:56:47.336,415.6804793854096,5
2024-09-17 10:56:47.420,415.6735344178165,95
2024-09-17 10:56:47.425,415.6691120180445,1001
2024-09-17 10:56:47.524,415.616355249636,105
2024-09-17 10:56:47.543,415.6843201336088,100
2024-09-17 10:56:47.546,415.6675041071331,11
2024-09-17 10:56:47.646,415.677066945666,104
2024-09-17 10:56:47.650,415.6734448741627,101
2024-09-17 10:56:47.689,415.6403919561788,103
2024-09-17 10:56:47.929,415.6782475162362,6
2024-09-17 10:56:47.988,415.63080258773766,8
2024-09-17 10:56:47.997,415.6114745928394,1001
2024-09-17 10:56:48.008,415.6170283397579,15
2024-09-17 10:56:48.073,415.66033069587337,13
2024-09-17 10:56:48.148,415.68982863798766,9
2024-09-17 10:56:48.277,415.66028563560457,997
2024-09-17 10:56:48.373,415.62329774809706,100
2024-09-17 10:56:48.417,415.6585793825929,1003
2024-09-17 10:56:48.418,415.65317879964186,1004
2024-09-17 10:56:48.419,415.6855666194445,100
2024-09-17 10:56:48.605,415.6330805205144,101
2024-09-17 10:56:48.636,415.659575279878,1005
2024-09-17 10:56:48.641,415.6961955055757,996
2024-09-17 10:56:48.669,415.6624531953517,14
2024-09-17 10:56:48.685,415.6722475733999,102
2024-09-17 10:56:48.719,415.6233714189085,997
2024-09-17 10:56:48.736,415.6956688277408,7
2024-09-17 10:56:48.739,415.62657995106576,996
2024-09-17 10:56:48.844,415.6360547299252,95
2024-09-17 10:56:48.887,415.6911269800903,97
2024-09-17 10:56:48.892,415.63523593617833,10
2024-09-17 10:56:48.928,415.6900970670544,6
2024-09-17 10:56:48.930,415.6499841347497,996
2024-09-17 10:56:48.949,415.6924993534444,14
2024-09-17 10:56:48.956,415.6663911264429,105
2024-09-17 10:56:48.959,415.6522007347928,1001
2024-09-17 10:56:48.981,415.6373672370109,996
2024-09-17 10:56:49.049,415.610471725812,1002
2024-09-17 10:56:49.125,415.6033225675942,13
2024-09-17 10:56:49.142,415.5790334105824,6
2024-09-17 10:56:49.155,415.5987698455302,6
2024-09-17 10:56:49.177,415.6166835406531,995
2024-09-17 10:56:49.184,415.5845492336834,101
2024-09-17 10:56:49.193,415.5827142727756,6
2024-09-17 10:56:49.245,415.6071930384914,12
2024-09-17 10:56:49.332,415.6369216456147,104
2024-09-17 10:56:49.348,415.6009634195116,999
2024-09-17 10:56:49.387,415.641182812532,6
2024-09-17 10:56:49.440,415.6226387648456,95
2024-09-17 10:56:49.451,415.5903867826698,98
2024-09-17 10:56:49.457,415.6182216593988,995
2024-09-17 10:56:49.554,415.61184922724266,1001
2024-09-17 10:56:49.621,415.59367315938255,5
2024-09-17 10:56:49.672,415.58867169499626,8
2024-09-17 10:56:49.682,415.600282994947,1002
2024-09-17 10:56:49.725,415.6125865813567,1001
2024-09-17 10:56:49.750,415.59517211037576,1004
2024-09-17 10:56:49.770,415.59454418449286,998
2024-09-17 10:56:49.828,415.631507178929,998
2024-09-17 10:56:49.935,415.6173468767316,996
2024-09-17 10:56:50.150,415.5686230963765,7
2024-09-17 10:56:50.449,415.5827769269565,6
2024-09-17 10:56:50.739,415.5650135696992,1004
2024-09-17 10:56:50.869,415.5905686175092,10
2024-09-17 10:56:51.051,415.47690220346885,996
2024-09-17 10:56:51.056,415.5507238512872,100
2024-09-17 10:56:51.079,415.4828254255899,100
2024-09-17 10:56:51.144,415.4819026881571,15
2024-09-17 10:56:51.221,415.5113684592841,100
2024-09-17 10:56:51.252,415.5584662399708,12
2024-09-17 10:56:51.259,415.47969527481627,996
2024-09-17 10:56:51.311,415.55564091770106,1000
2024-09-17 10:56:51.382,415.5087351177765,104
2024-09-17 10:56:51.445,,997
2024-09-17 10:56:51.563,415.47998195318894,8
2024-09-17 10:56:51.827,415.4861360306904,15
2024-09-17 10:56:51.862,415.50203104001145,1004
2024-09-17 10:56:51.872,415.5239017334804,9
2024-09-17 10:56:51.876,415.5084865693224,95
2024-09-17 10:56:51.887,415.4917301022583,100
2024-09-17 10:56:51.888,415.5221239228583,96
2024-09-17 10:56:51.906,415.4593566818564,102
2024-09-17 10:56:51.915,415.4949065299479,100
2024-09-17 10:56:51.919,415.47393226956376,998
2024-09-17 10:56:51.969,415.48330510045713,1004
2024-09-17 10:56:51.971,415.5100146912567,9
2024-09-17 10:56:52.034,415.564195449157,102
2024-09-17 10:56:52.262,415.5129616447831,103
2024-09-17 10:56:52.265,415.562019280142,10
2024-09-17 10:56:52.301,415.5901338794928,1000
2024-09-17 10:56:52.417,415.5688651007084,100
2024-09-17 10:56:52.431,415.5643931216975,1004
2024-09-17 10:56:52.584,415.5306668254089,1001
2024-09-17 10:56:52.603,415.5287252989918,104
2024-09-17 10:56:52.609,-415.5502218662834,1000
2024-09-17 10:56:52.648,415.5458004627134,99
2024-09-17 10:56:52.669,415.5192791803872,995
2024-09-17 10:56:52.915,415.5197413537335,1005
2024-09-17 10:56:53.084,415.5450381842492,6
2024-09-17 10:56:53.220,415.5487825073664,15
2024-09-17 10:56:53.323,415.57162610207104,8
2024-09-17 10:56:53.335,415.5615403575699,13
2024-09-17 10:56:53.496,415.545807243157,1002
2024-09-17 10:56:53.513,415.56800531867503,13
2024-09-17 10:56:53.567,415.5462155612765,99
2024-09-17 10:56:53.571,415.572874181516,97
2024-09-17 10:56:53.610,415.53023143594993,14
2024-09-17 10:56:53.736,415.5536216877538,12
2024-09-17 10:56:53.807,415.5571155795308,15
2024-09-17 10:56:53.843,415.5601520269391,95
2024-09-17 10:56:53.878,415.5626217768227,1000
2024-09-17 10:56:53.942,415.5763003644337,999
2024-09-17 10:56:54.061,415.5294019122654,1005
2024-09-17 10:56:54.094,415.5328814515223,105
2024-09-17 10:56:54.164,415.5378035515443,995
2024-09-17 10:56:54.176,415.5719314641128,995
2024-09-17 10:56:54.187,415.5281708046642,6
2024-09-17 10:56:54.207,415.5749465190877,14
2024-09-17 10:56:54.223,415.5721863327119,1005
2024-09-17 10:56:54.277,415.5230727300914,101
2024-09-17 10:56:54.398,415.57309612305465,995
2024-09-17 10:56:54.412,415.57584425312393,10
2024-09-17 10:56:54.513,415.553856632203,103
2024-09-17 10:56:54.631,415.5375588035019,14
2024-09-17 10:56:54.652,415.52354149180985,1000
2024-09-17 10:56:54.695,415.52569169989454,5
2024-09-17 10:56:54.714,415.5167218078311,103
2024-09-17 10:56:54.930,415.53067202047737,99
2024-09-17 10:56:55.006,415.5349362509154,6
2024-09-17 10:56:55.063,415.55815655557456,1003
2024-09-17 10:56:55.066,415.5492645438396,1000
2024-09-17 10:56:55.080,415.5547508682523,995
2024-09-17 10:56:55.115,415.5467159648507,1000
2024-09-17 10:56:55.128,415.53971856110735,103
2024-09-17 10:56:55.145,415.5405604729084,14
2024-09-17 10:56:55.279,415.544106335908,104
2024-09-17 10:56:55.347,415.5410729333551,98
2024-09-17 10:56:55.406,415.5115458929927,100
2024-09-17 10:56:55.428,41.55194208143507,1005
2024-09-17 10:56:55.592,415.53254269358473,8
2024-09-17 10:56:55.631,415.5517626699166,97
2024-09-17 10:56:55.667,415.5614550836076,1003
2024-09-17 10:56:55.754,415.5322377370842,1004
2024-09-17 10:56:55.771,415.530318155896,8
2024-09-17 10:56:55.778,415.5506337051124,101
2024-09-17 10:56:55.798,415.5772903814352,8
2024-09-17 10:56:55.847,415.5453999882326,99
2024-09-17 10:56:55.938,415.5545092278241,995
2024-09-17 10:56:55.982,415.5574665849955,999
2024-09-17 10:56:56.003,415.4598646473002,95
2024-09-17 10:56:56.016,415.4317985014978,997
2024-09-17 10:56:56.072,415.43726456373713,103
2024-09-17 10:56:56.093,415.4477731762533,1005
2024-09-17 10:56:56.161,415.44066103316015,14
2024-09-17 10:56:56.165,415.4415518882311,9
2024-09-17 10:56:56.189,415.4341909785608,1002
2024-09-17 10:56:56.231,415.4451235609954,996
2024-09-17 10:56:56.252,415.4428711256485,10
2024-09-17 10:56:56.261,415.4590693310382,5
2024-09-17 10:56:56.293,415.4473059589853,11
2024-09-17 10:56:56.297,415.4548209320949,1002
2024-09-17 10:56:56.347,415.4869433246919,999
2024-09-17 10:56:56.358,415.5172595903723,8
2024-09-17 10:56:56.378,415.4574038755318,1005
2024-09-17 10:56:56.386,415.46588681644187,11
2024-09-17 10:56:56.436,415.4462217489345,105
2024-09-17 10:56:56.479,415.4307225639017,997
2024-09-17 10:56:56.514,415.4595045288214,999
2024-09-17 10:56:56.606,415.4321610934695,1000
2024-09-17 10:56:56.640,415.5216948130164,8
2024-09-17 10:56:56.700,415.5284751348964,97
2024-09-17 10:56:56.746,415.4462135627276,14
2024-09-17 10:56:56.767,415.52316913418406,7
2024-09-17 10:56:56.804,415.5454833461886,1001
2024-09-17 10:56:56.808,415.4498135305429,15
2024-09-17 10:56:56.846,415.4510321728459,104
2024-09-17 10:56:56.962,415.4449830278702,5
2024-09-17 10:56:57.000,415.4162676413644,1001
2024-09-17 10:56:57.126,415.38568110522414,99
2024-09-17 10:56:57.153,415.407407106709,14
2024-09-17 10:56:57.167,415.42301265547377,1004
2024-09-17 10:56:57.229,415.3743840236257,12
2024-09-17 10:56:57.258,415.3909040273314,13
2024-09-17 10:56:57.264,415.3941895077123,1002
2024-09-17 10:56:57.278,415.3854616886801,102
2024-09-17 10:56:57.297,415.396289447342,996
2024-09-17 10:56:57.354,415.39804930898015,97
2024-09-17 10:56:57.360,415.43589152802815,101
2024-09-17 10:56:57.386,415.398902218354,99
2024-09-17 10:56:57.435,415.4004119838137,101
2024-09-17 10:56:57.576,415.4406193879926,105
2024-09-17 10:56:57.585,415.4061857371116,996
2024-09-17 10:56:57.626,415.3895790406504,1002
2024-09-17 10:56:57.669,415.39688900417286,1005
2024-09-17 10:56:57.753,415.4156928373751,100
2024-09-17 10:56:57.848,415.3950434763295,96
2024-09-17 10:56:57.871,415.4035719521113,103
2024-09-17 10:56:57.981,415.4112959877229,1004
2024-09-17 10:56:58.065,415.5002037181951,1005
2024-09-17 10:56:58.066,415.48469672694927,95
2024-09-17 10:56:58.078,415.45906815937,996
2024-09-17 10:56:58.085,415.4978198672894,998
2024-09-17 10:56:58.192,415.5014215294905,1001
2024-09-17 10:56:58.216,415.5132856284744,9
2024-09-17 10:56:58.239,415.4990796629618,11
2024-09-17 10:56:58.260,415.49642788778806,12
2024-09-17 10:56:58.267,415.4596462974642,96
2024-09-17 10:56:58.282,415.4691103422102,95
2024-09-17 10:56:58.301,415.46776603762686,998
2024-09-17 10:56:58.331,415.4451193841039,8
2024-09-17 10:56:58.398,415.4620752689451,997
2024-09-17 10:56:58.444,415.4419762479354,100
2024-09-17 10:56:58.487,415.5048016794198,97
2024-09-17 10:56:58.488,415.50540402405545,13
2024-09-17 10:56:58.496,415.50172569254136,105
2024-09-17 10:56:58.636,415.4435748116916,1001
2024-09-17 10:56:58.658,415.47041587320257,96
2024-09-17 10:56:58.714,415.46347977654335,11
2024-09-17 10:56:58.747,415.5001633190725,7
2024-09-17 10:56:58.767,415.4826731068057,103
2024-09-17 10:56:58.868,415.4657020258364,11
2024-09-17 10:56:58.940,415.4830011561428,1000
2024-09-17 10:56:58.968,415.4849501602415,1001
2024-09-17 10:56:59.053,415.4511870615804,1000
2024-09-17 10:56:59.159,415.4480219324761,1001
2024-09-17 10:56:59.216,415.4457890102801,97
2024-09-17 10:56:59.306,415.4558446237873,998
2024-09-17 10:56:59.328,415.4597737372474,95
2024-09-17 10:56:59.352,415.448818235074,103
2024-09-17 10:56:59.366,415.4303077169724,1005
2024-09-17 10:56:59.415,415.4328592405158,1003
2024-09-17 10:56:59.482,415.48113758182967,9
2024-09-17 10:56:59.523,415.442610039203,1003
2024-09-17 10:56:59.549,415.4706530995247,10
2024-09-17 10:56:59.649,415.4522942248896,95
2024-09-17 10:56:59.649,415.4561656677566,103
2024-09-17 10:56:59.660,415.4326213211028,995
2024-09-17 10:56:59.710,415.4753467531887,1000
2024-09-17 10:56:59.760,415.4216229094511,6
2024-09-17 10:56:59.918,415.4379687342848,1001
2024-09-17 10:56:59.962,415.4361946000163,105
