Timestamp,Price,Size
2024-09-19 15:23:00.008,419.688380039716,105
2024-09-19 15:23:00.087,419.6579551723635,1005
2024-09-19 15:23:00.098,419.6663979374752,105
2024-09-19 15:23:00.107,419.6485033749682,102
2024-09-19 15:23:00.117,419.6127199630348,12
2024-09-19 15:23:00.147,419.6152923997353,1005
2024-09-19 15:23:00.236,419.6277814379125,11
2024-09-19 15:23:00.269,419.6620666329008,1001
2024-09-19 15:23:00.315,419.6484306612108,7
2024-09-19 15:23:00.351,419.65228215980704,1000
2024-09-19 15:23:00.403,419.6543841146048,1004
2024-09-19 15:23:00.560,419.6687164837093,101
2024-09-19 15:23:00.601,419.6677386694919,105
2024-09-19 15:23:00.603,419.6853265171987,998
2024-09-19 15:23:00.612,419.6693016002114,103
2024-09-19 15:23:00.718,419.65347962061935,1000
2024-09-19 15:23:00.807,419.6655732874703,103
2024-09-19 15:23:00.812,419.6786325219488,103
2024-09-19 15:23:00.902,419.6133830261952,101
2024-09-19 15:23:00.948,419.6689876855422,999
2024-09-19 15:23:01.014,419.6810294156088,5
2024-09-19 15:23:01.061,419.680047878813,998
2024-09-19 15:23:01.064,419.6789859043679,11
2024-09-19 15:23:01.158,419.68998289605406,105
2024-09-19 15:23:01.181,-419.66446820991246,1002
2024-09-19 15:23:01.207,419.69622233178507,998
2024-09-19 15:23:01.245,419.70278464786463,5
2024-09-19 15:23:01.257,419.6802519289125,105
2024-09-19 15:23:01.329,419.6794846732379,10
2024-09-19 15:23:01.432,419.6604048330582,101
2024-09-19 15:23:01.451,419.68717362398377,99
2024-09-19 15:23:01.488,419.6847547168192,14
2024-09-19 15:23:01.529,419.6870991817538,5
2024-09-19 15:23:01.587,419.68309046964737,995
2024-09-19 15:23:01.612,419.6920184256162,9
2024-09-19 15:23:01.711,419.6980685998794,996
2024-09-19 15:23:02.057,419.5798599785627,101
2024-09-19 15:23:02.067,419.6327482284239,6
2024-09-19 15:23:02.091,419.6189036774669,6
2024-09-19 15:23:02.118,419.6172044843696,97
2024-09-19 15:23:02.272,419.61732369655135,1004
2024-09-19 15:23:02.297,419.62962230996686,97
2024-09-19 15:23:02.328,419.69416578096497,999
2024-09-19 15:23:02.344,419.6282999998409,995
2024-09-19 15:23:02.364,419.7066606526861,1005
2024-09-19 15:23:02.392,419.6745028556928,11
2024-09-19 15:23:02.395,419.6707655346381,103
2024-09-19 15:23:02.396,419.6438467261793,9
2024-09-19 15:23:02.406,419.6375107816656,5
2024-09-19 15:23:02.486,419.6252171711332,11
2024-09-19 15:23:02.514,419.6541723623946,101
2024-09-19 15:23:02.586,419.63259532188624,96
2024-09-19 15:23:02.594,419.6063633062736,5
2024-09-19 15:23:02.680,419.7074717126399,999
2024-09-19 15:23:02.855,419.58976427217806,100
2024-09-19 15:23:02.890,41.96236190943734,1003
2024-09-19 15:23:02.978,419.62630446839336,105
2024-09-19 15:23:03.047,419.5989034506243,12
2024-09-19 15:23:03.148,419.4830051359502,1003
2024-09-19 15:23:03.159,419.5929048224224,7
2024-09-19 15:23:03.212,419.5812476715556,1004
2024-09-19 15:23:03.212,419.5708706694894,9
2024-09-19 15:23:03.328,419.575404374154,102
2024-09-19 15:23:03.383,419.58953231382304,11
2024-09-19 15:23:03.399,419.51179227637857,13
2024-09-19 15:23:03.406,419.5977595217632,995
2024-09-19 15:23:03.431,419.5284367040185,104
2024-09-19 15:23:03.451,419.6122936772039,10
2024-09-19 15:23:03.466,419.51114556972624,1000
2024-09-19 15:23:03.477,419.55744059453593,102
2024-09-19 15:23:03.495,419.50326960985086,995
2024-09-19 15:23:03.549,419.56649685147937,1001
2024-09-19 15:23:03.622,419.6121509106099,1004
2024-09-19 15:23:03.648,419.5092610873357,105
2024-09-19 15:23:03.677,419.5683769905903,97
2024-09-19 15:23:03.679,419.5602362981973,12
2024-09-19 15:23:03.692,419.5259577206978,101
2024-09-19 15:23:03.695,419.5953520302304,8
2024-09-19 15:23:03.698,419.5946071131894,101
2024-09-19 15:23:03.699,419.59878861297625,9
2024-09-19 15:23:03.779,419.5833242760632,6
2024-09-19 15:23:03.790,419.59990812302055,999
2024-09-19 15:23:03.907,419.5816473626003,8
2024-09-19 15:23:03.933,419.588569448177,96
2024-09-19 15:23:03.944,419.6022549869821,11
2024-09-19 15:23:03.988,419.51662848175255,1001
2024-09-19 15:23:04.056,419.4310393704857,996
2024-09-19 15:23:04.195,419.4344812756477,8
2024-09-19 15:23:04.205,419.4175826974555,96
2024-09-19 15:23:04.228,419.4593134435888,101
2024-09-19 15:23:04.235,419.4423285907127,98
2024-09-19 15:23:04.367,419.4310863352009,5
2024-09-19 15:23:04.504,419.4198253523242,101
2024-09-19 15:23:04.514,419.40451754151337,99
2024-09-19 15:23:04.556,419.42863991963486,995
2024-09-19 15:23:04.631,419.460131885251,7
2024-09-19 15:23:04.668,419.4470094498154,995
2024-09-19 15:23:04.679,419.413445862482,12
2024-09-19 15:23:04.705,419.4247021191788,8
2024-09-19 15:23:04.757,419.4209548175618,11
2024-09-19 15:23:04.778,419.44424547230807,8
2024-09-19 15:23:04.854,419.4146654353332,95
2024-09-19 15:23:05.041,419.43577117881983,1004
2024-09-19 15:23:05.058,419.4195038566541,1001
2024-09-19 15:23:05.061,419.43962137695513,1004
2024-09-19 15:23:05.118,419.4115807939268,997
2024-09-19 15:23:05.249,419.40307562684416,995
2024-09-19 15:23:05.330,419.41163409599903,96
2024-09-19 15:23:05.627,419.4271645482655,102
2024-09-19 15:23:05.672,419.419707762312,999
2024-09-19 15:23:05.817,419.6970493552872,96
2024-09-19 15:23:05.962,419.43449362975065,995
2024-09-19 15:23:06.111,419.45091982637183,999
2024-09-19 15:23:06.133,419.42616338785206,1005
2024-09-19 15:23:06.264,419.4232738293373,104
2024-09-19 15:23:06.688,419.448213673593,11
2024-09-19 15:23:07.019,419.46102321848,99
2024-09-19 15:23:07.129,419.4678770154856,7
2024-09-19 15:23:07.195,419.4588113270638,6
2024-09-19 15:23:07.254,419.4488677502878,995
2024-09-19 15:23:07.409,419.4743430038298,15
2024-09-19 15:23:07.528,419.4666867185149,101
2024-09-19 15:23:07.874,419.4735691099724,101
2024-09-19 15:23:07.931,419.4635577561696,10
2024-09-19 15:23:08.036,419.4834445111544,14
2024-09-19 15:23:08.050,419.562804222553,5
2024-09-19 15:23:08.092,419.5352880525384,11
2024-09-19 15:23:08.151,419.51439902595325,1005
2024-09-19 15:23:08.261,419.5190870831928,11
2024-09-19 15:23:08.262,419.52920566712953,1002
2024-09-19 15:23:08.328,419.5459654838974,1003
2024-09-19 15:23:08.451,419.4766165988887,13
2024-09-19 15:23:08.670,419.514482625413,99
2024-09-19 15:23:08.813,419.49671764143744,1002
2024-09-19 15:23:08.917,419.55843474030144,7
2024-09-19 15:23:08.934,419.5521161422778,14
2024-09-19 15:23:08.981,419.54319599415584,1005
2024-09-19 15:23:09.016,419.4999321551472,98
2024-09-19 15:23:09.028,419.48711361152345,6
2024-09-19 15:23:09.045,419.50541489068615,102
2024-09-19 15:23:09.076,419.4741420047446,6
2024-09-19 15:23:09.088,419.4686117289714,1000
2024-09-19 15:23:09.154,419.4654971233297,997
2024-09-19 15:23:09.159,419.4659697742041,104
2024-09-19 15:23:09.165,419.4640353833096,97
2024-09-19 15:23:09.203,419.4801396058136,12
2024-09-19 15:23:09.260,419.4634234789952,1001
2024-09-19 15:23:09.336,419.4724983396253,995
2024-09-19 15:23:09.360,419.4917075147535,95
2024-09-19 15:23:09.384,419.4908594125012,7
2024-09-19 15:23:09.442,419.5905312962733,101
2024-09-19 15:23:09.445,419.4390237954248,995
2024-09-19 15:23:09.482,419.4777127184433,13
2024-09-19 15:23:09.583,419.5149122032782,104
2024-09-19 15:23:09.588,419.46641658097286,1005
2024-09-19 15:23:09.592,419.4768246358319,96
2024-09-19 15:23:09.609,419.46822414394455,103
2024-09-19 15:23:09.676,419.43414016300295,96
2024-09-19 15:23:09.723,419.4532264980123,996
2024-09-19 15:23:09.746,419.4744784984856,1000
2024-09-19 15:23:09.751,419.4684473220096,102
2024-09-19 15:23:09.783,41.94462877837909,99
2024-09-19 15:23:09.846,419.5188277882016,1004
2024-09-19 15:23:09.854,419.4642424981767,998
2024-09-19 15:23:09.857,419.481339975695,99
2024-09-19 15:23:09.869,419.483178118293,1001
2024-09-19 15:23:09.919,419.4691200113886,102
2024-09-19 15:23:10.012,419.4676652419018,104
2024-09-19 15:23:10.140,419.49351691323744,100
2024-09-19 15:23:10.166,419.5290206950587,12
2024-09-19 15:23:10.173,419.4979767844921,15
2024-09-19 15:23:10.198,419.5115161413256,102
2024-09-19 15:23:10.331,419.50590906073785,12
2024-09-19 15:23:10.351,419.4760729462784,96
2024-09-19 15:23:10.353,419.505034802188,7
2024-09-19 15:23:10.357,419.4856564496786,103
2024-09-19 15:23:10.368,419.4787392604557,95
2024-09-19 15:23:10.423,419.50716254483984,5
2024-09-19 15:23:10.514,419.477122225906,997
2024-09-19 15:23:10.545,419.50954454299233,1001
2024-09-19 15:23:10.634,419.4984581375852,9
2024-09-19 15:23:10.662,419.4683219773621,11
2024-09-19 15:23:10.672,419.4592579022665,95
2024-09-19 15:23:10.699,419.4977218205613,10
2024-09-19 15:23:10.700,419.5025388599474,5
2024-09-19 15:23:10.810,419.47912920632,1003
2024-09-19 15:23:10.816,419.5595653212197,101
2024-09-19 15:23:10.836,419.4854134976838,998
2024-09-19 15:23:10.853,419.48992956148544,1000
2024-09-19 15:23:11.067,419.4609969338948,7
2024-09-19 15:23:11.189,419.4621227275375,12
2024-09-19 15:23:11.219,419.4901881918754,1000
2024-09-19 15:23:11.226,419.4857256958292,98
2024-09-19 15:23:11.283,41.94766972000968,11
2024-09-19 15:23:11.308,419.4994047220982,6
2024-09-19 15:23:11.353,419.4714236409305,998
2024-09-19 15:23:11.356,419.4915311773005,96
2024-09-19 15:23:11.356,419.49850880233095,997
2024-09-19 15:23:11.356,419.45999707822665,10
2024-09-19 15:23:11.374,-419.52059994741575,102
2024-09-19 15:23:11.409,419.4936086885333,14
2024-09-19 15:23:11.467,419.5055897442167,1004
2024-09-19 15:23:11.468,419.5113557997576,100
2024-09-19 15:23:11.479,419.50142053714336,96
2024-09-19 15:23:11.488,419.4872065444411,102
2024-09-19 15:23:11.494,419.4684569474532,95
2024-09-19 15:23:11.554,419.46286275902094,105
2024-09-19 15:23:11.583,419.4449414917804,15
2024-09-19 15:23:11.657,419.4772542377758,995
2024-09-19 15:23:11.686,419.4702169582685,5
2024-09-19 15:23:11.692,419.4743361499608,97
2024-09-19 15:23:11.770,419.48888219324976,98
2024-09-19 15:23:11.784,419.4820424139304,999
2024-09-19 15:23:11.792,419.4854895100645,8
2024-09-19 15:23:11.891,419.4757368732432,96
2024-09-19 15:23:11.956,419.4606915800657,99
2024-09-19 15:23:12.134,419.53988060804016,103
2024-09-19 15:23:12.139,419.5173516227878,99
2024-09-19 15:23:12.175,419.48494882473767,1002
2024-09-19 15:23:12.193,419.5062940212813,1002
2024-09-19 15:23:12.282,419.5694718601724,999
2024-09-19 15:23:12.398,419.5198970939182,6
2024-09-19 15:23:12.444,,96
2024-09-19 15:23:12.483,419.50237890252896,1000
2024-09-19 15:23:12.527,419.4888381088669,95
2024-09-19 15:23:12.586,419.5499188564015,997
2024-09-19 15:23:12.590,419.51272464940433,101
2024-09-19 15:23:12.728,419.5208683658342,102
2024-09-19 15:23:12.754,419.5322428342072,104
2024-09-19 15:23:12.759,419.4960386648996,102
2024-09-19 15:23:12.795,419.6134512397036,11
2024-09-19 15:23:12.820,419.5360080320347,105
2024-09-19 15:23:12.822,419.5238976928848,14
2024-09-19 15:23:12.882,419.5423752770358,7
2024-09-19 15:23:12.894,419.5275748600986,1001
2024-09-19 15:23:12.935,419.5294020686924,99
2024-09-19 15:23:12.953,419.4957458960219,7
2024-09-19 15:23:12.967,419.5127606114156,1001
2024-09-19 15:23:12.978,419.4911866847319,6
2024-09-19 15:23:12.999,419.49096063915897,999
2024-09-19 15:23:13.002,419.4883481093427,1005
2024-09-19 15:23:13.184,419.5281440443161,10
2024-09-19 15:23:13.232,419.5071141221803,104
2024-09-19 15:23:13.278,419.5111283482484,1005
2024-09-19 15:23:13.327,,100
2024-09-19 15:23:13.441,419.53213183559353,96
2024-09-19 15:23:13.448,,102
2024-09-19 15:23:13.662,419.4869297046678,105
2024-09-19 15:23:13.745,419.50955565824825,10
2024-09-19 15:23:14.061,419.5506416760341,1000
2024-09-19 15:23:14.067,419.5828425912864,95
2024-09-19 15:23:14.092,419.5977447662515,97
2024-09-19 15:23:14.100,419.56475718253785,995
2024-09-19 15:23:14.170,419.5911068593691,5
2024-09-19 15:23:14.186,419.6233699089587,1001
2024-09-19 15:23:14.212,419.50897741418856,1001
2024-09-19 15:23:14.257,419.5800004186527,97
2024-09-19 15:23:14.282,419.53912754366416,995
2024-09-19 15:23:14.417,419.5392244604776,1003
2024-09-19 15:23:14.468,419.6097705939485,7
2024-09-19 15:23:14.493,419.6084066226029,9
2024-09-19 15:23:14.554,-419.5720190096335,11
2024-09-19 15:23:14.576,419.5781207012113,96
2024-09-19 15:23:14.610,419.557677899773,102
2024-09-19 15:23:14.794,419.5459451570582,999
2024-09-19 15:23:14.857,419.57319423872326,998
2024-09-19 15:23:14.895,419.5830609080664,995
2024-09-19 15:23:14.906,419.62487636459934,6
2024-09-19 15:23:14.918,419.55935296832456,98
2024-09-19 15:23:14.935,419.5776310411626,102
2024-09-19 15:23:14.975,419.6214661759989,15
2024-09-19 15:23:14.976,419.5369578082024,96
2024-09-19 15:23:16.061,419.624287708894,995
2024-09-19 15:23:16.148,419.6344271557951,5
2024-09-19 15:23:16.173,419.6334954914676,1001
2024-09-19 15:23:16.178,419.6436503748002,11
2024-09-19 15:23:16.268,419.63557921261287,996
2024-09-19 15:23:16.269,419.6346405024824,998
2024-09-19 15:23:16.273,419.6475609749134,999
2024-09-19 15:23:16.289,419.642751932671,13
2024-09-19 15:23:16.305,419.63571401296525,11
2024-09-19 15:23:16.312,419.62402352022553,99
2024-09-19 15:23:16.320,419.641364444076,1001
2024-09-19 15:23:16.487,419.6311194133284,102
2024-09-19 15:23:16.503,419.6418266502212,1005
2024-09-19 15:23:16.533,419.6377971904748,15
2024-09-19 15:23:16.603,419.6547563278081,995
2024-09-19 15:23:16.618,419.639028532507,95
2024-09-19 15:23:16.663,419.6336900598959,101
2024-09-19 15:23:16.767,419.62726078851057,7
2024-09-19 15:23:16.804,419.6428077791696,1005
2024-09-19 15:23:16.842,419.6098689443745,15
2024-09-19 15:23:16.844,419.6227261741242,98
2024-09-19 15:23:16.993,419.6356924559116,100
2024-09-19 15:23:16.995,419.6395559563352,95
2024-09-19 15:23:17.063,419.6360930046791,12
2024-09-19 15:23:17.093,419.6433206136832,13
2024-09-19 15:23:17.098,419.6514783953528,996
2024-09-19 15:23:17.117,419.6701978828902,98
2024-09-19 15:23:17.125,419.65394654439774,1000
2024-09-19 15:23:17.153,419.6212946416412,102
2024-09-19 15:23:17.252,419.6629041686496,8
2024-09-19 15:23:17.266,419.6243430177043,1003
2024-09-19 15:23:17.321,419.6408077226751,995
2024-09-19 15:23:17.326,419.634819617681,8
2024-09-19 15:23:17.439,419.6335043737819,11
2024-09-19 15:23:17.451,419.6309554324234,15
2024-09-19 15:23:17.580,419.6325589019307,998
2024-09-19 15:23:17.653,419.6259668655976,15
2024-09-19 15:23:17.689,419.6720401928119,5
2024-09-19 15:23:17.702,419.63971019731457,999
2024-09-19 15:23:17.731,419.6223406428198,7
2024-09-19 15:23:17.816,419.6372396026775,1001
2024-09-19 15:23:17.862,419.6600792602926,5
2024-09-19 15:23:17.940,419.63922223456905,1003
2024-09-19 15:23:17.972,419.6352797333552,15
2024-09-19 15:23:18.024,419.6709964162952,998
2024-09-19 15:23:18.120,419.67595003909554,95
2024-09-19 15:23:18.180,419.6550925555775,11
2024-09-19 15:23:18.190,419.6788971560473,102
2024-09-19 15:23:18.199,419.6571257844168,15
2024-09-19 15:23:18.265,419.6640685415642,95
2024-09-19 15:23:18.564,419.6927969896096,98
2024-09-19 15:23:18.610,419.6681300352549,1004
2024-09-19 15:23:18.764,419.6566153702792,998
2024-09-19 15:23:18.790,419.6901469611767,15
2024-09-19 15:23:18.807,419.6974051219652,996
2024-09-19 15:23:18.859,419.6551039042687,1005
2024-09-19 15:23:18.867,419.65648190294337,8
2024-09-19 15:23:18.868,419.66438421395145,97
2024-09-19 15:23:18.870,419.6493188362994,7
2024-09-19 15:23:18.961,419.66061417789655,1003
2024-09-19 15:23:18.973,419.6681461483613,1000
2024-09-19 15:23:18.989,419.6548059930055,999
2024-09-19 15:23:18.990,419.67178885275,11
2024-09-19 15:23:19.876,419.6758154607729,8
2024-09-19 15:23:19.982,419.6684586096186,103
2024-09-19 15:23:20.017,419.66854769190456,1002
2024-09-19 15:23:20.121,419.6061500483068,6
2024-09-19 15:23:20.135,419.5935143058939,1003
2024-09-19 15:23:20.342,419.6438902416552,6
2024-09-19 15:23:20.359,419.59492197722,11
2024-09-19 15:23:20.431,419.6201326204493,10
2024-09-19 15:23:20.436,419.6474501538266,102
2024-09-19 15:23:20.439,419.6251471521858,12
2024-09-19 15:23:20.598,419.5802142113046,1004
2024-09-19 15:23:20.710,419.5893064538484,996
2024-09-19 15:23:20.796,419.6269385852949,97
2024-09-19 15:23:20.876,419.6107490147078,98
2024-09-19 15:23:20.893,419.6262077975995,104
2024-09-19 15:23:20.986,419.6709345556739,97
2024-09-19 15:23:21.018,419.6020140819271,998
2024-09-19 15:23:21.121,419.590064958554,101
2024-09-19 15:23:21.767,419.59308395519565,7
2024-09-19 15:23:21.801,419.59880718923785,9
2024-09-19 15:23:22.009,419.5631809965113,100
2024-09-19 15:23:22.075,419.5450546466519,104
2024-09-19 15:23:22.095,419.594362659064,1001
2024-09-19 15:23:22.110,419.587285608317,1004
2024-09-19 15:23:22.134,419.5503427752429,95
2024-09-19 15:23:22.188,419.57649618645263,99
2024-09-19 15:23:22.240,419.5712076986366,98
2024-09-19 15:23:22.302,419.57238922548567,7
2024-09-19 15:23:22.322,419.57645984075,12
2024-09-19 15:23:22.323,419.5440694905414,13
2024-09-19 15:23:22.335,419.5702197837276,14
2024-09-19 15:23:22.361,419.5799746592471,100
2024-09-19 15:23:22.481,419.6002474167013,100
2024-09-19 15:23:22.483,419.5615849124041,997
2024-09-19 15:23:22.520,419.572599608154,7
2024-09-19 15:23:22.538,419.5699638226153,99
2024-09-19 15:23:22.544,419.5588972945897,1003
2024-09-19 15:23:22.568,419.5970532898423,97
2024-09-19 15:23:22.595,419.5842601434295,6
2024-09-19 15:23:22.647,419.5784885709156,1001
2024-09-19 15:23:22.757,419.5789768476429,100
2024-09-19 15:23:22.759,419.5512497617288,101
2024-09-19 15:23:22.795,419.5707251096295,998
2024-09-19 15:23:22.866,419.7585397344786,102
2024-09-19 15:23:22.882,419.5531041822009,1002
2024-09-19 15:23:22.900,419.5441902030083,998
2024-09-19 15:23:22.902,419.5583681358933,1001
2024-09-19 15:23:22.923,419.5571446065811,8
2024-09-19 15:23:22.940,419.563318381607,10
2024-09-19 15:23:22.957,41.95844806189357,1001
2024-09-19 15:23:22.976,419.575728956936,1000
2024-09-19 15:23:23.081,419.55307919943806,999
2024-09-19 15:23:23.111,419.52785175487145,6
2024-09-19 15:23:23.124,419.5150357593054,105
2024-09-19 15:23:23.206,419.5543158033786,13
2024-09-19 15:23:23.376,-419.51504333895457,10
2024-09-19 15:23:23.539,419.5431559688272,96
2024-09-19 15:23:23.681,419.50478245552864,100
2024-09-19 15:23:23.691,419.53632570265177,100
2024-09-19 15:23:23.767,419.5053658898395,1005
2024-09-19 15:23:23.788,419.5146441225092,5
2024-09-19 15:23:23.853,419.5163526688804,100
2024-09-19 15:23:23.884,419.5150990210524,999
2024-09-19 15:23:24.074,419.5363396497338,102
2024-09-19 15:23:24.780,,105
2024-09-19 15:23:24.862,419.5435083676935,105
2024-09-19 15:23:24.878,419.5593729781581,98
2024-09-19 15:23:25.092,419.49682550164727,15
2024-09-19 15:23:25.134,419.55245143521006,102
2024-09-19 15:23:25.158,419.5809215500028,10
2024-09-19 15:23:25.241,419.49441262189663,105
2024-09-19 15:23:25.361,419.5741892999549,12
2024-09-19 15:23:25.375,419.5523947318589,1001
2024-09-19 15:23:25.442,419.5221267455572,105
2024-09-19 15:23:25.447,419.57920738162767,8
2024-09-19 15:23:25.712,419.5688678938886,14
2024-09-19 15:23:25.795,419.5735757345105,96
2024-09-19 15:23:25.796,419.5572802422253,1000
2024-09-19 15:23:25.821,419.5824024283243,99
2024-09-19 15:23:25.823,419.5019210493252,13
2024-09-19 15:23:25.825,419.5489851430657,1000
2024-09-19 15:23:25.832,419.5030424181493,13
2024-09-19 15:23:25.837,419.53209071968746,103
2024-09-19 15:23:25.839,419.5440941504812,1004
2024-09-19 15:23:25.865,419.6956666105869,14
2024-09-19 15:23:25.912,419.5631672300672,103
2024-09-19 15:23:25.918,419.5647089488656,99
2024-09-19 15:23:25.925,419.5547367896819,98
2024-09-19 15:23:25.946,419.524828806688,102
2024-09-19 15:23:25.977,419.573387822448,96
2024-09-19 15:23:26.032,419.49207831656577,6
2024-09-19 15:23:26.055,419.53555149238696,999
2024-09-19 15:23:26.175,419.4884650701098,12
2024-09-19 15:23:26.182,419.5025417962871,13
2024-09-19 15:23:26.242,419.50356353096544,1004
2024-09-19 15:23:26.306,419.4948378903776,997
2024-09-19 15:23:26.402,419.5010805834245,6
2024-09-19 15:23:26.411,419.4877482798012,10
2024-09-19 15:23:26.484,419.5069217190226,98
2024-09-19 15:23:26.484,419.5584104347485,1002
2024-09-19 15:23:26.489,419.5049871815526,999
2024-09-19 15:23:26.501,419.5076484869815,996
2024-09-19 15:23:26.505,419.49338713873993,12
2024-09-19 15:23:26.651,419.5031067312285,5
2024-09-19 15:23:26.654,419.520027573436,1003
2024-09-19 15:23:26.677,419.5112101804324,101
2024-09-19 15:23:26.682,419.517584780308,12
2024-09-19 15:23:26.772,419.5021084880186,100
2024-09-19 15:23:26.794,419.5008929456084,7
2024-09-19 15:23:26.843,419.53518413482647,1003
2024-09-19 15:23:26.887,419.48895427164285,996
2024-09-19 15:23:26.948,419.4885991432128,99
2024-09-19 15:23:26.949,419.5566046182312,8
2024-09-19 15:23:26.960,419.5179536606509,14
2024-09-19 15:23:27.087,419.5936270096478,101
2024-09-19 15:23:27.119,419.6109340997777,102
2024-09-19 15:23:27.165,419.8335718437678,95
2024-09-19 15:23:27.237,419.5931885249093,95
2024-09-19 15:23:27.357,419.5829458213033,11
2024-09-19 15:23:27.367,419.5867311634158,97
2024-09-19 15:23:27.533,419.5884918409732,1002
2024-09-19 15:23:27.703,419.5882778526725,9
2024-09-19 15:23:27.751,419.57414728299807,995
2024-09-19 15:23:27.765,419.5621833797526,1004
2024-09-19 15:23:27.987,,15
2024-09-19 15:23:28.145,419.53377025975135,1004
2024-09-19 15:23:28.172,419.5450824415035,15
2024-09-19 15:23:28.254,419.5469786005179,102
2024-09-19 15:23:28.339,419.5667645658428,100
2024-09-19 15:23:28.417,419.45433622858144,1002
2024-09-19 15:23:28.444,419.5115763767311,97
2024-09-19 15:23:28.531,419.6018097366125,1000
2024-09-19 15:23:28.665,419.56925514535726,10
2024-09-19 15:23:28.681,419.48769893023785,7
2024-09-19 15:23:28.687,419.5569323878671,9
2024-09-19 15:23:28.728,419.5703765924141,1004
2024-09-19 15:23:28.755,419.6162040384668,98
2024-09-19 15:23:28.799,419.5822782459307,1000
2024-09-19 15:23:28.833,419.584507875987,15
2024-09-19 15:23:28.990,419.596816957409,999
2024-09-19 15:23:29.036,419.3372738038768,104
2024-09-19 15:23:29.062,419.41163507778657,1000
2024-09-19 15:23:29.070,419.3795587948313,98
2024-09-19 15:23:29.100,419.3716612313704,996
2024-09-19 15:23:29.102,419.33667946332383,11
2024-09-19 15:23:29.112,419.3803653123307,102
2024-09-19 15:23:29.128,419.3784932946202,97
2024-09-19 15:23:29.176,419.35633918691633,11
2024-09-19 15:23:29.195,419.437459752961,99
2024-09-19 15:23:29.281,419.3579665503474,9
2024-09-19 15:23:29.316,419.3508206212664,10
2024-09-19 15:23:29.324,419.36030164171626,103
2024-09-19 15:23:29.325,419.3863786812136,102
2024-09-19 15:23:29.373,419.4285888694223,103
2024-09-19 15:23:29.420,419.3584669508323,96
2024-09-19 15:23:29.519,419.38554747875367,1003
2024-09-19 15:23:29.601,419.3533760823018,1000
2024-09-19 15:23:29.623,419.3603451984174,13
2024-09-19 15:23:29.623,419.46318216580863,101
2024-09-19 15:23:29.673,419.3651049948345,105
2024-09-19 15:23:29.721,419.3566723658184,995
2024-09-19 15:23:29.723,419.3746127464714,1003
2024-09-19 15:23:29.738,419.3811834134437,96
2024-09-19 15:23:29.782,419.35037540397065,100
2024-09-19 15:23:29.870,419.4425790034527,1005
2024-09-19 15:23:29.909,419.3891266191541,105
2024-09-19 15:23:29.924,419.4447348391703,10
2024-09-19 15:23:29.938,419.3752351540924,104
2024-09-19 15:23:29.943,41.93961796955144,7
2024-09-19 15:23:30.049,419.4092759984386,14
2024-09-19 15:23:30.066,419.36760846822045,1005
2024-09-19 15:23:30.117,419.3881877541376,100
2024-09-19 15:23:30.142,419.3686639868063,1004
2024-09-19 15:23:30.157,419.4053125437901,103
2024-09-19 15:23:30.251,419.3821743687722,102
2024-09-19 15:23:30.325,419.3696900798171,10
2024-09-19 15:23:30.372,419.4091243806818,103
2024-09-19 15:23:30.399,419.38152100172925,999
2024-09-19 15:23:30.424,419.39770801136007,997
2024-09-19 15:23:30.550,419.38756695393687,998
2024-09-19 15:23:30.579,419.396196699326,105
2024-09-19 15:23:30.632,419.391122058381,12
2024-09-19 15:23:30.634,419.3999979825032,1003
2024-09-19 15:23:30.723,419.3862247702916,1005
2024-09-19 15:23:30.799,419.3551238622464,97
2024-09-19 15:23:30.841,419.41021579435386,13
2024-09-19 15:23:30.860,419.4127340471212,99
2024-09-19 15:23:30.900,419.3899605073405,102
2024-09-19 15:23:30.908,419.4109704357799,997
2024-09-19 15:23:30.924,419.3906318118395,995
2024-09-19 15:23:30.932,419.3849370944864,1002
2024-09-19 15:23:30.954,419.36816426370734,1004
2024-09-19 15:23:31.112,419.3459850742049,12
2024-09-19 15:23:31.140,419.3669930860304,997
2024-09-19 15:23:32.102,419.3697592360748,98
2024-09-19 15:23:32.112,419.36098657517255,996
2024-09-19 15:23:32.118,419.3987052485355,96
2024-09-19 15:23:32.210,419.382994023789,98
2024-09-19 15:23:32.362,419.3749392000111,1004
2024-09-19 15:23:32.379,419.39538571943007,102
2024-09-19 15:23:32.446,41.93742518743832,5
2024-09-19 15:23:32.473,419.3760839095257,97
2024-09-19 15:23:32.516,419.3981631814779,104
2024-09-19 15:23:32.536,419.3867396042186,15
2024-09-19 15:23:32.547,419.37048143159456,8
2024-09-19 15:23:32.555,419.3957037119716,104
2024-09-19 15:23:32.589,419.390780282836,12
2024-09-19 15:23:32.613,419.3962268134226,996
2024-09-19 15:23:32.648,419.3938944077621,102
2024-09-19 15:23:32.748,419.374930778766,5
2024-09-19 15:23:32.787,419.3948085865002,97
2024-09-19 15:23:32.836,419.3780869476972,1003
2024-09-19 15:23:32.872,419.38354551561673,96
2024-09-19 15:23:32.913,419.3891567306248,1003
2024-09-19 15:23:32.969,419.3947591822453,12
2024-09-19 15:23:33.121,419.3465297074738,100
2024-09-19 15:23:33.325,419.3382045160174,15
2024-09-19 15:23:33.652,419.35347658335206,1005
2024-09-19 15:23:33.672,419.3794794737015,13
2024-09-19 15:23:33.890,419.3774571895081,95
2024-09-19 15:23:34.172,419.3528548097408,105
2024-09-19 15:23:34.232,419.3570186692557,1002
2024-09-19 15:23:34.247,419.3600995797317,105
2024-09-19 15:23:34.444,419.3477771268566,8
2024-09-19 15:23:34.495,419.3467714763728,97
2024-09-19 15:23:34.504,419.3567507393055,97
2024-09-19 15:23:34.508,419.3619143917438,9
2024-09-19 15:23:34.576,419.3800068001154,996
2024-09-19 15:23:34.696,419.37496444777776,99
2024-09-19 15:23:34.717,41.93515519571777,11
2024-09-19 15:23:34.786,419.3399161775913,15
2024-09-19 15:23:34.807,419.36505022598647,97
2024-09-19 15:23:34.816,419.35957505212826,99
2024-09-19 15:23:34.884,419.366375359117,6
2024-09-19 15:23:34.894,419.34571863954267,995
2024-09-19 15:23:35.009,419.507254791372,98
2024-09-19 15:23:35.053,419.38376813256616,10
2024-09-19 15:23:35.230,419.4672884558864,1003
2024-09-19 15:23:35.354,419.37175145491824,14
2024-09-19 15:23:35.550,,96
2024-09-19 15:23:35.623,419.3950846652122,96
2024-09-19 15:23:35.688,419.447099256754,1003
2024-09-19 15:23:35.708,419.3507036280584,13
2024-09-19 15:23:35.735,419.4739611500288,1002
2024-09-19 15:23:35.757,419.50382271299327,96
2024-09-19 15:23:35.785,419.5141288794982,1003
2024-09-19 15:23:35.790,419.4858290403103,995
2024-09-19 15:23:35.908,419.4702703310211,1001
2024-09-19 15:23:35.919,419.4824170402604,8
2024-09-19 15:23:35.920,419.48829947565525,96
2024-09-19 15:23:35.959,419.4385251503858,10
2024-09-19 15:23:35.960,419.4138720058674,5
2024-09-19 15:23:35.960,419.51032460265634,8
2024-09-19 15:23:35.975,41.950800302391535,995
2024-09-19 15:23:36.066,419.5041942185691,1004
2024-09-19 15:23:36.104,419.48804796618447,104
2024-09-19 15:23:36.156,419.5205297684056,99
2024-09-19 15:23:36.197,419.4956639524452,1001
2024-09-19 15:23:36.208,419.5323530420104,11
2024-09-19 15:23:36.209,419.506288991106,96
2024-09-19 15:23:36.301,419.5014455818503,997
2024-09-19 15:23:36.322,419.52718204739534,1000
2024-09-19 15:23:36.335,419.5306233405453,6
2024-09-19 15:23:36.336,419.5262037735147,999
2024-09-19 15:23:36.345,419.5143770768894,105
2024-09-19 15:23:36.348,41.9540827634377,96
2024-09-19 15:23:36.403,419.490499766091,104
2024-09-19 15:23:36.472,419.5138065360776,6
2024-09-19 15:23:36.492,419.5349606731726,96
2024-09-19 15:23:36.559,419.5108422469678,100
2024-09-19 15:23:36.571,419.5167403237534,103
2024-09-19 15:23:36.614,419.4816075841525,6
2024-09-19 15:23:36.659,419.5235147395301,8
2024-09-19 15:23:36.701,419.5115121345152,997
2024-09-19 15:23:36.720,,104
2024-09-19 15:23:36.761,419.5444902693709,99
2024-09-19 15:23:36.801,419.88389161832566,7
2024-09-19 15:23:36.863,419.5278084328835,14
2024-09-19 15:23:36.959,419.5294052864304,98
2024-09-19 15:23:36.961,419.5528446797725,102
2024-09-19 15:23:36.967,419.51840896065227,103
2024-09-19 15:23:36.978,419.4794271567389,11
2024-09-19 15:23:36.983,419.48503681357823,999
2024-09-19 15:23:36.986,419.5345640042564,1002
2024-09-19 15:23:37.252,419.4784994089307,997
2024-09-19 15:23:38.028,419.4765272488369,98
2024-09-19 15:23:38.119,419.50090171882766,10
2024-09-19 15:23:38.247,419.488079606946,6
2024-09-19 15:23:38.518,419.5167239239836,99
2024-09-19 15:23:39.001,419.5381996375716,15
2024-09-19 15:23:39.058,419.5314306988252,11
2024-09-19 15:23:39.059,419.5036619670304,11
2024-09-19 15:23:39.081,419.4471157923704,6
2024-09-19 15:23:39.221,419.5077344756613,1005
2024-09-19 15:23:39.263,419.4896798405697,15
2024-09-19 15:23:39.298,419.4518190751061,98
2024-09-19 15:23:39.357,419.5146380923353,9
2024-09-19 15:23:39.404,419.4855086423745,1003
2024-09-19 15:23:39.547,419.50944363997,103
2024-09-19 15:23:39.569,419.5334152663344,10
2024-09-19 15:23:39.617,419.4930404248304,997
2024-09-19 15:23:39.617,419.5061629599769,104
2024-09-19 15:23:39.737,419.42545450129165,98
2024-09-19 15:23:39.810,419.5178567822125,996
2024-09-19 15:23:39.817,419.4974064456556,5
2024-09-19 15:23:39.928,419.4716600568251,104
2024-09-19 15:23:39.940,419.48250596380086,15
2024-09-19 15:23:40.033,419.49723857679,1002
2024-09-19 15:23:40.142,419.4878492434145,98
2024-09-19 15:23:40.225,419.487681284479,999
2024-09-19 15:23:40.243,419.50751613811065,8
2024-09-19 15:23:40.446,419.4424158298711,96
2024-09-19 15:23:40.465,419.5037457353216,101
2024-09-19 15:23:40.471,419.5031031743432,95
2024-09-19 15:23:40.555,419.4837412836373,104
2024-09-19 15:23:40.573,419.48766126333874,996
2024-09-19 15:23:40.578,419.49450231713496,995
2024-09-19 15:23:40.652,419.51546493316647,96
2024-09-19 15:23:40.655,419.47405298832587,101
2024-09-19 15:23:40.692,419.438498915476,995
2024-09-19 15:23:40.703,41.948725595389504,997
2024-09-19 15:23:40.708,419.48804906769794,7
2024-09-19 15:23:40.735,419.4724990910527,15
2024-09-19 15:23:40.764,419.4863994862008,9
2024-09-19 15:23:40.927,419.4941105638182,102
2024-09-19 15:23:40.985,419.4621442482492,5
2024-09-19 15:23:41.108,419.52447684257305,14
2024-09-19 15:23:41.123,419.505090838148,15
2024-09-19 15:23:41.126,419.5093496571339,95
2024-09-19 15:23:41.136,419.5331231376442,95
2024-09-19 15:23:41.386,419.5053859290428,95
2024-09-19 15:23:41.392,419.49781366303256,1002
2024-09-19 15:23:41.417,419.5026866276025,1004
2024-09-19 15:23:41.453,419.48170173477416,999
2024-09-19 15:23:41.456,419.51993630167925,8
2024-09-19 15:23:41.476,419.51757770475626,9
2024-09-19 15:23:41.551,419.5311271550553,1002
2024-09-19 15:23:41.603,419.5217611172551,10
2024-09-19 15:23:41.640,419.4985694123358,105
2024-09-19 15:23:41.744,419.5077141016793,100
2024-09-19 15:23:41.774,419.5256427206981,105
2024-09-19 15:23:41.821,419.5265463747704,101
2024-09-19 15:23:41.821,419.500712653878,8
2024-09-19 15:23:41.841,419.4851350339228,98
2024-09-19 15:23:41.874,419.5077094958479,97
2024-09-19 15:23:41.942,419.5060252567878,105
2024-09-19 15:23:41.971,419.4810639197136,15
2024-09-19 15:23:42.047,419.502297587959,1001
2024-09-19 15:23:42.115,419.5022472438456,96
2024-09-19 15:23:42.154,419.50493345282575,1005
2024-09-19 15:23:42.160,419.5015605148692,12
2024-09-19 15:23:42.231,419.506981781566,7
2024-09-19 15:23:42.304,419.4945502731199,1000
2024-09-19 15:23:42.570,419.5019548760458,5
2024-09-19 15:23:42.596,419.517413513217,102
2024-09-19 15:23:42.807,419.5071485108568,8
2024-09-19 15:23:42.853,419.5068837901818,999
2024-09-19 15:23:43.016,419.49862277631007,1002
2024-09-19 15:23:43.019,419.50504529521294,1005
2024-09-19 15:23:43.025,419.4809683960033,105
2024-09-19 15:23:43.105,419.5313444162319,14
2024-09-19 15:23:43.164,419.4732092885473,102
2024-09-19 15:23:43.191,419.4955899987721,8
2024-09-19 15:23:43.191,419.5024019063777,98
2024-09-19 15:23:43.205,419.5284633853603,10
2024-09-19 15:23:43.227,419.5196221497711,101
2024-09-19 15:23:43.267,419.479511244256,999
2024-09-19 15:23:43.268,419.4680149141643,15
2024-09-19 15:23:43.303,419.5170949895492,15
2024-09-19 15:23:43.318,419.5114333010248,95
2024-09-19 15:23:43.389,419.5042258735329,7
2024-09-19 15:23:43.446,419.5314399412839,102
2024-09-19 15:23:43.539,419.5328770014066,7
2024-09-19 15:23:43.596,419.484342046556,1001
2024-09-19 15:23:43.616,419.4833322028185,997
2024-09-19 15:23:43.699,419.5098989475601,98
2024-09-19 15:23:43.916,419.5215197702751,10
2024-09-19 15:23:43.927,419.5185306124259,10
2024-09-19 15:23:43.946,419.5212966355627,999
2024-09-19 15:23:44.021,419.5488599955076,1001
2024-09-19 15:23:44.027,-419.5570731035909,1004
2024-09-19 15:23:44.054,419.5535408131735,7
2024-09-19 15:23:44.063,419.54293247458605,100
2024-09-19 15:23:44.085,419.55972312472505,1000
2024-09-19 15:23:44.114,419.54870416607,103
2024-09-19 15:23:44.163,419.5501699285099,1005
2024-09-19 15:23:44.308,419.5510035239941,11
2024-09-19 15:23:44.343,419.5581158758068,1004
2024-09-19 15:23:44.354,419.53889015570826,15
2024-09-19 15:23:44.368,419.55425687537286,1004
2024-09-19 15:23:44.377,419.5552298155712,995
2024-09-19 15:23:44.416,419.5585028849635,998
2024-09-19 15:23:44.862,419.5557611546036,997
2024-09-19 15:23:44.864,419.5530121906596,95
2024-09-19 15:23:44.903,419.56437440777154,996
2024-09-19 15:23:44.953,419.54933885755344,10
2024-09-19 15:23:45.031,419.57661121524575,14
2024-09-19 15:23:45.035,419.5638038416959,97
2024-09-19 15:23:45.038,419.5711536219149,995
2024-09-19 15:23:45.095,419.6129601738413,101
2024-09-19 15:23:45.124,419.54693957825134,995
2024-09-19 15:23:45.148,419.5733864329701,1001
2024-09-19 15:23:45.203,419.5655192341521,10
2024-09-19 15:23:45.237,419.58535085096986,96
2024-09-19 15:23:45.303,419.6533894673008,11
2024-09-19 15:23:45.311,419.5577704287223,13
2024-09-19 15:23:45.316,419.5395957357098,999
2024-09-19 15:23:45.327,419.5712788072675,104
2024-09-19 15:23:45.341,419.610661600432,8
2024-09-19 15:23:45.342,-419.5661287598196,15
2024-09-19 15:23:45.459,419.5861549143405,105
2024-09-19 15:23:45.604,419.640085557439,14
2024-09-19 15:23:45.621,419.5583650530564,5
2024-09-19 15:23:45.724,419.58212997453126,97
2024-09-19 15:23:45.732,419.6254898639201,99
2024-09-19 15:23:45.826,419.58273710335845,104
2024-09-19 15:23:45.847,419.63546869448464,996
2024-09-19 15:23:45.850,419.5772505521797,99
2024-09-19 15:23:45.860,419.58706869776086,10
2024-09-19 15:23:45.877,419.636568208844,10
2024-09-19 15:23:45.891,419.56352156915983,12
2024-09-19 15:23:45.926,419.5977305955096,95
2024-09-19 15:23:46.003,419.6274426125738,14
2024-09-19 15:23:46.106,419.619836180422,13
2024-09-19 15:23:46.196,419.6691793429087,995
2024-09-19 15:23:46.198,419.678805580353,1005
2024-09-19 15:23:46.261,419.6381435398461,9
2024-09-19 15:23:46.331,419.6790126802604,8
2024-09-19 15:23:46.334,419.7073950004372,1002
2024-09-19 15:23:46.370,419.61172652953167,5
2024-09-19 15:23:46.379,419.68854468440895,15
2024-09-19 15:23:46.445,419.6292308015912,105
2024-09-19 15:23:46.470,419.65578092968906,96
2024-09-19 15:23:46.477,419.6185337684923,1004
2024-09-19 15:23:46.479,419.6089065076007,8
2024-09-19 15:23:46.485,419.618085401196,6
2024-09-19 15:23:46.496,419.6114711781531,15
2024-09-19 15:23:46.510,419.635761830437,100
2024-09-19 15:23:46.512,419.6851204019232,96
2024-09-19 15:23:46.528,419.6296324884369,102
2024-09-19 15:23:46.529,419.6035791555335,96
2024-09-19 15:23:46.583,419.70560381103206,103
2024-09-19 15:23:46.606,419.6210366927506,100
2024-09-19 15:23:46.637,419.6906327223254,101
2024-09-19 15:23:46.677,419.6480978094567,1003
2024-09-19 15:23:46.731,419.6427477444988,105
2024-09-19 15:23:46.748,419.6232886978302,995
2024-09-19 15:23:46.901,419.6153197008763,1000
2024-09-19 15:23:46.953,419.6774542840501,10
2024-09-19 15:23:46.962,419.5946581849632,104
2024-09-19 15:23:46.967,419.6719622373111,1001
2024-09-19 15:23:46.997,419.6221274457464,998
2024-09-19 15:23:47.385,419.6999430781389,998
2024-09-19 15:23:47.488,419.6977613490823,10
2024-09-19 15:23:48.235,419.6833364580431,1000
2024-09-19 15:23:48.263,419.70165796939926,101
2024-09-19 15:23:48.348,419.6911351876513,102
2024-09-19 15:23:48.350,419.6734845881367,1004
2024-09-19 15:23:48.386,419.69003963786577,100
2024-09-19 15:23:48.394,419.6783665442497,104
2024-09-19 15:23:48.602,419.69057406860105,15
2024-09-19 15:23:48.819,419.6954974405501,1003
2024-09-19 15:23:48.890,-419.6855803248476,10
2024-09-19 15:23:48.896,419.6858548053905,1001
2024-09-19 15:23:48.989,419.6833310410991,100
2024-09-19 15:23:49.050,419.7141982002252,100
2024-09-19 15:23:49.053,419.67178204704766,996
2024-09-19 15:23:49.113,419.71814129599466,102
2024-09-19 15:23:49.126,419.7048013713348,1004
2024-09-19 15:23:49.181,419.7329918587332,1002
2024-09-19 15:23:49.240,419.7140616356439,102
2024-09-19 15:23:49.282,419.7101203249292,8
2024-09-19 15:23:49.343,419.69851133970457,997
2024-09-19 15:23:49.354,419.7147288761799,96
2024-09-19 15:23:49.413,419.734492142398,97
2024-09-19 15:23:49.427,419.6869334950691,101
2024-09-19 15:23:49.452,419.7243654040568,12
2024-09-19 15:23:49.521,41.97154026391726,9
2024-09-19 15:23:49.538,419.68723028345096,95
2024-09-19 15:23:49.557,419.7204164499087,1004
2024-09-19 15:23:49.639,419.70385395306886,101
2024-09-19 15:23:49.657,419.7097286207568,7
2024-09-19 15:23:49.828,419.7264096134679,96
2024-09-19 15:23:49.848,419.70527240922416,7
2024-09-19 15:23:49.906,419.71507284909126,10
2024-09-19 15:23:49.933,419.70970796803226,995
2024-09-19 15:23:49.989,419.725814591195,102
2024-09-19 15:23:50.037,419.76559060332494,104
2024-09-19 15:23:50.067,419.7197876493293,997
2024-09-19 15:23:50.086,419.7578092685404,104
2024-09-19 15:23:50.150,419.75307923131606,98
2024-09-19 15:23:50.235,419.7482925325886,1002
2024-09-19 15:23:50.291,419.7400579169176,14
2024-09-19 15:23:50.362,419.7506154088601,98
2024-09-19 15:23:50.383,419.73287726765,10
2024-09-19 15:23:50.609,419.7353626627458,96
2024-09-19 15:23:50.840,419.7434686649669,105
2024-09-19 15:23:50.884,419.762748418834,1005
2024-09-19 15:23:51.058,419.7091925055499,103
2024-09-19 15:23:51.131,419.6816470525762,1005
2024-09-19 15:23:51.135,419.6736947288892,7
2024-09-19 15:23:51.166,419.70622719241686,103
2024-09-19 15:23:51.177,419.6933422135639,1000
2024-09-19 15:23:51.244,419.68002508931727,100
2024-09-19 15:23:51.252,419.6736402100786,104
2024-09-19 15:23:51.348,419.6976978896887,11
2024-09-19 15:23:51.369,419.6935194581378,98
2024-09-19 15:23:51.384,419.6857404630499,103
2024-09-19 15:23:51.399,419.67944519823374,1004
2024-09-19 15:23:51.524,419.7163442575832,1004
2024-09-19 15:23:51.526,419.6964386143912,1005
2024-09-19 15:23:51.614,419.6826279307016,996
2024-09-19 15:23:51.615,419.681944146566,1005
2024-09-19 15:23:51.768,419.6962148275372,102
2024-09-19 15:23:51.828,419.6625486092652,97
2024-09-19 15:23:51.955,419.6634510269381,5
2024-09-19 15:23:51.983,419.6669819090451,1000
2024-09-19 15:23:51.996,419.6635742775418,1003
2024-09-19 15:23:52.070,419.6750554025882,1000
2024-09-19 15:23:52.071,419.6993274346966,1005
2024-09-19 15:23:52.120,419.6816148160681,99
2024-09-19 15:23:52.159,419.704137473779,1005
2024-09-19 15:23:52.241,419.7114744248108,15
2024-09-19 15:23:52.289,419.7106851469124,95
2024-09-19 15:23:52.308,419.68851596482136,1004
2024-09-19 15:23:52.315,419.6989817613972,95
2024-09-19 15:23:52.326,419.7046371645359,1002
2024-09-19 15:23:52.430,419.6989803787316,101
2024-09-19 15:23:52.482,419.7204027562589,8
2024-09-19 15:23:52.662,419.6826710709826,97
2024-09-19 15:23:52.665,419.7289960731197,6
2024-09-19 15:23:52.713,419.7038336605281,1000
2024-09-19 15:23:52.722,,101
2024-09-19 15:23:52.730,419.7016792033301,14
2024-09-19 15:23:52.734,419.7224333444199,1005
2024-09-19 15:23:52.767,419.70263691006176,104
2024-09-19 15:23:52.854,419.7275887436875,1005
2024-09-19 15:23:53.000,419.7344536282477,96
2024-09-19 15:23:53.016,419.7070783246359,997
2024-09-19 15:23:53.091,419.7034096784943,96
2024-09-19 15:23:53.124,419.7183261567764,1002
2024-09-19 15:23:53.133,419.73011241271314,102
2024-09-19 15:23:53.175,419.7188617122404,101
2024-09-19 15:23:53.231,419.70214195855846,1000
2024-09-19 15:23:53.292,419.75539354430447,15
2024-09-19 15:23:53.326,41.97175072137746,101
2024-09-19 15:23:53.385,419.7604447175842,10
2024-09-19 15:23:53.460,419.71200640991714,95
2024-09-19 15:23:53.538,419.7345147979356,103
2024-09-19 15:23:53.576,419.70010723517726,999
2024-09-19 15:23:53.641,-419.7435597065947,103
2024-09-19 15:23:53.828,419.72196706892805,13
2024-09-19 15:23:53.858,-419.72999584439896,998
2024-09-19 15:23:53.871,419.74369504843327,1002
2024-09-19 15:23:53.912,419.7112278681212,6
2024-09-19 15:23:53.924,419.7317586099247,100
2024-09-19 15:23:54.005,419.7570496943762,8
2024-09-19 15:23:54.030,419.7626367150659,1004
2024-09-19 15:23:54.212,419.7888747527918,1005
2024-09-19 15:23:54.213,419.75830045621314,1004
2024-09-19 15:23:54.449,419.7485349569731,14
2024-09-19 15:23:54.627,419.7526690897881,1003
2024-09-19 15:23:54.767,419.74898748833925,103
2024-09-19 15:23:54.850,419.7744815981642,1003
2024-09-19 15:23:55.015,419.8081801666685,100
2024-09-19 15:23:55.016,419.8902958743769,98
2024-09-19 15:23:55.036,419.7991613588732,102
2024-09-19 15:23:55.042,419.7777958693145,101
2024-09-19 15:23:55.099,419.7817548627529,13
2024-09-19 15:23:55.106,419.76704597421326,1003
2024-09-19 15:23:55.123,419.8948413521816,102
2024-09-19 15:23:55.137,419.7962569286052,100
2024-09-19 15:23:55.206,419.7961023787012,100
2024-09-19 15:23:55.207,419.8112620547126,998
2024-09-19 15:23:55.212,419.8886840019383,95
2024-09-19 15:23:55.259,419.7807917294425,5
2024-09-19 15:23:55.285,419.7846010975541,13
2024-09-19 15:23:55.312,419.7694619244004,1004
2024-09-19 15:23:55.316,419.8228143693376,8
2024-09-19 15:23:55.384,419.8181691315075,1000
2024-09-19 15:23:55.390,419.8171800494948,999
2024-09-19 15:23:55.423,419.77521599755033,995
2024-09-19 15:23:55.437,419.8425832673599,11
2024-09-19 15:23:55.506,419.78818201298594,10
2024-09-19 15:23:55.521,419.8233205515921,1001
2024-09-19 15:23:55.529,419.8094086949752,98
2024-09-19 15:23:55.542,419.8226233465729,14
2024-09-19 15:23:55.600,419.7887388784749,105
2024-09-19 15:23:55.677,419.8985562438808,101
2024-09-19 15:23:55.688,419.8782190578255,98
2024-09-19 15:23:55.740,419.810307571729,5
2024-09-19 15:23:55.866,419.8053036995469,100
2024-09-19 15:23:55.919,419.8274433107558,9
2024-09-19 15:23:55.995,419.7762245299968,998
2024-09-19 15:23:56.077,419.8891361069696,999
2024-09-19 15:23:56.133,419.9155479875185,105
2024-09-19 15:23:56.153,419.9037099145629,100
2024-09-19 15:23:56.462,419.9103032535471,10
2024-09-19 15:23:56.534,419.8932877549518,13
2024-09-19 15:23:56.716,419.9102149528391,11
2024-09-19 15:23:56.762,419.8726961450379,1001
2024-09-19 15:23:56.828,419.8956043559605,6
2024-09-19 15:23:57.039,419.86910749243833,95
2024-09-19 15:23:57.078,419.8710670318232,9
2024-09-19 15:23:57.088,419.86235055684136,99
2024-09-19 15:23:57.107,419.8626414798548,9
2024-09-19 15:23:57.133,419.85490813539735,996
2024-09-19 15:23:57.135,419.8809103459273,100
2024-09-19 15:23:57.178,419.89439326116553,105
2024-09-19 15:23:57.187,419.8723127511647,6
2024-09-19 15:23:57.192,419.873024189856,5
2024-09-19 15:23:57.286,419.8693914874158,995
2024-09-19 15:23:57.412,419.8815601268528,13
2024-09-19 15:23:57.489,419.8558206120658,998
2024-09-19 15:23:57.536,419.8644676422936,5
2024-09-19 15:23:57.610,-419.8518097364637,997
2024-09-19 15:23:57.618,419.8560242750039,105
2024-09-19 15:23:57.624,419.8617893142612,101
2024-09-19 15:23:57.629,419.8613622039088,14
2024-09-19 15:23:57.631,419.841781335628,5
2024-09-19 15:23:57.656,419.86085687318297,8
2024-09-19 15:23:57.754,419.8694805532463,1005
2024-09-19 15:23:57.859,419.8787803949905,101
2024-09-19 15:23:57.863,419.8839101044993,104
2024-09-19 15:23:57.922,419.8799103190564,11
2024-09-19 15:23:57.930,419.8520660053525,8
2024-09-19 15:23:57.932,419.8920448276912,996
2024-09-19 15:23:58.212,419.89564000815216,997
2024-09-19 15:23:58.294,419.92000425927216,97
2024-09-19 15:23:58.321,419.9041283239701,104
2024-09-19 15:23:58.343,419.914282847354,103
2024-09-19 15:23:58.640,419.91673359933,1001
2024-09-19 15:23:58.844,419.90590122274654,1003
