Timestamp,Price,Size
2024-09-19 09:38:00.006,416.4493092490361,1001
2024-09-19 09:38:00.023,41.64421097059037,6
2024-09-19 09:38:00.056,416.4759857754591,99
2024-09-19 09:38:00.166,416.4630609866573,6
2024-09-19 09:38:00.402,416.4804351301548,1000
2024-09-19 09:38:00.461,416.4862422244332,1001
2024-09-19 09:38:00.524,416.4925882061688,997
2024-09-19 09:38:00.579,416.4264364255188,7
2024-09-19 09:38:00.632,416.50485024251583,999
2024-09-19 09:38:00.638,416.4328256919436,14
2024-09-19 09:38:00.732,416.5036917034665,100
2024-09-19 09:38:00.773,416.42711480164303,5
2024-09-19 09:38:00.808,416.47698758049376,1000
2024-09-19 09:38:00.848,416.48274596712446,105
2024-09-19 09:38:00.874,416.43963939992415,9
2024-09-19 09:38:00.951,416.4594935272383,9
2024-09-19 09:38:00.957,416.4531045418073,14
2024-09-19 09:38:00.972,416.4540449860147,15
2024-09-19 09:38:01.022,416.483847624464,1000
2024-09-19 09:38:01.047,416.4882923667912,995
2024-09-19 09:38:01.080,416.4501933957849,105
2024-09-19 09:38:01.088,416.5064687596381,10
2024-09-19 09:38:01.176,416.4890293869047,99
2024-09-19 09:38:01.189,416.5165072761625,10
2024-09-19 09:38:01.232,416.49522700096367,98
2024-09-19 09:38:01.248,416.463578593945,996
2024-09-19 09:38:01.251,416.4770628310959,14
2024-09-19 09:38:01.286,416.4762746759744,105
2024-09-19 09:38:01.357,416.5015846124696,101
2024-09-19 09:38:01.360,416.47169764872535,14
2024-09-19 09:38:01.381,416.487946626644,998
2024-09-19 09:38:01.412,416.49980348472087,13
2024-09-19 09:38:01.456,416.4812207331801,1005
2024-09-19 09:38:01.503,416.4677284801109,14
2024-09-19 09:38:01.570,416.4586418417972,102
2024-09-19 09:38:01.595,416.4672114981927,10
2024-09-19 09:38:01.596,416.4673076917457,8
2024-09-19 09:38:01.617,416.4817435778011,15
2024-09-19 09:38:01.655,416.47435702894535,99
2024-09-19 09:38:01.702,416.46222200107184,103
2024-09-19 09:38:01.729,416.4870044687192,104
2024-09-19 09:38:01.886,416.4562446931869,99
2024-09-19 09:38:01.933,416.4912141496618,105
2024-09-19 09:38:02.005,416.4266898392356,6
2024-09-19 09:38:02.012,416.525470547879,14
2024-09-19 09:38:02.092,416.4694651453665,11
2024-09-19 09:38:02.147,416.44960025815294,5
2024-09-19 09:38:02.164,416.4358319587792,999
2024-09-19 09:38:02.168,416.4806826006386,1004
2024-09-19 09:38:02.188,416.51950883596646,105
2024-09-19 09:38:02.188,416.50157685546606,13
2024-09-19 09:38:02.197,416.5397202193116,105
2024-09-19 09:38:02.210,416.4712306356575,1005
2024-09-19 09:38:02.224,416.4876618588367,98
2024-09-19 09:38:02.237,416.4592290359852,1001
2024-09-19 09:38:02.273,416.48138672955486,102
2024-09-19 09:38:02.486,416.5450138032431,103
2024-09-19 09:38:02.594,,12
2024-09-19 09:38:02.621,416.4439126577565,9
2024-09-19 09:38:02.659,416.4557603343156,97
2024-09-19 09:38:02.671,416.4514564080604,97
2024-09-19 09:38:02.674,416.4324447014415,14
2024-09-19 09:38:02.676,416.4719082095605,1004
2024-09-19 09:38:02.693,416.4986413888528,95
2024-09-19 09:38:02.742,416.5476855293193,101
2024-09-19 09:38:02.745,416.4859862536019,999
2024-09-19 09:38:02.759,416.52911913797135,997
2024-09-19 09:38:02.784,416.5196709324757,101
2024-09-19 09:38:02.824,416.5413292309753,13
2024-09-19 09:38:02.825,416.51568716898174,1004
2024-09-19 09:38:02.867,416.4685479239511,998
2024-09-19 09:38:02.884,416.4509461729696,999
2024-09-19 09:38:03.023,416.4371561894244,99
2024-09-19 09:38:03.048,416.4430463409494,99
2024-09-19 09:38:03.049,416.41630487941705,7
2024-09-19 09:38:03.085,416.4175686808719,999
2024-09-19 09:38:03.111,416.4153753742692,995
2024-09-19 09:38:03.153,416.4296343924744,1005
2024-09-19 09:38:03.209,416.3982086816495,98
2024-09-19 09:38:03.260,416.46156875804513,6
2024-09-19 09:38:03.278,416.40435443279705,995
2024-09-19 09:38:03.359,416.40972030469794,11
2024-09-19 09:38:03.380,416.4409385377009,5
2024-09-19 09:38:03.429,416.42795689601263,103
2024-09-19 09:38:03.463,416.4214411718676,1000
2024-09-19 09:38:03.465,416.4338445743021,102
2024-09-19 09:38:03.693,416.3934685216872,1002
2024-09-19 09:38:03.706,416.474778357397,5
2024-09-19 09:38:03.720,416.4268221974768,995
2024-09-19 09:38:03.741,416.4105501434487,1000
2024-09-19 09:38:03.802,416.422956968119,95
2024-09-19 09:38:03.819,416.420246830421,999
2024-09-19 09:38:03.913,416.3980041763424,100
2024-09-19 09:38:03.913,416.4048043952649,105
2024-09-19 09:38:05.030,416.39977375351833,14
2024-09-19 09:38:05.043,416.3949777122217,101
2024-09-19 09:38:05.083,416.4158105800913,15
2024-09-19 09:38:05.237,416.4124423003298,1001
2024-09-19 09:38:05.243,416.4013430821009,1001
2024-09-19 09:38:05.261,416.38737487084177,1002
2024-09-19 09:38:05.299,416.3918048080225,1005
2024-09-19 09:38:05.405,416.372885168644,1005
2024-09-19 09:38:05.434,416.4140029650338,103
2024-09-19 09:38:05.512,416.4084236939678,7
2024-09-19 09:38:05.559,416.4182653153532,15
2024-09-19 09:38:05.580,416.4087844779518,10
2024-09-19 09:38:05.595,416.3849975559157,13
2024-09-19 09:38:05.639,416.3704415315093,1005
2024-09-19 09:38:05.675,416.3608617472992,7
2024-09-19 09:38:05.782,416.3862209392646,1005
2024-09-19 09:38:05.980,416.38757340328107,100
2024-09-19 09:38:06.157,416.38465409423816,98
2024-09-19 09:38:06.241,416.3777955443348,998
2024-09-19 09:38:06.303,416.4112733702968,101
2024-09-19 09:38:06.331,416.3857658862036,97
2024-09-19 09:38:06.737,416.3889075608375,95
2024-09-19 09:38:06.793,416.4094227539282,999
2024-09-19 09:38:06.926,416.3888311305944,96
2024-09-19 09:38:07.007,416.3876200050999,999
2024-09-19 09:38:07.022,416.3401301780126,1003
2024-09-19 09:38:07.032,416.3554974779586,102
2024-09-19 09:38:07.045,416.3827300194667,1003
2024-09-19 09:38:07.048,416.3701999475092,1005
2024-09-19 09:38:07.076,416.3679951570555,5
2024-09-19 09:38:07.105,416.3682536122368,1002
2024-09-19 09:38:07.106,416.359505929584,11
2024-09-19 09:38:07.107,416.3589885825749,12
2024-09-19 09:38:07.146,416.3788303768388,1001
2024-09-19 09:38:07.161,416.374265462696,1004
2024-09-19 09:38:07.180,416.3712572489772,10
2024-09-19 09:38:07.242,416.3727055917968,1000
2024-09-19 09:38:07.275,416.36006717917246,14
2024-09-19 09:38:07.316,416.35075821230834,10
2024-09-19 09:38:07.320,416.3751000257999,15
2024-09-19 09:38:07.327,416.3548220632943,995
2024-09-19 09:38:07.516,416.37342049973336,102
2024-09-19 09:38:07.545,416.3749987346488,14
2024-09-19 09:38:07.558,416.36468323386094,10
2024-09-19 09:38:07.597,416.3350211161268,9
2024-09-19 09:38:07.745,416.3755600190528,95
2024-09-19 09:38:07.772,416.34389268045794,1000
2024-09-19 09:38:07.826,416.36107952538526,100
2024-09-19 09:38:07.898,416.357401710897,13
2024-09-19 09:38:07.901,416.3564060857644,1004
2024-09-19 09:38:07.911,416.3755191567104,996
2024-09-19 09:38:07.937,416.37490691509765,13
2024-09-19 09:38:08.023,416.3605117037616,997
2024-09-19 09:38:08.343,-416.3417769153592,10
2024-09-19 09:38:08.382,416.3571063284634,95
2024-09-19 09:38:08.505,416.34170959809353,98
2024-09-19 09:38:08.665,416.32213038671466,101
2024-09-19 09:38:08.881,416.3414344527031,97
2024-09-19 09:38:08.970,416.3596661124676,105
2024-09-19 09:38:09.038,416.3537936075002,1004
2024-09-19 09:38:09.039,416.2626609223133,99
2024-09-19 09:38:09.065,416.26589005661066,98
2024-09-19 09:38:09.126,416.2926394607211,999
2024-09-19 09:38:09.150,416.2902390829124,1004
2024-09-19 09:38:09.153,416.304660322297,998
2024-09-19 09:38:09.307,416.3702972321126,14
2024-09-19 09:38:09.400,416.3618104906439,1005
2024-09-19 09:38:09.415,416.3485315236711,1000
2024-09-19 09:38:09.415,41.62809448894989,104
2024-09-19 09:38:09.419,416.27104531269447,100
2024-09-19 09:38:09.459,416.2660471680514,99
2024-09-19 09:38:09.566,416.27578532016014,100
2024-09-19 09:38:09.639,416.258376214829,6
2024-09-19 09:38:09.747,416.30406121385073,998
2024-09-19 09:38:09.806,,103
2024-09-19 09:38:09.832,416.2720951280061,96
2024-09-19 09:38:09.884,416.2864044284857,101
2024-09-19 09:38:09.952,416.28466336120897,98
2024-09-19 09:38:09.952,416.3185810389353,98
2024-09-19 09:38:09.992,-416.3592823608959,8
2024-09-19 09:38:10.067,416.2701283877891,13
2024-09-19 09:38:10.372,416.2575485256335,999
2024-09-19 09:38:10.463,416.2582603751907,8
2024-09-19 09:38:10.545,416.26090549431433,97
2024-09-19 09:38:10.548,416.236282145594,1003
2024-09-19 09:38:10.623,416.22750566262016,96
2024-09-19 09:38:10.855,416.23216823169497,1004
2024-09-19 09:38:11.001,416.1987479725757,15
2024-09-19 09:38:11.034,416.22329066791673,104
2024-09-19 09:38:11.057,416.2268989892492,1002
2024-09-19 09:38:11.062,416.24211026394505,97
2024-09-19 09:38:11.089,416.214815948836,9
2024-09-19 09:38:11.107,416.1944169108243,6
2024-09-19 09:38:11.152,416.1998127736457,102
2024-09-19 09:38:11.154,416.2153642747367,6
2024-09-19 09:38:11.225,416.2119811749,8
2024-09-19 09:38:11.236,416.21622862725405,96
2024-09-19 09:38:11.255,416.21901441692864,998
2024-09-19 09:38:11.266,416.1941224484015,105
2024-09-19 09:38:11.312,416.2251835754255,101
2024-09-19 09:38:11.329,416.1789893846222,997
2024-09-19 09:38:11.378,416.262671253465,103
2024-09-19 09:38:11.417,416.2078326940139,11
2024-09-19 09:38:11.567,416.1984188026021,97
2024-09-19 09:38:11.572,416.2228902894483,999
2024-09-19 09:38:11.612,416.1871087370904,104
2024-09-19 09:38:11.623,,997
2024-09-19 09:38:11.718,416.2283457977568,999
2024-09-19 09:38:11.733,416.215635623017,11
2024-09-19 09:38:11.808,416.2038140070062,99
2024-09-19 09:38:11.861,416.232986239054,105
2024-09-19 09:38:11.910,416.1817162047821,997
2024-09-19 09:38:11.915,416.1871517706269,1003
2024-09-19 09:38:11.925,416.2011619542909,7
2024-09-19 09:38:11.989,416.2383241699387,105
2024-09-19 09:38:11.993,416.1790158610541,10
2024-09-19 09:38:12.104,416.2876594615515,101
2024-09-19 09:38:12.142,-416.30336115943686,1004
2024-09-19 09:38:12.143,416.3066941456153,14
2024-09-19 09:38:12.409,416.2817221906012,102
2024-09-19 09:38:12.464,416.3298863456938,996
2024-09-19 09:38:12.618,416.28449542972567,996
2024-09-19 09:38:12.644,416.2506623029749,15
2024-09-19 09:38:12.715,416.28977662916986,97
2024-09-19 09:38:12.817,416.3140309450047,95
2024-09-19 09:38:12.874,416.2558150697807,15
2024-09-19 09:38:12.889,416.2694378549502,1000
2024-09-19 09:38:12.920,416.3346047040748,6
2024-09-19 09:38:12.944,416.3140847092387,1005
2024-09-19 09:38:13.164,416.386509301167,10
2024-09-19 09:38:13.167,416.340398857858,11
2024-09-19 09:38:13.258,416.3791820728412,7
2024-09-19 09:38:13.316,416.38415647447454,95
2024-09-19 09:38:13.332,416.336688870681,102
2024-09-19 09:38:13.405,416.3523824590132,999
2024-09-19 09:38:13.428,416.3939265737216,5
2024-09-19 09:38:13.446,416.3705218000984,11
2024-09-19 09:38:13.543,416.34692889898974,15
2024-09-19 09:38:13.547,416.3357261378517,95
2024-09-19 09:38:13.552,416.3626651093255,97
2024-09-19 09:38:13.562,416.3446292049052,1000
2024-09-19 09:38:13.565,416.37424375556685,9
2024-09-19 09:38:13.604,416.3694052558676,99
2024-09-19 09:38:13.669,416.3920524462002,5
2024-09-19 09:38:13.684,416.36295919701774,8
2024-09-19 09:38:13.704,416.3366085140597,105
2024-09-19 09:38:13.721,416.3621420288856,101
2024-09-19 09:38:13.793,416.35207841385306,99
2024-09-19 09:38:13.818,416.3265869788922,995
2024-09-19 09:38:13.842,416.3527614185468,103
2024-09-19 09:38:13.942,416.3790000456325,99
2024-09-19 09:38:13.960,416.4063698342536,12
2024-09-19 09:38:14.410,416.3479714670182,97
2024-09-19 09:38:15.571,416.3450137551354,998
2024-09-19 09:38:15.745,416.3294687619571,96
2024-09-19 09:38:16.175,416.3172952504866,8
2024-09-19 09:38:16.357,416.3178555934268,12
2024-09-19 09:38:16.465,416.3151450106284,997
2024-09-19 09:38:16.574,416.321296028401,1000
2024-09-19 09:38:16.881,416.3198093603148,14
2024-09-19 09:38:16.882,416.3297529626551,102
2024-09-19 09:38:17.088,416.3074078471066,96
2024-09-19 09:38:17.718,416.296913177493,10
2024-09-19 09:38:18.020,416.354472797692,104
2024-09-19 09:38:18.049,416.3210898270599,997
2024-09-19 09:38:18.075,416.3170545370016,995
2024-09-19 09:38:18.076,416.29707975553526,104
2024-09-19 09:38:18.139,416.2986884392392,998
2024-09-19 09:38:18.156,416.2983422235702,101
2024-09-19 09:38:18.182,416.3363793443007,100
2024-09-19 09:38:18.186,416.269260396342,104
2024-09-19 09:38:18.248,416.28651183283694,6
2024-09-19 09:38:18.250,416.30869744165545,9
2024-09-19 09:38:18.254,416.3369792237775,95
2024-09-19 09:38:18.265,416.3146682385444,998
2024-09-19 09:38:18.348,416.3169191883531,103
2024-09-19 09:38:18.375,416.3106580624277,95
2024-09-19 09:38:18.432,416.3386687972709,12
2024-09-19 09:38:18.450,416.2839018688384,1004
2024-09-19 09:38:18.495,416.3030357421856,999
2024-09-19 09:38:18.585,416.33285179464497,100
2024-09-19 09:38:18.632,416.3275186975104,8
2024-09-19 09:38:18.646,416.3358485877533,100
2024-09-19 09:38:18.684,416.2747470547939,6
2024-09-19 09:38:18.755,416.28292309674754,101
2024-09-19 09:38:18.759,416.3155688806274,102
2024-09-19 09:38:18.810,416.3369213487349,100
2024-09-19 09:38:18.853,416.3257487069107,102
2024-09-19 09:38:18.878,416.29490539510977,6
2024-09-19 09:38:18.970,416.2752854997788,105
2024-09-19 09:38:18.991,416.2936314225958,999
2024-09-19 09:38:19.092,416.4004769071107,999
2024-09-19 09:38:19.131,416.3525444164716,9
2024-09-19 09:38:19.138,416.3523311300156,100
2024-09-19 09:38:19.171,416.417941429689,1001
2024-09-19 09:38:19.239,416.4344404663514,999
2024-09-19 09:38:19.282,416.3669513289096,997
2024-09-19 09:38:19.284,416.3785866990992,1004
2024-09-19 09:38:19.300,416.4139244997177,98
2024-09-19 09:38:19.330,416.3718711146143,1000
2024-09-19 09:38:19.334,416.3975188746303,1001
2024-09-19 09:38:19.383,416.3693933872608,102
2024-09-19 09:38:19.452,416.4015013253748,10
2024-09-19 09:38:19.469,416.34450392264864,997
2024-09-19 09:38:19.471,416.3895861210952,11
2024-09-19 09:38:19.493,416.417911711963,998
2024-09-19 09:38:19.509,416.4038887398162,103
2024-09-19 09:38:19.524,416.37239536742624,1004
2024-09-19 09:38:19.569,416.3734110739291,103
2024-09-19 09:38:19.633,416.3719525599384,1003
2024-09-19 09:38:19.717,416.4040237184266,12
2024-09-19 09:38:19.742,416.3552422555903,5
2024-09-19 09:38:19.752,416.3642993892747,15
2024-09-19 09:38:19.754,416.3848355078441,98
2024-09-19 09:38:19.785,416.3601598384105,14
2024-09-19 09:38:19.794,-416.4145299336338,1000
2024-09-19 09:38:19.834,416.36250515851214,1004
2024-09-19 09:38:19.853,416.41649071090825,101
2024-09-19 09:38:19.881,416.3579501286188,998
2024-09-19 09:38:19.902,416.3678403464493,1000
2024-09-19 09:38:19.958,416.3372186909373,6
2024-09-19 09:38:20.058,416.3719447128539,997
2024-09-19 09:38:20.105,416.3932080086845,997
2024-09-19 09:38:20.115,416.36942672674286,98
2024-09-19 09:38:20.278,41.63425635653946,15
2024-09-19 09:38:20.295,416.3734457893286,103
2024-09-19 09:38:20.373,416.3547297152066,1003
2024-09-19 09:38:20.385,416.3704698083511,998
2024-09-19 09:38:20.564,416.382925561077,6
2024-09-19 09:38:20.575,416.36281856809137,103
2024-09-19 09:38:20.611,416.3833061777101,7
2024-09-19 09:38:20.728,416.3593827839357,5
2024-09-19 09:38:20.822,416.3448365863768,1002
2024-09-19 09:38:20.926,416.354227263656,996
2024-09-19 09:38:20.934,416.3546143693826,8
2024-09-19 09:38:21.056,416.4087376272961,7
2024-09-19 09:38:21.121,416.3759364401545,1001
2024-09-19 09:38:21.145,416.387004220398,98
2024-09-19 09:38:21.168,416.36539588914417,9
2024-09-19 09:38:21.256,416.3600367136457,1004
2024-09-19 09:38:21.394,416.37629063003504,104
2024-09-19 09:38:21.602,416.3754269087544,1005
2024-09-19 09:38:21.639,416.39792577123166,15
2024-09-19 09:38:21.780,416.3720494529976,14
2024-09-19 09:38:21.988,416.4078757491943,997
2024-09-19 09:38:22.616,416.391916992564,7
2024-09-19 09:38:23.101,416.4293810394319,995
2024-09-19 09:38:23.147,416.4277738708219,102
2024-09-19 09:38:23.202,416.4141626812244,6
2024-09-19 09:38:23.243,416.415827285309,98
2024-09-19 09:38:23.249,416.427916987312,1002
2024-09-19 09:38:23.281,416.4264816683005,14
2024-09-19 09:38:23.338,416.4189073883028,8
2024-09-19 09:38:23.461,416.4212826170177,101
2024-09-19 09:38:23.609,416.424453816612,1004
2024-09-19 09:38:23.641,416.4365833569841,95
2024-09-19 09:38:23.676,416.4424009362846,996
2024-09-19 09:38:23.678,416.40363173882713,15
2024-09-19 09:38:23.715,416.4297496560004,6
2024-09-19 09:38:23.759,416.4249284991569,7
2024-09-19 09:38:23.795,416.3925998979563,5
2024-09-19 09:38:23.844,416.4387917813711,1003
2024-09-19 09:38:23.869,416.4273249981907,103
2024-09-19 09:38:23.878,416.4413775337058,103
2024-09-19 09:38:23.947,416.42851646790655,96
2024-09-19 09:38:23.969,416.4191520735519,105
2024-09-19 09:38:23.973,416.41170889275753,995
2024-09-19 09:38:24.083,416.4408272901996,997
2024-09-19 09:38:24.158,416.41783295324615,1004
2024-09-19 09:38:24.196,416.42924764350073,996
2024-09-19 09:38:24.338,416.3803918478741,5
2024-09-19 09:38:24.361,416.4136694775687,7
2024-09-19 09:38:24.413,41.64033917986591,101
2024-09-19 09:38:24.447,416.4304676901688,98
2024-09-19 09:38:24.494,416.4525404944232,998
2024-09-19 09:38:24.541,41.6438093707097,12
2024-09-19 09:38:24.585,416.3707647006803,96
2024-09-19 09:38:24.729,416.4085044743183,12
2024-09-19 09:38:24.776,416.4285083087306,998
2024-09-19 09:38:24.811,416.4154239156633,100
2024-09-19 09:38:24.910,416.42742551323386,995
2024-09-19 09:38:24.911,416.4033902469301,999
2024-09-19 09:38:24.984,416.3675003211514,996
2024-09-19 09:38:24.999,416.3917962816472,99
2024-09-19 09:38:25.110,416.4307125577196,102
2024-09-19 09:38:25.138,416.40503804731327,101
2024-09-19 09:38:25.185,416.3953814594702,99
2024-09-19 09:38:25.281,416.4069850269394,104
2024-09-19 09:38:25.291,416.3980305279727,7
2024-09-19 09:38:25.291,416.40262875540486,97
2024-09-19 09:38:25.292,416.4101615764163,15
2024-09-19 09:38:25.338,416.4346803543874,5
2024-09-19 09:38:25.422,416.42334730138646,1000
2024-09-19 09:38:25.542,416.40460635505264,1005
2024-09-19 09:38:25.696,416.3891722602659,1004
2024-09-19 09:38:25.766,,7
2024-09-19 09:38:25.987,,5
2024-09-19 09:38:26.156,416.4086543392215,96
2024-09-19 09:38:26.178,416.40136612191736,996
2024-09-19 09:38:26.194,416.3682106884258,103
2024-09-19 09:38:26.221,416.3630681079778,96
2024-09-19 09:38:26.239,416.39279490215887,104
2024-09-19 09:38:26.340,416.4089583479728,8
2024-09-19 09:38:26.527,416.41087440689887,101
2024-09-19 09:38:26.537,416.4069785509867,12
2024-09-19 09:38:26.676,416.3981512788686,1004
2024-09-19 09:38:26.678,416.3775695644238,997
2024-09-19 09:38:26.684,416.3971753375116,5
2024-09-19 09:38:26.686,416.4018321369142,1001
2024-09-19 09:38:26.690,416.3937740506948,1003
2024-09-19 09:38:26.716,416.3952672914586,95
2024-09-19 09:38:26.770,416.3644410630826,1000
2024-09-19 09:38:26.805,416.4042013011996,9
2024-09-19 09:38:26.947,416.37230331838873,10
2024-09-19 09:38:27.001,416.4072287192784,97
2024-09-19 09:38:27.007,416.3999935742354,995
2024-09-19 09:38:27.037,416.3835808534264,13
2024-09-19 09:38:27.045,41.632476689987925,99
2024-09-19 09:38:27.051,416.3745290066441,97
2024-09-19 09:38:27.084,416.3835304345074,97
2024-09-19 09:38:27.126,416.38675400304993,998
2024-09-19 09:38:27.176,416.389439715924,996
2024-09-19 09:38:27.181,416.3718092843806,12
2024-09-19 09:38:27.194,416.3885817795527,5
2024-09-19 09:38:27.213,416.3559105354787,95
2024-09-19 09:38:27.251,416.35064998618185,9
2024-09-19 09:38:27.276,416.3597197524463,7
2024-09-19 09:38:27.369,416.3230354506784,9
2024-09-19 09:38:27.460,416.3835723089338,104
2024-09-19 09:38:27.464,416.4045270132812,97
2024-09-19 09:38:27.515,416.3537377645495,97
2024-09-19 09:38:27.527,416.3799647915323,103
2024-09-19 09:38:27.587,416.3923141679412,103
2024-09-19 09:38:27.624,416.3624507673613,1002
2024-09-19 09:38:27.642,416.37256012775,11
2024-09-19 09:38:27.655,416.4022304858971,998
2024-09-19 09:38:27.672,416.3726531052712,97
2024-09-19 09:38:27.674,416.38848676398544,997
2024-09-19 09:38:27.715,416.39629317626697,1001
2024-09-19 09:38:27.719,416.3773313129197,100
2024-09-19 09:38:27.921,416.3894185342775,10
2024-09-19 09:38:27.948,416.40141772216,1001
2024-09-19 09:38:27.999,416.3422987104301,1003
2024-09-19 09:38:28.020,416.4038347334287,12
2024-09-19 09:38:28.063,416.384499627133,1002
2024-09-19 09:38:28.067,416.3961085244108,98
2024-09-19 09:38:28.125,416.3629644265957,1003
2024-09-19 09:38:28.134,416.4031175450965,997
2024-09-19 09:38:28.143,416.36605089906095,97
2024-09-19 09:38:28.152,416.4005335449452,1001
2024-09-19 09:38:28.157,416.4023316247682,99
2024-09-19 09:38:28.177,416.4102952302532,5
2024-09-19 09:38:28.274,416.40143987234137,1000
2024-09-19 09:38:28.285,416.39421398107805,96
2024-09-19 09:38:28.326,416.4172630699921,97
2024-09-19 09:38:28.375,416.40980643888525,98
2024-09-19 09:38:28.376,416.3858773256095,1003
2024-09-19 09:38:28.396,416.4055061528554,98
2024-09-19 09:38:28.450,416.42095521161207,1002
2024-09-19 09:38:28.497,416.39311508701104,5
2024-09-19 09:38:28.567,416.3978456259785,14
2024-09-19 09:38:28.661,416.3956719795789,998
2024-09-19 09:38:28.772,416.4235969174849,10
2024-09-19 09:38:28.787,416.4221304368047,8
2024-09-19 09:38:28.830,416.4154790064664,105
2024-09-19 09:38:28.859,416.423450260012,101
2024-09-19 09:38:28.961,416.3572583288055,96
2024-09-19 09:38:28.962,416.42243505206,998
2024-09-19 09:38:28.963,416.4270696991312,1005
2024-09-19 09:38:29.129,416.3823500038071,1003
2024-09-19 09:38:30.465,416.3985494950817,1000
2024-09-19 09:38:30.581,416.4012814361912,7
2024-09-19 09:38:30.639,416.3952661204498,12
2024-09-19 09:38:31.173,416.4602230918562,105
2024-09-19 09:38:31.225,416.4440096968118,95
2024-09-19 09:38:31.354,416.4563126113554,100
2024-09-19 09:38:31.374,416.3903631507276,97
2024-09-19 09:38:31.548,,1003
2024-09-19 09:38:31.610,-416.4122626387636,101
2024-09-19 09:38:31.796,416.4280834653094,102
2024-09-19 09:38:31.839,416.4224428876033,101
2024-09-19 09:38:31.847,416.43854883900514,12
2024-09-19 09:38:31.863,416.4124669881321,96
2024-09-19 09:38:31.869,416.465200266732,96
2024-09-19 09:38:31.952,416.38523360724486,8
2024-09-19 09:38:32.525,416.4016670390559,1003
2024-09-19 09:38:32.559,416.4109880597075,101
2024-09-19 09:38:32.593,416.3952875983744,997
2024-09-19 09:38:32.693,416.3945261525487,100
2024-09-19 09:38:32.823,416.40540428435327,103
2024-09-19 09:38:32.907,416.4216422285333,103
2024-09-19 09:38:33.108,416.42565328474456,13
2024-09-19 09:38:33.119,416.41953383541255,102
2024-09-19 09:38:33.127,416.4298352881016,1003
2024-09-19 09:38:33.216,416.44332161332073,998
2024-09-19 09:38:33.233,416.430460126208,13
2024-09-19 09:38:33.352,416.4234422524081,1001
2024-09-19 09:38:33.358,416.3984652782617,98
2024-09-19 09:38:33.390,416.4281598512873,996
2024-09-19 09:38:33.478,416.4012621213602,1003
2024-09-19 09:38:33.552,416.4359351971419,7
2024-09-19 09:38:33.609,416.4094711377329,1003
2024-09-19 09:38:33.643,416.3921515627658,999
2024-09-19 09:38:33.688,416.3890791044299,998
2024-09-19 09:38:33.887,416.429889271884,995
2024-09-19 09:38:34.253,416.4559086451912,15
2024-09-19 09:38:34.510,416.4542308743271,7
2024-09-19 09:38:34.555,416.46468948814265,15
2024-09-19 09:38:34.687,416.48141474688873,999
2024-09-19 09:38:34.743,416.4525426449532,1002
2024-09-19 09:38:35.091,416.5038122529223,6
2024-09-19 09:38:35.200,416.491487066208,1002
2024-09-19 09:38:35.284,416.53316432194623,15
2024-09-19 09:38:35.398,416.4977166006618,1000
2024-09-19 09:38:36.043,416.51959872279497,95
2024-09-19 09:38:36.075,416.5404830337849,6
2024-09-19 09:38:36.151,416.5367384654181,7
2024-09-19 09:38:36.204,416.5538057642791,13
2024-09-19 09:38:36.266,416.5539653494615,103
2024-09-19 09:38:36.303,416.5384414440118,998
2024-09-19 09:38:36.375,416.5445638280585,97
2024-09-19 09:38:36.491,416.51673629676367,98
2024-09-19 09:38:36.523,416.5253264233895,998
2024-09-19 09:38:36.619,416.5289596183738,10
2024-09-19 09:38:36.619,416.5305954071124,1000
2024-09-19 09:38:36.648,416.5238242779859,5
2024-09-19 09:38:36.654,416.53811932243485,105
2024-09-19 09:38:36.695,416.5500636552993,1000
2024-09-19 09:38:36.704,416.524531099551,104
2024-09-19 09:38:36.832,416.5587348597504,100
2024-09-19 09:38:36.854,416.5413034163136,100
2024-09-19 09:38:36.883,416.5548987924355,100
2024-09-19 09:38:36.937,416.5609927291798,1003
2024-09-19 09:38:37.006,416.5790784118095,101
2024-09-19 09:38:37.021,416.6017256445401,13
2024-09-19 09:38:37.022,416.5445823716211,104
2024-09-19 09:38:37.066,416.54454643424174,102
2024-09-19 09:38:37.123,416.5611557875534,1000
2024-09-19 09:38:37.338,416.54778539015166,11
2024-09-19 09:38:37.381,,6
2024-09-19 09:38:37.418,416.5864374055475,7
2024-09-19 09:38:37.436,416.5751403624432,996
2024-09-19 09:38:37.464,416.55367455493416,95
2024-09-19 09:38:37.469,416.56325407526685,998
2024-09-19 09:38:37.474,416.5770531142965,104
2024-09-19 09:38:37.524,416.59185850531736,96
2024-09-19 09:38:37.611,416.5770647330692,14
2024-09-19 09:38:37.650,416.5686357088978,998
2024-09-19 09:38:37.652,416.5653676385,997
2024-09-19 09:38:37.906,416.59342568956265,997
2024-09-19 09:38:38.157,416.6005120024896,103
2024-09-19 09:38:38.159,416.58999174585387,12
2024-09-19 09:38:38.239,416.61035839385374,97
2024-09-19 09:38:38.387,416.5873492157131,104
2024-09-19 09:38:38.450,416.5900731805722,6
2024-09-19 09:38:38.485,416.6195341051291,6
2024-09-19 09:38:38.552,416.6049830490903,6
2024-09-19 09:38:38.608,416.6055041812136,98
2024-09-19 09:38:38.624,416.5952938457729,101
2024-09-19 09:38:38.736,416.602370297698,1001
2024-09-19 09:38:39.050,416.6831276288699,995
2024-09-19 09:38:39.072,416.6729576021885,96
2024-09-19 09:38:39.160,416.6318956389165,97
2024-09-19 09:38:39.271,416.65742536142415,999
2024-09-19 09:38:39.391,416.675033170313,1002
2024-09-19 09:38:39.658,416.6447307314855,1002
2024-09-19 09:38:39.881,416.614710696166,8
2024-09-19 09:38:40.012,416.6423566613765,96
2024-09-19 09:38:40.022,416.6497102523341,96
2024-09-19 09:38:40.029,416.637309456168,10
2024-09-19 09:38:40.069,416.6346439727618,1004
2024-09-19 09:38:40.096,416.6259969232262,95
2024-09-19 09:38:40.098,416.664775778457,10
2024-09-19 09:38:40.100,416.6372984344127,997
2024-09-19 09:38:40.143,416.6089223067518,102
2024-09-19 09:38:40.167,416.6131236470633,1005
2024-09-19 09:38:40.196,416.6609959015452,101
2024-09-19 09:38:40.217,416.641177652879,100
2024-09-19 09:38:40.278,416.65490511446825,5
2024-09-19 09:38:40.288,416.6204753897391,15
2024-09-19 09:38:40.289,416.6160748831994,8
2024-09-19 09:38:40.447,416.61009950311626,98
2024-09-19 09:38:40.523,416.63622557907,98
2024-09-19 09:38:40.535,416.6264845971147,97
2024-09-19 09:38:40.541,416.63188014231446,1005
2024-09-19 09:38:40.607,416.621815212616,1001
2024-09-19 09:38:40.704,416.62747202912567,104
2024-09-19 09:38:40.715,416.6255564485093,1004
2024-09-19 09:38:40.734,416.6231108761799,1002
2024-09-19 09:38:40.735,416.6593970700936,96
2024-09-19 09:38:40.775,416.6280749172355,96
2024-09-19 09:38:40.920,416.6343112007787,14
2024-09-19 09:38:40.938,-416.6401133664378,96
2024-09-19 09:38:40.962,416.6568430688433,96
2024-09-19 09:38:40.977,416.6161292134677,5
2024-09-19 09:38:41.328,416.63015765588864,9
2024-09-19 09:38:41.340,416.6570980385636,104
2024-09-19 09:38:41.399,416.6508693793435,14
2024-09-19 09:38:41.426,416.6383775370344,9
2024-09-19 09:38:41.675,41.66499837736752,101
2024-09-19 09:38:41.709,41.66403810810302,8
2024-09-19 09:38:41.786,416.6514591258864,103
2024-09-19 09:38:41.790,416.6594055081912,7
2024-09-19 09:38:41.830,416.6608216604105,104
2024-09-19 09:38:41.835,416.6507658924644,1001
2024-09-19 09:38:41.865,416.6322918301362,6
2024-09-19 09:38:42.091,416.6115947771509,1001
2024-09-19 09:38:42.096,416.5551231192816,8
2024-09-19 09:38:42.205,416.5312632852833,996
2024-09-19 09:38:42.232,416.5281462092337,101
2024-09-19 09:38:42.233,416.60283687853007,99
2024-09-19 09:38:42.338,416.6069727169371,102
2024-09-19 09:38:42.441,416.6362389591176,10
2024-09-19 09:38:42.505,416.6271052210943,8
2024-09-19 09:38:42.529,416.61823811228726,98
2024-09-19 09:38:42.581,416.54007417438686,96
2024-09-19 09:38:42.639,416.60332286813934,996
2024-09-19 09:38:42.640,416.6379154841732,9
2024-09-19 09:38:42.645,416.5241572013283,998
2024-09-19 09:38:42.746,416.5537682309418,998
2024-09-19 09:38:42.763,416.6597047262544,1000
2024-09-19 09:38:42.826,416.60878268645854,14
2024-09-19 09:38:42.919,416.57166593180114,95
2024-09-19 09:38:43.021,,9
2024-09-19 09:38:43.029,416.5259305872945,1003
2024-09-19 09:38:43.035,416.5556541618347,8
2024-09-19 09:38:43.102,416.54064112383617,102
2024-09-19 09:38:43.106,416.4740696667528,1004
2024-09-19 09:38:43.107,416.5292625896181,99
2024-09-19 09:38:43.123,416.55543610431727,1005
2024-09-19 09:38:43.191,-416.5443522470494,998
2024-09-19 09:38:43.195,416.5126044400257,10
2024-09-19 09:38:43.239,416.5400001176027,98
2024-09-19 09:38:43.300,416.47326449686113,8
2024-09-19 09:38:43.336,416.56137900317657,15
2024-09-19 09:38:43.350,416.5388642950047,10
2024-09-19 09:38:43.379,416.5021150349377,10
2024-09-19 09:38:43.507,416.551581768322,97
2024-09-19 09:38:43.532,416.5455109953177,100
2024-09-19 09:38:43.572,416.48473485454446,1001
2024-09-19 09:38:43.591,416.5459010952895,1002
2024-09-19 09:38:43.595,416.5111261416118,15
2024-09-19 09:38:43.658,416.4736316327981,12
2024-09-19 09:38:43.677,416.4633501026504,104
2024-09-19 09:38:43.703,416.52174259937874,10
2024-09-19 09:38:43.715,416.5420003759343,1003
2024-09-19 09:38:43.726,416.5537956204665,96
2024-09-19 09:38:43.751,416.5339132878216,1005
2024-09-19 09:38:43.809,416.5300730508413,96
2024-09-19 09:38:43.810,416.5322720175204,97
2024-09-19 09:38:43.832,416.54463090771816,8
2024-09-19 09:38:43.860,416.54785135813154,1001
2024-09-19 09:38:43.974,416.5170114002918,104
2024-09-19 09:38:44.010,416.5871135491111,95
2024-09-19 09:38:44.049,416.6367297296499,99
2024-09-19 09:38:44.096,416.65016605751936,13
2024-09-19 09:38:44.108,416.5743582174559,105
2024-09-19 09:38:44.188,416.6326504327498,6
2024-09-19 09:38:44.188,416.5604766066297,102
2024-09-19 09:38:44.470,416.5803886037491,5
2024-09-19 09:38:44.471,416.5609104915437,95
2024-09-19 09:38:44.607,416.6224988292895,14
2024-09-19 09:38:44.879,416.62360604578106,100
2024-09-19 09:38:44.882,416.6056651203096,997
2024-09-19 09:38:44.958,416.62002319105,995
2024-09-19 09:38:44.963,416.6258539538583,6
2024-09-19 09:38:44.966,416.6331796169348,1002
2024-09-19 09:38:45.005,416.6451286470896,101
2024-09-19 09:38:45.016,,97
2024-09-19 09:38:45.152,416.6382055867192,6
2024-09-19 09:38:45.223,416.61484172064,96
2024-09-19 09:38:45.236,416.63937099343866,997
2024-09-19 09:38:45.283,416.6355061163945,1005
2024-09-19 09:38:45.341,-416.6385354969848,99
2024-09-19 09:38:45.412,416.6163508794458,12
2024-09-19 09:38:45.436,416.6652267900194,996
2024-09-19 09:38:45.441,416.62182561107744,11
2024-09-19 09:38:45.456,416.6287982115514,7
2024-09-19 09:38:45.493,416.62021219038735,998
2024-09-19 09:38:45.513,416.6279534910733,103
2024-09-19 09:38:45.558,416.6417860175469,103
2024-09-19 09:38:45.591,416.6228288693612,7
2024-09-19 09:38:45.616,416.6675956375586,102
2024-09-19 09:38:45.643,416.635309266613,1000
2024-09-19 09:38:45.665,416.6212952954616,101
2024-09-19 09:38:45.674,,1002
2024-09-19 09:38:45.818,416.6107157676281,15
2024-09-19 09:38:45.877,416.6280569173071,5
2024-09-19 09:38:45.899,416.61177348381926,999
2024-09-19 09:38:45.909,416.60776996190606,1001
2024-09-19 09:38:45.937,416.66664674836505,1001
2024-09-19 09:38:45.959,416.6201822318517,5
2024-09-19 09:38:45.991,416.6140224035526,101
2024-09-19 09:38:46.293,416.637417116326,98
2024-09-19 09:38:46.464,416.5961016615957,101
2024-09-19 09:38:46.608,416.6095332154584,9
2024-09-19 09:38:46.674,416.6126787737382,1003
2024-09-19 09:38:46.698,416.60774317535817,9
2024-09-19 09:38:46.802,416.6180560490327,7
2024-09-19 09:38:46.907,416.6226240187575,12
2024-09-19 09:38:47.017,416.4946068946936,96
2024-09-19 09:38:47.039,416.61742684707167,12
2024-09-19 09:38:47.127,416.5224424755192,1004
2024-09-19 09:38:47.157,416.5544357814979,14
2024-09-19 09:38:47.188,416.5382276475844,104
2024-09-19 09:38:47.219,416.59731318516754,997
2024-09-19 09:38:47.285,416.5900421169917,8
2024-09-19 09:38:47.294,416.4946065512316,101
2024-09-19 09:38:47.295,416.5358609112918,98
2024-09-19 09:38:47.300,416.6011485425992,97
2024-09-19 09:38:47.374,416.5471981658775,104
2024-09-19 09:38:47.418,416.4862824835955,100
2024-09-19 09:38:47.427,416.49731706507833,996
2024-09-19 09:38:47.433,416.5886508877087,101
2024-09-19 09:38:47.458,416.570653842606,1002
2024-09-19 09:38:47.514,416.5073150539138,1003
2024-09-19 09:38:47.535,416.59199430336383,1001
2024-09-19 09:38:47.536,416.59668123376457,1002
2024-09-19 09:38:47.607,416.5204934498774,999
2024-09-19 09:38:47.760,416.5497110113461,14
2024-09-19 09:38:47.786,416.5484729341723,1002
2024-09-19 09:38:47.875,416.4887116519492,997
2024-09-19 09:38:47.940,416.6053363806354,14
2024-09-19 09:38:47.973,416.5308192644992,1002
2024-09-19 09:38:47.982,416.5584181551697,1004
2024-09-19 09:38:48.026,416.5560971542525,12
2024-09-19 09:38:48.057,416.5246002692485,104
2024-09-19 09:38:48.095,416.5262726027948,100
2024-09-19 09:38:48.125,416.51940851526825,11
2024-09-19 09:38:48.180,416.5350904533275,5
2024-09-19 09:38:48.218,416.5582978501788,15
2024-09-19 09:38:48.277,416.556153672516,996
2024-09-19 09:38:48.284,416.53994678185023,10
2024-09-19 09:38:48.316,416.5615884552479,10
2024-09-19 09:38:48.378,416.52955854774746,97
2024-09-19 09:38:48.407,416.5470357191172,1003
2024-09-19 09:38:48.427,416.5468356923597,101
2024-09-19 09:38:48.437,416.57258710708027,7
2024-09-19 09:38:48.456,416.5490365070997,1004
2024-09-19 09:38:48.458,416.5151042358042,7
2024-09-19 09:38:48.480,416.5342004529348,95
2024-09-19 09:38:48.520,416.5379929494933,1000
2024-09-19 09:38:48.528,416.5055634419059,102
2024-09-19 09:38:48.569,416.5188007117475,10
2024-09-19 09:38:48.575,416.51474961562906,1002
2024-09-19 09:38:48.631,416.5332301858792,1005
2024-09-19 09:38:48.632,416.5341553872533,15
2024-09-19 09:38:48.705,416.5394877085476,7
2024-09-19 09:38:48.792,416.5271290899613,5
2024-09-19 09:38:48.794,416.5379641144017,11
2024-09-19 09:38:48.828,416.5059266653009,95
2024-09-19 09:38:48.928,416.5453821151052,996
2024-09-19 09:38:48.928,416.5469767470668,96
2024-09-19 09:38:48.935,416.5289875626559,15
2024-09-19 09:38:49.038,416.4987203006546,98
2024-09-19 09:38:49.222,416.499645485247,996
2024-09-19 09:38:49.327,416.4961704522953,95
2024-09-19 09:38:50.017,416.5879240893008,9
2024-09-19 09:38:50.020,416.5203330399299,96
2024-09-19 09:38:50.107,-416.61770326652174,8
2024-09-19 09:38:50.121,416.60669035563694,15
2024-09-19 09:38:50.152,416.53812559675794,9
2024-09-19 09:38:50.154,416.5928338819744,14
2024-09-19 09:38:50.216,416.6118104571489,100
2024-09-19 09:38:50.254,416.5870422197581,100
2024-09-19 09:38:50.345,416.5530865922244,105
2024-09-19 09:38:50.377,416.5898963196964,13
2024-09-19 09:38:50.433,416.5279859561993,105
2024-09-19 09:38:50.461,416.5859194195708,1001
2024-09-19 09:38:50.515,416.6090033600866,999
2024-09-19 09:38:50.547,416.54811041447033,101
2024-09-19 09:38:50.584,416.5173968554992,7
2024-09-19 09:38:50.593,416.5782467128617,996
2024-09-19 09:38:50.639,416.5941467066936,996
2024-09-19 09:38:50.690,416.5476857218072,102
2024-09-19 09:38:50.791,416.48653761193685,95
2024-09-19 09:38:50.818,416.56049832320815,15
2024-09-19 09:38:50.836,416.5156147526836,10
2024-09-19 09:38:50.852,416.58551667143735,15
2024-09-19 09:38:50.890,416.48171464031685,1004
2024-09-19 09:38:50.964,416.5108963779409,14
2024-09-19 09:38:50.971,416.5390204603257,8
2024-09-19 09:38:50.994,416.5265890732513,8
2024-09-19 09:38:51.025,416.5431875433944,98
2024-09-19 09:38:51.048,416.5377228103725,95
2024-09-19 09:38:51.061,416.583378830522,13
2024-09-19 09:38:51.070,416.507200068601,103
2024-09-19 09:38:51.080,416.5275364918781,997
2024-09-19 09:38:51.127,416.5069418687576,8
2024-09-19 09:38:51.156,416.5628418476224,101
2024-09-19 09:38:51.198,,97
2024-09-19 09:38:51.307,416.4993607027477,9
2024-09-19 09:38:51.384,416.5043757214068,1002
2024-09-19 09:38:51.466,416.4721914270213,105
2024-09-19 09:38:51.521,416.4914350263337,1002
2024-09-19 09:38:51.588,416.5162794905297,96
2024-09-19 09:38:51.622,416.49356023626814,102
2024-09-19 09:38:51.641,416.5401822104093,10
2024-09-19 09:38:51.697,416.58060381113495,9
2024-09-19 09:38:51.713,416.5038114511237,103
2024-09-19 09:38:51.804,416.47915754919615,995
2024-09-19 09:38:51.897,416.49575551568296,11
2024-09-19 09:38:51.982,416.5164794987155,98
2024-09-19 09:38:52.023,416.5145493160259,100
2024-09-19 09:38:52.048,416.4893624888517,14
2024-09-19 09:38:52.085,41.64267211395173,5
2024-09-19 09:38:52.182,416.47144439229936,12
2024-09-19 09:38:52.200,416.4256350534774,12
2024-09-19 09:38:52.339,416.4790848318264,5
2024-09-19 09:38:52.437,416.45941548299714,7
2024-09-19 09:38:52.449,416.4584082995751,1000
2024-09-19 09:38:52.529,416.4604774973176,8
2024-09-19 09:38:52.566,416.4580254822508,96
2024-09-19 09:38:52.582,416.4297327085756,97
2024-09-19 09:38:52.604,416.5337167809548,998
2024-09-19 09:38:52.640,416.4711286893812,104
2024-09-19 09:38:52.833,416.4819682200027,97
2024-09-19 09:38:53.085,416.4202195918364,100
2024-09-19 09:38:53.293,416.4297389106694,995
2024-09-19 09:38:53.513,416.4360074940282,104
2024-09-19 09:38:53.540,416.4112271470522,11
2024-09-19 09:38:53.632,416.4106935584807,996
2024-09-19 09:38:53.736,416.4170922977181,995
2024-09-19 09:38:53.758,416.4249994890639,6
2024-09-19 09:38:53.867,416.4372968155794,998
2024-09-19 09:38:53.898,416.4286621359415,7
2024-09-19 09:38:55.786,416.3962356027548,10
2024-09-19 09:38:56.001,416.4048169645528,98
2024-09-19 09:38:56.040,416.40607644555314,997
2024-09-19 09:38:56.059,416.4130208104165,104
2024-09-19 09:38:56.151,416.34664990255806,9
2024-09-19 09:38:56.157,416.3389301954445,97
2024-09-19 09:38:56.214,416.4170612514051,998
2024-09-19 09:38:56.233,416.3547368278913,103
2024-09-19 09:38:56.236,416.3262205169567,103
2024-09-19 09:38:56.270,416.3869948746748,95
2024-09-19 09:38:56.365,416.3423528937524,9
2024-09-19 09:38:56.407,416.3272289970604,8
2024-09-19 09:38:56.466,-416.3280784702965,9
2024-09-19 09:38:56.470,,95
2024-09-19 09:38:56.502,416.3748931284563,8
2024-09-19 09:38:56.509,416.38578430933774,998
2024-09-19 09:38:56.554,416.390186675366,995
2024-09-19 09:38:56.618,416.4139434080529,1004
2024-09-19 09:38:56.669,416.3118999648567,100
2024-09-19 09:38:56.791,416.3365555997375,10
2024-09-19 09:38:56.824,416.3319520783505,996
2024-09-19 09:38:56.904,416.3457769673405,1002
2024-09-19 09:38:56.928,416.3223407734735,104
2024-09-19 09:38:56.950,416.4068234609969,96
2024-09-19 09:38:56.957,416.3345341849774,1004
2024-09-19 09:38:56.970,416.3387813834505,996
2024-09-19 09:38:56.988,416.3236085402324,1003
2024-09-19 09:38:57.043,416.33222115545686,11
2024-09-19 09:38:57.174,416.3224397591305,97
2024-09-19 09:38:57.177,416.310761965089,995
2024-09-19 09:38:57.260,416.3172346794976,997
2024-09-19 09:38:57.795,416.29649579607127,1000
2024-09-19 09:38:57.880,416.3072461621512,103
2024-09-19 09:38:58.072,416.3200386832282,997
2024-09-19 09:38:58.076,416.3298464134026,105
2024-09-19 09:38:58.225,416.3528753416353,97
2024-09-19 09:38:58.228,416.3402084524873,997
2024-09-19 09:38:58.281,416.3190261467952,6
2024-09-19 09:38:58.377,416.309158080409,998
2024-09-19 09:38:58.459,416.32507602414427,102
2024-09-19 09:38:58.467,416.32989220808463,996
2024-09-19 09:38:58.499,416.3039811566397,103
2024-09-19 09:38:58.693,416.33161402363294,995
2024-09-19 09:38:58.759,416.32136709877966,15
2024-09-19 09:38:58.776,416.33429102691247,101
2024-09-19 09:38:58.884,416.33579000870895,999
2024-09-19 09:38:58.973,416.3130352006205,15
2024-09-19 09:38:58.977,416.2971128124264,13
