Timestamp,Price,Size
2024-09-18 14:54:00.014,413.98541553079184,997
2024-09-18 14:54:00.079,414.0095337762057,1002
2024-09-18 14:54:00.122,413.9810067024379,103
2024-09-18 14:54:00.135,414.0241060198131,1002
2024-09-18 14:54:00.152,413.99723086612926,101
2024-09-18 14:54:00.152,414.00144069471287,102
2024-09-18 14:54:00.184,413.9788555664381,103
2024-09-18 14:54:00.192,413.9795230085712,1003
2024-09-18 14:54:00.234,413.9842715097872,103
2024-09-18 14:54:00.235,414.00301567434497,14
2024-09-18 14:54:00.241,413.9791546770008,101
2024-09-18 14:54:00.286,413.9875272534175,104
2024-09-18 14:54:00.289,413.9847831415661,103
2024-09-18 14:54:00.305,414.00993057410267,1003
2024-09-18 14:54:00.318,413.9933923785936,9
2024-09-18 14:54:00.374,414.0221145255951,97
2024-09-18 14:54:00.406,413.9969341871881,97
2024-09-18 14:54:00.421,414.0257197480408,1003
2024-09-18 14:54:00.477,413.9766230383078,105
2024-09-18 14:54:00.513,413.9712351668664,100
2024-09-18 14:54:00.519,414.0162611454437,1005
2024-09-18 14:54:00.529,413.96612766545314,100
2024-09-18 14:54:00.535,413.9779112275426,1001
2024-09-18 14:54:00.535,413.9920113151652,99
2024-09-18 14:54:00.770,414.0322570211847,997
2024-09-18 14:54:00.823,414.00122971017737,104
2024-09-18 14:54:00.909,414.0117420470827,1004
2024-09-18 14:54:00.959,413.96305625833696,99
2024-09-18 14:54:01.019,414.03817052020406,101
2024-09-18 14:54:01.020,414.00284055357054,95
2024-09-18 14:54:01.136,414.0333649775764,1003
2024-09-18 14:54:01.183,414.0314996056746,6
2024-09-18 14:54:01.203,414.0399211660415,99
2024-09-18 14:54:01.224,-414.0411322873427,999
2024-09-18 14:54:01.330,414.0474327977125,1002
2024-09-18 14:54:01.706,41.40337341247834,1003
2024-09-18 14:54:01.797,414.0011819911385,997
2024-09-18 14:54:01.802,414.0238042936786,11
2024-09-18 14:54:01.826,414.0352816971501,103
2024-09-18 14:54:01.847,414.02195767257786,101
2024-09-18 14:54:01.954,414.0440542253705,98
2024-09-18 14:54:02.019,414.0567111708668,12
2024-09-18 14:54:02.036,414.0223868251817,11
2024-09-18 14:54:02.044,414.0646116643542,995
2024-09-18 14:54:02.102,414.0596024111655,995
2024-09-18 14:54:02.114,-414.0376025290796,9
2024-09-18 14:54:02.123,414.0596510178736,15
2024-09-18 14:54:02.339,414.07123312449096,97
2024-09-18 14:54:02.415,414.07191272110487,1001
2024-09-18 14:54:02.490,414.041552229146,995
2024-09-18 14:54:02.559,414.06928820081606,7
2024-09-18 14:54:02.723,414.0430051982897,7
2024-09-18 14:54:02.774,414.0480787204545,6
2024-09-18 14:54:02.826,414.0620613640377,998
2024-09-18 14:54:02.838,414.0420866024891,999
2024-09-18 14:54:02.925,414.0386411227866,100
2024-09-18 14:54:02.961,414.0625517538369,1002
2024-09-18 14:54:03.251,414.1393397414975,99
2024-09-18 14:54:03.811,414.0944679106331,5
2024-09-18 14:54:03.842,414.11225052342434,1003
2024-09-18 14:54:03.964,-414.13531018329786,995
2024-09-18 14:54:03.967,414.0972758031768,5
2024-09-18 14:54:04.067,414.21180177379983,99
2024-09-18 14:54:04.633,414.1613593111862,97
2024-09-18 14:54:04.656,414.20252421341945,1005
2024-09-18 14:54:04.657,,13
2024-09-18 14:54:04.778,414.173312645194,95
2024-09-18 14:54:05.149,414.18139993963024,14
2024-09-18 14:54:05.180,414.1863399035468,998
2024-09-18 14:54:05.238,414.1807854611382,5
2024-09-18 14:54:05.508,414.1938519439264,7
2024-09-18 14:54:05.549,414.1753813327248,98
2024-09-18 14:54:05.565,414.1873499732341,1004
2024-09-18 14:54:05.738,414.2009147969871,999
2024-09-18 14:54:05.800,414.1928654737577,7
2024-09-18 14:54:05.831,414.2047985595568,9
2024-09-18 14:54:06.032,414.23307614218953,1001
2024-09-18 14:54:06.069,414.19213170755023,997
2024-09-18 14:54:06.101,414.2352839713163,101
2024-09-18 14:54:06.158,414.2269077828858,95
2024-09-18 14:54:06.301,414.166851690544,15
2024-09-18 14:54:06.325,414.1611246721357,11
2024-09-18 14:54:06.348,414.1713077260771,1000
2024-09-18 14:54:06.465,414.2333450380447,13
2024-09-18 14:54:06.601,414.1427619717859,101
2024-09-18 14:54:06.662,414.1779223499969,103
2024-09-18 14:54:06.669,414.1736726353674,10
2024-09-18 14:54:06.697,414.21003167936345,100
2024-09-18 14:54:06.765,414.13624430839445,1002
2024-09-18 14:54:06.829,414.1750551821489,101
2024-09-18 14:54:06.905,414.14648506624246,100
2024-09-18 14:54:06.933,414.2112476691356,1005
2024-09-18 14:54:06.941,414.19557405904806,995
2024-09-18 14:54:06.962,414.1969575953839,5
2024-09-18 14:54:07.088,414.251960140794,15
2024-09-18 14:54:07.152,414.2354074381727,15
2024-09-18 14:54:07.168,414.2430587704032,101
2024-09-18 14:54:07.184,414.238021807832,1000
2024-09-18 14:54:07.360,414.259136095766,6
2024-09-18 14:54:07.570,414.2208503336308,1002
2024-09-18 14:54:07.689,414.2442046396174,96
2024-09-18 14:54:07.775,414.2370078247027,98
2024-09-18 14:54:07.825,414.24022255475904,6
2024-09-18 14:54:08.041,414.2661680417848,1004
2024-09-18 14:54:08.096,414.3559647344397,6
2024-09-18 14:54:08.126,414.342129152036,11
2024-09-18 14:54:08.129,414.31249415590565,9
2024-09-18 14:54:08.182,414.28173070061297,6
2024-09-18 14:54:08.211,414.3079449565856,102
2024-09-18 14:54:08.240,414.27335081025024,99
2024-09-18 14:54:08.277,414.2914694400449,1001
2024-09-18 14:54:08.290,414.2714601817872,995
2024-09-18 14:54:08.410,414.279623039468,9
2024-09-18 14:54:08.438,414.31283951613295,100
2024-09-18 14:54:08.451,414.3501162272966,999
2024-09-18 14:54:08.454,414.3264028401954,1000
2024-09-18 14:54:08.467,414.3080235335869,995
2024-09-18 14:54:08.485,414.26229055714526,8
2024-09-18 14:54:08.572,414.2731752959523,9
2024-09-18 14:54:08.606,414.30525754395467,1003
2024-09-18 14:54:08.721,414.3042754356192,11
2024-09-18 14:54:08.767,414.2690307135191,1000
2024-09-18 14:54:08.768,414.32994722940856,10
2024-09-18 14:54:08.849,414.3230043154978,8
2024-09-18 14:54:08.880,414.3291149818477,1005
2024-09-18 14:54:08.886,414.3092914287662,98
2024-09-18 14:54:08.902,414.2963687366217,999
2024-09-18 14:54:09.053,414.3971300188874,99
2024-09-18 14:54:09.092,414.3896296282304,100
2024-09-18 14:54:09.145,414.2966666359317,99
2024-09-18 14:54:09.178,414.4132968294231,1000
2024-09-18 14:54:09.216,414.3875885360469,14
2024-09-18 14:54:09.231,414.4398501474057,1000
2024-09-18 14:54:09.233,414.2903243776842,7
2024-09-18 14:54:09.287,414.4249097853501,999
2024-09-18 14:54:09.329,414.3225229007557,999
2024-09-18 14:54:09.355,414.33339276551607,1001
2024-09-18 14:54:09.361,414.3277079231474,12
2024-09-18 14:54:09.491,414.3387881081407,13
2024-09-18 14:54:09.545,414.40129275649065,104
2024-09-18 14:54:09.619,414.40080303649154,14
2024-09-18 14:54:09.637,414.4222958603575,995
2024-09-18 14:54:09.660,414.3309792051343,9
2024-09-18 14:54:09.669,414.3872780496068,9
2024-09-18 14:54:09.758,414.3882801293158,996
2024-09-18 14:54:09.771,414.35806691509936,1000
2024-09-18 14:54:09.850,414.3835121430624,8
2024-09-18 14:54:09.871,414.3528021439283,99
2024-09-18 14:54:09.879,414.3718068985041,997
2024-09-18 14:54:09.885,414.3710898600989,104
2024-09-18 14:54:09.912,414.3886361207282,99
2024-09-18 14:54:09.919,414.3690332292182,12
2024-09-18 14:54:09.952,414.3653447592899,100
2024-09-18 14:54:09.957,414.3396951399272,12
2024-09-18 14:54:09.966,414.367384043352,13
2024-09-18 14:54:09.979,414.357092414692,1005
2024-09-18 14:54:10.016,414.5156791493006,7
2024-09-18 14:54:10.043,414.4649608014793,1001
2024-09-18 14:54:10.131,414.5346279563971,99
2024-09-18 14:54:10.170,414.5116135542794,1004
2024-09-18 14:54:10.201,414.4953116593048,102
2024-09-18 14:54:10.305,414.51890050251416,97
2024-09-18 14:54:10.351,414.5421012440917,996
2024-09-18 14:54:10.358,414.5225260132793,11
2024-09-18 14:54:10.453,414.51235127720406,1001
2024-09-18 14:54:10.459,414.531447351628,13
2024-09-18 14:54:10.464,414.5531302625959,11
2024-09-18 14:54:10.507,414.5223890282849,14
2024-09-18 14:54:10.568,-414.5482857661701,1001
2024-09-18 14:54:10.587,414.5287842818801,100
2024-09-18 14:54:10.646,414.5471115328848,105
2024-09-18 14:54:10.682,414.52039557456766,7
2024-09-18 14:54:10.717,414.4903531234988,7
2024-09-18 14:54:10.757,414.5045069811792,1002
2024-09-18 14:54:10.777,414.4609511127466,95
2024-09-18 14:54:10.784,414.5060058617452,11
2024-09-18 14:54:10.787,414.5500603830428,1004
2024-09-18 14:54:10.844,414.51876224664335,1005
2024-09-18 14:54:10.962,414.5088452001866,9
2024-09-18 14:54:10.965,414.5413394559485,1005
2024-09-18 14:54:10.998,414.5221211259429,12
2024-09-18 14:54:11.499,414.5451921718933,999
2024-09-18 14:54:11.856,414.5538737914256,15
2024-09-18 14:54:13.038,414.5744109414807,1002
2024-09-18 14:54:13.075,414.55822843577175,6
2024-09-18 14:54:13.187,414.55394847592817,1000
2024-09-18 14:54:13.233,414.5882886765841,99
2024-09-18 14:54:13.268,414.5709877647274,101
2024-09-18 14:54:13.449,414.5609945476992,11
2024-09-18 14:54:13.597,414.55333013082407,8
2024-09-18 14:54:13.609,414.5427122049813,9
2024-09-18 14:54:13.652,414.5604925183437,1000
2024-09-18 14:54:13.750,414.5377620537414,97
2024-09-18 14:54:13.772,414.5525313869255,8
2024-09-18 14:54:13.837,414.55029324917183,1004
2024-09-18 14:54:13.869,414.5559060607313,105
2024-09-18 14:54:13.957,414.566709009577,96
2024-09-18 14:54:13.985,414.54985370506034,1001
2024-09-18 14:54:13.986,414.5680243086049,100
2024-09-18 14:54:13.997,414.549202118938,8
2024-09-18 14:54:14.001,414.53439803325193,10
2024-09-18 14:54:14.016,414.5176210903441,11
2024-09-18 14:54:14.018,414.5331350409959,996
2024-09-18 14:54:14.052,414.53042023887735,101
2024-09-18 14:54:14.072,414.571364642125,15
2024-09-18 14:54:14.080,414.518094106412,100
2024-09-18 14:54:14.216,414.529925080466,997
2024-09-18 14:54:14.243,414.5716569777122,15
2024-09-18 14:54:14.271,414.517296522148,1000
2024-09-18 14:54:14.278,414.5467303090746,8
2024-09-18 14:54:14.283,414.5094346877399,103
2024-09-18 14:54:14.332,414.56202823413616,102
2024-09-18 14:54:14.401,,996
2024-09-18 14:54:14.482,414.5910874044048,995
2024-09-18 14:54:14.532,414.5592581637089,15
2024-09-18 14:54:14.546,414.5836435896216,104
2024-09-18 14:54:14.589,414.58436954025655,102
2024-09-18 14:54:14.644,414.51447838046914,12
2024-09-18 14:54:14.681,414.5034335004615,11
2024-09-18 14:54:14.729,414.524231433396,13
2024-09-18 14:54:14.759,414.5557247574518,1005
2024-09-18 14:54:14.783,414.5218190240411,96
2024-09-18 14:54:14.799,414.5488651090529,1005
2024-09-18 14:54:14.824,414.5424273580255,6
2024-09-18 14:54:14.877,414.5279763467464,105
2024-09-18 14:54:14.880,414.5343234822861,95
2024-09-18 14:54:14.926,414.5417125304149,104
2024-09-18 14:54:14.939,414.5259913803606,10
2024-09-18 14:54:14.999,414.56498223118666,997
2024-09-18 14:54:15.068,414.5935596608685,12
2024-09-18 14:54:15.121,414.5610510547402,6
2024-09-18 14:54:15.133,414.602595878841,995
2024-09-18 14:54:15.143,414.56394693141465,15
2024-09-18 14:54:15.201,414.55581555172,11
2024-09-18 14:54:15.326,414.5740496432645,11
2024-09-18 14:54:15.422,414.576044877388,104
2024-09-18 14:54:15.470,414.5803568464948,10
2024-09-18 14:54:15.521,414.57126224747066,95
2024-09-18 14:54:15.546,414.6028690540473,996
2024-09-18 14:54:15.551,414.5831247400563,6
2024-09-18 14:54:15.671,414.5835894660253,99
2024-09-18 14:54:15.790,414.5702377339896,13
2024-09-18 14:54:15.942,41.457008914611926,96
2024-09-18 14:54:16.007,414.5964060689649,101
2024-09-18 14:54:16.041,414.5719249862237,13
2024-09-18 14:54:16.043,414.5950833991697,5
2024-09-18 14:54:16.068,414.6352103670003,99
2024-09-18 14:54:16.219,414.6414078134917,98
2024-09-18 14:54:16.404,414.6138594696912,95
2024-09-18 14:54:16.490,414.5868536957552,103
2024-09-18 14:54:16.545,414.59667844926366,11
2024-09-18 14:54:16.576,414.6325602869151,998
2024-09-18 14:54:16.687,414.6082199579956,996
2024-09-18 14:54:16.712,414.6102777265562,1000
2024-09-18 14:54:16.717,414.6083908446121,99
2024-09-18 14:54:16.720,414.6390987101302,97
2024-09-18 14:54:16.753,414.5740076578669,999
2024-09-18 14:54:16.845,-414.5887893076982,6
2024-09-18 14:54:16.851,414.6033202317101,9
2024-09-18 14:54:16.887,414.56727955684,995
2024-09-18 14:54:16.968,414.6316791374686,98
2024-09-18 14:54:16.984,414.5915237724906,13
2024-09-18 14:54:17.298,414.67015426248815,1002
2024-09-18 14:54:17.509,414.6659642513846,995
2024-09-18 14:54:17.705,414.6636320533527,14
2024-09-18 14:54:18.059,414.6181295182387,9
2024-09-18 14:54:18.073,414.6010074575336,6
2024-09-18 14:54:18.087,414.659732293343,104
2024-09-18 14:54:18.145,414.6520999398113,105
2024-09-18 14:54:18.148,414.6021143477012,6
2024-09-18 14:54:18.353,414.6748843171222,99
2024-09-18 14:54:18.372,414.60970752902847,101
2024-09-18 14:54:18.385,414.6140402959766,5
2024-09-18 14:54:18.430,414.61472503826633,12
2024-09-18 14:54:18.591,414.6391350500551,996
2024-09-18 14:54:18.768,414.61736258367085,98
2024-09-18 14:54:18.801,414.6123380156975,96
2024-09-18 14:54:18.826,414.5989665032317,14
2024-09-18 14:54:18.857,414.6234021020279,1004
2024-09-18 14:54:18.919,414.6135189362252,14
2024-09-18 14:54:18.930,414.6355815382688,104
2024-09-18 14:54:18.936,41.46400100443566,8
2024-09-18 14:54:19.029,414.5844838925482,999
2024-09-18 14:54:19.063,414.5822319734815,104
2024-09-18 14:54:19.216,414.5884352535725,1003
2024-09-18 14:54:19.399,414.5943529333555,99
2024-09-18 14:54:19.424,414.6058093604025,12
2024-09-18 14:54:19.522,414.59341808825246,6
2024-09-18 14:54:19.538,414.5932060164041,102
2024-09-18 14:54:19.588,414.5844152133468,14
2024-09-18 14:54:19.856,414.58047509228624,97
2024-09-18 14:54:20.098,414.6078107906441,100
2024-09-18 14:54:20.184,414.6012385551633,995
2024-09-18 14:54:20.227,414.6170008753468,105
2024-09-18 14:54:20.236,414.5960197766578,997
2024-09-18 14:54:20.330,414.61183191678936,104
2024-09-18 14:54:20.330,414.59656569457366,995
2024-09-18 14:54:20.338,414.60376031917264,998
2024-09-18 14:54:20.493,414.61867777397305,1005
2024-09-18 14:54:20.533,414.5738091157249,102
2024-09-18 14:54:20.550,414.56978350783606,103
2024-09-18 14:54:20.625,414.5966930421716,102
2024-09-18 14:54:20.640,414.6228636380965,99
2024-09-18 14:54:20.710,414.5872556825509,7
2024-09-18 14:54:20.718,414.6450393649969,10
2024-09-18 14:54:20.760,414.6229819281138,998
2024-09-18 14:54:20.778,414.65148950628543,96
2024-09-18 14:54:20.784,414.5868352088328,102
2024-09-18 14:54:20.883,414.6223367587469,10
2024-09-18 14:54:20.936,414.5968331567655,999
2024-09-18 14:54:20.963,41.463473913455424,1001
2024-09-18 14:54:20.997,414.6344816333526,5
2024-09-18 14:54:21.029,414.51117182280666,13
2024-09-18 14:54:21.047,414.5609756942793,102
2024-09-18 14:54:21.069,414.585341190696,12
2024-09-18 14:54:21.148,414.5344306615046,7
2024-09-18 14:54:21.149,414.5768922513108,103
2024-09-18 14:54:21.167,414.5550295878133,999
2024-09-18 14:54:21.194,414.4996350543384,8
2024-09-18 14:54:21.198,414.5652110545762,96
2024-09-18 14:54:21.282,414.5507947870302,100
2024-09-18 14:54:21.291,414.5424744794927,97
2024-09-18 14:54:21.323,414.5490439263569,1003
2024-09-18 14:54:21.330,414.52268190706286,7
2024-09-18 14:54:21.332,414.5593797826856,96
2024-09-18 14:54:21.424,414.5291373633922,6
2024-09-18 14:54:21.441,414.5072950835,10
2024-09-18 14:54:21.518,414.54920677468607,15
2024-09-18 14:54:21.518,414.5724923143579,105
2024-09-18 14:54:21.528,414.5539488681525,99
2024-09-18 14:54:21.565,414.54128454271296,1004
2024-09-18 14:54:21.616,414.5734497618949,1001
2024-09-18 14:54:21.636,414.5321219984435,7
2024-09-18 14:54:21.689,414.539981389552,13
2024-09-18 14:54:21.711,414.5639202322832,100
2024-09-18 14:54:21.756,414.55956176748464,5
2024-09-18 14:54:21.760,414.52079967075895,95
2024-09-18 14:54:21.784,414.55417500090704,1005
2024-09-18 14:54:21.798,414.4940994243522,998
2024-09-18 14:54:21.818,414.581651338888,14
2024-09-18 14:54:21.863,414.50498252335456,101
2024-09-18 14:54:21.974,414.5561924628489,1000
2024-09-18 14:54:22.002,414.5149380201419,996
2024-09-18 14:54:22.017,414.5436090685678,998
2024-09-18 14:54:22.150,414.54300471136287,1005
2024-09-18 14:54:22.196,414.5196333311093,5
2024-09-18 14:54:22.204,414.549148790776,7
2024-09-18 14:54:22.334,414.53841795504337,103
2024-09-18 14:54:22.398,414.5533984127261,1005
2024-09-18 14:54:22.407,414.5373130753517,102
2024-09-18 14:54:22.423,414.53880535751534,13
2024-09-18 14:54:22.526,414.5298038571482,1002
2024-09-18 14:54:22.636,414.5226148441909,102
2024-09-18 14:54:22.703,414.5114422317379,102
2024-09-18 14:54:22.708,414.5351298541204,103
2024-09-18 14:54:22.712,414.5153188255524,104
2024-09-18 14:54:22.752,414.51278062137663,11
2024-09-18 14:54:22.782,414.5564691752172,5
2024-09-18 14:54:22.828,414.5203780948417,8
2024-09-18 14:54:22.832,414.521714612144,6
2024-09-18 14:54:22.839,414.5285573761407,6
2024-09-18 14:54:22.845,414.5357950951917,1003
2024-09-18 14:54:22.972,414.5499422240596,13
2024-09-18 14:54:23.026,414.5103290944103,103
2024-09-18 14:54:23.100,414.500990015227,96
2024-09-18 14:54:23.101,414.511045699846,98
2024-09-18 14:54:23.124,414.4501999859296,1001
2024-09-18 14:54:23.266,414.4911645598877,10
2024-09-18 14:54:23.284,414.5039248352415,8
2024-09-18 14:54:23.380,414.4433259444878,97
2024-09-18 14:54:23.438,414.4648614065132,101
2024-09-18 14:54:23.472,414.4616814876295,995
2024-09-18 14:54:23.582,414.43360453924817,103
2024-09-18 14:54:23.583,414.43483307732185,104
2024-09-18 14:54:23.620,414.45303884969536,999
2024-09-18 14:54:23.704,414.4947952159157,13
2024-09-18 14:54:23.864,414.4938336759392,103
2024-09-18 14:54:23.871,414.5008018335031,10
2024-09-18 14:54:23.874,414.43345671152616,102
2024-09-18 14:54:23.896,414.44743118720254,5
2024-09-18 14:54:23.939,414.4472901937514,6
2024-09-18 14:54:24.049,414.4357511172825,98
2024-09-18 14:54:24.108,414.4214880094315,12
2024-09-18 14:54:24.116,414.4338796854884,12
2024-09-18 14:54:24.141,414.41570396641146,100
2024-09-18 14:54:24.198,414.4293958521688,104
2024-09-18 14:54:24.271,414.4275668077248,11
2024-09-18 14:54:24.479,414.42501468020697,1002
2024-09-18 14:54:24.480,41.44225031226773,996
2024-09-18 14:54:24.564,414.40580640843154,998
2024-09-18 14:54:24.619,414.4374926878484,95
2024-09-18 14:54:24.692,414.43975103208896,9
2024-09-18 14:54:24.714,414.4106384530106,11
2024-09-18 14:54:24.813,414.4352973264808,103
2024-09-18 14:54:24.885,414.4303731951186,6
2024-09-18 14:54:24.901,,11
2024-09-18 14:54:24.995,414.4086940194277,14
2024-09-18 14:54:25.121,414.4077872806535,13
2024-09-18 14:54:25.188,414.3974041465007,998
2024-09-18 14:54:25.247,414.41286581850784,96
2024-09-18 14:54:25.337,414.43677881844417,104
2024-09-18 14:54:25.357,414.4002626586509,96
2024-09-18 14:54:25.381,414.3990329766971,96
2024-09-18 14:54:25.509,414.4109165718676,1004
2024-09-18 14:54:25.687,407.4520128502758,99
2024-09-18 14:54:25.727,414.4247960673956,12
2024-09-18 14:54:25.782,414.39667204046526,10
2024-09-18 14:54:26.028,414.4186186365223,99
2024-09-18 14:54:26.061,414.4748057405893,102
2024-09-18 14:54:26.077,414.3886492850911,6
2024-09-18 14:54:26.083,414.4394210260984,95
2024-09-18 14:54:26.107,414.4712503502257,95
2024-09-18 14:54:26.174,414.45793421085295,101
2024-09-18 14:54:26.178,41.43993569207493,12
2024-09-18 14:54:26.205,414.3851760700562,1003
2024-09-18 14:54:26.215,414.3764783121305,95
2024-09-18 14:54:26.261,414.4288870367788,98
2024-09-18 14:54:26.291,414.3738538260135,1002
2024-09-18 14:54:26.331,414.4244324409872,103
2024-09-18 14:54:26.374,414.4023386999671,9
2024-09-18 14:54:26.378,414.4654331988862,15
2024-09-18 14:54:26.433,414.42188754921153,1002
2024-09-18 14:54:26.509,414.3955105711706,5
2024-09-18 14:54:26.717,414.4508666267356,997
2024-09-18 14:54:26.780,414.4683842233141,1002
2024-09-18 14:54:26.784,414.4689380411427,15
2024-09-18 14:54:26.793,414.46720410456686,15
2024-09-18 14:54:26.805,414.4524088184844,98
2024-09-18 14:54:26.807,414.387158356676,1005
2024-09-18 14:54:26.866,414.4423219501151,99
2024-09-18 14:54:26.962,414.42367515541366,1001
2024-09-18 14:54:27.098,414.4143524304248,997
2024-09-18 14:54:27.460,414.3811547015529,101
2024-09-18 14:54:27.790,414.4155006492955,5
2024-09-18 14:54:28.071,414.3280238013066,999
2024-09-18 14:54:28.082,414.3556456806219,995
2024-09-18 14:54:28.137,414.3572428337327,10
2024-09-18 14:54:28.175,414.2919113944323,996
2024-09-18 14:54:28.192,414.3370998713127,1001
2024-09-18 14:54:28.217,414.3563727027516,105
2024-09-18 14:54:28.226,414.337129186064,95
2024-09-18 14:54:28.230,414.3425569628862,10
2024-09-18 14:54:28.255,414.3385693642622,104
2024-09-18 14:54:28.298,414.32253600693576,1000
2024-09-18 14:54:28.331,414.3432134110202,8
2024-09-18 14:54:28.341,414.3426256488482,97
2024-09-18 14:54:28.363,414.338517897583,101
2024-09-18 14:54:28.462,414.3425188375229,6
2024-09-18 14:54:28.493,414.3538537414615,7
2024-09-18 14:54:28.569,414.3372000351847,998
2024-09-18 14:54:28.598,414.3143310926303,101
2024-09-18 14:54:28.627,414.3759094874376,102
2024-09-18 14:54:28.644,414.3044180727095,101
2024-09-18 14:54:28.653,414.3681206595192,1003
2024-09-18 14:54:28.796,414.3583649750266,1005
2024-09-18 14:54:28.799,414.3513029251096,995
2024-09-18 14:54:28.852,41.4330848553362,8
2024-09-18 14:54:28.906,414.3673962055043,104
2024-09-18 14:54:29.060,414.2944833206371,95
2024-09-18 14:54:29.363,414.2962397681882,100
2024-09-18 14:54:29.436,414.30558619524766,1005
2024-09-18 14:54:29.798,414.2873806981864,104
2024-09-18 14:54:30.003,414.30856581938014,8
2024-09-18 14:54:30.086,414.3021495467182,995
2024-09-18 14:54:30.421,414.3114521237042,1003
2024-09-18 14:54:30.527,414.3281762014937,998
2024-09-18 14:54:30.692,414.3204437678448,11
2024-09-18 14:54:30.860,414.33054508460594,6
2024-09-18 14:54:31.003,414.2918014943422,101
2024-09-18 14:54:31.027,414.2689753507424,1004
2024-09-18 14:54:31.027,414.28105797032407,102
2024-09-18 14:54:31.043,414.29842321251255,998
2024-09-18 14:54:31.046,414.3146965555096,13
2024-09-18 14:54:31.302,414.2895077626019,14
2024-09-18 14:54:31.407,414.3166640254471,11
2024-09-18 14:54:31.474,414.3475320381032,98
2024-09-18 14:54:31.493,414.2843751701852,96
2024-09-18 14:54:31.511,414.2901524571528,14
2024-09-18 14:54:31.516,414.307953916706,95
2024-09-18 14:54:31.780,414.32085792657927,97
2024-09-18 14:54:31.817,414.3030864630528,1000
2024-09-18 14:54:31.839,414.32457141303377,9
2024-09-18 14:54:31.862,414.3048636488174,8
2024-09-18 14:54:31.862,414.31721425322223,96
2024-09-18 14:54:31.956,414.2992122076237,996
2024-09-18 14:54:31.971,414.3190872566173,104
2024-09-18 14:54:32.058,414.3062950546165,97
2024-09-18 14:54:32.096,414.3431492858858,997
2024-09-18 14:54:32.101,414.3156126621546,100
2024-09-18 14:54:32.103,414.32044526472487,996
2024-09-18 14:54:32.123,414.32443123910673,103
2024-09-18 14:54:32.182,414.3415157173712,997
2024-09-18 14:54:32.183,414.3375123178137,5
2024-09-18 14:54:32.263,414.3174650693112,1001
2024-09-18 14:54:32.266,414.33534504684746,10
2024-09-18 14:54:32.305,414.3223579877757,1004
2024-09-18 14:54:32.317,414.3301438020002,7
2024-09-18 14:54:32.325,414.3093955210698,15
2024-09-18 14:54:32.385,414.36605277998143,99
2024-09-18 14:54:32.399,414.32899240814,997
2024-09-18 14:54:32.449,414.2884351085594,98
2024-09-18 14:54:32.527,414.358087700765,13
2024-09-18 14:54:32.552,414.305031057741,12
2024-09-18 14:54:32.559,414.3417925806108,1000
2024-09-18 14:54:32.592,414.34252593650496,11
2024-09-18 14:54:32.628,414.3266914516559,996
2024-09-18 14:54:32.643,414.3451795304396,95
2024-09-18 14:54:32.656,414.3369807902574,96
2024-09-18 14:54:32.670,414.2883025151143,15
2024-09-18 14:54:32.721,414.3496551131887,9
2024-09-18 14:54:32.740,414.2973814058731,995
2024-09-18 14:54:32.830,414.3170734065874,7
2024-09-18 14:54:32.845,414.35653484289344,7
2024-09-18 14:54:32.873,414.3638760017549,100
2024-09-18 14:54:32.972,414.3418315714727,13
2024-09-18 14:54:32.981,414.33534083269046,10
2024-09-18 14:54:33.060,414.29781800476206,1002
2024-09-18 14:54:33.113,414.2609998561468,14
2024-09-18 14:54:33.139,414.2949540547897,12
2024-09-18 14:54:33.210,414.296559262262,995
2024-09-18 14:54:33.213,414.2656634318623,12
2024-09-18 14:54:33.214,414.2777973922412,12
2024-09-18 14:54:33.218,414.27011080461136,997
2024-09-18 14:54:33.331,414.25137911478,996
2024-09-18 14:54:33.439,414.270199848544,5
2024-09-18 14:54:33.558,414.255446624325,1003
2024-09-18 14:54:33.630,414.2454828592912,10
2024-09-18 14:54:33.784,414.2441336087063,100
2024-09-18 14:54:33.898,414.2956961304168,100
2024-09-18 14:54:33.915,414.2878898020557,999
2024-09-18 14:54:33.972,414.2653409045477,995
2024-09-18 14:54:33.977,414.2789252783792,999
2024-09-18 14:54:33.981,414.2503501140047,13
2024-09-18 14:54:33.986,414.273717718258,100
2024-09-18 14:54:34.062,414.3399033865701,9
2024-09-18 14:54:34.078,414.33217798647024,1002
2024-09-18 14:54:34.215,414.29784052535297,105
2024-09-18 14:54:34.360,414.31153621570775,1005
2024-09-18 14:54:34.617,414.3251650135857,995
2024-09-18 14:54:34.761,414.3132323316375,10
2024-09-18 14:54:34.954,414.3001287016969,995
2024-09-18 14:54:35.032,407.4263478999201,98
2024-09-18 14:54:36.000,414.304011137244,6
2024-09-18 14:54:36.045,414.3123960480335,1002
2024-09-18 14:54:36.082,414.2681824642426,6
2024-09-18 14:54:36.131,414.3260662227677,1002
2024-09-18 14:54:36.197,414.3078517593323,995
2024-09-18 14:54:36.216,414.3247759450072,104
2024-09-18 14:54:36.288,414.3341528551316,995
2024-09-18 14:54:36.339,414.256532916913,97
2024-09-18 14:54:36.367,414.3178460532348,996
2024-09-18 14:54:36.370,414.2720985000214,995
2024-09-18 14:54:36.388,414.3306018364141,1003
2024-09-18 14:54:36.393,-414.3303566010344,96
2024-09-18 14:54:36.436,414.2758942776722,98
2024-09-18 14:54:36.443,414.3147017921566,1004
2024-09-18 14:54:36.460,414.2975221435759,997
2024-09-18 14:54:36.511,414.3209168574697,1003
2024-09-18 14:54:36.541,414.3237789544289,14
2024-09-18 14:54:36.543,414.2857062765364,11
2024-09-18 14:54:36.673,414.2810882465439,5
2024-09-18 14:54:36.723,414.2690686157365,997
2024-09-18 14:54:36.773,414.3164463486441,97
2024-09-18 14:54:36.849,,1000
2024-09-18 14:54:36.902,414.3192381782018,11
2024-09-18 14:54:37.141,414.25735690161,1002
2024-09-18 14:54:37.570,414.2381823417856,10
2024-09-18 14:54:37.735,414.262572303264,105
2024-09-18 14:54:37.786,414.2243469662397,14
2024-09-18 14:54:37.850,414.2651495555217,13
2024-09-18 14:54:37.955,407.4031766070949,14
2024-09-18 14:54:37.965,414.2405350127948,99
2024-09-18 14:54:38.048,414.2120801759833,6
2024-09-18 14:54:38.135,414.199855641299,95
2024-09-18 14:54:38.160,414.1949135558476,14
2024-09-18 14:54:38.203,414.2026846212216,102
2024-09-18 14:54:38.221,414.2018732017857,995
2024-09-18 14:54:38.249,414.19097451492905,6
2024-09-18 14:54:38.280,414.2133256105619,13
2024-09-18 14:54:38.366,414.2259439533773,1001
2024-09-18 14:54:38.379,414.18920288155897,15
2024-09-18 14:54:38.424,414.21345924870855,999
2024-09-18 14:54:38.464,414.2043463120652,96
2024-09-18 14:54:38.465,414.1699423781516,103
2024-09-18 14:54:38.500,414.22266690419775,102
2024-09-18 14:54:38.584,414.19626943502783,103
2024-09-18 14:54:38.635,414.1930711052909,5
2024-09-18 14:54:38.704,414.20291680671687,15
2024-09-18 14:54:38.848,414.1992086015126,101
2024-09-18 14:54:38.940,414.1893390529548,103
2024-09-18 14:54:39.137,414.17668570061466,97
2024-09-18 14:54:39.317,,14
2024-09-18 14:54:39.349,414.1890087776716,12
2024-09-18 14:54:39.422,414.2178307444672,5
2024-09-18 14:54:39.436,,102
2024-09-18 14:54:39.553,414.1996687251278,995
2024-09-18 14:54:39.714,414.1817283422079,8
2024-09-18 14:54:39.715,414.1572494820524,104
2024-09-18 14:54:39.717,414.194743359257,11
2024-09-18 14:54:39.720,-414.15517977173226,1002
2024-09-18 14:54:39.793,414.16641145517,13
2024-09-18 14:54:39.838,414.20879649891936,8
2024-09-18 14:54:39.860,414.1782963398354,6
2024-09-18 14:54:39.915,414.22453091045145,998
2024-09-18 14:54:39.935,414.21278546559057,7
2024-09-18 14:54:39.986,414.1789498003668,998
2024-09-18 14:54:40.626,414.167892321292,96
2024-09-18 14:54:40.651,414.1937250665273,12
2024-09-18 14:54:40.675,414.1416079401198,8
2024-09-18 14:54:40.705,414.2235843259817,1003
2024-09-18 14:54:40.750,414.2161368460457,103
2024-09-18 14:54:40.805,414.182860027445,97
2024-09-18 14:54:40.818,414.2181883600341,10
2024-09-18 14:54:40.966,414.2104273537103,12
2024-09-18 14:54:41.145,414.0320882107441,10
2024-09-18 14:54:41.158,414.06929293756286,98
2024-09-18 14:54:41.175,414.0608183971332,1001
2024-09-18 14:54:41.181,414.0432659514265,6
2024-09-18 14:54:41.268,414.04888318493727,10
2024-09-18 14:54:41.376,414.05760643211727,1004
2024-09-18 14:54:41.447,414.0709963775647,101
2024-09-18 14:54:41.486,414.0180031222307,98
2024-09-18 14:54:41.486,414.0475021588614,1001
2024-09-18 14:54:41.516,414.05155253759904,998
2024-09-18 14:54:41.518,414.1281716761312,104
2024-09-18 14:54:41.629,414.07570145110657,8
2024-09-18 14:54:41.717,414.065877697395,7
2024-09-18 14:54:41.766,414.0761210723296,95
2024-09-18 14:54:41.800,414.09397526428046,14
2024-09-18 14:54:41.867,414.06672815141405,97
2024-09-18 14:54:41.873,414.0378535352978,12
2024-09-18 14:54:41.901,414.1065603148005,998
2024-09-18 14:54:41.931,414.0660218066371,1002
2024-09-18 14:54:42.004,414.03053159245457,1004
2024-09-18 14:54:42.035,413.9954392211224,1000
2024-09-18 14:54:42.083,413.97162907323553,102
2024-09-18 14:54:42.086,414.00053564675903,10
2024-09-18 14:54:42.100,414.0293812972308,6
2024-09-18 14:54:42.107,413.9950178511087,5
2024-09-18 14:54:42.161,413.9968754041231,1002
2024-09-18 14:54:42.201,414.0300352455205,100
2024-09-18 14:54:42.207,413.9888226639349,96
2024-09-18 14:54:42.210,413.9914448435245,5
2024-09-18 14:54:42.231,413.9867681191098,99
2024-09-18 14:54:42.295,414.0377042094956,97
2024-09-18 14:54:42.320,414.0371968181323,10
2024-09-18 14:54:42.454,414.0240524042604,5
2024-09-18 14:54:42.484,414.0357625666213,10
2024-09-18 14:54:42.543,414.0262095995925,100
2024-09-18 14:54:42.570,413.9923784110008,8
2024-09-18 14:54:42.575,414.01520706704696,1005
2024-09-18 14:54:42.586,414.013393741205,996
2024-09-18 14:54:42.687,414.0088897767596,7
2024-09-18 14:54:42.691,414.0214254038535,7
2024-09-18 14:54:42.846,414.0183932269079,102
2024-09-18 14:54:43.099,413.9388105670935,9
2024-09-18 14:54:43.116,413.962743318886,999
2024-09-18 14:54:43.175,413.9132768997278,9
2024-09-18 14:54:43.312,413.9893482430989,1001
2024-09-18 14:54:43.316,413.9382151950013,101
2024-09-18 14:54:43.346,414.0050506368017,5
2024-09-18 14:54:43.441,413.9377826170437,14
2024-09-18 14:54:43.452,413.9347149633053,6
2024-09-18 14:54:43.520,413.9520411118872,9
2024-09-18 14:54:43.557,413.9505543682996,104
2024-09-18 14:54:43.611,413.95037775333,1004
2024-09-18 14:54:43.699,413.983016756068,1000
2024-09-18 14:54:43.816,413.9249825409238,97
2024-09-18 14:54:43.830,414.000029742731,98
2024-09-18 14:54:43.921,413.9618941541671,97
2024-09-18 14:54:44.039,413.9072233085452,1004
2024-09-18 14:54:44.210,413.927238259278,11
2024-09-18 14:54:44.224,413.8784818855229,105
2024-09-18 14:54:44.338,413.9401223081073,96
2024-09-18 14:54:44.495,413.9116147674815,998
2024-09-18 14:54:44.588,413.857208087586,15
2024-09-18 14:54:44.668,413.8957270723475,1002
2024-09-18 14:54:44.694,413.9017825389901,96
2024-09-18 14:54:45.012,413.8671216293645,14
2024-09-18 14:54:45.049,413.8744215266272,1004
2024-09-18 14:54:45.122,413.85415490940574,996
2024-09-18 14:54:45.182,413.8380180661482,95
2024-09-18 14:54:45.226,413.83479406883873,6
2024-09-18 14:54:45.241,413.8873081474056,12
2024-09-18 14:54:45.272,413.85332390317257,11
2024-09-18 14:54:45.332,413.8798553021365,997
2024-09-18 14:54:45.372,413.8578329063898,98
2024-09-18 14:54:45.391,,1003
2024-09-18 14:54:45.461,413.884573174525,13
2024-09-18 14:54:45.569,413.8746381373799,10
2024-09-18 14:54:45.647,413.8633084817864,1001
2024-09-18 14:54:45.769,413.8972754218137,97
2024-09-18 14:54:45.832,413.8938180120346,102
2024-09-18 14:54:45.877,413.8740649384841,1000
2024-09-18 14:54:45.919,413.8526850941661,9
2024-09-18 14:54:45.954,413.8735808274585,999
2024-09-18 14:54:46.042,413.889213868168,95
2024-09-18 14:54:46.144,413.85721499400006,998
2024-09-18 14:54:46.169,413.8530084857644,105
2024-09-18 14:54:46.172,413.9070612861144,98
2024-09-18 14:54:46.172,413.8750249931778,8
2024-09-18 14:54:46.221,413.9004679447187,8
2024-09-18 14:54:46.291,413.8798759942877,1003
2024-09-18 14:54:46.452,413.8763482922597,999
2024-09-18 14:54:46.486,413.91820443172674,97
2024-09-18 14:54:46.545,413.8389615188868,1000
2024-09-18 14:54:46.568,413.8657397452276,997
2024-09-18 14:54:46.574,413.84718047207946,96
2024-09-18 14:54:46.622,413.8918093023496,999
2024-09-18 14:54:46.718,413.8599893963301,1001
2024-09-18 14:54:46.984,,8
2024-09-18 14:54:47.039,413.8689764837221,99
2024-09-18 14:54:47.054,413.8568039746809,14
2024-09-18 14:54:47.084,413.8523827784907,97
2024-09-18 14:54:47.118,413.8620597995316,7
2024-09-18 14:54:47.135,413.9085443293976,95
2024-09-18 14:54:47.139,413.8618673138483,104
2024-09-18 14:54:47.181,413.8472540041412,1003
2024-09-18 14:54:47.238,,1004
2024-09-18 14:54:47.392,413.8850811569459,1001
2024-09-18 14:54:47.415,413.8456247224671,98
2024-09-18 14:54:47.498,413.8349247134042,1003
2024-09-18 14:54:47.625,413.84949417773146,95
2024-09-18 14:54:47.705,413.8488670786708,102
2024-09-18 14:54:47.713,413.8355067763047,99
2024-09-18 14:54:47.782,,1004
2024-09-18 14:54:47.837,413.8565408883998,14
2024-09-18 14:54:47.880,413.9002652456402,997
2024-09-18 14:54:47.923,413.859310078495,101
2024-09-18 14:54:47.926,413.848816852153,104
2024-09-18 14:54:47.927,413.8528226878718,12
2024-09-18 14:54:48.068,413.8484734580926,105
2024-09-18 14:54:48.076,413.8529397603828,10
2024-09-18 14:54:48.085,413.82363326368375,8
2024-09-18 14:54:48.110,413.8266930887165,1002
2024-09-18 14:54:48.130,413.84762101893415,105
2024-09-18 14:54:48.304,413.8672472369557,98
2024-09-18 14:54:48.317,413.8455196986633,1005
2024-09-18 14:54:48.322,413.8233319904747,1004
2024-09-18 14:54:48.357,413.8741465246063,997
2024-09-18 14:54:48.418,413.7971794775908,104
2024-09-18 14:54:48.470,413.8563062599744,11
2024-09-18 14:54:48.532,413.804513984689,105
2024-09-18 14:54:48.539,413.8594509971567,997
2024-09-18 14:54:48.558,413.8368713063848,8
2024-09-18 14:54:48.562,413.8524431130452,10
2024-09-18 14:54:48.591,413.8194532811408,13
2024-09-18 14:54:48.665,413.8311201867748,13
2024-09-18 14:54:48.698,413.7898027756484,1003
2024-09-18 14:54:48.720,413.8780155577149,99
2024-09-18 14:54:48.753,413.8437834409012,9
2024-09-18 14:54:48.792,413.8321336597466,1005
2024-09-18 14:54:48.808,413.8493207047981,105
2024-09-18 14:54:48.882,413.8459078232608,105
2024-09-18 14:54:48.995,413.84184180579786,1005
2024-09-18 14:54:49.051,413.8418956393408,102
2024-09-18 14:54:49.055,413.8248039007367,1002
2024-09-18 14:54:49.143,413.8633627529308,999
2024-09-18 14:54:49.157,413.8673550394071,101
2024-09-18 14:54:49.159,413.81792212442105,14
2024-09-18 14:54:49.161,413.8640369207927,101
2024-09-18 14:54:49.193,413.8859065302386,101
2024-09-18 14:54:49.227,413.8916869185488,1000
2024-09-18 14:54:49.250,413.8810946093983,12
2024-09-18 14:54:49.290,413.8596519437421,11
2024-09-18 14:54:49.292,413.8883183504979,6
2024-09-18 14:54:49.343,413.8573934035355,12
2024-09-18 14:54:49.458,413.7949900040871,995
2024-09-18 14:54:49.469,413.824679668002,13
2024-09-18 14:54:49.603,41.38921141586377,6
2024-09-18 14:54:49.632,413.8183617838351,15
2024-09-18 14:54:49.641,413.8882976113636,98
2024-09-18 14:54:49.644,413.859717294297,103
2024-09-18 14:54:49.646,413.8644705355094,998
2024-09-18 14:54:49.776,413.8633496283088,1001
2024-09-18 14:54:49.788,413.8860811762747,1000
2024-09-18 14:54:49.855,413.83279976749645,1004
2024-09-18 14:54:49.891,413.8751541887172,10
2024-09-18 14:54:49.976,413.867626040525,102
2024-09-18 14:54:50.075,41.39140536694194,104
2024-09-18 14:54:50.185,413.9379534963799,12
2024-09-18 14:54:50.238,413.9064667371749,1002
2024-09-18 14:54:50.246,413.897702270892,13
2024-09-18 14:54:50.374,413.9241850746392,15
2024-09-18 14:54:50.550,413.9351552758517,1004
2024-09-18 14:54:50.550,413.89760264201857,103
2024-09-18 14:54:50.636,413.92566171238497,995
2024-09-18 14:54:50.638,413.9129652525262,11
2024-09-18 14:54:50.657,413.8957116436212,15
2024-09-18 14:54:50.992,413.8865101656925,999
2024-09-18 14:54:51.056,413.8220726868734,995
2024-09-18 14:54:51.070,413.8327013316231,1005
2024-09-18 14:54:51.119,407.124078556092,1005
2024-09-18 14:54:51.126,413.83686521963335,10
2024-09-18 14:54:51.142,413.82477068469046,7
2024-09-18 14:54:51.203,413.8352771748996,99
2024-09-18 14:54:51.230,413.8402935618815,6
2024-09-18 14:54:51.253,413.8182431248407,13
2024-09-18 14:54:51.260,413.8407289360684,998
2024-09-18 14:54:51.261,,95
2024-09-18 14:54:51.293,413.87002686285706,1000
2024-09-18 14:54:51.470,413.8337959103813,1001
2024-09-18 14:54:51.589,413.8442036732832,105
2024-09-18 14:54:51.679,413.829064677146,102
2024-09-18 14:54:51.693,413.8776329591403,99
2024-09-18 14:54:51.734,413.8368023283643,1004
2024-09-18 14:54:51.762,413.8098428651321,101
2024-09-18 14:54:51.867,413.8277337886207,15
2024-09-18 14:54:51.872,413.8179226581552,1003
2024-09-18 14:54:52.074,413.8318089977335,104
2024-09-18 14:54:52.196,413.8236116968505,1002
2024-09-18 14:54:52.276,413.8135485965196,997
2024-09-18 14:54:52.860,413.8249851540757,996
2024-09-18 14:54:53.003,-413.8535839284141,6
2024-09-18 14:54:53.045,413.8130730428568,6
2024-09-18 14:54:53.082,413.83087866359415,1005
2024-09-18 14:54:53.105,413.8127400937513,99
2024-09-18 14:54:53.197,41.38339275146176,5
2024-09-18 14:54:53.209,413.8377713799544,995
2024-09-18 14:54:53.236,413.83148980939137,1001
2024-09-18 14:54:53.237,413.83479740652166,104
2024-09-18 14:54:53.269,413.8240696834217,97
2024-09-18 14:54:53.351,413.8177795641538,1001
2024-09-18 14:54:53.360,413.80151746618975,1000
2024-09-18 14:54:53.380,413.8130409273985,102
2024-09-18 14:54:53.384,413.8166785705092,99
2024-09-18 14:54:53.507,413.85687080539685,996
2024-09-18 14:54:53.588,41.38171524663678,10
2024-09-18 14:54:53.665,-413.84608476258586,1002
2024-09-18 14:54:53.666,413.8486483617559,98
2024-09-18 14:54:53.678,413.8168116793314,5
2024-09-18 14:54:53.723,413.8428127432238,104
2024-09-18 14:54:53.796,413.83464999948814,105
2024-09-18 14:54:53.836,413.8248376572992,6
2024-09-18 14:54:53.856,413.8292985258968,100
2024-09-18 14:54:53.873,413.8627444410456,12
2024-09-18 14:54:53.889,413.82469664899423,97
2024-09-18 14:54:53.898,413.8337868457767,11
2024-09-18 14:54:53.970,-413.83994893532,1000
2024-09-18 14:54:54.520,413.82032008199207,102
2024-09-18 14:54:55.398,413.8068486756392,103
2024-09-18 14:54:55.715,413.7968124082766,6
2024-09-18 14:54:55.852,413.7902783668552,1003
2024-09-18 14:54:56.213,413.7798699054768,6
2024-09-18 14:54:56.283,413.80438211028087,14
2024-09-18 14:54:56.601,413.81374459531366,105
2024-09-18 14:54:56.648,413.8017413096196,1003
2024-09-18 14:54:56.683,413.79558372866666,995
2024-09-18 14:54:56.696,413.81644604676967,95
2024-09-18 14:54:56.823,413.8252123350549,995
2024-09-18 14:54:56.885,413.79333711019495,10
2024-09-18 14:54:56.894,413.8006613869821,998
2024-09-18 14:54:56.961,413.8038510428392,101
2024-09-18 14:54:56.984,413.7928770073366,8
2024-09-18 14:54:57.005,413.7961018922986,998
2024-09-18 14:54:57.096,413.78517200857294,998
2024-09-18 14:54:57.212,413.74235101075175,99
2024-09-18 14:54:57.304,413.78240505917626,999
2024-09-18 14:54:57.315,413.79352077085525,7
2024-09-18 14:54:57.377,413.736984140585,9
2024-09-18 14:54:57.513,413.7721125245351,9
2024-09-18 14:54:57.525,407.19643217123104,1004
2024-09-18 14:54:57.566,413.7037542854047,1000
2024-09-18 14:54:57.666,413.7519999888266,95
2024-09-18 14:54:57.669,413.7749373635547,8
2024-09-18 14:54:57.698,413.74697818980906,999
2024-09-18 14:54:57.778,413.7501948859672,14
2024-09-18 14:54:57.817,413.7787980248757,1004
2024-09-18 14:54:57.866,413.7674641590115,1004
2024-09-18 14:54:57.949,413.7333786291545,99
2024-09-18 14:54:57.992,413.7871884892913,14
2024-09-18 14:54:57.999,413.79397394398455,996
2024-09-18 14:54:58.275,413.72899899868185,102
2024-09-18 14:54:58.302,413.70302105626,995
2024-09-18 14:54:59.009,413.7453045816901,14
2024-09-18 14:54:59.019,413.771435310952,96
2024-09-18 14:54:59.028,413.7687799784547,1002
2024-09-18 14:54:59.042,413.7332781421616,1000
2024-09-18 14:54:59.055,413.7422348849393,96
2024-09-18 14:54:59.086,413.7335244035612,102
2024-09-18 14:54:59.093,413.7336627969988,999
2024-09-18 14:54:59.133,413.71811739185216,1002
2024-09-18 14:54:59.137,413.7087149812828,96
2024-09-18 14:54:59.159,413.7225787345548,997
2024-09-18 14:54:59.226,413.7752244958032,96
2024-09-18 14:54:59.245,413.7536665076145,102
2024-09-18 14:54:59.302,413.7532314836324,999
2024-09-18 14:54:59.412,413.7235176392935,95
2024-09-18 14:54:59.466,413.7948827824615,995
2024-09-18 14:54:59.496,413.7264853372939,6
2024-09-18 14:54:59.536,413.7142629226488,99
2024-09-18 14:54:59.625,413.74470568112525,1001
2024-09-18 14:54:59.672,413.7307774446414,1004
2024-09-18 14:54:59.677,413.80644015697374,15
2024-09-18 14:54:59.724,413.7540356631052,998
2024-09-18 14:54:59.752,413.74728965623,105
2024-09-18 14:54:59.872,413.7220240822649,11
2024-09-18 14:54:59.924,413.8186092725819,98
2024-09-18 14:54:59.925,413.7264454695385,96
2024-09-18 14:54:59.927,413.72627538054087,1000
2024-09-18 14:54:59.957,413.7227394441448,1002
2024-09-18 14:54:59.982,413.7923521580407,1003
2024-09-18 14:54:59.999,413.7895022338527,999
