Timestamp,Price,Size
2024-09-18 12:20:00.202,416.8069005982865,10
2024-09-18 12:20:00.237,416.82710918845385,15
2024-09-18 12:20:00.451,416.8289647932927,995
2024-09-18 12:20:00.490,416.8105999381903,7
2024-09-18 12:20:00.512,416.8163750727937,11
2024-09-18 12:20:00.610,416.8177036294729,97
2024-09-18 12:20:00.834,416.8276159525021,1001
2024-09-18 12:20:00.900,,103
2024-09-18 12:20:00.928,416.79820963140656,6
2024-09-18 12:20:01.052,416.8159029056153,9
2024-09-18 12:20:01.218,416.8266338041355,14
2024-09-18 12:20:01.267,416.8531665305921,10
2024-09-18 12:20:01.398,,8
2024-09-18 12:20:01.404,416.8678858793372,6
2024-09-18 12:20:01.405,416.8186148043317,999
2024-09-18 12:20:01.439,416.8185071856973,8
2024-09-18 12:20:01.440,-416.8293207179747,6
2024-09-18 12:20:01.465,416.82758038053686,5
2024-09-18 12:20:01.542,416.8463858909639,1002
2024-09-18 12:20:01.570,416.8114966603444,105
2024-09-18 12:20:01.583,416.883630777808,995
2024-09-18 12:20:01.843,416.8613854872106,999
2024-09-18 12:20:01.904,416.8509231499034,100
2024-09-18 12:20:01.935,416.8487646086097,999
2024-09-18 12:20:01.940,416.8383682233987,1002
2024-09-18 12:20:01.956,416.8228129197568,11
2024-09-18 12:20:02.023,416.8286879668973,105
2024-09-18 12:20:02.062,416.87108346709095,1003
2024-09-18 12:20:02.090,-416.84437624421497,1001
2024-09-18 12:20:02.182,416.8558764293327,1004
2024-09-18 12:20:02.604,416.8288351462877,98
2024-09-18 12:20:02.654,416.8511021187351,95
2024-09-18 12:20:02.760,416.8621571432816,11
2024-09-18 12:20:02.816,416.8643198603581,13
2024-09-18 12:20:02.856,41.68459838231422,102
2024-09-18 12:20:02.901,416.8718875613077,996
2024-09-18 12:20:02.923,416.8456897247209,7
2024-09-18 12:20:02.982,416.8255407326144,11
2024-09-18 12:20:02.993,416.87293440469153,1005
2024-09-18 12:20:03.080,416.8469657197871,1000
2024-09-18 12:20:03.115,416.8620943577303,1004
2024-09-18 12:20:03.126,416.8471104751986,105
2024-09-18 12:20:03.129,416.8776195247711,96
2024-09-18 12:20:03.133,416.8543601437108,103
2024-09-18 12:20:03.140,416.853963929443,996
2024-09-18 12:20:03.279,416.8711125435358,5
2024-09-18 12:20:03.310,416.846657053634,997
2024-09-18 12:20:03.332,416.8659248475617,12
2024-09-18 12:20:03.334,416.860759570871,103
2024-09-18 12:20:03.566,416.8608120079661,13
2024-09-18 12:20:03.588,416.8442347243143,7
2024-09-18 12:20:03.644,416.86965137646143,13
2024-09-18 12:20:03.674,416.8439097792032,7
2024-09-18 12:20:03.682,416.853180791543,1005
2024-09-18 12:20:03.927,41.68504364401656,103
2024-09-18 12:20:03.961,416.8678019062715,13
2024-09-18 12:20:04.054,416.7727942804358,1004
2024-09-18 12:20:04.075,416.8600384385172,103
2024-09-18 12:20:04.093,416.8354331269902,14
2024-09-18 12:20:04.108,416.7961486321343,13
2024-09-18 12:20:04.139,41.68324238467903,99
2024-09-18 12:20:04.139,416.80341259831,996
2024-09-18 12:20:04.202,416.7974464879264,999
2024-09-18 12:20:04.243,416.7676905837424,9
2024-09-18 12:20:04.252,416.7970544592343,11
2024-09-18 12:20:04.286,416.81596697128464,104
2024-09-18 12:20:04.360,416.8395676478551,10
2024-09-18 12:20:04.364,416.8640799626402,5
2024-09-18 12:20:04.417,416.82566556044736,96
2024-09-18 12:20:04.442,,996
2024-09-18 12:20:04.521,416.8250527936385,5
2024-09-18 12:20:04.562,416.81965225106734,1004
2024-09-18 12:20:04.589,416.80007994590346,999
2024-09-18 12:20:04.623,416.8548026003372,5
2024-09-18 12:20:04.709,416.8085004543192,95
2024-09-18 12:20:04.760,416.8419893836484,997
2024-09-18 12:20:04.971,416.8474116398259,15
2024-09-18 12:20:05.035,416.87354772513504,1004
2024-09-18 12:20:05.041,416.8627126736008,104
2024-09-18 12:20:05.064,416.86279190437136,998
2024-09-18 12:20:05.075,416.8486668518791,15
2024-09-18 12:20:05.139,416.8818753585303,6
2024-09-18 12:20:05.208,41.684660085084026,95
2024-09-18 12:20:05.222,416.8640188727114,98
2024-09-18 12:20:05.264,416.82548651684266,995
2024-09-18 12:20:05.340,416.8444870337465,998
2024-09-18 12:20:05.351,416.844349754857,14
2024-09-18 12:20:05.356,416.8262291245108,1000
2024-09-18 12:20:05.416,416.85092842144167,12
2024-09-18 12:20:05.420,416.8623621687569,6
2024-09-18 12:20:05.451,416.8664630938003,997
2024-09-18 12:20:05.465,416.85068489223727,101
2024-09-18 12:20:05.489,416.8476681911265,101
2024-09-18 12:20:05.502,416.8306629345581,998
2024-09-18 12:20:05.604,416.87207207032907,105
2024-09-18 12:20:05.620,416.82734235006455,997
2024-09-18 12:20:05.658,416.8464712441604,1001
2024-09-18 12:20:05.670,416.8503983847214,105
2024-09-18 12:20:05.812,416.8332198808587,101
2024-09-18 12:20:05.884,416.8499161777668,99
2024-09-18 12:20:05.922,416.8502803612665,1000
2024-09-18 12:20:05.958,416.8196394641111,8
2024-09-18 12:20:06.558,416.8489316001777,102
2024-09-18 12:20:06.613,416.84672653323736,14
2024-09-18 12:20:07.001,416.8393702336524,995
2024-09-18 12:20:07.027,416.8427289797389,97
2024-09-18 12:20:07.056,416.8653449440472,1005
2024-09-18 12:20:07.104,416.835269156981,99
2024-09-18 12:20:07.182,416.84433794754295,998
2024-09-18 12:20:07.229,416.83266413154286,95
2024-09-18 12:20:07.231,416.87779621243374,1000
2024-09-18 12:20:07.263,416.86136518218586,997
2024-09-18 12:20:07.270,416.83717620132927,5
2024-09-18 12:20:07.293,416.8507271061893,10
2024-09-18 12:20:07.295,416.8305409310248,95
2024-09-18 12:20:07.322,416.8531247159649,100
2024-09-18 12:20:07.400,416.8303333959969,98
2024-09-18 12:20:07.416,416.8657951866521,8
2024-09-18 12:20:07.452,416.8370424730493,1002
2024-09-18 12:20:07.456,416.8319002285009,997
2024-09-18 12:20:07.577,416.8547782041134,97
2024-09-18 12:20:07.581,416.85339656261135,15
2024-09-18 12:20:07.595,416.851696151266,7
2024-09-18 12:20:07.608,416.84514476260034,1005
2024-09-18 12:20:07.622,416.8413662570502,10
2024-09-18 12:20:07.678,416.88569600990456,10
2024-09-18 12:20:07.734,416.85143075332985,1002
2024-09-18 12:20:07.751,416.8716687691269,13
2024-09-18 12:20:07.767,416.8502715562841,996
2024-09-18 12:20:07.803,416.8238338489084,97
2024-09-18 12:20:07.867,416.85804188005096,100
2024-09-18 12:20:07.986,416.8804360216083,11
2024-09-18 12:20:08.041,416.8410606940974,99
2024-09-18 12:20:08.059,416.83580890707975,9
2024-09-18 12:20:08.209,416.8273688465407,9
2024-09-18 12:20:08.298,416.859540088574,102
2024-09-18 12:20:08.341,416.8502735537036,11
2024-09-18 12:20:08.450,416.8716502195319,9
2024-09-18 12:20:08.477,416.8558216317269,12
2024-09-18 12:20:08.539,416.8117893614249,998
2024-09-18 12:20:08.555,416.84929741190285,98
2024-09-18 12:20:08.623,,105
2024-09-18 12:20:08.651,416.8555916842273,101
2024-09-18 12:20:08.659,416.8597148832118,1000
2024-09-18 12:20:08.719,416.8297974395361,6
2024-09-18 12:20:08.806,416.832829654604,999
2024-09-18 12:20:08.813,416.8568617104548,104
2024-09-18 12:20:08.824,416.8810472216331,12
2024-09-18 12:20:08.834,416.8120916894897,97
2024-09-18 12:20:08.987,416.8382313394169,10
2024-09-18 12:20:09.162,416.8099545235729,997
2024-09-18 12:20:09.247,416.7634758689923,9
2024-09-18 12:20:09.317,416.81186275787087,997
2024-09-18 12:20:09.360,416.77616624639137,98
2024-09-18 12:20:09.428,416.8391779835055,10
2024-09-18 12:20:09.560,416.77256013235154,103
2024-09-18 12:20:09.753,416.7546606853953,1004
2024-09-18 12:20:09.782,416.8045115812743,995
2024-09-18 12:20:09.787,416.7963128454128,1000
2024-09-18 12:20:09.845,416.77901007859504,8
2024-09-18 12:20:09.868,416.7793886399896,103
2024-09-18 12:20:09.998,416.7577310537929,1005
2024-09-18 12:20:10.180,416.7561568880952,95
2024-09-18 12:20:10.299,416.8138251163051,98
2024-09-18 12:20:10.382,416.7834849419879,100
2024-09-18 12:20:10.464,41.67483447489968,999
2024-09-18 12:20:10.519,416.7997186154095,13
2024-09-18 12:20:10.578,416.7652840933405,13
2024-09-18 12:20:10.788,416.7967145672909,96
2024-09-18 12:20:10.805,416.790341042806,14
2024-09-18 12:20:10.866,416.8008780386421,999
2024-09-18 12:20:10.882,416.7848629747347,105
2024-09-18 12:20:11.260,416.8685602435662,96
2024-09-18 12:20:11.280,416.8807402729471,104
2024-09-18 12:20:11.494,416.8220057362427,104
2024-09-18 12:20:11.716,416.88237246354765,96
2024-09-18 12:20:11.763,416.8214554148853,100
2024-09-18 12:20:11.799,416.8647792298727,995
2024-09-18 12:20:11.811,416.85289348332367,1003
2024-09-18 12:20:11.873,416.8938646400501,1004
2024-09-18 12:20:11.943,416.87722339764144,999
2024-09-18 12:20:12.029,416.8784752244456,1001
2024-09-18 12:20:12.170,416.8639008043601,99
2024-09-18 12:20:12.184,416.8494765604935,996
2024-09-18 12:20:12.196,416.8766032461019,6
2024-09-18 12:20:12.212,416.8491394681544,102
2024-09-18 12:20:12.251,416.880834361522,1002
2024-09-18 12:20:12.394,416.89799592626576,102
2024-09-18 12:20:12.406,416.85726654509386,15
2024-09-18 12:20:12.446,416.85123847110975,12
2024-09-18 12:20:12.465,416.9355348891841,997
2024-09-18 12:20:12.475,416.8552388968837,8
2024-09-18 12:20:12.491,416.86172758602834,102
2024-09-18 12:20:12.542,416.87020836932606,96
2024-09-18 12:20:12.574,-416.8600142728621,10
2024-09-18 12:20:12.575,416.9436043496082,996
2024-09-18 12:20:12.760,416.88773431411335,102
2024-09-18 12:20:12.761,416.87917793766246,1003
2024-09-18 12:20:12.778,416.875272286947,8
2024-09-18 12:20:12.810,416.9238079969242,999
2024-09-18 12:20:12.866,416.9047569282336,996
2024-09-18 12:20:12.904,416.8764607535789,1004
2024-09-18 12:20:12.926,416.89255920801406,1000
2024-09-18 12:20:12.958,416.925705661409,999
2024-09-18 12:20:13.027,416.9522239472304,1003
2024-09-18 12:20:13.163,417.0238378029574,99
2024-09-18 12:20:13.283,416.9455740662867,103
2024-09-18 12:20:13.464,417.03335548052513,1003
2024-09-18 12:20:13.500,416.97805753692353,5
2024-09-18 12:20:13.589,416.9973126296239,995
2024-09-18 12:20:13.649,416.94736744403787,99
2024-09-18 12:20:13.670,417.0151135749461,5
2024-09-18 12:20:13.722,416.94716141259175,97
2024-09-18 12:20:13.725,416.9373159539637,9
2024-09-18 12:20:13.818,416.9578773314527,10
2024-09-18 12:20:13.820,416.9398763105952,1005
2024-09-18 12:20:13.962,416.9433513296247,5
2024-09-18 12:20:15.036,416.93260956652193,10
2024-09-18 12:20:15.040,416.92599258370194,101
2024-09-18 12:20:15.067,416.9737229185935,997
2024-09-18 12:20:15.081,,99
2024-09-18 12:20:15.090,417.0214759732123,99
2024-09-18 12:20:15.105,416.9441874096987,104
2024-09-18 12:20:15.217,417.0049892795046,998
2024-09-18 12:20:15.273,417.0013352022707,13
2024-09-18 12:20:15.312,416.9129111750847,99
2024-09-18 12:20:15.344,416.9188968680431,6
2024-09-18 12:20:15.408,416.9708195456292,9
2024-09-18 12:20:15.437,416.9458293069465,1004
2024-09-18 12:20:15.478,416.9724821084406,5
2024-09-18 12:20:15.494,416.9648579144405,995
2024-09-18 12:20:15.528,416.9815573518321,1005
2024-09-18 12:20:15.554,416.9875319771192,98
2024-09-18 12:20:15.643,417.0069848626658,996
2024-09-18 12:20:15.654,417.0077625862579,1003
2024-09-18 12:20:15.672,417.01376906379113,10
2024-09-18 12:20:15.699,416.9175823744815,1002
2024-09-18 12:20:15.777,416.9911301002489,10
2024-09-18 12:20:15.804,416.9252349346261,96
2024-09-18 12:20:15.815,417.0222089866352,7
2024-09-18 12:20:15.868,416.9468884027945,98
2024-09-18 12:20:15.886,416.91456370406223,999
2024-09-18 12:20:15.925,416.9594679647954,1001
2024-09-18 12:20:15.931,416.9863154162324,1003
2024-09-18 12:20:15.942,417.0127163857912,103
2024-09-18 12:20:15.990,416.9298516218207,5
2024-09-18 12:20:16.018,416.9424661965116,98
2024-09-18 12:20:16.027,416.9281349743407,13
2024-09-18 12:20:16.057,416.8852797632403,10
2024-09-18 12:20:16.292,416.897423439338,12
2024-09-18 12:20:16.482,416.9231309838394,12
2024-09-18 12:20:16.500,416.89693971760255,997
2024-09-18 12:20:16.552,416.9473750230623,15
2024-09-18 12:20:16.610,416.9198312251296,1005
2024-09-18 12:20:16.661,416.8999902346533,102
2024-09-18 12:20:16.677,416.89131587919246,8
2024-09-18 12:20:16.700,416.8978267815717,14
2024-09-18 12:20:16.739,416.91085746768863,97
2024-09-18 12:20:16.909,416.9009875621352,96
2024-09-18 12:20:16.911,416.89241308302746,9
2024-09-18 12:20:16.973,416.9132483639528,1003
2024-09-18 12:20:17.002,416.987884826094,12
2024-09-18 12:20:17.004,416.9814290786671,9
2024-09-18 12:20:17.024,416.98630164773886,1003
2024-09-18 12:20:17.092,416.9501524549256,103
2024-09-18 12:20:17.233,41.69861414526068,95
2024-09-18 12:20:17.331,416.9963700437254,1000
2024-09-18 12:20:17.371,416.9988321608528,5
2024-09-18 12:20:17.520,416.9931957973823,5
2024-09-18 12:20:17.522,416.9449330633443,1003
2024-09-18 12:20:17.525,417.00735721540696,1001
2024-09-18 12:20:17.587,41.69598385420122,1005
2024-09-18 12:20:17.616,416.98864278055765,1003
2024-09-18 12:20:17.655,416.9076561626752,97
2024-09-18 12:20:17.657,416.96515006084246,12
2024-09-18 12:20:17.676,417.00357989050485,95
2024-09-18 12:20:17.794,416.9370595531484,98
2024-09-18 12:20:17.811,416.9955797328569,997
2024-09-18 12:20:17.862,416.9885910864175,105
2024-09-18 12:20:17.868,416.9419655250906,103
2024-09-18 12:20:17.876,416.9860073451788,13
2024-09-18 12:20:17.911,416.9814050072977,96
2024-09-18 12:20:17.951,416.9768266907599,105
2024-09-18 12:20:17.966,416.9166835302712,5
2024-09-18 12:20:17.978,416.9095635278608,11
2024-09-18 12:20:18.027,416.97751802648304,1005
2024-09-18 12:20:18.047,,1003
2024-09-18 12:20:18.112,416.9364086986373,100
2024-09-18 12:20:18.113,416.9160169544259,1002
2024-09-18 12:20:18.192,416.96056349069886,100
2024-09-18 12:20:18.197,416.9810079988324,1002
2024-09-18 12:20:18.267,416.9343268070496,9
2024-09-18 12:20:18.282,416.94911575724944,995
2024-09-18 12:20:18.350,416.9140200621399,996
2024-09-18 12:20:18.442,416.9277902392056,997
2024-09-18 12:20:18.458,416.9702032418076,1004
2024-09-18 12:20:18.487,416.9284199016974,999
2024-09-18 12:20:18.518,416.9404162008263,97
2024-09-18 12:20:18.568,,97
2024-09-18 12:20:18.572,416.9271116815463,1000
2024-09-18 12:20:18.592,416.9463493897401,999
2024-09-18 12:20:18.637,416.9258567018584,95
2024-09-18 12:20:18.664,416.9696884596683,96
2024-09-18 12:20:18.676,416.9690459296121,100
2024-09-18 12:20:18.731,416.9966499744783,9
2024-09-18 12:20:18.776,416.9197455738666,995
2024-09-18 12:20:18.782,416.9315036628218,98
2024-09-18 12:20:18.799,416.9605248068343,103
2024-09-18 12:20:18.840,416.9705785096193,1001
2024-09-18 12:20:18.846,416.9301857364662,99
2024-09-18 12:20:18.903,416.9418015620653,998
2024-09-18 12:20:18.931,416.90773795947706,104
2024-09-18 12:20:18.956,416.9599837231498,1000
2024-09-18 12:20:19.094,416.8842115536475,998
2024-09-18 12:20:19.116,416.9275540661914,1000
2024-09-18 12:20:19.258,416.8850994012908,15
2024-09-18 12:20:19.669,416.92940183611904,1005
2024-09-18 12:20:19.920,416.8951257955352,11
2024-09-18 12:20:20.076,416.8509268169951,100
2024-09-18 12:20:20.262,416.8738161016684,102
2024-09-18 12:20:20.268,416.8946752103631,7
2024-09-18 12:20:20.296,416.8796598465065,14
2024-09-18 12:20:20.350,416.8834065369583,9
2024-09-18 12:20:20.372,416.88947191362,104
2024-09-18 12:20:20.401,416.8650734229612,101
2024-09-18 12:20:20.539,416.8475443465628,104
2024-09-18 12:20:20.547,416.8830413996641,9
2024-09-18 12:20:20.597,416.8806467325702,104
2024-09-18 12:20:20.600,416.8596257434164,95
2024-09-18 12:20:20.702,416.8610212178276,95
2024-09-18 12:20:20.759,-416.8876222771182,95
2024-09-18 12:20:20.844,416.88721698518657,1001
2024-09-18 12:20:20.844,416.8898501732768,1001
2024-09-18 12:20:20.870,416.8756995743496,96
2024-09-18 12:20:20.906,416.8920514336102,101
2024-09-18 12:20:21.103,416.80234602495335,101
2024-09-18 12:20:21.202,416.8288689282169,99
2024-09-18 12:20:21.370,416.79435983623097,13
2024-09-18 12:20:21.392,416.8366913621104,5
2024-09-18 12:20:21.552,416.83371632185424,1003
2024-09-18 12:20:21.620,416.8235367981576,104
2024-09-18 12:20:21.629,416.8578815785953,96
2024-09-18 12:20:21.633,416.8231460909741,998
2024-09-18 12:20:21.655,416.8173315829178,97
2024-09-18 12:20:21.672,416.8324282011887,1005
2024-09-18 12:20:21.724,416.843952528691,1004
2024-09-18 12:20:21.759,416.82825981038377,1002
2024-09-18 12:20:21.845,416.82559600351874,103
2024-09-18 12:20:21.894,416.8145604302263,95
2024-09-18 12:20:21.998,416.8267868348245,15
2024-09-18 12:20:22.127,416.85264306011067,1002
2024-09-18 12:20:22.210,416.7992129245212,8
2024-09-18 12:20:22.383,416.8079664274503,7
2024-09-18 12:20:22.428,416.8219237594112,5
2024-09-18 12:20:22.430,416.8572761631348,10
2024-09-18 12:20:22.449,416.80971445996,10
2024-09-18 12:20:22.486,416.8560409858907,1004
2024-09-18 12:20:22.541,416.862484964864,1000
2024-09-18 12:20:22.571,416.82277508734944,13
2024-09-18 12:20:22.633,416.8108447181558,1000
2024-09-18 12:20:22.685,416.8074693557711,14
2024-09-18 12:20:22.715,416.7921091857558,99
2024-09-18 12:20:22.715,416.8589916021159,15
2024-09-18 12:20:22.802,416.8535439455083,998
2024-09-18 12:20:22.867,416.786337732436,11
2024-09-18 12:20:22.892,416.8076438165754,98
2024-09-18 12:20:22.915,416.8365701425656,1003
2024-09-18 12:20:22.988,416.8296675113346,102
2024-09-18 12:20:23.017,416.82784665886896,1001
2024-09-18 12:20:23.069,416.84286266778975,105
2024-09-18 12:20:23.104,416.7974036012674,1004
2024-09-18 12:20:23.242,416.8177990645366,12
2024-09-18 12:20:23.298,416.852706324528,1001
2024-09-18 12:20:23.416,416.8409167283463,996
2024-09-18 12:20:23.521,416.85243700579633,996
2024-09-18 12:20:23.593,416.8537934937161,95
2024-09-18 12:20:23.609,416.8611322943962,104
2024-09-18 12:20:23.628,416.813105967516,98
2024-09-18 12:20:23.874,416.8200892968472,5
2024-09-18 12:20:23.890,416.8746033345216,1001
2024-09-18 12:20:23.906,416.7966211618033,12
2024-09-18 12:20:23.923,416.8046960540914,12
2024-09-18 12:20:23.996,416.8670051296874,9
2024-09-18 12:20:24.346,416.8413572979194,995
2024-09-18 12:20:24.350,416.8596991906647,996
2024-09-18 12:20:24.659,416.8639928668022,995
2024-09-18 12:20:24.912,416.82255548155047,999
2024-09-18 12:20:25.022,416.8613933541453,99
2024-09-18 12:20:25.044,-416.8788341377517,1003
2024-09-18 12:20:25.058,416.8660360449016,1002
2024-09-18 12:20:25.073,416.8755674148444,6
2024-09-18 12:20:25.105,416.8851294367862,996
2024-09-18 12:20:25.157,416.9381915048055,14
2024-09-18 12:20:25.181,416.97029106109176,8
2024-09-18 12:20:25.248,416.98502726141055,5
2024-09-18 12:20:25.256,416.873504425299,104
2024-09-18 12:20:25.270,416.9001241467122,102
2024-09-18 12:20:25.320,416.8640362948574,12
2024-09-18 12:20:25.382,416.8688323817237,1001
2024-09-18 12:20:25.409,416.9084320500789,104
2024-09-18 12:20:25.412,416.8279228307274,102
2024-09-18 12:20:25.465,416.8738226234684,11
2024-09-18 12:20:25.466,416.8657483409434,999
2024-09-18 12:20:25.473,416.9922598378571,102
2024-09-18 12:20:25.527,416.91073834834594,998
2024-09-18 12:20:25.590,416.89293244550777,12
2024-09-18 12:20:25.594,416.8482023393593,1005
2024-09-18 12:20:25.597,416.8842408977406,1005
2024-09-18 12:20:25.621,416.8622103425354,1004
2024-09-18 12:20:25.748,416.9849777509461,98
2024-09-18 12:20:25.826,416.9426797465917,100
2024-09-18 12:20:25.838,-416.876851189858,13
2024-09-18 12:20:25.911,416.9122515485184,1005
2024-09-18 12:20:26.076,416.9945007801634,14
2024-09-18 12:20:26.082,417.0090216325987,7
2024-09-18 12:20:26.150,417.0024263930859,9
2024-09-18 12:20:26.305,416.9824347562787,101
2024-09-18 12:20:26.556,417.0037616366266,14
2024-09-18 12:20:26.631,417.00246761046327,102
2024-09-18 12:20:26.659,417.0066964544925,7
2024-09-18 12:20:26.763,417.00037397308176,1004
2024-09-18 12:20:26.782,416.9990025490018,7
2024-09-18 12:20:26.868,417.0125402728533,102
2024-09-18 12:20:26.905,417.0136601493476,15
2024-09-18 12:20:27.257,417.0009978894523,100
2024-09-18 12:20:27.294,416.9872014059204,6
2024-09-18 12:20:27.330,416.9834712217806,97
2024-09-18 12:20:27.437,417.0086749196532,10
2024-09-18 12:20:27.924,416.9765855480921,1005
2024-09-18 12:20:28.013,416.9475540668848,1005
2024-09-18 12:20:28.044,417.0001410256616,6
2024-09-18 12:20:28.089,417.0029479712262,997
2024-09-18 12:20:28.130,416.96758049515927,103
2024-09-18 12:20:28.155,416.964389825899,103
2024-09-18 12:20:28.162,416.9806557324342,105
2024-09-18 12:20:28.194,416.98301421831945,96
2024-09-18 12:20:28.266,416.9737596714878,998
2024-09-18 12:20:28.294,416.9683494699712,12
2024-09-18 12:20:28.321,416.9857969084329,12
2024-09-18 12:20:28.347,416.9924667826397,99
2024-09-18 12:20:28.368,416.9790724037636,5
2024-09-18 12:20:28.502,416.9301399339276,15
2024-09-18 12:20:28.552,416.9653105416613,9
2024-09-18 12:20:28.656,416.9608585922383,99
2024-09-18 12:20:28.709,416.93152349487,95
2024-09-18 12:20:28.726,416.9400378667952,100
2024-09-18 12:20:28.776,416.9777038571808,1001
2024-09-18 12:20:28.794,416.9753246964373,97
2024-09-18 12:20:28.846,417.0144173739885,8
2024-09-18 12:20:28.851,416.9763941387107,1002
2024-09-18 12:20:28.856,416.953922528425,95
2024-09-18 12:20:28.887,416.9761876757953,15
2024-09-18 12:20:28.926,416.9754094946844,13
2024-09-18 12:20:29.283,416.94197458241456,1002
2024-09-18 12:20:30.044,416.83303969358406,998
2024-09-18 12:20:30.110,416.8510654300582,97
2024-09-18 12:20:30.217,416.8912456825042,96
2024-09-18 12:20:30.294,416.854133316342,10
2024-09-18 12:20:30.322,416.935319214961,1004
2024-09-18 12:20:30.391,416.8592716408265,995
2024-09-18 12:20:30.426,416.849165679965,997
2024-09-18 12:20:30.427,416.90900777537297,999
2024-09-18 12:20:30.497,416.8270969880265,7
2024-09-18 12:20:30.566,416.8865905372186,15
2024-09-18 12:20:30.690,416.9336375947203,1005
2024-09-18 12:20:30.700,416.9197359433752,103
2024-09-18 12:20:30.739,416.8685017608561,15
2024-09-18 12:20:30.894,416.8977807223775,5
2024-09-18 12:20:30.999,416.8355236338947,13
2024-09-18 12:20:31.113,416.753914228777,15
2024-09-18 12:20:31.145,416.85824778452667,13
2024-09-18 12:20:31.198,416.7502864859072,101
2024-09-18 12:20:31.237,416.842397581234,102
2024-09-18 12:20:31.282,416.8693169696248,7
2024-09-18 12:20:31.298,416.774948837201,14
2024-09-18 12:20:31.362,416.8065953833477,12
2024-09-18 12:20:31.376,416.8259063527251,100
2024-09-18 12:20:31.450,416.7765027253456,101
2024-09-18 12:20:31.467,416.7754984122714,1000
2024-09-18 12:20:31.528,416.7557622302905,96
2024-09-18 12:20:31.657,416.8640318546289,6
2024-09-18 12:20:31.667,-416.84177149976335,105
2024-09-18 12:20:31.682,416.8373660829572,10
2024-09-18 12:20:31.690,416.8388657228372,104
2024-09-18 12:20:31.729,416.8301091013553,996
2024-09-18 12:20:31.824,416.8362457463412,1005
2024-09-18 12:20:31.849,416.82840804540433,13
2024-09-18 12:20:31.853,416.7683444378947,95
2024-09-18 12:20:31.902,416.7778900460631,995
2024-09-18 12:20:32.008,416.7557486628581,999
2024-09-18 12:20:32.061,416.7497070208851,999
2024-09-18 12:20:32.079,416.79364901415255,97
2024-09-18 12:20:32.130,416.8272867576149,103
2024-09-18 12:20:32.228,416.8208622370206,95
2024-09-18 12:20:32.233,416.8196487884717,98
2024-09-18 12:20:32.498,416.7731115437198,97
2024-09-18 12:20:32.499,416.7919354378028,998
2024-09-18 12:20:32.537,416.79221856790303,102
2024-09-18 12:20:32.545,416.7706105081006,6
2024-09-18 12:20:32.551,416.81857102078345,104
2024-09-18 12:20:32.575,416.7850207960307,997
2024-09-18 12:20:32.618,416.817729825182,12
2024-09-18 12:20:32.641,416.7893160135526,1001
2024-09-18 12:20:32.649,416.79767960293685,1000
2024-09-18 12:20:32.657,416.79992766158017,8
2024-09-18 12:20:32.661,416.8104488275102,7
2024-09-18 12:20:32.759,416.7672537283299,1003
2024-09-18 12:20:32.759,416.75117097960543,998
2024-09-18 12:20:32.868,416.8205260226662,1001
2024-09-18 12:20:32.875,416.78816570098144,8
2024-09-18 12:20:32.905,416.8237449076559,13
2024-09-18 12:20:33.031,416.8121898497121,99
2024-09-18 12:20:33.085,416.8367124560786,105
2024-09-18 12:20:33.226,416.8195639182125,103
2024-09-18 12:20:33.318,416.8117509519379,97
2024-09-18 12:20:33.323,416.84115685619474,96
2024-09-18 12:20:33.443,416.8285703605465,99
2024-09-18 12:20:33.454,416.8145260614348,97
2024-09-18 12:20:33.591,416.8421846806641,15
2024-09-18 12:20:33.724,416.8374425711348,6
2024-09-18 12:20:33.956,416.8214371930951,101
2024-09-18 12:20:34.013,416.8353376892221,11
2024-09-18 12:20:34.026,416.8581624920551,15
2024-09-18 12:20:34.167,,103
2024-09-18 12:20:34.311,416.846345526017,6
2024-09-18 12:20:34.374,416.847034861772,1003
2024-09-18 12:20:34.446,416.8397881027684,96
2024-09-18 12:20:34.448,416.851834411451,1005
2024-09-18 12:20:34.641,416.8512089802857,998
2024-09-18 12:20:34.765,416.8405180284777,98
2024-09-18 12:20:34.846,416.8343976419518,996
2024-09-18 12:20:34.985,-416.8539060605657,97
2024-09-18 12:20:35.021,416.82155474490185,1000
2024-09-18 12:20:35.111,416.7653995798894,996
2024-09-18 12:20:35.421,416.8133388724469,1000
2024-09-18 12:20:35.501,416.78023588861737,1002
2024-09-18 12:20:35.513,416.8015742637648,103
2024-09-18 12:20:35.571,416.8097961934886,999
2024-09-18 12:20:35.609,416.78883571354606,103
2024-09-18 12:20:35.665,416.8163852887729,97
2024-09-18 12:20:35.718,,8
2024-09-18 12:20:35.926,416.787546499956,10
2024-09-18 12:20:36.112,416.8226700996087,1003
2024-09-18 12:20:36.194,416.813048813525,95
2024-09-18 12:20:36.247,416.81424354635845,1001
2024-09-18 12:20:36.257,416.82980618363,12
2024-09-18 12:20:36.257,416.83298317718175,11
2024-09-18 12:20:36.336,416.80808546392257,1001
2024-09-18 12:20:36.409,416.8484258199422,995
2024-09-18 12:20:36.506,416.8097506700605,1001
2024-09-18 12:20:36.533,416.82434792761177,97
2024-09-18 12:20:36.599,416.811254863324,100
2024-09-18 12:20:36.610,416.8172282078949,998
2024-09-18 12:20:36.615,416.8224440666819,96
2024-09-18 12:20:36.621,416.8379794625518,103
2024-09-18 12:20:36.658,416.83845462463495,105
2024-09-18 12:20:36.686,416.82491533111977,10
2024-09-18 12:20:36.698,-416.82012811092966,1004
2024-09-18 12:20:36.701,416.82448873869134,9
2024-09-18 12:20:36.705,416.8397125552504,9
2024-09-18 12:20:36.750,416.826836206997,100
2024-09-18 12:20:36.887,416.8515980142088,97
2024-09-18 12:20:36.908,416.8070293618834,97
2024-09-18 12:20:36.919,416.82839944324496,1001
2024-09-18 12:20:37.009,416.86011801690506,5
2024-09-18 12:20:37.030,416.8471611022197,96
2024-09-18 12:20:37.090,416.87441731161147,100
2024-09-18 12:20:37.138,416.87479943972863,10
2024-09-18 12:20:37.149,416.8788668245037,101
2024-09-18 12:20:37.192,416.8731319246864,98
2024-09-18 12:20:37.307,416.8554282311993,7
2024-09-18 12:20:37.365,416.86923708992384,1001
2024-09-18 12:20:37.367,416.8760283793751,9
2024-09-18 12:20:37.533,416.85861912359314,1005
2024-09-18 12:20:37.539,416.85787239833553,8
2024-09-18 12:20:37.595,416.8550070047492,15
2024-09-18 12:20:37.674,416.8448293520028,101
2024-09-18 12:20:37.710,416.8688973921701,999
2024-09-18 12:20:37.742,416.8657946339288,1005
2024-09-18 12:20:37.756,416.894690197657,9
2024-09-18 12:20:37.780,416.8516998109558,95
2024-09-18 12:20:37.945,416.8748188673951,1002
2024-09-18 12:20:37.951,416.8762266685082,1002
2024-09-18 12:20:38.004,416.89949654012185,1001
2024-09-18 12:20:38.008,416.9639127868815,5
2024-09-18 12:20:38.015,416.8931371932328,102
2024-09-18 12:20:38.046,416.9963816986181,95
2024-09-18 12:20:38.048,416.971881122416,7
2024-09-18 12:20:38.137,416.9765319051321,100
2024-09-18 12:20:38.157,416.8782540429005,95
2024-09-18 12:20:38.240,416.9228155834142,9
2024-09-18 12:20:38.333,416.8925991077898,102
2024-09-18 12:20:38.606,416.90408764585095,11
2024-09-18 12:20:38.648,416.9201838454823,997
2024-09-18 12:20:38.650,416.9354721578071,10
2024-09-18 12:20:38.718,417.005770254236,96
2024-09-18 12:20:38.773,416.9853398340573,1000
2024-09-18 12:20:38.862,416.9152741822968,95
2024-09-18 12:20:38.882,41.69828929001113,995
2024-09-18 12:20:38.916,416.9379996197133,1003
2024-09-18 12:20:38.963,416.8981529380189,7
2024-09-18 12:20:39.018,416.9837153887797,11
2024-09-18 12:20:39.047,417.0072092630433,96
2024-09-18 12:20:39.053,416.98321772476623,105
2024-09-18 12:20:39.066,416.96773036956216,105
2024-09-18 12:20:39.124,417.0016944242072,995
2024-09-18 12:20:39.328,416.9711797449731,98
2024-09-18 12:20:39.348,417.00869098689134,6
2024-09-18 12:20:39.393,417.0005765797989,98
2024-09-18 12:20:39.400,416.99786082704935,1003
2024-09-18 12:20:39.443,417.0470222859989,97
2024-09-18 12:20:39.461,416.9829677056185,996
2024-09-18 12:20:39.464,417.0622856432672,99
2024-09-18 12:20:39.531,417.001292717658,9
2024-09-18 12:20:39.559,417.0123710111641,1001
2024-09-18 12:20:39.590,417.0115987892135,998
2024-09-18 12:20:39.606,416.983925594183,15
2024-09-18 12:20:39.617,417.011991039071,101
2024-09-18 12:20:39.704,417.0164077346288,104
2024-09-18 12:20:39.705,416.990848915201,999
2024-09-18 12:20:39.747,417.0198496410802,105
2024-09-18 12:20:39.777,416.973687386136,103
2024-09-18 12:20:39.782,416.9656196715061,1000
2024-09-18 12:20:39.810,416.99867400631695,7
2024-09-18 12:20:39.878,417.03746046587975,1002
2024-09-18 12:20:39.930,416.9855608581161,998
2024-09-18 12:20:39.938,417.05979504908726,98
2024-09-18 12:20:39.974,416.9606963872611,98
2024-09-18 12:20:39.975,-416.9922560904844,105
2024-09-18 12:20:40.009,417.050225023952,1000
2024-09-18 12:20:40.111,417.0374932420626,999
2024-09-18 12:20:40.255,417.0075478510788,15
2024-09-18 12:20:40.339,417.021043816983,1003
2024-09-18 12:20:40.436,417.0598613444876,995
2024-09-18 12:20:40.931,417.0464275878911,13
2024-09-18 12:20:40.988,417.0546326941126,105
2024-09-18 12:20:41.033,,1001
2024-09-18 12:20:41.060,417.0706674606144,100
2024-09-18 12:20:41.090,417.079982614207,1003
2024-09-18 12:20:41.125,417.0281901556865,12
2024-09-18 12:20:41.155,417.00926234104907,98
2024-09-18 12:20:41.246,417.0681532615671,15
2024-09-18 12:20:41.262,417.0208720432255,10
2024-09-18 12:20:41.315,417.04592819633535,105
2024-09-18 12:20:41.334,417.0331638501202,998
2024-09-18 12:20:41.348,417.06501069368096,1003
2024-09-18 12:20:41.380,417.0328773286631,97
2024-09-18 12:20:41.449,417.0251192517696,1004
2024-09-18 12:20:41.458,417.0212756298403,1001
2024-09-18 12:20:41.565,417.0362189434847,102
2024-09-18 12:20:41.611,417.0775403157024,104
2024-09-18 12:20:41.614,417.0879684050191,96
2024-09-18 12:20:41.625,417.0458917891455,9
2024-09-18 12:20:41.649,417.0507303768418,98
2024-09-18 12:20:41.657,417.0664037809117,1000
2024-09-18 12:20:41.658,417.0078710356599,7
2024-09-18 12:20:41.668,417.05231275163214,100
2024-09-18 12:20:41.712,417.01148472028495,6
2024-09-18 12:20:41.837,417.08621517372177,101
2024-09-18 12:20:41.898,417.015081047594,6
2024-09-18 12:20:41.930,417.0278794382292,12
2024-09-18 12:20:41.946,417.0615125217231,9
2024-09-18 12:20:41.995,417.010765818008,98
2024-09-18 12:20:42.314,417.0857158164872,997
2024-09-18 12:20:42.335,417.0844528858921,996
2024-09-18 12:20:42.396,417.0968860094278,5
2024-09-18 12:20:42.426,417.0857723466182,998
2024-09-18 12:20:42.619,417.08224509347065,995
2024-09-18 12:20:42.651,417.1220989966853,7
2024-09-18 12:20:42.670,417.0643253965129,98
2024-09-18 12:20:42.725,417.1078043911961,7
2024-09-18 12:20:42.741,417.09974478777775,996
2024-09-18 12:20:42.764,417.0948828516899,6
2024-09-18 12:20:42.786,417.0933772152204,13
2024-09-18 12:20:42.805,417.0417361522444,105
2024-09-18 12:20:42.824,417.0997940236263,999
2024-09-18 12:20:42.850,417.0623373169465,103
2024-09-18 12:20:42.903,417.0772631539491,10
2024-09-18 12:20:42.925,417.05213282815424,10
2024-09-18 12:20:42.962,417.1036156901213,100
2024-09-18 12:20:43.219,,996
2024-09-18 12:20:43.745,417.0834746787023,998
2024-09-18 12:20:43.798,417.0889029942133,101
2024-09-18 12:20:43.861,417.08686459275634,9
2024-09-18 12:20:44.061,417.0782059572248,998
2024-09-18 12:20:44.155,417.0523708254036,998
2024-09-18 12:20:44.227,417.07304984463593,105
2024-09-18 12:20:44.252,417.07435504558833,14
2024-09-18 12:20:44.253,417.0382021429377,97
2024-09-18 12:20:44.318,417.07916977035495,12
2024-09-18 12:20:44.376,417.0505791000666,12
2024-09-18 12:20:44.539,417.04634849469016,7
2024-09-18 12:20:44.539,417.072307665283,101
2024-09-18 12:20:44.741,417.06319250516776,11
2024-09-18 12:20:44.986,417.074397456714,12
2024-09-18 12:20:45.004,417.0747942499754,1003
2024-09-18 12:20:45.112,417.0384202572325,102
2024-09-18 12:20:45.125,417.0515322303543,10
2024-09-18 12:20:45.299,417.0818262436789,12
2024-09-18 12:20:45.385,417.082730802381,12
2024-09-18 12:20:45.429,417.04688174936143,13
2024-09-18 12:20:45.893,417.0710573512381,997
2024-09-18 12:20:45.961,41.70545987453566,998
2024-09-18 12:20:45.993,417.0167014206106,6
2024-09-18 12:20:46.143,417.07840417558447,98
2024-09-18 12:20:46.184,417.0621405748996,5
2024-09-18 12:20:46.260,417.08632585557774,5
2024-09-18 12:20:46.434,417.0571530168068,1005
2024-09-18 12:20:46.468,417.0702919392104,15
2024-09-18 12:20:46.588,417.0797452661269,8
2024-09-18 12:20:46.654,417.0618422626339,995
2024-09-18 12:20:46.802,417.0842300734776,99
2024-09-18 12:20:46.836,417.0532050007154,997
2024-09-18 12:20:46.859,417.0595294548892,101
2024-09-18 12:20:46.861,417.0660564051936,101
2024-09-18 12:20:46.883,417.06950722786536,1002
2024-09-18 12:20:46.892,417.06397746043456,99
2024-09-18 12:20:46.948,417.070145600182,996
2024-09-18 12:20:47.235,417.0713838893854,99
2024-09-18 12:20:47.396,417.0557499104496,6
2024-09-18 12:20:47.408,417.0644124630095,13
2024-09-18 12:20:47.949,-417.0645634910198,15
2024-09-18 12:20:48.002,417.0724879786087,99
2024-09-18 12:20:48.017,417.133544000224,98
2024-09-18 12:20:48.040,417.12749895081697,8
2024-09-18 12:20:48.071,417.1363585742968,95
2024-09-18 12:20:48.083,417.0895734246509,1004
2024-09-18 12:20:48.107,417.0663006578899,1005
2024-09-18 12:20:48.151,417.1340292454704,12
2024-09-18 12:20:48.205,417.1315936137518,999
2024-09-18 12:20:48.340,417.0969702885806,105
2024-09-18 12:20:48.438,417.1189608485024,99
2024-09-18 12:20:48.520,417.0635610693024,100
2024-09-18 12:20:48.581,417.0841140059415,13
2024-09-18 12:20:48.861,417.1320339194593,7
2024-09-18 12:20:48.863,417.0741549271166,995
2024-09-18 12:20:48.880,417.1162684030805,101
2024-09-18 12:20:48.999,417.067280613535,105
2024-09-18 12:20:49.053,417.07621688033385,95
2024-09-18 12:20:49.107,417.0582847077402,10
2024-09-18 12:20:49.198,417.0850233632912,103
2024-09-18 12:20:49.305,417.1080640912779,8
2024-09-18 12:20:49.338,417.0567453331044,1000
2024-09-18 12:20:49.448,417.0863246096104,8
2024-09-18 12:20:49.463,417.0523245456965,14
2024-09-18 12:20:49.470,417.06780794244713,14
2024-09-18 12:20:49.479,417.1147636548274,104
2024-09-18 12:20:49.486,417.07608441031147,11
2024-09-18 12:20:49.502,417.06228673358015,13
2024-09-18 12:20:49.622,417.0703401922269,1005
2024-09-18 12:20:49.676,417.1054883223979,98
2024-09-18 12:20:49.698,417.0790570179242,999
2024-09-18 12:20:49.722,417.0678282859597,7
2024-09-18 12:20:49.799,417.0458408324367,999
2024-09-18 12:20:49.869,417.0855922029953,96
2024-09-18 12:20:49.961,417.0796635372082,5
2024-09-18 12:20:49.969,417.1250910862171,14
2024-09-18 12:20:49.983,417.0701534055903,97
2024-09-18 12:20:49.991,417.08721095340064,5
2024-09-18 12:20:50.275,417.1180301420917,5
2024-09-18 12:20:50.372,417.09044231691513,14
2024-09-18 12:20:50.881,417.1080537154999,11
2024-09-18 12:20:51.013,417.0446205805581,6
2024-09-18 12:20:51.071,417.0395345263731,996
2024-09-18 12:20:51.121,417.05243981773,99
2024-09-18 12:20:51.136,417.057115399822,99
2024-09-18 12:20:51.160,417.05690373701447,103
2024-09-18 12:20:51.176,417.0747278169737,997
2024-09-18 12:20:51.248,417.0874176084436,11
2024-09-18 12:20:51.293,417.0800637010458,98
2024-09-18 12:20:51.295,417.0068220785976,995
2024-09-18 12:20:51.300,417.03891352026153,12
2024-09-18 12:20:51.341,417.0515127411933,997
2024-09-18 12:20:51.397,417.0133329048464,97
2024-09-18 12:20:51.474,417.1326747719351,103
2024-09-18 12:20:51.482,417.0262334608991,8
2024-09-18 12:20:51.588,417.0497235420643,101
2024-09-18 12:20:51.645,417.0485217137584,12
2024-09-18 12:20:51.692,417.052342709542,101
2024-09-18 12:20:51.723,417.0418210617635,96
2024-09-18 12:20:51.782,417.028329706762,97
2024-09-18 12:20:51.800,417.0490397475564,15
2024-09-18 12:20:51.831,417.0671754781768,11
2024-09-18 12:20:51.856,417.0509422081197,10
2024-09-18 12:20:51.861,417.0201132026304,1004
2024-09-18 12:20:51.862,417.0999598753698,8
2024-09-18 12:20:51.867,417.0255768446722,104
2024-09-18 12:20:51.900,417.0164001700222,11
2024-09-18 12:20:51.922,417.0317205446453,998
2024-09-18 12:20:51.933,417.0548758175392,8
2024-09-18 12:20:51.971,417.0419815015299,998
2024-09-18 12:20:51.986,417.10249374622657,1002
2024-09-18 12:20:52.069,416.9806579121579,105
2024-09-18 12:20:52.094,417.0030241938915,15
2024-09-18 12:20:52.119,417.01616719526834,96
2024-09-18 12:20:52.144,417.03368989674254,1002
2024-09-18 12:20:52.147,417.0191556697498,97
2024-09-18 12:20:52.149,416.9820535888456,105
2024-09-18 12:20:52.155,417.0333550352552,100
2024-09-18 12:20:52.185,417.0174085930005,97
2024-09-18 12:20:52.203,417.02630622381287,996
2024-09-18 12:20:52.217,417.0211940795615,997
2024-09-18 12:20:52.258,417.0268434020517,5
2024-09-18 12:20:52.263,417.0400510047287,100
2024-09-18 12:20:52.314,417.0079809220728,10
2024-09-18 12:20:52.319,417.0261615838044,5
2024-09-18 12:20:52.320,417.0267636188883,13
2024-09-18 12:20:52.349,417.0027223588275,96
2024-09-18 12:20:52.424,416.9962652395909,97
2024-09-18 12:20:52.510,417.0240474415762,1001
2024-09-18 12:20:52.599,417.0256471795111,103
2024-09-18 12:20:52.627,417.0169038989806,997
2024-09-18 12:20:52.629,417.0208671088736,95
2024-09-18 12:20:52.667,416.9948828558421,15
2024-09-18 12:20:52.738,417.0197482655138,99
2024-09-18 12:20:52.748,417.0269220073175,6
2024-09-18 12:20:52.778,417.0122391304205,999
2024-09-18 12:20:52.884,417.00359360610383,1002
2024-09-18 12:20:52.910,417.0073159689908,1002
2024-09-18 12:20:52.923,416.98345877256463,998
2024-09-18 12:20:52.963,417.0016412090084,11
2024-09-18 12:20:52.993,417.0216254542045,101
2024-09-18 12:20:53.037,417.0058534894905,14
2024-09-18 12:20:53.079,417.03969950181664,103
2024-09-18 12:20:53.173,417.0027362168015,1005
2024-09-18 12:20:53.178,417.0211670531686,97
2024-09-18 12:20:53.193,417.0611064500948,100
2024-09-18 12:20:53.211,416.9845285101342,1000
2024-09-18 12:20:53.288,417.0834082889796,10
2024-09-18 12:20:53.387,417.0956230091266,1004
2024-09-18 12:20:53.399,417.0809911235897,8
2024-09-18 12:20:53.411,417.089921185757,13
2024-09-18 12:20:53.418,417.0829493076178,10
2024-09-18 12:20:53.418,416.9970535045662,15
2024-09-18 12:20:53.442,417.0911234972143,11
2024-09-18 12:20:53.451,416.99000664950887,10
2024-09-18 12:20:53.456,416.982826990957,104
2024-09-18 12:20:53.544,417.047920841782,1004
2024-09-18 12:20:53.612,417.01438173424833,10
2024-09-18 12:20:53.615,417.0333259979097,1001
2024-09-18 12:20:53.634,416.9771201386248,6
2024-09-18 12:20:53.644,417.0278878655975,14
2024-09-18 12:20:53.699,417.0903242691159,6
2024-09-18 12:20:53.734,417.0458845840005,103
2024-09-18 12:20:53.778,417.01797291320696,5
2024-09-18 12:20:53.779,416.993434368716,102
2024-09-18 12:20:53.890,416.9821814567192,9
2024-09-18 12:20:54.048,417.11022317820857,13
2024-09-18 12:20:54.147,417.1323305493565,11
2024-09-18 12:20:54.180,417.1229364695481,997
2024-09-18 12:20:54.240,417.11205251545226,96
2024-09-18 12:20:54.252,417.0919721298948,999
2024-09-18 12:20:54.455,417.0976453735443,1004
2024-09-18 12:20:54.457,417.11769083295184,1000
2024-09-18 12:20:54.689,417.10793604040447,1003
2024-09-18 12:20:54.832,417.1261066256385,13
2024-09-18 12:20:54.986,417.1121100235407,1005
2024-09-18 12:20:54.993,417.1185194164696,97
2024-09-18 12:20:55.082,417.122922786559,1005
2024-09-18 12:20:55.087,417.1542120409682,13
2024-09-18 12:20:55.106,417.1822950249512,8
2024-09-18 12:20:55.273,417.1600603327392,102
2024-09-18 12:20:55.314,417.1664404467744,8
2024-09-18 12:20:55.337,417.1788388123874,101
2024-09-18 12:20:55.417,417.1764398295589,996
2024-09-18 12:20:55.457,417.1374939391012,999
2024-09-18 12:20:55.493,417.165486957657,5
2024-09-18 12:20:55.499,417.1693313140777,997
2024-09-18 12:20:55.593,417.1480935858416,97
2024-09-18 12:20:55.764,417.1571413693688,98
2024-09-18 12:20:55.800,417.1589515438967,7
2024-09-18 12:20:55.881,417.1865285369888,8
2024-09-18 12:20:55.925,417.168931002804,1004
2024-09-18 12:20:55.973,417.1710592128052,1004
2024-09-18 12:20:55.999,417.1460772251574,11
2024-09-18 12:20:56.088,417.1086691439717,997
2024-09-18 12:20:56.089,417.1155637696271,6
2024-09-18 12:20:56.141,417.1276190621825,996
2024-09-18 12:20:56.431,417.1623304729908,97
2024-09-18 12:20:56.759,417.14048291120434,99
2024-09-18 12:20:56.950,417.1160625163507,5
2024-09-18 12:20:56.951,417.1361321991525,1001
2024-09-18 12:20:57.019,417.0969484198542,10
2024-09-18 12:20:57.029,417.10538765321706,1001
2024-09-18 12:20:57.079,417.1189641034016,5
2024-09-18 12:20:57.168,417.10001263260415,12
2024-09-18 12:20:57.330,417.1081928787914,13
2024-09-18 12:20:57.370,417.1270914037749,10
2024-09-18 12:20:57.484,417.0947936896922,999
2024-09-18 12:20:57.566,417.0753908710144,10
2024-09-18 12:20:57.637,417.1397399897663,14
2024-09-18 12:20:57.707,417.1236776435934,8
2024-09-18 12:20:57.717,417.0748150306555,103
2024-09-18 12:20:57.750,417.141593550177,97
2024-09-18 12:20:57.767,417.0978843957572,104
2024-09-18 12:20:57.770,417.15870739426913,101
2024-09-18 12:20:57.790,417.1344549811825,1005
2024-09-18 12:20:57.833,417.1372867372977,10
2024-09-18 12:20:57.841,417.1096661714787,9
2024-09-18 12:20:57.878,417.116654720921,101
2024-09-18 12:20:57.993,417.1372809463745,102
2024-09-18 12:20:58.026,417.07211189880536,99
2024-09-18 12:20:58.029,417.0368641302401,14
2024-09-18 12:20:58.032,417.0582741901084,97
2024-09-18 12:20:58.060,417.0104638732758,997
2024-09-18 12:20:58.076,417.0294519953616,11
2024-09-18 12:20:58.129,417.0785859952676,1005
2024-09-18 12:20:58.209,417.0223349216686,999
2024-09-18 12:20:58.306,417.0649758416127,12
2024-09-18 12:20:58.322,417.0652890613771,96
2024-09-18 12:20:58.326,417.0632428092612,1004
2024-09-18 12:20:58.339,417.0133731501393,96
2024-09-18 12:20:58.371,417.0693991967718,995
2024-09-18 12:20:58.422,417.0638883680848,999
2024-09-18 12:20:58.532,417.013045918104,103
2024-09-18 12:20:58.830,417.0244011959872,1003
2024-09-18 12:20:58.882,-417.05158803040007,102
2024-09-18 12:20:59.126,41.70263517127327,13
2024-09-18 12:20:59.316,417.0737471298112,1005
2024-09-18 12:20:59.487,417.0596548235558,15
2024-09-18 12:20:59.762,417.0439779265388,95
2024-09-18 12:20:59.838,417.0442351342818,999
2024-09-18 12:20:59.917,417.0755561172873,104
2024-09-18 12:20:59.975,417.0436865645112,96
