Timestamp,Price,Size
2024-09-18 14:12:00.199,414.44616439257953,1004
2024-09-18 14:12:00.455,414.4146965177931,1005
2024-09-18 14:12:01.406,414.4004677229276,98
2024-09-18 14:12:02.200,414.39356227199136,99
2024-09-18 14:12:02.327,414.38400701362735,8
2024-09-18 14:12:02.518,414.3948293245931,99
2024-09-18 14:12:02.743,414.3680182319624,102
2024-09-18 14:12:02.830,414.37265832356246,12
2024-09-18 14:12:02.854,414.3899603377063,8
2024-09-18 14:12:02.865,414.37827878923525,9
2024-09-18 14:12:02.920,414.4079113348757,5
2024-09-18 14:12:03.026,414.3785665224746,105
2024-09-18 14:12:03.055,414.3748617273969,95
2024-09-18 14:12:03.083,414.4008196910096,12
2024-09-18 14:12:03.084,414.37812934383606,102
2024-09-18 14:12:03.121,414.3830373798805,1000
2024-09-18 14:12:03.126,414.3696983745731,14
2024-09-18 14:12:03.173,414.4129568624271,995
2024-09-18 14:12:03.182,414.3799962642057,1005
2024-09-18 14:12:03.210,414.3858769951414,98
2024-09-18 14:12:03.212,414.40751539480254,8
2024-09-18 14:12:03.226,414.389396916652,96
2024-09-18 14:12:03.244,414.3961453262287,13
2024-09-18 14:12:03.279,414.39481933816353,8
2024-09-18 14:12:03.366,414.3866915632033,99
2024-09-18 14:12:03.377,414.387962958862,97
2024-09-18 14:12:03.392,414.3811443338852,996
2024-09-18 14:12:03.422,414.4078906019905,12
2024-09-18 14:12:03.473,414.4043349765047,101
2024-09-18 14:12:03.577,414.3951951572473,8
2024-09-18 14:12:03.578,414.3774005290512,8
2024-09-18 14:12:03.617,414.40684302698565,999
2024-09-18 14:12:03.734,414.3767036222304,103
2024-09-18 14:12:03.845,414.37967662346506,15
2024-09-18 14:12:03.846,414.3901313696067,996
2024-09-18 14:12:03.881,414.37405378525455,1004
2024-09-18 14:12:03.953,414.3957192207644,96
2024-09-18 14:12:03.961,414.4020705202918,6
2024-09-18 14:12:04.069,414.3395937583258,100
2024-09-18 14:12:04.071,414.3415327339699,96
2024-09-18 14:12:04.130,414.3631077820458,1005
2024-09-18 14:12:04.132,414.3300099484058,995
2024-09-18 14:12:04.181,414.3804946305155,995
2024-09-18 14:12:04.260,414.3630717546538,102
2024-09-18 14:12:04.447,414.34377573564063,5
2024-09-18 14:12:04.883,414.3644922477428,5
2024-09-18 14:12:04.936,414.3656355271889,995
2024-09-18 14:12:04.953,414.3702941930686,1003
2024-09-18 14:12:05.430,414.30890290823663,97
2024-09-18 14:12:05.802,414.3201215012716,5
2024-09-18 14:12:05.834,414.3244461469096,101
2024-09-18 14:12:06.041,414.3119799992523,1003
2024-09-18 14:12:06.151,414.2994664298408,104
2024-09-18 14:12:06.280,414.3164325850025,5
2024-09-18 14:12:06.511,414.3196720234136,996
2024-09-18 14:12:06.564,414.3132228030564,995
2024-09-18 14:12:06.724,41.43306103035604,1003
2024-09-18 14:12:06.910,414.31663603009207,6
2024-09-18 14:12:06.962,414.3080460117556,5
2024-09-18 14:12:07.245,414.2906269210519,995
2024-09-18 14:12:07.361,414.2931280921324,95
2024-09-18 14:12:07.586,41.426733360109125,98
2024-09-18 14:12:07.956,414.2744600873228,95
2024-09-18 14:12:07.970,414.2828326203375,98
2024-09-18 14:12:09.012,414.3372048736971,14
2024-09-18 14:12:09.045,414.2775994596644,103
2024-09-18 14:12:09.050,414.2916655203111,1001
2024-09-18 14:12:09.092,414.24341649241785,95
2024-09-18 14:12:09.120,414.2621675215008,98
2024-09-18 14:12:09.121,414.31577427192383,14
2024-09-18 14:12:09.157,414.28541091186327,996
2024-09-18 14:12:09.179,414.3082116004975,98
2024-09-18 14:12:09.187,414.2828257139228,103
2024-09-18 14:12:09.206,414.30829034450585,1002
2024-09-18 14:12:09.218,414.3310448645498,99
2024-09-18 14:12:09.224,414.340206279263,102
2024-09-18 14:12:09.233,414.2918677307533,104
2024-09-18 14:12:09.242,414.2740445260671,14
2024-09-18 14:12:09.296,414.2864815170835,103
2024-09-18 14:12:09.352,414.2895218529716,10
2024-09-18 14:12:09.385,414.28908916880994,101
2024-09-18 14:12:09.472,414.2656616007823,7
2024-09-18 14:12:09.538,414.3037171319542,100
2024-09-18 14:12:09.558,414.2897228526821,8
2024-09-18 14:12:09.597,414.30158000370847,6
2024-09-18 14:12:09.620,414.2822592828024,100
2024-09-18 14:12:09.697,414.29217245867534,104
2024-09-18 14:12:09.719,414.2828867703273,100
2024-09-18 14:12:09.737,414.3001677457248,6
2024-09-18 14:12:09.778,414.2919121762542,998
2024-09-18 14:12:09.802,414.286482087653,104
2024-09-18 14:12:09.927,414.30118753493065,995
2024-09-18 14:12:10.022,414.267593049812,101
2024-09-18 14:12:10.032,414.25679673996245,1004
2024-09-18 14:12:10.077,414.2431715351213,995
2024-09-18 14:12:10.084,414.2587752737825,104
2024-09-18 14:12:10.114,414.2636000762694,995
2024-09-18 14:12:10.178,414.28239163892937,9
2024-09-18 14:12:10.184,414.2712358220666,105
2024-09-18 14:12:10.260,414.2771137517074,99
2024-09-18 14:12:10.311,414.25139619510645,5
2024-09-18 14:12:10.533,414.2766029524367,996
2024-09-18 14:12:10.534,414.24423365183424,12
2024-09-18 14:12:10.534,414.2572211056241,8
2024-09-18 14:12:10.671,414.26073775583296,14
2024-09-18 14:12:10.685,414.28160431379456,104
2024-09-18 14:12:10.719,414.2671031762545,999
2024-09-18 14:12:10.721,414.2651114961648,96
2024-09-18 14:12:10.732,414.2676264662017,105
2024-09-18 14:12:10.879,414.2790068511984,997
2024-09-18 14:12:10.885,414.26417920685833,96
2024-09-18 14:12:10.913,414.2814573138568,996
2024-09-18 14:12:10.925,414.2631843444611,5
2024-09-18 14:12:10.965,-414.2576704924137,97
2024-09-18 14:12:10.968,414.2450350541933,11
2024-09-18 14:12:10.974,414.2895486825589,103
2024-09-18 14:12:10.995,414.2912264090092,997
2024-09-18 14:12:11.066,414.25330304143495,100
2024-09-18 14:12:11.872,414.263652043076,995
2024-09-18 14:12:12.521,414.2890126786625,101
2024-09-18 14:12:12.535,414.3102567075865,11
2024-09-18 14:12:12.655,414.29352246411366,101
2024-09-18 14:12:12.882,414.2934590428192,95
2024-09-18 14:12:12.887,414.2867780389359,10
2024-09-18 14:12:12.925,414.2782333375337,11
2024-09-18 14:12:13.162,414.3099737821421,15
2024-09-18 14:12:13.220,414.2738942081729,1001
2024-09-18 14:12:13.298,414.29900365646745,101
2024-09-18 14:12:13.352,414.3074313973642,105
2024-09-18 14:12:13.606,414.2765732878029,99
2024-09-18 14:12:13.629,414.2699414154861,100
2024-09-18 14:12:13.663,414.3021848781348,1002
2024-09-18 14:12:13.878,414.2847039414851,1003
2024-09-18 14:12:14.185,414.2618022163097,15
2024-09-18 14:12:14.464,414.2771776766571,995
2024-09-18 14:12:14.567,414.2543816014962,100
2024-09-18 14:12:14.696,414.2645537035872,11
2024-09-18 14:12:14.793,414.2762732070242,12
2024-09-18 14:12:14.848,414.2632820049408,5
2024-09-18 14:12:14.930,414.2719931603633,1000
2024-09-18 14:12:15.010,-414.2918561403823,101
2024-09-18 14:12:15.091,414.2974388573037,100
2024-09-18 14:12:15.200,414.3497337030308,999
2024-09-18 14:12:15.204,414.3458472881893,6
2024-09-18 14:12:15.226,414.2857038941944,8
2024-09-18 14:12:15.267,414.2662476680607,1000
2024-09-18 14:12:15.297,414.3376475025607,96
2024-09-18 14:12:15.375,414.2761209108079,13
2024-09-18 14:12:15.377,414.26142954190885,96
2024-09-18 14:12:15.454,414.3419706845916,14
2024-09-18 14:12:15.509,414.2837414157382,97
2024-09-18 14:12:15.512,414.3456363595912,103
2024-09-18 14:12:15.541,414.2798811310233,103
2024-09-18 14:12:15.561,414.33508908629295,999
2024-09-18 14:12:15.574,414.336903945163,13
2024-09-18 14:12:15.598,414.2555831108016,999
2024-09-18 14:12:15.616,414.28795503567824,14
2024-09-18 14:12:15.646,414.2374417086384,998
2024-09-18 14:12:15.712,414.26836529811135,1002
2024-09-18 14:12:15.718,414.3047731980129,6
2024-09-18 14:12:15.721,414.3460908797894,6
2024-09-18 14:12:15.723,,8
2024-09-18 14:12:15.857,414.2727344639007,8
2024-09-18 14:12:15.860,414.2779163217056,95
2024-09-18 14:12:15.885,414.2611967745305,1003
2024-09-18 14:12:15.980,414.2544855261722,100
2024-09-18 14:12:15.983,414.3436889018902,1003
2024-09-18 14:12:16.155,414.33518923987407,1002
2024-09-18 14:12:16.175,414.3541525415384,11
2024-09-18 14:12:16.196,414.3702614501132,101
2024-09-18 14:12:16.200,414.3459016658754,997
2024-09-18 14:12:16.297,414.3637769180008,104
2024-09-18 14:12:16.415,414.3371237407538,100
2024-09-18 14:12:16.437,414.3391319287785,13
2024-09-18 14:12:16.508,414.33613730710783,12
2024-09-18 14:12:16.556,414.3439604299786,95
2024-09-18 14:12:16.604,414.3289536179946,10
2024-09-18 14:12:16.609,414.35568320804265,102
2024-09-18 14:12:16.628,414.3477101363284,6
2024-09-18 14:12:16.820,414.333571171464,7
2024-09-18 14:12:16.823,,105
2024-09-18 14:12:16.846,414.35343751055854,97
2024-09-18 14:12:16.856,414.3619903371215,996
2024-09-18 14:12:16.902,414.35365804587633,103
2024-09-18 14:12:16.947,414.3412466130435,8
2024-09-18 14:12:16.969,41.43451010819345,102
2024-09-18 14:12:16.974,414.34572877388194,14
2024-09-18 14:12:17.043,414.3329465282938,995
2024-09-18 14:12:17.214,414.3716994242718,998
2024-09-18 14:12:17.246,41.4369964620908,15
2024-09-18 14:12:17.259,414.3691411095332,96
2024-09-18 14:12:17.264,414.3420695082671,102
2024-09-18 14:12:17.284,414.3700417818547,996
2024-09-18 14:12:17.296,414.3605345713408,8
2024-09-18 14:12:17.326,414.3369443488007,101
2024-09-18 14:12:17.363,414.33442084113625,15
2024-09-18 14:12:17.374,414.357774556977,996
2024-09-18 14:12:17.395,414.37140468516645,1005
2024-09-18 14:12:17.414,414.3252330552986,96
2024-09-18 14:12:17.435,414.3614379215961,96
2024-09-18 14:12:17.473,414.3577192907177,998
2024-09-18 14:12:17.502,414.3548250716858,15
2024-09-18 14:12:17.511,414.3305910912721,996
2024-09-18 14:12:17.525,414.34286799491815,103
2024-09-18 14:12:17.559,414.3607085658631,97
2024-09-18 14:12:17.583,414.3567591869108,6
2024-09-18 14:12:17.589,414.3328633824251,98
2024-09-18 14:12:17.597,414.3117881974092,97
2024-09-18 14:12:17.622,414.3158014385885,1003
2024-09-18 14:12:17.651,414.36932247706335,97
2024-09-18 14:12:17.675,414.3556794410835,1005
2024-09-18 14:12:17.842,414.3405233189172,15
2024-09-18 14:12:17.858,414.34575845672447,10
2024-09-18 14:12:17.868,414.3541255906173,997
2024-09-18 14:12:18.118,414.28196615153394,1002
2024-09-18 14:12:18.143,414.28024106291537,997
2024-09-18 14:12:18.208,414.2430677262909,95
2024-09-18 14:12:18.209,414.2455231755407,5
2024-09-18 14:12:18.330,414.2252746618689,101
2024-09-18 14:12:18.352,414.2774811724421,102
2024-09-18 14:12:18.386,414.2795610507104,103
2024-09-18 14:12:18.388,414.2675578981773,1002
2024-09-18 14:12:18.421,414.3054714457927,13
2024-09-18 14:12:18.666,414.2634906175706,999
2024-09-18 14:12:18.763,414.2768993299936,8
2024-09-18 14:12:18.988,414.2301174413138,98
2024-09-18 14:12:19.005,414.283046852261,101
2024-09-18 14:12:19.032,414.3166140899813,98
2024-09-18 14:12:19.239,414.2548898651431,105
2024-09-18 14:12:19.264,414.315439680872,15
2024-09-18 14:12:19.315,414.2531217637625,995
2024-09-18 14:12:19.416,,11
2024-09-18 14:12:19.427,414.2742633307769,6
2024-09-18 14:12:19.446,414.2504968962276,10
2024-09-18 14:12:19.499,414.2451611187616,97
2024-09-18 14:12:19.523,414.2505820305385,6
2024-09-18 14:12:19.628,414.2612779423125,12
2024-09-18 14:12:19.633,414.2846647756687,14
2024-09-18 14:12:19.641,414.2409038743423,995
2024-09-18 14:12:19.673,414.24751882807647,102
2024-09-18 14:12:19.683,414.2461286665053,102
2024-09-18 14:12:19.711,414.2848190549241,998
2024-09-18 14:12:19.770,414.2502182132791,97
2024-09-18 14:12:19.810,414.2650131535383,97
2024-09-18 14:12:19.815,414.2675522243916,11
2024-09-18 14:12:19.860,414.253408083846,99
2024-09-18 14:12:19.910,414.2650281328756,97
2024-09-18 14:12:19.913,414.31044460660473,11
2024-09-18 14:12:19.992,414.2665801296462,95
2024-09-18 14:12:20.063,414.31409515194633,1002
2024-09-18 14:12:20.114,414.3205584063331,101
2024-09-18 14:12:20.130,414.3304426802832,14
2024-09-18 14:12:20.553,414.3018190638543,10
2024-09-18 14:12:20.577,,11
2024-09-18 14:12:20.590,414.3110976524686,102
2024-09-18 14:12:20.627,414.3061233293919,995
2024-09-18 14:12:20.676,414.2843112112694,100
2024-09-18 14:12:20.737,414.322520694445,97
2024-09-18 14:12:20.796,414.30247160726543,1003
2024-09-18 14:12:20.834,414.3088254711655,1000
2024-09-18 14:12:20.842,414.308387852065,103
2024-09-18 14:12:20.888,414.32390512139295,13
2024-09-18 14:12:20.946,414.3034672103258,6
2024-09-18 14:12:20.957,414.2977397853836,96
2024-09-18 14:12:20.965,414.3330501234667,1004
2024-09-18 14:12:20.999,414.3079284879015,996
2024-09-18 14:12:21.019,414.2849809822107,5
2024-09-18 14:12:21.030,414.2848715281805,1004
2024-09-18 14:12:21.205,414.2815424961605,15
2024-09-18 14:12:21.266,414.2890483016904,12
2024-09-18 14:12:21.312,414.28235051551417,102
2024-09-18 14:12:21.353,414.2775569078896,6
2024-09-18 14:12:21.367,414.29826386857246,6
2024-09-18 14:12:21.389,414.2891907198105,1003
2024-09-18 14:12:21.410,414.27719769450346,103
2024-09-18 14:12:21.456,414.31106718478605,8
2024-09-18 14:12:21.528,41.428775746368125,995
2024-09-18 14:12:21.571,414.27278738992646,11
2024-09-18 14:12:21.600,414.2792209248157,1004
2024-09-18 14:12:21.733,414.2836071692741,95
2024-09-18 14:12:21.891,414.26951610364455,13
2024-09-18 14:12:21.902,414.2707277154354,101
2024-09-18 14:12:21.985,414.291848277961,105
2024-09-18 14:12:21.990,414.28839842775,105
2024-09-18 14:12:22.021,414.2479355029335,996
2024-09-18 14:12:22.054,414.2879402488872,105
2024-09-18 14:12:22.249,414.2847916407893,100
2024-09-18 14:12:22.255,414.2710494521642,12
2024-09-18 14:12:22.282,414.25937148967967,96
2024-09-18 14:12:22.305,414.2788129021075,1003
2024-09-18 14:12:22.348,414.26305863097326,98
2024-09-18 14:12:22.363,414.296710841157,15
2024-09-18 14:12:22.408,414.2911123499308,104
2024-09-18 14:12:22.414,414.28014842542575,6
2024-09-18 14:12:22.465,414.238181799494,98
2024-09-18 14:12:22.507,414.2943407168314,13
2024-09-18 14:12:22.508,414.3232521616337,100
2024-09-18 14:12:22.682,-414.3240925024679,998
2024-09-18 14:12:22.699,414.2921161624211,12
2024-09-18 14:12:22.757,414.26693988366304,13
2024-09-18 14:12:22.799,414.3441473104524,996
2024-09-18 14:12:22.845,414.3063777894199,997
2024-09-18 14:12:22.937,414.2941987735306,996
2024-09-18 14:12:22.971,414.3146742206088,100
2024-09-18 14:12:22.972,414.2532871844321,995
2024-09-18 14:12:22.978,414.3345690490804,10
2024-09-18 14:12:22.980,414.3355719476229,10
2024-09-18 14:12:23.292,414.1989073072712,102
2024-09-18 14:12:23.310,414.2360797042259,998
2024-09-18 14:12:23.557,414.2276959430543,14
2024-09-18 14:12:23.708,414.23398432518826,103
2024-09-18 14:12:23.768,414.23101204506776,99
2024-09-18 14:12:23.919,414.2088401579219,8
2024-09-18 14:12:23.931,414.24528608618806,10
2024-09-18 14:12:24.011,414.057911036302,99
2024-09-18 14:12:24.228,414.08974302484967,996
2024-09-18 14:12:24.234,414.12142914182976,1001
2024-09-18 14:12:24.246,414.0795142452278,996
2024-09-18 14:12:24.303,414.0924115542286,1001
2024-09-18 14:12:24.319,414.0855540959816,11
2024-09-18 14:12:24.335,414.09411509838,997
2024-09-18 14:12:24.369,414.10203437530566,1005
2024-09-18 14:12:24.437,414.0944798867733,999
2024-09-18 14:12:24.445,414.10552083860574,1005
2024-09-18 14:12:24.485,414.08838137512856,100
2024-09-18 14:12:24.505,414.0636772773052,13
2024-09-18 14:12:24.533,414.1969004773016,1001
2024-09-18 14:12:24.556,414.1536030071737,6
2024-09-18 14:12:24.577,414.1344897469656,97
2024-09-18 14:12:24.657,414.1968297515431,999
2024-09-18 14:12:24.689,414.1253481234584,8
2024-09-18 14:12:24.702,414.1015928521945,12
2024-09-18 14:12:24.744,414.13664603199584,11
2024-09-18 14:12:24.770,414.0896625688639,8
2024-09-18 14:12:24.771,414.13753642800725,1002
2024-09-18 14:12:24.830,414.07449944010233,12
2024-09-18 14:12:24.845,414.0918422440241,996
2024-09-18 14:12:24.923,414.1628170435452,8
2024-09-18 14:12:24.930,414.1956001344244,998
2024-09-18 14:12:25.062,414.0764146251863,997
2024-09-18 14:12:25.086,414.0781312605605,11
2024-09-18 14:12:25.108,414.15675668354265,14
2024-09-18 14:12:25.129,414.116126407412,12
2024-09-18 14:12:25.176,414.11642331075535,100
2024-09-18 14:12:25.188,414.0831007006656,12
2024-09-18 14:12:25.235,414.05252558872286,996
2024-09-18 14:12:25.238,414.14114016914857,12
2024-09-18 14:12:25.254,414.166194144622,11
2024-09-18 14:12:25.413,414.0868608840535,99
2024-09-18 14:12:25.452,414.07078098619866,105
2024-09-18 14:12:25.532,414.1192272755045,100
2024-09-18 14:12:25.534,414.0662220271529,103
2024-09-18 14:12:25.592,414.0976518640237,996
2024-09-18 14:12:25.594,414.0717935667192,15
2024-09-18 14:12:25.646,414.0745073283404,997
2024-09-18 14:12:25.670,414.1133912510924,99
2024-09-18 14:12:25.754,414.09269630403287,1003
2024-09-18 14:12:25.763,414.0720447169769,99
2024-09-18 14:12:25.833,414.106993149156,96
2024-09-18 14:12:25.923,414.1122366000936,105
2024-09-18 14:12:25.980,414.0992457085534,100
2024-09-18 14:12:26.081,414.1200184524437,95
2024-09-18 14:12:26.120,414.1260191672856,9
2024-09-18 14:12:26.148,414.1566971685527,1001
2024-09-18 14:12:26.191,414.1846527608026,998
2024-09-18 14:12:26.214,414.163451043814,1000
2024-09-18 14:12:26.261,414.15636524824697,104
2024-09-18 14:12:26.352,414.1787365514722,10
2024-09-18 14:12:26.379,41.41684292667404,998
2024-09-18 14:12:26.565,414.13242836612807,13
2024-09-18 14:12:26.595,414.1179022899477,5
2024-09-18 14:12:26.667,414.1726603237904,12
2024-09-18 14:12:26.765,414.1450529515995,7
2024-09-18 14:12:26.798,414.09979826748105,1003
2024-09-18 14:12:26.819,414.1649869073802,95
2024-09-18 14:12:26.846,414.1745736478094,102
2024-09-18 14:12:26.850,414.1798129559919,996
2024-09-18 14:12:26.890,414.1471297330343,12
2024-09-18 14:12:26.954,414.1835613533071,1002
2024-09-18 14:12:27.033,414.1592603800456,1005
2024-09-18 14:12:27.043,414.1300391618131,11
2024-09-18 14:12:27.063,-414.1891836822207,5
2024-09-18 14:12:27.063,414.1289642207787,11
2024-09-18 14:12:27.107,414.1918035919893,14
2024-09-18 14:12:27.133,414.1740651059153,104
2024-09-18 14:12:27.234,414.150417796398,12
2024-09-18 14:12:27.245,414.17853123367786,1003
2024-09-18 14:12:27.292,414.1408069646201,6
2024-09-18 14:12:27.301,414.1574660074842,103
2024-09-18 14:12:27.347,414.1606077562364,103
2024-09-18 14:12:27.362,414.1421607935908,995
2024-09-18 14:12:27.362,414.1897855357945,98
2024-09-18 14:12:27.373,414.12819983343576,105
2024-09-18 14:12:27.424,414.18779979728913,9
2024-09-18 14:12:27.442,414.1599418222827,104
2024-09-18 14:12:27.523,414.1593884618789,11
2024-09-18 14:12:27.596,414.17990712023794,104
2024-09-18 14:12:27.710,414.1986829485838,996
2024-09-18 14:12:27.732,414.1543541500762,96
2024-09-18 14:12:27.808,414.1820602859052,105
2024-09-18 14:12:27.935,414.1855278872661,96
2024-09-18 14:12:27.950,414.1596922241688,100
2024-09-18 14:12:27.963,414.1841448607585,99
2024-09-18 14:12:27.968,414.1350408101097,15
2024-09-18 14:12:27.972,414.17368161907245,11
2024-09-18 14:12:28.189,414.168392406408,10
2024-09-18 14:12:28.228,414.1616980173207,1002
2024-09-18 14:12:28.285,414.1888047256061,105
2024-09-18 14:12:28.619,414.1675491569915,997
2024-09-18 14:12:28.960,414.15544575167104,7
2024-09-18 14:12:29.001,414.1181143790783,6
2024-09-18 14:12:29.090,414.1548818240577,98
2024-09-18 14:12:29.104,414.1552145894975,1003
2024-09-18 14:12:29.149,414.1373628065722,105
2024-09-18 14:12:29.154,414.1528585723393,999
2024-09-18 14:12:29.157,414.1071152959496,100
2024-09-18 14:12:29.162,414.138480014186,998
2024-09-18 14:12:29.204,414.1806407187981,6
2024-09-18 14:12:29.220,414.1237922013661,102
2024-09-18 14:12:29.231,414.092709838482,13
2024-09-18 14:12:29.251,414.137242596621,103
2024-09-18 14:12:29.257,414.1531020864933,14
2024-09-18 14:12:29.299,414.20236655723255,996
2024-09-18 14:12:29.305,414.14971424056495,998
2024-09-18 14:12:29.325,414.1485664401069,8
2024-09-18 14:12:29.354,414.14973574458463,998
2024-09-18 14:12:29.396,414.1714840991267,1002
2024-09-18 14:12:29.409,414.1492085761071,104
2024-09-18 14:12:29.474,414.1869652979653,1000
2024-09-18 14:12:29.501,414.1479093911874,99
2024-09-18 14:12:29.571,414.1918323026836,9
2024-09-18 14:12:29.587,414.1259060976005,95
2024-09-18 14:12:29.707,414.16164247642166,97
2024-09-18 14:12:29.755,414.1610833292676,11
2024-09-18 14:12:29.941,414.12351651547823,102
2024-09-18 14:12:29.975,414.1601320714941,96
2024-09-18 14:12:30.006,414.1660488011079,14
2024-09-18 14:12:30.013,414.1323324338402,996
2024-09-18 14:12:30.028,414.1580590128143,999
2024-09-18 14:12:30.061,414.16178016044,101
2024-09-18 14:12:30.130,414.18915422879263,95
2024-09-18 14:12:30.250,414.1833088712461,1000
2024-09-18 14:12:30.304,414.127358221341,95
2024-09-18 14:12:30.439,414.1471135296735,1004
2024-09-18 14:12:30.503,414.1180111035344,14
2024-09-18 14:12:30.579,414.1525810917188,5
2024-09-18 14:12:30.610,414.15723744104014,104
2024-09-18 14:12:30.645,414.16851793992686,105
2024-09-18 14:12:30.745,414.13783625688194,105
2024-09-18 14:12:30.770,414.1216514776103,10
2024-09-18 14:12:30.853,,14
2024-09-18 14:12:30.881,414.1700774662279,105
2024-09-18 14:12:30.922,414.1681528362026,1004
2024-09-18 14:12:30.980,414.1161782697001,96
2024-09-18 14:12:30.995,414.1273123831205,13
2024-09-18 14:12:31.010,414.0815551098436,1003
2024-09-18 14:12:31.256,414.1351530403152,96
2024-09-18 14:12:31.385,414.08554054521096,997
2024-09-18 14:12:31.473,414.108219858805,104
2024-09-18 14:12:31.497,414.10183279486426,15
2024-09-18 14:12:31.553,414.0871319470624,98
2024-09-18 14:12:31.585,414.1037235630931,1004
2024-09-18 14:12:31.659,414.086949814241,10
2024-09-18 14:12:31.830,414.0929680012438,1003
2024-09-18 14:12:31.866,414.0885210108052,13
2024-09-18 14:12:31.976,414.08445646983824,5
2024-09-18 14:12:32.044,414.1968832043455,15
2024-09-18 14:12:32.107,414.19038733837726,99
2024-09-18 14:12:32.119,414.2077417573671,10
2024-09-18 14:12:32.139,414.20599464661245,10
2024-09-18 14:12:32.139,414.2025930733477,13
2024-09-18 14:12:32.184,414.18500728397686,8
2024-09-18 14:12:32.203,414.2096577503341,97
2024-09-18 14:12:32.367,414.12527802524846,96
2024-09-18 14:12:32.382,414.2122222901725,998
2024-09-18 14:12:32.400,414.12569084523386,97
2024-09-18 14:12:32.403,414.13112891517375,6
2024-09-18 14:12:32.438,414.1172646819255,1000
2024-09-18 14:12:32.444,414.1900009930321,7
2024-09-18 14:12:32.471,414.14882358292914,999
2024-09-18 14:12:32.498,414.174211878573,105
2024-09-18 14:12:32.512,414.1273478443103,995
2024-09-18 14:12:32.524,414.1914913484424,95
2024-09-18 14:12:32.528,414.216484460631,99
2024-09-18 14:12:32.543,414.19512692624016,104
2024-09-18 14:12:32.582,414.1433739093071,97
2024-09-18 14:12:32.624,414.2046713308396,104
2024-09-18 14:12:32.666,414.1279254921239,105
2024-09-18 14:12:32.713,414.19338453061226,997
2024-09-18 14:12:32.741,414.2001979176271,105
2024-09-18 14:12:32.780,,95
2024-09-18 14:12:32.833,414.2196704265242,1002
2024-09-18 14:12:32.834,414.1987220298644,996
2024-09-18 14:12:32.856,414.2198096025088,1003
2024-09-18 14:12:32.919,414.2057738888166,101
2024-09-18 14:12:32.930,414.2185437189884,14
2024-09-18 14:12:33.402,414.2338182161135,98
2024-09-18 14:12:33.517,414.2273573833133,1001
2024-09-18 14:12:33.605,414.2433485916152,1000
2024-09-18 14:12:34.195,414.2498761858329,998
2024-09-18 14:12:34.311,414.2300634517937,15
2024-09-18 14:12:34.380,414.23302717885,8
2024-09-18 14:12:34.525,414.2187497462321,101
2024-09-18 14:12:34.727,414.2374222273195,6
2024-09-18 14:12:34.920,414.2326238534305,99
2024-09-18 14:12:34.940,414.23374943234336,996
2024-09-18 14:12:34.950,414.2359940625559,1005
2024-09-18 14:12:35.125,414.2286774286548,101
2024-09-18 14:12:35.378,414.269117439653,6
2024-09-18 14:12:35.673,414.29048544614375,14
2024-09-18 14:12:35.704,414.2650667914479,102
2024-09-18 14:12:35.798,414.2302894285743,997
2024-09-18 14:12:35.801,414.2804976067426,102
2024-09-18 14:12:35.836,414.2783265710145,8
2024-09-18 14:12:35.887,414.24807886357496,997
2024-09-18 14:12:35.888,414.26605885631153,105
2024-09-18 14:12:36.232,414.2918763578552,1001
2024-09-18 14:12:36.585,414.3138920395457,996
2024-09-18 14:12:37.022,414.322010487897,1000
2024-09-18 14:12:37.036,414.3537435140349,98
2024-09-18 14:12:37.062,414.3082257106341,1000
2024-09-18 14:12:37.141,414.34638566835343,5
2024-09-18 14:12:37.176,414.3165991169951,12
2024-09-18 14:12:37.429,414.3470584150722,8
2024-09-18 14:12:37.464,414.32396016374827,95
2024-09-18 14:12:37.499,414.31824873469327,995
2024-09-18 14:12:37.515,414.3079325653095,995
2024-09-18 14:12:37.561,414.3048395961955,1001
2024-09-18 14:12:37.578,414.3168468207917,101
2024-09-18 14:12:37.588,414.34593919471706,1002
2024-09-18 14:12:37.652,414.3109862225266,14
2024-09-18 14:12:37.742,414.3357864758051,1005
2024-09-18 14:12:37.865,414.3778339317557,13
2024-09-18 14:12:37.994,414.32922292280574,997
2024-09-18 14:12:38.007,414.2162569508253,101
2024-09-18 14:12:38.007,414.2139933507175,104
2024-09-18 14:12:38.064,414.245656300782,996
2024-09-18 14:12:38.067,414.1916518821116,5
2024-09-18 14:12:38.102,414.2563274492985,6
2024-09-18 14:12:38.109,414.26221090028906,1003
2024-09-18 14:12:38.128,,98
2024-09-18 14:12:38.146,414.3377584974272,98
2024-09-18 14:12:38.155,414.29616617923193,11
2024-09-18 14:12:38.223,414.3289817535056,96
2024-09-18 14:12:38.275,414.2612758059629,14
2024-09-18 14:12:38.352,414.2588676441424,104
2024-09-18 14:12:38.357,414.2891510160953,104
2024-09-18 14:12:38.380,414.29367629940856,1002
2024-09-18 14:12:38.423,414.27272599990215,6
2024-09-18 14:12:38.440,414.2696836368001,15
2024-09-18 14:12:38.440,414.322565926192,98
2024-09-18 14:12:38.486,414.268961654882,1000
2024-09-18 14:12:38.540,414.2526030863863,999
2024-09-18 14:12:38.547,414.2814822415162,998
2024-09-18 14:12:38.605,414.3245369916559,96
2024-09-18 14:12:38.771,414.2821067846709,99
2024-09-18 14:12:38.775,414.3046536439443,1002
2024-09-18 14:12:38.791,414.24367519625287,14
2024-09-18 14:12:38.842,414.24667743479984,1005
2024-09-18 14:12:38.904,414.2842201557981,104
2024-09-18 14:12:38.926,414.22187153428166,98
2024-09-18 14:12:38.995,414.21652084624384,95
2024-09-18 14:12:39.090,414.192787726249,6
2024-09-18 14:12:39.406,414.2188215383396,5
2024-09-18 14:12:39.547,414.2088291350567,1002
2024-09-18 14:12:39.597,414.1921145538747,14
2024-09-18 14:12:39.819,414.2099755577835,13
2024-09-18 14:12:39.944,414.2139464172047,14
2024-09-18 14:12:40.008,414.21633239343134,99
2024-09-18 14:12:40.039,414.3467174793839,100
2024-09-18 14:12:40.055,414.34506255245634,1002
2024-09-18 14:12:40.061,414.2715603221071,10
2024-09-18 14:12:40.063,414.3273039613631,99
2024-09-18 14:12:40.201,414.311704775673,105
2024-09-18 14:12:40.283,414.3439530743048,9
2024-09-18 14:12:40.291,414.367781804444,100
2024-09-18 14:12:40.314,414.3510770713309,1004
2024-09-18 14:12:40.430,414.3762731435049,998
2024-09-18 14:12:40.479,414.3019282801821,97
2024-09-18 14:12:40.488,414.3384946261849,1003
2024-09-18 14:12:40.533,414.34631623963134,104
2024-09-18 14:12:40.543,414.3543709090001,999
2024-09-18 14:12:40.561,414.2519031282261,97
2024-09-18 14:12:40.619,414.3696531894191,1004
2024-09-18 14:12:40.622,414.3001008420169,7
2024-09-18 14:12:40.641,414.24983691813935,103
2024-09-18 14:12:40.658,414.2570257161093,1005
2024-09-18 14:12:40.684,414.3520248472436,6
2024-09-18 14:12:40.703,414.2487915038552,103
2024-09-18 14:12:40.747,414.3352183436113,1001
2024-09-18 14:12:40.758,414.2670497162058,6
2024-09-18 14:12:40.784,414.3190422080053,9
2024-09-18 14:12:40.901,414.2822511511988,103
2024-09-18 14:12:41.032,414.3560468099105,100
2024-09-18 14:12:41.154,414.345402553781,103
2024-09-18 14:12:41.207,414.3255836049382,996
2024-09-18 14:12:41.399,414.3605874898568,15
2024-09-18 14:12:41.403,414.3262720687781,99
2024-09-18 14:12:41.538,414.3470721698991,95
2024-09-18 14:12:41.546,414.3290726224935,102
2024-09-18 14:12:42.111,414.35406249195546,104
2024-09-18 14:12:42.124,414.36777230433336,1001
2024-09-18 14:12:42.131,414.36451904850566,97
2024-09-18 14:12:42.154,414.3737215393094,11
2024-09-18 14:12:42.197,414.3574035445686,10
2024-09-18 14:12:42.340,414.352376680549,97
2024-09-18 14:12:42.373,414.3416795342961,1004
2024-09-18 14:12:42.701,414.3451315275961,12
2024-09-18 14:12:42.702,-414.34041628720746,9
2024-09-18 14:12:42.949,414.3491819216925,1000
2024-09-18 14:12:43.070,414.3306393811098,7
2024-09-18 14:12:43.107,414.3148827358857,8
2024-09-18 14:12:43.253,414.355711986366,1000
2024-09-18 14:12:43.334,414.372896237456,1004
2024-09-18 14:12:43.364,414.3421162579951,1005
2024-09-18 14:12:43.386,414.35175963355454,6
2024-09-18 14:12:43.597,414.32197267282334,15
2024-09-18 14:12:43.638,-414.3231336026225,997
2024-09-18 14:12:43.657,414.3346388636626,12
2024-09-18 14:12:43.720,414.33437891665056,15
2024-09-18 14:12:43.993,414.30659103710445,1003
2024-09-18 14:12:43.993,414.3754172937785,104
2024-09-18 14:12:44.313,414.3166189581125,98
2024-09-18 14:12:44.744,414.3462013004665,9
2024-09-18 14:12:45.135,414.34955933220266,97
2024-09-18 14:12:45.160,414.34174101127167,1000
2024-09-18 14:12:45.219,414.36069902183095,97
2024-09-18 14:12:45.247,414.3693927787624,97
2024-09-18 14:12:45.250,414.4107235101901,103
2024-09-18 14:12:45.277,414.36668434379214,999
2024-09-18 14:12:45.340,414.3776228329611,8
2024-09-18 14:12:45.384,414.4022815915329,10
2024-09-18 14:12:45.421,414.4120638022643,13
2024-09-18 14:12:45.433,414.4009966463285,1005
2024-09-18 14:12:45.453,414.3748876396128,995
2024-09-18 14:12:45.492,414.38717945090616,97
2024-09-18 14:12:45.561,414.3999285432645,1001
2024-09-18 14:12:45.596,414.4195466491611,13
2024-09-18 14:12:45.725,414.3643201216704,14
2024-09-18 14:12:45.750,414.41403561360505,12
2024-09-18 14:12:45.895,414.3742720598576,1004
2024-09-18 14:12:45.932,414.387814231192,995
2024-09-18 14:12:46.015,414.3779300373488,96
2024-09-18 14:12:46.046,414.3947856759503,996
2024-09-18 14:12:46.248,414.3791367125015,99
2024-09-18 14:12:46.277,414.3778401389575,8
2024-09-18 14:12:46.464,414.3785564944615,103
2024-09-18 14:12:46.586,414.38165696015926,997
2024-09-18 14:12:46.652,414.3562144848463,998
2024-09-18 14:12:46.718,414.39118113321615,100
2024-09-18 14:12:46.729,414.3658752358168,99
2024-09-18 14:12:46.798,-414.365674415787,9
2024-09-18 14:12:46.832,414.3743336918181,15
2024-09-18 14:12:46.847,414.3734524739722,1001
2024-09-18 14:12:46.961,414.38203380408976,98
2024-09-18 14:12:47.062,414.4045933031264,14
2024-09-18 14:12:47.106,414.3958550987263,98
2024-09-18 14:12:47.183,414.38562839531625,101
2024-09-18 14:12:47.190,414.39911872550033,99
2024-09-18 14:12:47.254,414.4060520887817,10
2024-09-18 14:12:47.259,414.3888669904576,1002
2024-09-18 14:12:47.289,414.4284736522309,104
2024-09-18 14:12:47.296,414.40354493563007,99
2024-09-18 14:12:47.304,414.4075974840568,9
2024-09-18 14:12:47.354,414.3982731473036,1004
2024-09-18 14:12:47.359,414.38713649792425,13
2024-09-18 14:12:47.542,414.4115279887161,998
2024-09-18 14:12:47.583,414.4033496735101,104
2024-09-18 14:12:47.637,414.3806267651964,998
2024-09-18 14:12:47.678,414.4220335740477,5
2024-09-18 14:12:47.685,414.38441102996205,102
2024-09-18 14:12:47.806,414.4020283957928,5
2024-09-18 14:12:47.836,414.3889413574765,1003
2024-09-18 14:12:47.838,414.3802635597634,104
2024-09-18 14:12:47.843,414.39454981312906,105
2024-09-18 14:12:47.928,414.4072976799557,1002
2024-09-18 14:12:48.082,414.3718881362426,15
2024-09-18 14:12:48.239,414.3957950523581,97
2024-09-18 14:12:48.244,414.4110820150264,12
2024-09-18 14:12:48.286,414.36964705647017,11
2024-09-18 14:12:48.343,414.3630255638136,5
2024-09-18 14:12:48.446,414.3738366749143,5
2024-09-18 14:12:48.559,414.3979343838342,100
2024-09-18 14:12:48.586,414.3721602354176,6
2024-09-18 14:12:48.643,414.3788334904244,105
2024-09-18 14:12:48.671,414.4079575745002,1001
2024-09-18 14:12:48.797,414.4117030685607,99
2024-09-18 14:12:48.799,414.4052933591247,8
2024-09-18 14:12:48.812,414.3661694169775,997
2024-09-18 14:12:48.815,414.4098154752273,1001
2024-09-18 14:12:48.816,414.3898602597966,15
2024-09-18 14:12:49.130,-414.3578819958218,99
2024-09-18 14:12:49.133,,99
2024-09-18 14:12:49.136,414.3615192430891,105
2024-09-18 14:12:49.316,414.3910091759526,96
2024-09-18 14:12:49.476,414.3582742590138,1000
2024-09-18 14:12:49.516,414.3893621817543,996
2024-09-18 14:12:49.586,414.3809737869203,99
2024-09-18 14:12:49.641,414.39027021295846,5
2024-09-18 14:12:49.706,414.3571165177893,104
2024-09-18 14:12:49.748,,6
2024-09-18 14:12:49.788,414.326722452548,97
2024-09-18 14:12:49.796,414.3410281123364,6
2024-09-18 14:12:49.841,414.3684193360553,103
2024-09-18 14:12:49.983,414.3584795742528,98
2024-09-18 14:12:50.545,41.43905683083537,9
2024-09-18 14:12:51.076,414.3816897810201,98
2024-09-18 14:12:51.206,414.3944226745332,5
2024-09-18 14:12:51.648,414.379992538539,103
2024-09-18 14:12:51.951,414.35678056623846,96
2024-09-18 14:12:51.994,414.3656711106668,5
2024-09-18 14:12:52.027,414.4291947662632,103
2024-09-18 14:12:52.062,414.3772105500822,12
2024-09-18 14:12:52.077,414.4141760826296,100
2024-09-18 14:12:52.146,414.3854239022527,15
2024-09-18 14:12:52.174,414.39780451787874,97
2024-09-18 14:12:52.309,414.3818976229046,1003
2024-09-18 14:12:52.311,414.3729329108895,5
2024-09-18 14:12:52.380,414.4207253799063,12
2024-09-18 14:12:52.415,414.4235704957911,999
2024-09-18 14:12:52.460,,1002
2024-09-18 14:12:52.614,414.393688642501,100
2024-09-18 14:12:52.620,414.4020683799824,98
2024-09-18 14:12:52.663,414.4285908174733,6
2024-09-18 14:12:52.674,414.399156830324,99
2024-09-18 14:12:52.726,414.3697980308376,10
2024-09-18 14:12:52.749,414.3975852170528,1003
2024-09-18 14:12:52.795,414.3807028608688,996
2024-09-18 14:12:52.806,414.37434553828666,12
2024-09-18 14:12:52.813,414.3905138971455,1004
2024-09-18 14:12:52.813,414.35044259052125,101
2024-09-18 14:12:53.002,414.36258131943725,998
2024-09-18 14:12:53.019,414.3582789275337,13
2024-09-18 14:12:53.030,414.34640894647146,9
2024-09-18 14:12:53.035,414.32071302982735,15
2024-09-18 14:12:53.049,414.37177112001086,15
2024-09-18 14:12:53.103,414.4072116494455,102
2024-09-18 14:12:53.104,414.3220705356858,11
2024-09-18 14:12:53.164,414.3858836180808,996
2024-09-18 14:12:53.203,414.3635567519734,999
2024-09-18 14:12:53.219,414.37158933910126,998
2024-09-18 14:12:53.258,414.3558881805261,1001
2024-09-18 14:12:53.261,414.3776188675148,99
2024-09-18 14:12:53.392,414.36200923302096,1004
2024-09-18 14:12:53.401,414.3633609121485,98
2024-09-18 14:12:53.451,414.35824665188994,9
2024-09-18 14:12:53.458,414.3698651726514,96
2024-09-18 14:12:53.499,414.4048279018618,10
2024-09-18 14:12:53.528,414.3577309416986,1000
2024-09-18 14:12:53.719,414.33362429330094,12
2024-09-18 14:12:53.720,414.4066047863809,1000
2024-09-18 14:12:53.725,414.3806331924727,5
2024-09-18 14:12:53.774,414.405640089805,14
2024-09-18 14:12:53.776,414.32790927708567,101
2024-09-18 14:12:53.802,414.4111512486263,9
2024-09-18 14:12:53.813,414.372565820632,100
2024-09-18 14:12:53.841,414.341417253514,8
2024-09-18 14:12:53.941,414.3647285611473,14
2024-09-18 14:12:53.949,414.3354563006717,14
2024-09-18 14:12:54.027,414.3273859662592,98
2024-09-18 14:12:54.202,414.3445318324677,12
2024-09-18 14:12:54.347,414.3586383235307,5
2024-09-18 14:12:54.412,414.3552043068312,6
2024-09-18 14:12:54.442,414.3560517246897,5
2024-09-18 14:12:54.909,414.35307680943,1005
2024-09-18 14:12:55.006,414.3534287210651,1001
2024-09-18 14:12:55.037,414.41057698346935,95
2024-09-18 14:12:55.072,414.4073574605978,995
2024-09-18 14:12:55.118,414.38953714122255,13
2024-09-18 14:12:55.146,414.3988569432172,1002
2024-09-18 14:12:55.155,414.36485501052925,14
2024-09-18 14:12:55.164,414.36675287447446,997
2024-09-18 14:12:55.187,414.3645097225549,997
2024-09-18 14:12:55.285,414.4296689883674,105
2024-09-18 14:12:55.299,414.3849449132796,10
2024-09-18 14:12:55.369,414.3633545929898,10
2024-09-18 14:12:55.420,414.3499910179527,1000
2024-09-18 14:12:55.480,414.36592233109576,96
2024-09-18 14:12:55.545,414.3767594211429,995
2024-09-18 14:12:55.588,414.3641855852865,15
2024-09-18 14:12:55.614,414.3677841129834,11
2024-09-18 14:12:55.639,414.36495227600585,1004
2024-09-18 14:12:55.682,414.425090585901,996
2024-09-18 14:12:55.759,414.4030728621877,103
2024-09-18 14:12:55.826,414.3694518287914,1004
2024-09-18 14:12:55.838,414.4137380159863,1005
2024-09-18 14:12:55.855,414.3576437309621,100
2024-09-18 14:12:55.865,414.3955372468204,97
2024-09-18 14:12:55.884,414.3719942229024,10
2024-09-18 14:12:55.905,414.3753467882431,13
2024-09-18 14:12:55.915,414.3787865065967,15
2024-09-18 14:12:55.918,414.3782170263189,7
2024-09-18 14:12:55.930,414.3542140726587,11
2024-09-18 14:12:55.933,414.3691847977673,998
2024-09-18 14:12:55.989,414.3708676456733,999
2024-09-18 14:12:56.069,414.3797667705052,15
2024-09-18 14:12:56.221,414.37440588320567,102
2024-09-18 14:12:56.238,414.3838994564845,9
2024-09-18 14:12:56.369,414.3770807409387,11
2024-09-18 14:12:56.428,414.4028405735156,6
2024-09-18 14:12:56.489,414.3660459276788,101
2024-09-18 14:12:56.621,414.390597133348,101
2024-09-18 14:12:56.734,414.3825140395065,13
2024-09-18 14:12:57.093,414.3966627777136,9
2024-09-18 14:12:57.155,414.39196610723616,97
2024-09-18 14:12:57.268,414.3935659695759,98
2024-09-18 14:12:57.277,414.4009618129497,998
2024-09-18 14:12:57.437,414.4102859681938,96
2024-09-18 14:12:57.625,414.39860926811934,104
2024-09-18 14:12:57.656,414.4008607265691,98
2024-09-18 14:12:57.704,414.39990152969335,105
2024-09-18 14:12:58.041,414.35542432058793,996
2024-09-18 14:12:58.182,414.4243064999521,7
2024-09-18 14:12:58.222,414.4195069358397,95
2024-09-18 14:12:58.277,414.4011643552305,103
2024-09-18 14:12:58.285,414.42684896796754,6
2024-09-18 14:12:58.357,414.3775894354986,104
2024-09-18 14:12:58.424,414.41704383333104,995
2024-09-18 14:12:58.473,414.4176676018826,15
2024-09-18 14:12:58.497,414.4136305984045,97
2024-09-18 14:12:58.644,414.4105344639291,1000
2024-09-18 14:12:58.644,414.40254843776114,1002
2024-09-18 14:12:58.682,414.3581088870884,11
2024-09-18 14:12:58.823,414.3711782443608,1001
2024-09-18 14:12:58.894,414.38309065108695,6
2024-09-18 14:12:58.914,414.3697599461905,11
2024-09-18 14:12:58.922,414.4091889872237,1003
2024-09-18 14:12:59.192,414.3823284229879,99
2024-09-18 14:12:59.223,414.3968582274271,104
2024-09-18 14:12:59.229,414.396220634822,1002
2024-09-18 14:12:59.257,414.44833164202623,11
2024-09-18 14:12:59.346,414.4058879559458,12
2024-09-18 14:12:59.380,414.4115544204525,104
2024-09-18 14:12:59.402,414.4359288021951,9
2024-09-18 14:12:59.402,414.36192736581233,9
2024-09-18 14:12:59.408,414.4277829103942,1004
2024-09-18 14:12:59.498,414.3736649044256,1001
2024-09-18 14:12:59.530,414.3664051476897,15
2024-09-18 14:12:59.677,414.3838034377702,6
2024-09-18 14:12:59.694,414.3840518844237,1002
2024-09-18 14:12:59.707,414.348312521423,997
2024-09-18 14:12:59.737,414.3831305181573,102
2024-09-18 14:12:59.778,414.3904375937633,100
2024-09-18 14:12:59.823,414.39771998166015,1001
2024-09-18 14:12:59.839,414.388896257629,100
2024-09-18 14:12:59.965,414.4242281923141,96
2024-09-18 14:12:59.984,414.41703809226544,105
2024-09-18 14:12:59.992,41.43858450389216,98
