Timestamp,Price,Size
2024-09-16 15:33:00.050,416.2262783437629,7
2024-09-16 15:33:00.100,416.1742930334942,14
2024-09-16 15:33:00.148,416.2278643985592,1000
2024-09-16 15:33:00.170,416.210431177402,5
2024-09-16 15:33:00.243,416.1806934062813,103
2024-09-16 15:33:00.375,416.21837546993066,7
2024-09-16 15:33:00.382,416.19695609459416,99
2024-09-16 15:33:00.404,416.23041319479086,105
2024-09-16 15:33:00.494,416.18140807421406,995
2024-09-16 15:33:00.514,416.1759708470503,1005
2024-09-16 15:33:00.525,416.1557265623424,1001
2024-09-16 15:33:00.551,416.18153539032846,1001
2024-09-16 15:33:00.670,416.1682480206314,6
2024-09-16 15:33:00.678,416.1887595543558,1001
2024-09-16 15:33:00.838,416.1720597557715,6
2024-09-16 15:33:00.880,416.18315243720406,104
2024-09-16 15:33:00.894,416.2198981359968,1000
2024-09-16 15:33:01.074,417.3805358903151,1003
2024-09-16 15:33:01.148,416.1764763939885,101
2024-09-16 15:33:01.641,417.3769772750265,997
2024-09-16 15:33:01.825,416.1866197110151,104
2024-09-16 15:33:02.177,416.1977324315536,997
2024-09-16 15:33:02.236,416.2030277478156,105
2024-09-16 15:33:02.484,416.20479207789054,1005
2024-09-16 15:33:02.617,416.19878522941787,104
2024-09-16 15:33:02.809,416.1949359052193,96
2024-09-16 15:33:03.133,416.2101834321849,5
2024-09-16 15:33:03.459,416.20964524203663,1001
2024-09-16 15:33:04.090,416.29113320477353,1001
2024-09-16 15:33:04.150,416.3146205147429,102
2024-09-16 15:33:04.211,416.2748907057916,1004
2024-09-16 15:33:04.234,416.29167744451,95
2024-09-16 15:33:04.279,416.2670422305593,7
2024-09-16 15:33:04.299,416.303604320218,102
2024-09-16 15:33:04.337,416.2456878241083,14
2024-09-16 15:33:04.423,416.2688747218498,9
2024-09-16 15:33:04.441,416.256339657544,998
2024-09-16 15:33:04.455,416.3062164920969,100
2024-09-16 15:33:04.498,416.3236471672521,1001
2024-09-16 15:33:04.543,416.30039013841184,97
2024-09-16 15:33:04.551,416.311887801658,997
2024-09-16 15:33:04.602,416.2912823274305,95
2024-09-16 15:33:04.609,416.2987397112046,1005
2024-09-16 15:33:04.633,416.3173319847841,96
2024-09-16 15:33:04.706,416.2977041412511,999
2024-09-16 15:33:04.709,416.3053690587687,998
2024-09-16 15:33:04.718,416.3168186457176,13
2024-09-16 15:33:04.722,416.2568128955198,10
2024-09-16 15:33:04.769,416.30985498624057,13
2024-09-16 15:33:04.815,416.28770417102993,998
2024-09-16 15:33:04.819,416.3136833226344,5
2024-09-16 15:33:04.860,416.29841973973777,1005
2024-09-16 15:33:04.906,416.3079323413437,1005
2024-09-16 15:33:04.955,416.22094553519895,12
2024-09-16 15:33:04.959,416.3073482200166,102
2024-09-16 15:33:04.983,416.3057470399337,15
2024-09-16 15:33:05.010,416.2889463954672,995
2024-09-16 15:33:05.041,416.29315778839856,98
2024-09-16 15:33:05.353,416.2785111835417,96
2024-09-16 15:33:05.492,416.3143658882817,1003
2024-09-16 15:33:06.177,416.29021881860433,103
2024-09-16 15:33:06.251,416.3497208384275,11
2024-09-16 15:33:06.290,416.2916691913307,96
2024-09-16 15:33:06.417,416.3317263658992,1003
2024-09-16 15:33:06.592,416.3711801257916,12
2024-09-16 15:33:06.914,416.3063541372033,1005
2024-09-16 15:33:06.926,416.3583247257538,96
2024-09-16 15:33:06.967,416.3173026638456,103
2024-09-16 15:33:07.015,416.2655540457335,9
2024-09-16 15:33:07.074,416.2687416928351,13
2024-09-16 15:33:07.090,416.3557730879713,97
2024-09-16 15:33:07.159,416.2646723270929,1003
2024-09-16 15:33:07.160,416.2771931054476,12
2024-09-16 15:33:07.174,416.3040690448848,1003
2024-09-16 15:33:07.235,416.3521030297812,97
2024-09-16 15:33:07.276,416.2888255094717,15
2024-09-16 15:33:07.306,416.3573256109651,5
2024-09-16 15:33:07.320,416.3569116517383,995
2024-09-16 15:33:07.322,416.3365854280001,103
2024-09-16 15:33:07.396,416.27811341731353,1004
2024-09-16 15:33:07.439,416.34936166184633,12
2024-09-16 15:33:07.482,416.28903023805583,1002
2024-09-16 15:33:07.483,416.3646003510635,5
2024-09-16 15:33:07.494,416.36847162965074,15
2024-09-16 15:33:07.554,416.329803832131,96
2024-09-16 15:33:07.575,416.2545280017322,12
2024-09-16 15:33:07.617,416.3603206232223,996
2024-09-16 15:33:07.733,416.2653973158413,1001
2024-09-16 15:33:07.753,416.36309754852687,7
2024-09-16 15:33:07.761,416.2942048018737,8
2024-09-16 15:33:07.775,416.2999896189223,98
2024-09-16 15:33:07.835,416.38261193646696,1005
2024-09-16 15:33:07.945,416.3859512695773,13
2024-09-16 15:33:08.002,416.4076046526968,6
2024-09-16 15:33:08.058,416.3338775895557,1003
2024-09-16 15:33:08.172,416.4221185710172,97
2024-09-16 15:33:08.218,416.412759189245,96
2024-09-16 15:33:08.236,416.3279326227023,1004
2024-09-16 15:33:08.262,416.3337449670255,97
2024-09-16 15:33:08.314,416.3753518861016,9
2024-09-16 15:33:08.394,416.3454214656999,995
2024-09-16 15:33:08.414,416.38418953835065,8
2024-09-16 15:33:08.449,41.63174226270316,98
2024-09-16 15:33:08.515,416.402037077389,13
2024-09-16 15:33:08.623,416.3131441297191,999
2024-09-16 15:33:08.899,416.4016403396095,1004
2024-09-16 15:33:08.910,416.3171947638118,997
2024-09-16 15:33:08.915,416.3647925014152,103
2024-09-16 15:33:08.935,416.41346895371214,97
2024-09-16 15:33:08.968,416.3294025316677,12
2024-09-16 15:33:08.983,416.4119390192407,997
2024-09-16 15:33:09.044,416.41532389701695,97
2024-09-16 15:33:09.162,416.3647108867802,13
2024-09-16 15:33:09.167,416.384896504385,15
2024-09-16 15:33:09.188,416.3696501971409,103
2024-09-16 15:33:09.200,416.3568472661185,10
2024-09-16 15:33:09.204,416.3804217490053,95
2024-09-16 15:33:09.239,416.37171538677705,105
2024-09-16 15:33:09.250,416.4030208768915,13
2024-09-16 15:33:09.253,416.3904121017415,997
2024-09-16 15:33:09.264,416.3766290898351,1004
2024-09-16 15:33:09.331,41.6356287880522,995
2024-09-16 15:33:09.392,416.3781296595392,95
2024-09-16 15:33:09.397,416.3847419524985,1001
2024-09-16 15:33:09.404,416.4003806281296,9
2024-09-16 15:33:09.408,416.3822207221655,98
2024-09-16 15:33:09.595,416.36625597654006,99
2024-09-16 15:33:09.614,416.3619113519818,7
2024-09-16 15:33:09.645,416.3791252682089,101
2024-09-16 15:33:09.649,416.3621392884003,7
2024-09-16 15:33:09.656,416.3974128511701,8
2024-09-16 15:33:09.745,416.3761083257448,9
2024-09-16 15:33:09.790,416.3873067840288,10
2024-09-16 15:33:09.814,416.3888895079159,5
2024-09-16 15:33:09.823,416.3695793096312,996
2024-09-16 15:33:09.868,416.3744575307747,995
2024-09-16 15:33:09.934,416.38451072531336,997
2024-09-16 15:33:09.954,416.3697743794097,104
2024-09-16 15:33:10.007,416.4325734409799,6
2024-09-16 15:33:10.111,416.4288172755427,1001
2024-09-16 15:33:10.171,416.4359176089593,13
2024-09-16 15:33:10.173,416.4256399619083,7
2024-09-16 15:33:10.278,416.4292876972341,100
2024-09-16 15:33:10.344,416.4224165455188,99
2024-09-16 15:33:10.387,416.4520166166256,14
2024-09-16 15:33:10.422,416.4393887634637,6
2024-09-16 15:33:10.470,416.38467972836224,995
2024-09-16 15:33:10.502,416.4349512167999,995
2024-09-16 15:33:10.598,416.3963527510912,102
2024-09-16 15:33:10.631,416.4345638573511,10
2024-09-16 15:33:10.640,416.4580611258017,14
2024-09-16 15:33:10.659,416.4012973452863,11
2024-09-16 15:33:10.671,416.4510164229792,1005
2024-09-16 15:33:10.713,416.43438929923,95
2024-09-16 15:33:10.732,416.4441288184069,6
2024-09-16 15:33:10.733,416.4207631121397,997
2024-09-16 15:33:10.767,416.394573314595,1002
2024-09-16 15:33:10.785,416.4048529820206,10
2024-09-16 15:33:10.795,416.4296142405743,8
2024-09-16 15:33:10.881,416.3940635382425,11
2024-09-16 15:33:10.923,416.4194878068666,15
2024-09-16 15:33:10.936,416.407644999181,14
2024-09-16 15:33:10.946,416.4258416856727,103
2024-09-16 15:33:10.961,416.4023546997733,103
2024-09-16 15:33:11.046,416.3712081254613,13
2024-09-16 15:33:11.115,416.3734116297122,1000
2024-09-16 15:33:11.335,416.37665971915953,13
2024-09-16 15:33:11.383,416.392130374534,999
2024-09-16 15:33:11.405,416.42699581860575,95
2024-09-16 15:33:11.470,41.64299014329558,96
2024-09-16 15:33:11.477,416.39305222844575,97
2024-09-16 15:33:11.598,416.4366531182308,1001
2024-09-16 15:33:11.665,416.4356292895889,9
2024-09-16 15:33:11.723,416.43526223566687,6
2024-09-16 15:33:11.951,416.4094057713672,5
2024-09-16 15:33:11.965,416.4150379519257,101
2024-09-16 15:33:12.034,416.4399096010849,97
2024-09-16 15:33:12.054,416.568268275846,998
2024-09-16 15:33:12.063,416.4205444578633,96
2024-09-16 15:33:12.143,416.6233599389949,13
2024-09-16 15:33:12.160,416.4382274312606,1000
2024-09-16 15:33:12.204,416.45390771134,1005
2024-09-16 15:33:12.224,416.6223007061137,999
2024-09-16 15:33:12.317,416.6291415325088,95
2024-09-16 15:33:12.324,416.4526656903922,100
2024-09-16 15:33:12.334,416.60845523860365,997
2024-09-16 15:33:12.355,416.5062984063646,105
2024-09-16 15:33:12.400,416.561582228218,6
2024-09-16 15:33:12.499,416.5506424680061,996
2024-09-16 15:33:12.510,416.64052155944967,10
2024-09-16 15:33:12.618,416.57957881937887,12
2024-09-16 15:33:12.620,416.6158018233822,995
2024-09-16 15:33:12.628,416.6161366070069,8
2024-09-16 15:33:12.647,416.5540261370131,1005
2024-09-16 15:33:12.739,416.6074290876993,1001
2024-09-16 15:33:12.747,416.5582785536768,8
2024-09-16 15:33:12.783,416.5626646530149,999
2024-09-16 15:33:12.796,416.5678111006912,14
2024-09-16 15:33:12.807,416.5346189953112,11
2024-09-16 15:33:12.865,416.50193745533846,5
2024-09-16 15:33:12.867,416.5939810075439,1003
2024-09-16 15:33:12.869,416.4421159987905,996
2024-09-16 15:33:12.917,416.4779939522612,96
2024-09-16 15:33:12.963,416.4409051236469,5
2024-09-16 15:33:13.040,416.613917188134,1005
2024-09-16 15:33:13.111,416.621591094253,8
2024-09-16 15:33:13.277,417.4579892989947,100
2024-09-16 15:33:13.354,416.6201452085611,997
2024-09-16 15:33:13.420,416.62322378235257,1002
2024-09-16 15:33:13.977,416.6171544265761,9
2024-09-16 15:33:14.084,416.6383193819358,1001
2024-09-16 15:33:14.184,416.6051844332422,1005
2024-09-16 15:33:14.366,416.6139615991739,104
2024-09-16 15:33:14.374,416.613655056846,1005
2024-09-16 15:33:14.414,416.6196805419546,14
2024-09-16 15:33:14.676,416.6487439003844,998
2024-09-16 15:33:14.729,416.6189102839568,15
2024-09-16 15:33:14.740,416.6358065946438,95
2024-09-16 15:33:14.815,-416.6126743589095,11
2024-09-16 15:33:14.962,416.6399715562209,96
2024-09-16 15:33:15.034,416.6174438145106,103
2024-09-16 15:33:15.055,416.6394249917324,1002
2024-09-16 15:33:15.104,416.6011890998128,998
2024-09-16 15:33:15.157,416.6031488577514,996
2024-09-16 15:33:15.194,416.6208399176223,105
2024-09-16 15:33:15.228,416.6495988025613,97
2024-09-16 15:33:15.285,416.67735036044405,7
2024-09-16 15:33:15.291,416.63529503873474,1001
2024-09-16 15:33:15.371,416.616037976961,9
2024-09-16 15:33:15.398,416.628089503898,5
2024-09-16 15:33:15.549,416.62835487411127,997
2024-09-16 15:33:15.677,416.58821092760536,15
2024-09-16 15:33:15.678,416.7014400064747,98
2024-09-16 15:33:15.759,416.69317787473136,11
2024-09-16 15:33:15.783,416.6635922049901,1003
2024-09-16 15:33:15.784,416.6334191780009,104
2024-09-16 15:33:15.805,416.6662557589455,101
2024-09-16 15:33:15.857,416.6809298756236,99
2024-09-16 15:33:15.859,416.6333751794288,8
2024-09-16 15:33:15.989,416.6806572118706,5
2024-09-16 15:33:16.082,416.5924188807983,102
2024-09-16 15:33:16.182,416.6313744446599,102
2024-09-16 15:33:16.205,416.6077870052593,105
2024-09-16 15:33:16.221,416.6186430393452,998
2024-09-16 15:33:16.265,416.62584362909377,1005
2024-09-16 15:33:16.309,416.6319198083882,99
2024-09-16 15:33:16.399,416.54356197266304,15
2024-09-16 15:33:16.417,416.6319891969021,997
2024-09-16 15:33:16.436,416.5549675418287,99
2024-09-16 15:33:16.484,416.6255584368736,13
2024-09-16 15:33:16.533,416.6408374109477,995
2024-09-16 15:33:16.550,416.57432151998086,105
2024-09-16 15:33:16.701,416.56805366927466,1002
2024-09-16 15:33:16.705,416.545317811103,12
2024-09-16 15:33:16.726,416.55964706011576,1001
2024-09-16 15:33:16.741,,15
2024-09-16 15:33:16.747,416.61179523815446,12
2024-09-16 15:33:16.772,416.61845946613806,996
2024-09-16 15:33:16.846,416.6189474455245,997
2024-09-16 15:33:16.971,416.5560859623574,11
2024-09-16 15:33:17.006,416.5503560326276,101
2024-09-16 15:33:17.099,416.5644714840335,95
2024-09-16 15:33:17.216,416.6030760367225,7
2024-09-16 15:33:17.223,416.62277974169615,95
2024-09-16 15:33:17.227,416.5739336392549,1004
2024-09-16 15:33:17.228,416.6103832233077,11
2024-09-16 15:33:17.230,416.5792711697104,14
2024-09-16 15:33:17.256,416.63327133108936,15
2024-09-16 15:33:17.293,416.604446938318,10
2024-09-16 15:33:17.301,416.62244953116215,10
2024-09-16 15:33:17.336,416.6239368733465,14
2024-09-16 15:33:17.338,416.627485501733,15
2024-09-16 15:33:17.362,416.5624370398342,10
2024-09-16 15:33:17.398,416.5991593667597,6
2024-09-16 15:33:17.481,416.6047688469552,7
2024-09-16 15:33:17.521,416.5961911441896,999
2024-09-16 15:33:17.563,416.6052817784914,998
2024-09-16 15:33:17.681,416.6184175973468,11
2024-09-16 15:33:17.746,416.5944949890209,100
2024-09-16 15:33:17.796,416.62115161541135,104
2024-09-16 15:33:17.802,416.56622870129866,7
2024-09-16 15:33:17.838,416.586380729207,1001
2024-09-16 15:33:17.846,416.5887586759606,11
2024-09-16 15:33:17.898,416.6095701307299,7
2024-09-16 15:33:17.937,416.59027625662105,998
2024-09-16 15:33:17.997,416.6161999948284,11
2024-09-16 15:33:18.009,416.60416436438936,1002
2024-09-16 15:33:18.049,416.6080260037967,97
2024-09-16 15:33:18.059,416.5705020087731,1004
2024-09-16 15:33:18.092,416.5608404711261,1002
2024-09-16 15:33:18.099,416.55878709095737,96
2024-09-16 15:33:18.107,416.607515786517,102
2024-09-16 15:33:18.120,416.54897164642045,1002
2024-09-16 15:33:18.265,416.5740849422563,14
2024-09-16 15:33:18.312,416.5832890109359,15
2024-09-16 15:33:18.367,416.5903103234821,95
2024-09-16 15:33:18.369,416.5610963804951,99
2024-09-16 15:33:18.416,416.5573027921408,105
2024-09-16 15:33:18.460,416.5986687582574,103
2024-09-16 15:33:18.534,416.6093126899007,105
2024-09-16 15:33:18.559,416.60466417346447,99
2024-09-16 15:33:18.583,416.6089984244015,996
2024-09-16 15:33:18.611,416.6061536574304,96
2024-09-16 15:33:18.636,416.6155812632472,15
2024-09-16 15:33:18.694,416.5716973195039,97
2024-09-16 15:33:18.749,416.57987468154806,997
2024-09-16 15:33:18.749,416.59705787061193,6
2024-09-16 15:33:18.754,416.6091391738055,99
2024-09-16 15:33:18.807,416.5897458480335,1000
2024-09-16 15:33:18.815,416.62563355387744,995
2024-09-16 15:33:18.834,416.5552423857165,104
2024-09-16 15:33:18.900,416.5701913668795,10
2024-09-16 15:33:18.930,416.6136537840953,1002
2024-09-16 15:33:18.947,416.60769677567976,101
2024-09-16 15:33:18.995,41.66051419636705,15
2024-09-16 15:33:19.045,416.59109654975504,1000
2024-09-16 15:33:19.239,416.6196988119229,999
2024-09-16 15:33:19.298,416.59961538654846,1004
2024-09-16 15:33:19.298,416.5728531459288,14
2024-09-16 15:33:19.312,416.61366173788576,96
2024-09-16 15:33:19.347,416.5811583792339,1001
2024-09-16 15:33:19.593,416.6067550910614,98
2024-09-16 15:33:19.640,416.5705397063008,995
2024-09-16 15:33:19.668,416.59576797289503,7
2024-09-16 15:33:19.734,416.5892314210806,7
2024-09-16 15:33:19.790,416.6180178740583,95
2024-09-16 15:33:19.793,416.6166231666446,1001
2024-09-16 15:33:19.794,416.5826990370119,1004
2024-09-16 15:33:20.042,416.6077830362289,97
2024-09-16 15:33:20.206,416.5993506680113,95
2024-09-16 15:33:20.532,416.6085360595109,13
2024-09-16 15:33:20.603,416.6069126593655,9
2024-09-16 15:33:20.757,416.6123775026769,95
2024-09-16 15:33:21.026,416.6113330389011,9
2024-09-16 15:33:21.075,416.6063029025641,96
2024-09-16 15:33:21.171,416.6043695960356,101
2024-09-16 15:33:21.438,416.59144646865593,98
2024-09-16 15:33:21.762,416.6101434500022,105
2024-09-16 15:33:22.041,416.7262922923741,5
2024-09-16 15:33:22.112,416.70487926228776,10
2024-09-16 15:33:22.131,416.62869383280366,103
2024-09-16 15:33:22.142,416.6456960502208,105
2024-09-16 15:33:22.182,416.7195337477965,8
2024-09-16 15:33:22.298,416.6650882418864,103
2024-09-16 15:33:22.299,416.6829025742276,1001
2024-09-16 15:33:22.302,416.701918784226,1000
2024-09-16 15:33:22.334,416.6935465441481,1005
2024-09-16 15:33:22.364,416.6665851834394,999
2024-09-16 15:33:22.457,416.728807182457,15
2024-09-16 15:33:22.524,416.7097196391159,1005
2024-09-16 15:33:22.616,416.6340650608549,9
2024-09-16 15:33:22.680,416.6362872935541,10
2024-09-16 15:33:22.923,416.6381965629346,10
2024-09-16 15:33:23.022,416.6811071930772,98
2024-09-16 15:33:23.094,416.69948474648254,5
2024-09-16 15:33:23.212,416.6857441617714,1005
2024-09-16 15:33:23.340,416.7082926813642,9
2024-09-16 15:33:23.565,416.7069698344279,998
2024-09-16 15:33:23.756,416.6767844276688,102
2024-09-16 15:33:23.764,416.6949126964312,1003
2024-09-16 15:33:23.768,416.6792931885904,99
2024-09-16 15:33:23.820,416.702363625008,13
2024-09-16 15:33:23.917,416.7065578527988,98
2024-09-16 15:33:24.154,416.7082577293596,98
2024-09-16 15:33:24.177,416.70521616623154,1004
2024-09-16 15:33:24.256,416.7154319629135,999
2024-09-16 15:33:24.324,416.742584606782,995
2024-09-16 15:33:24.525,416.7218557291903,1004
2024-09-16 15:33:24.611,416.7406124102344,7
2024-09-16 15:33:24.622,416.7146685304748,13
2024-09-16 15:33:24.702,416.7237235537511,97
2024-09-16 15:33:24.703,416.70313586245294,1002
2024-09-16 15:33:24.725,416.7279219833717,9
2024-09-16 15:33:24.773,416.737507739549,98
2024-09-16 15:33:24.812,416.7122806128954,11
2024-09-16 15:33:24.813,416.7315560031396,7
2024-09-16 15:33:24.998,416.7067210127113,99
2024-09-16 15:33:25.052,416.737343423076,97
2024-09-16 15:33:25.247,416.7313655406633,6
2024-09-16 15:33:25.327,416.7104395187058,1001
2024-09-16 15:33:25.431,416.7069889301071,1000
2024-09-16 15:33:25.738,416.70295950935497,15
2024-09-16 15:33:25.766,416.7190232481745,11
2024-09-16 15:33:25.822,416.7411493866219,15
2024-09-16 15:33:25.848,41.67003637716199,13
2024-09-16 15:33:26.018,416.73448494631776,102
2024-09-16 15:33:26.084,41.67314044103416,997
2024-09-16 15:33:26.228,416.756486252637,101
2024-09-16 15:33:26.286,416.7395694556568,1001
2024-09-16 15:33:26.518,416.7792615292666,102
2024-09-16 15:33:26.587,416.7216539859616,11
2024-09-16 15:33:26.637,416.72758351324615,100
2024-09-16 15:33:26.678,416.731754746719,101
2024-09-16 15:33:26.697,416.7354402858997,999
2024-09-16 15:33:26.698,416.7514976772483,6
2024-09-16 15:33:26.710,416.7408573980347,103
2024-09-16 15:33:26.743,416.77336462717307,102
2024-09-16 15:33:26.763,416.71811045171927,998
2024-09-16 15:33:26.809,416.7550443999928,9
2024-09-16 15:33:26.818,416.7379401003749,7
2024-09-16 15:33:26.843,416.715203758009,97
2024-09-16 15:33:26.889,416.7294826599428,1004
2024-09-16 15:33:26.890,416.7243499170178,14
2024-09-16 15:33:26.926,416.7168659567864,999
2024-09-16 15:33:26.957,416.73134847105337,105
2024-09-16 15:33:27.106,416.7354520855158,10
2024-09-16 15:33:27.115,416.7410795389311,14
2024-09-16 15:33:27.212,416.76945473328107,96
2024-09-16 15:33:27.415,416.7538507259442,13
2024-09-16 15:33:27.452,416.75645759160017,99
2024-09-16 15:33:27.532,416.7483053345012,101
2024-09-16 15:33:27.614,416.72685701336417,1001
2024-09-16 15:33:27.626,416.7261318204323,100
2024-09-16 15:33:27.689,416.7461351644914,999
2024-09-16 15:33:27.702,416.7310383700551,7
2024-09-16 15:33:27.702,416.764779223748,1004
2024-09-16 15:33:27.735,416.7381948664743,10
2024-09-16 15:33:27.749,416.7688754432392,97
2024-09-16 15:33:27.918,416.774764908615,102
2024-09-16 15:33:27.932,416.7310388464329,1004
2024-09-16 15:33:28.041,416.746348817069,100
2024-09-16 15:33:28.074,416.7321883014691,5
2024-09-16 15:33:28.119,416.76708634831135,1001
2024-09-16 15:33:28.160,416.7589522254674,997
2024-09-16 15:33:28.253,416.7424944902802,15
2024-09-16 15:33:28.390,416.7438138361718,8
2024-09-16 15:33:28.426,416.749428853052,97
2024-09-16 15:33:28.542,416.7380806958061,6
2024-09-16 15:33:28.542,416.73564411845854,1000
2024-09-16 15:33:28.575,416.75298628405625,98
2024-09-16 15:33:28.575,416.7615286187789,97
2024-09-16 15:33:28.576,416.7411270827211,10
2024-09-16 15:33:28.623,416.7569294952835,96
2024-09-16 15:33:28.629,416.7515093520675,96
2024-09-16 15:33:28.649,416.73413234622063,11
2024-09-16 15:33:28.652,416.74235253791136,102
2024-09-16 15:33:28.669,416.7492877129279,7
2024-09-16 15:33:28.683,416.7525185134868,999
2024-09-16 15:33:28.788,416.7579554006673,15
2024-09-16 15:33:28.801,416.7527152282563,101
2024-09-16 15:33:28.845,416.7565251331006,5
2024-09-16 15:33:28.857,416.73711367382,1000
2024-09-16 15:33:28.918,416.7695158106326,1004
2024-09-16 15:33:29.083,416.70074597652695,1001
2024-09-16 15:33:29.527,416.7039051592749,997
2024-09-16 15:33:29.561,416.71781135983343,97
2024-09-16 15:33:29.730,416.7316519075584,97
2024-09-16 15:33:29.868,416.70372992528377,998
2024-09-16 15:33:29.963,416.70303922649634,10
2024-09-16 15:33:30.043,416.7070950922069,7
2024-09-16 15:33:30.262,416.7012403043429,995
2024-09-16 15:33:30.455,416.6882282287124,95
2024-09-16 15:33:30.773,416.71680434607816,5
2024-09-16 15:33:30.832,416.7272043622384,102
2024-09-16 15:33:30.935,416.69831092642033,995
2024-09-16 15:33:31.010,416.73868002837935,1004
2024-09-16 15:33:31.068,416.740221071106,1001
2024-09-16 15:33:31.088,416.7253042260628,1005
2024-09-16 15:33:31.108,-416.7195392766976,999
2024-09-16 15:33:31.171,416.7397469269979,11
2024-09-16 15:33:31.234,416.7378064157476,1001
2024-09-16 15:33:31.234,416.7387747597264,996
2024-09-16 15:33:31.267,416.72961385464754,1003
2024-09-16 15:33:31.369,416.7233025634957,1001
2024-09-16 15:33:31.392,416.7496491667807,102
2024-09-16 15:33:31.397,416.7374762216087,103
2024-09-16 15:33:31.418,416.7340186565812,95
2024-09-16 15:33:31.462,416.74789473177697,1002
2024-09-16 15:33:31.494,416.7546083497328,98
2024-09-16 15:33:31.537,416.7223197032877,998
2024-09-16 15:33:31.564,416.7117203036694,12
2024-09-16 15:33:31.580,416.7255390424657,1004
2024-09-16 15:33:31.628,416.7465545796771,998
2024-09-16 15:33:31.648,416.7039642341528,95
2024-09-16 15:33:31.681,416.73506585441527,95
2024-09-16 15:33:31.694,416.71721044863,9
2024-09-16 15:33:31.708,416.73187925304615,99
2024-09-16 15:33:31.742,416.7489922105319,5
2024-09-16 15:33:31.747,416.7221843627352,999
2024-09-16 15:33:31.761,416.736941763209,1000
2024-09-16 15:33:31.780,416.7388665166639,14
2024-09-16 15:33:31.864,416.7575079048149,8
2024-09-16 15:33:31.864,416.7558381509178,10
2024-09-16 15:33:31.953,416.7160457664764,100
2024-09-16 15:33:31.953,416.7333427826159,9
2024-09-16 15:33:32.007,416.7435718531269,1003
2024-09-16 15:33:32.012,416.7338441304125,102
2024-09-16 15:33:32.046,416.7344758132965,995
2024-09-16 15:33:32.071,416.75058372144576,1001
2024-09-16 15:33:32.191,416.749211970899,998
2024-09-16 15:33:32.244,416.7595030323107,9
2024-09-16 15:33:32.244,416.7553134326329,1000
2024-09-16 15:33:32.361,416.7625500743268,996
2024-09-16 15:33:32.373,416.7856471741152,101
2024-09-16 15:33:32.386,41.67882907343815,105
2024-09-16 15:33:32.401,416.75962320241314,96
2024-09-16 15:33:32.441,416.7191965990438,105
2024-09-16 15:33:32.595,416.7278673833434,15
2024-09-16 15:33:32.600,416.7521679680176,12
2024-09-16 15:33:32.641,416.728592537682,7
2024-09-16 15:33:32.645,416.7531763895024,104
2024-09-16 15:33:32.659,416.7572383025525,998
2024-09-16 15:33:32.686,416.75480708206135,1002
2024-09-16 15:33:32.701,416.7401862341128,998
2024-09-16 15:33:32.730,416.73468709580857,97
2024-09-16 15:33:32.756,416.7280389865278,1002
2024-09-16 15:33:32.823,416.74668409412953,1003
2024-09-16 15:33:32.840,416.75020560712295,13
2024-09-16 15:33:32.861,416.7443700329959,1003
2024-09-16 15:33:32.882,416.7867128783551,14
2024-09-16 15:33:32.905,416.7532083904756,998
2024-09-16 15:33:32.985,416.7264263722072,9
2024-09-16 15:33:32.995,416.7501778669072,13
2024-09-16 15:33:33.017,416.7446348162449,1005
2024-09-16 15:33:33.053,416.7553280665136,8
2024-09-16 15:33:33.135,416.7186063857629,95
2024-09-16 15:33:33.138,416.7259502856364,5
2024-09-16 15:33:33.142,416.7575179141052,998
2024-09-16 15:33:33.199,416.7475486692756,96
2024-09-16 15:33:33.300,-416.74147683986496,5
2024-09-16 15:33:33.317,416.7433699211672,1004
2024-09-16 15:33:33.418,416.72025311105335,999
2024-09-16 15:33:33.490,416.7594188139359,101
2024-09-16 15:33:33.598,416.7407401288761,98
2024-09-16 15:33:33.613,416.73251288507504,10
2024-09-16 15:33:33.636,416.760104675035,7
2024-09-16 15:33:33.737,416.7562711816781,103
2024-09-16 15:33:33.774,416.7521792973885,1002
2024-09-16 15:33:33.807,416.7164285007315,102
2024-09-16 15:33:33.832,416.7462943305478,1005
2024-09-16 15:33:33.912,416.73173085696686,1000
2024-09-16 15:33:33.935,416.7613134168938,997
2024-09-16 15:33:33.937,416.7468329466419,103
2024-09-16 15:33:35.014,416.7595154437639,95
2024-09-16 15:33:35.069,416.7241875472027,6
2024-09-16 15:33:35.201,416.7551385981256,15
2024-09-16 15:33:35.237,416.76114843364473,11
2024-09-16 15:33:35.244,416.7003746337036,6
2024-09-16 15:33:35.268,416.7716103092822,10
2024-09-16 15:33:35.308,416.766655302495,1000
2024-09-16 15:33:35.311,416.7582156767443,11
2024-09-16 15:33:35.314,416.71199024155953,7
2024-09-16 15:33:35.457,416.754071267629,6
2024-09-16 15:33:35.460,416.74731805818845,6
2024-09-16 15:33:35.560,416.750571076254,97
2024-09-16 15:33:35.571,416.759500953109,995
2024-09-16 15:33:35.592,416.70009975706057,996
2024-09-16 15:33:35.644,416.7862640921499,9
2024-09-16 15:33:35.676,416.7767394967373,1000
2024-09-16 15:33:35.767,416.7184322115352,999
2024-09-16 15:33:35.807,416.7625644199826,13
2024-09-16 15:33:35.812,416.7629533699754,995
2024-09-16 15:33:35.813,416.7664805709961,1003
2024-09-16 15:33:35.839,416.790800793285,5
2024-09-16 15:33:35.886,416.7741714105409,1003
2024-09-16 15:33:35.969,416.7479939348829,1002
2024-09-16 15:33:35.984,416.7084070275992,14
2024-09-16 15:33:36.012,416.7406870421734,998
2024-09-16 15:33:36.030,416.729698930335,1001
2024-09-16 15:33:36.043,416.7266885060945,1004
2024-09-16 15:33:36.110,416.7569984945695,101
2024-09-16 15:33:36.221,416.7169657138722,1005
2024-09-16 15:33:36.246,416.7582823939557,1005
2024-09-16 15:33:36.275,416.74849239857895,997
2024-09-16 15:33:36.341,-416.7881512524284,8
2024-09-16 15:33:36.352,416.7933124855602,105
2024-09-16 15:33:36.402,416.798910072596,99
2024-09-16 15:33:36.407,416.7855282647347,7
2024-09-16 15:33:36.428,416.72402403248793,1004
2024-09-16 15:33:36.467,416.7848985683302,12
2024-09-16 15:33:36.493,416.7328433187568,15
2024-09-16 15:33:36.546,416.72608068453707,1002
2024-09-16 15:33:36.564,416.7367540530289,998
2024-09-16 15:33:36.632,416.7327386621921,9
2024-09-16 15:33:36.635,416.78191491016094,996
2024-09-16 15:33:36.706,416.7999202333318,998
2024-09-16 15:33:36.725,416.75833895401246,98
2024-09-16 15:33:36.785,416.7370773712637,1002
2024-09-16 15:33:36.800,416.74746344188594,104
2024-09-16 15:33:36.892,416.7990338845567,101
2024-09-16 15:33:36.913,416.7630530572876,102
2024-09-16 15:33:36.935,416.7564327299921,100
2024-09-16 15:33:36.965,416.7279760606976,98
2024-09-16 15:33:37.029,416.731259323241,7
2024-09-16 15:33:37.046,416.7892682633977,1004
2024-09-16 15:33:37.058,416.7835818297709,14
2024-09-16 15:33:37.077,416.7770537897492,105
2024-09-16 15:33:37.081,416.7752104891818,13
2024-09-16 15:33:37.097,416.7725707901849,8
2024-09-16 15:33:37.215,416.78732987417686,95
2024-09-16 15:33:37.272,416.7843879121738,995
2024-09-16 15:33:37.337,416.78447498173136,1005
2024-09-16 15:33:37.415,416.7706917942127,11
2024-09-16 15:33:37.491,416.7355360451887,1002
2024-09-16 15:33:37.573,416.7964181842568,11
2024-09-16 15:33:37.629,417.4587538172259,996
2024-09-16 15:33:37.639,416.7894003692297,13
2024-09-16 15:33:37.692,416.79934044653857,14
2024-09-16 15:33:37.698,416.79020666333577,105
2024-09-16 15:33:37.734,416.79732868266456,1004
2024-09-16 15:33:37.787,416.7272989248581,6
2024-09-16 15:33:37.788,416.7416439871391,99
2024-09-16 15:33:37.879,416.7516778611903,5
2024-09-16 15:33:37.882,416.7400894616711,105
2024-09-16 15:33:37.896,416.7491813760935,1003
2024-09-16 15:33:37.936,416.7580010506161,14
2024-09-16 15:33:37.940,416.7654641547013,103
2024-09-16 15:33:37.984,416.7442318486405,100
2024-09-16 15:33:38.017,416.78775024718726,97
2024-09-16 15:33:38.206,416.780935131516,12
2024-09-16 15:33:38.342,416.7912951340406,1004
2024-09-16 15:33:38.394,416.7975247191842,95
2024-09-16 15:33:38.599,416.7832294504726,1002
2024-09-16 15:33:38.632,416.75985717791167,995
2024-09-16 15:33:38.965,416.7807667142092,15
2024-09-16 15:33:39.132,416.7920334485748,6
2024-09-16 15:33:39.267,416.792488403258,105
2024-09-16 15:33:39.442,416.7904597315895,1001
2024-09-16 15:33:39.482,416.78409005285897,104
2024-09-16 15:33:40.126,416.77431692435584,999
2024-09-16 15:33:40.142,416.8522384549012,11
2024-09-16 15:33:40.165,416.8714307888573,1003
2024-09-16 15:33:40.175,416.8451163132896,99
2024-09-16 15:33:40.243,416.8738084273501,95
2024-09-16 15:33:40.298,416.8305014949679,1003
2024-09-16 15:33:40.374,416.8315587242878,1000
2024-09-16 15:33:40.380,416.8320940516601,998
2024-09-16 15:33:40.383,416.8363464084353,998
2024-09-16 15:33:40.386,416.8605266772005,14
2024-09-16 15:33:40.420,416.82999395872986,95
2024-09-16 15:33:40.434,41.685626170559246,7
2024-09-16 15:33:40.443,416.8152116676975,8
2024-09-16 15:33:40.457,416.8303195214248,11
2024-09-16 15:33:40.479,416.7804932682278,1004
2024-09-16 15:33:40.521,416.8435152018956,15
2024-09-16 15:33:40.528,416.8282357887499,95
2024-09-16 15:33:40.549,416.7899192676848,1001
2024-09-16 15:33:40.558,416.7711866437863,95
2024-09-16 15:33:40.632,416.7888074099917,1003
2024-09-16 15:33:40.685,416.86619167126895,1001
2024-09-16 15:33:40.741,416.85363546750153,15
2024-09-16 15:33:40.777,416.86621566719583,102
2024-09-16 15:33:40.887,416.8451578323847,15
2024-09-16 15:33:40.923,416.8703438086148,998
2024-09-16 15:33:40.929,416.8451925077807,100
2024-09-16 15:33:40.949,416.8352515009717,11
2024-09-16 15:33:40.962,416.8428029790164,1000
2024-09-16 15:33:40.995,416.8361889455128,1002
2024-09-16 15:33:41.010,416.8362512929506,15
2024-09-16 15:33:41.038,416.8946782650473,1001
2024-09-16 15:33:41.050,416.8693380656782,14
2024-09-16 15:33:41.077,416.8891912580633,101
2024-09-16 15:33:41.126,416.9186191120762,1000
2024-09-16 15:33:41.165,416.9123862412811,97
2024-09-16 15:33:41.264,416.9163312695848,105
2024-09-16 15:33:41.276,416.85427099409486,1004
2024-09-16 15:33:41.323,416.8749097012659,14
2024-09-16 15:33:41.373,416.8942275147822,101
2024-09-16 15:33:41.407,416.904546893759,13
2024-09-16 15:33:41.409,416.843636674274,10
2024-09-16 15:33:41.414,416.8465033155972,9
2024-09-16 15:33:41.529,416.8909080861431,998
2024-09-16 15:33:41.604,416.9072729014092,1002
2024-09-16 15:33:41.612,416.9151101272954,15
2024-09-16 15:33:41.745,416.82131359172126,995
2024-09-16 15:33:41.771,416.8947893219639,96
2024-09-16 15:33:42.100,416.8640830278905,5
2024-09-16 15:33:42.306,416.8751600104172,10
2024-09-16 15:33:42.385,416.8818131136862,6
2024-09-16 15:33:42.449,416.8642550890328,1003
2024-09-16 15:33:42.472,416.8540859222368,13
2024-09-16 15:33:42.493,416.8798475503225,1000
2024-09-16 15:33:42.623,416.8764985252257,995
2024-09-16 15:33:43.087,416.8360466890648,7
2024-09-16 15:33:43.094,416.8586323303531,11
2024-09-16 15:33:43.151,416.8621502649758,12
2024-09-16 15:33:43.174,416.8685764331517,6
2024-09-16 15:33:43.265,416.8616626831994,15
2024-09-16 15:33:43.266,416.84645825104377,6
2024-09-16 15:33:43.357,416.8564169538772,102
2024-09-16 15:33:43.396,416.8218727959538,11
2024-09-16 15:33:43.440,416.8154511588426,996
2024-09-16 15:33:43.459,416.85174104953967,8
2024-09-16 15:33:43.531,416.8288960203833,96
2024-09-16 15:33:43.612,416.8508511318032,7
2024-09-16 15:33:43.649,416.8554606673803,10
2024-09-16 15:33:43.729,,99
2024-09-16 15:33:43.909,416.8474656893895,1000
2024-09-16 15:33:43.990,416.86556889615457,1000
2024-09-16 15:33:44.026,416.8856342945199,1003
2024-09-16 15:33:44.036,416.83861112707694,5
2024-09-16 15:33:44.108,416.829764850358,102
2024-09-16 15:33:44.221,416.8859740852231,997
2024-09-16 15:33:44.414,416.834230136617,999
2024-09-16 15:33:44.441,416.8777719892599,100
2024-09-16 15:33:44.444,416.8478233405501,1002
2024-09-16 15:33:44.452,416.8351094001833,995
2024-09-16 15:33:44.502,416.8547356413984,14
2024-09-16 15:33:44.579,416.8806660474473,100
2024-09-16 15:33:44.714,416.8632613179036,101
2024-09-16 15:33:44.758,416.8230901522444,996
2024-09-16 15:33:44.796,416.8575198235989,103
2024-09-16 15:33:44.881,416.8235513857656,96
2024-09-16 15:33:44.894,416.881668971112,13
2024-09-16 15:33:44.910,416.8935406616281,995
2024-09-16 15:33:44.944,416.8438184928856,995
2024-09-16 15:33:45.128,416.8587692474696,99
2024-09-16 15:33:45.147,416.8027402923724,1005
2024-09-16 15:33:45.156,416.8488881732607,9
2024-09-16 15:33:45.175,416.8587216315486,8
2024-09-16 15:33:45.263,416.8503260574983,996
2024-09-16 15:33:45.331,416.80361983387536,1004
2024-09-16 15:33:45.445,416.82276261861546,1000
2024-09-16 15:33:45.786,416.8624555158266,1001
2024-09-16 15:33:45.829,416.8382254513405,995
2024-09-16 15:33:45.987,416.8507441963197,7
2024-09-16 15:33:45.998,416.82431335607663,7
2024-09-16 15:33:46.100,416.8750898942261,103
2024-09-16 15:33:46.165,416.89798445244753,105
2024-09-16 15:33:46.197,416.8734556093232,6
2024-09-16 15:33:46.262,416.8918836591032,10
2024-09-16 15:33:46.278,,996
2024-09-16 15:33:46.367,416.9049796783647,103
2024-09-16 15:33:46.374,416.9124283680705,1002
2024-09-16 15:33:46.375,416.89863852271856,96
2024-09-16 15:33:46.460,416.911205076103,9
2024-09-16 15:33:46.465,416.8908890395203,13
2024-09-16 15:33:46.489,416.90734487353535,99
2024-09-16 15:33:46.494,416.841593964164,1001
2024-09-16 15:33:46.496,416.8925389766612,97
2024-09-16 15:33:46.557,416.8996907975099,97
2024-09-16 15:33:46.567,416.83936000994777,98
2024-09-16 15:33:46.576,416.9026261366637,6
2024-09-16 15:33:46.706,416.8192948972257,96
2024-09-16 15:33:46.806,416.8895008963272,102
2024-09-16 15:33:46.820,416.8273021095018,9
2024-09-16 15:33:46.829,,1000
2024-09-16 15:33:46.831,416.8467432730704,102
2024-09-16 15:33:46.858,416.87510826668,100
2024-09-16 15:33:46.955,416.8624552138664,1000
2024-09-16 15:33:46.960,416.885248824717,105
2024-09-16 15:33:46.965,416.8414886502534,11
2024-09-16 15:33:46.998,416.8993370832843,1005
2024-09-16 15:33:47.097,416.8184574244474,995
2024-09-16 15:33:47.101,416.8753296788168,13
2024-09-16 15:33:47.223,416.8090685570849,9
2024-09-16 15:33:47.227,416.8745344503809,97
2024-09-16 15:33:47.242,416.8425297313371,998
2024-09-16 15:33:47.253,416.8912596813995,6
2024-09-16 15:33:47.356,416.87931545903945,1005
2024-09-16 15:33:47.360,416.8792164493211,95
2024-09-16 15:33:47.389,416.8884562243108,104
2024-09-16 15:33:47.403,416.88062662352513,101
2024-09-16 15:33:47.408,416.8311642682003,1000
2024-09-16 15:33:47.424,416.8296548952281,103
2024-09-16 15:33:47.484,416.8869970156751,103
2024-09-16 15:33:47.533,416.8047179346155,7
2024-09-16 15:33:47.596,416.8314443388869,96
2024-09-16 15:33:47.734,416.8493625372199,1004
2024-09-16 15:33:47.755,416.8422372598912,12
2024-09-16 15:33:47.779,416.8109527864862,999
2024-09-16 15:33:47.792,416.8234057957336,11
2024-09-16 15:33:47.799,416.84357449676895,105
2024-09-16 15:33:47.870,416.88015848915927,998
2024-09-16 15:33:47.949,416.8080376697684,1002
2024-09-16 15:33:48.084,416.7884865323989,11
2024-09-16 15:33:48.085,416.7860074738208,97
2024-09-16 15:33:48.128,416.7554316918736,999
2024-09-16 15:33:48.146,416.7726865368208,996
2024-09-16 15:33:48.148,416.8412965599623,999
2024-09-16 15:33:48.149,416.768784075633,99
2024-09-16 15:33:48.149,416.8371139898575,1000
2024-09-16 15:33:48.247,416.7472732591467,10
2024-09-16 15:33:48.282,416.8150504401496,1004
2024-09-16 15:33:48.287,416.76583585150456,1003
2024-09-16 15:33:48.300,416.8534107702436,97
2024-09-16 15:33:48.320,416.8406820558632,995
2024-09-16 15:33:48.394,416.8210712785389,100
2024-09-16 15:33:48.437,416.7515620660569,5
2024-09-16 15:33:48.442,416.78067929553936,102
2024-09-16 15:33:48.448,416.8577528672615,101
2024-09-16 15:33:48.508,416.7885443962161,6
2024-09-16 15:33:48.538,,15
2024-09-16 15:33:48.559,416.8004684673455,995
2024-09-16 15:33:48.564,416.7959718986076,999
2024-09-16 15:33:48.585,416.7734446273704,997
2024-09-16 15:33:48.673,416.7630606197658,14
2024-09-16 15:33:48.763,416.8110210941328,13
2024-09-16 15:33:48.792,416.7841240488041,9
2024-09-16 15:33:48.817,416.7917561651394,10
2024-09-16 15:33:48.907,416.7828599686513,1003
2024-09-16 15:33:48.916,416.7908027790004,7
2024-09-16 15:33:48.944,416.7742481834576,14
2024-09-16 15:33:48.966,416.8252437626035,96
2024-09-16 15:33:49.257,416.8204630661121,96
2024-09-16 15:33:49.467,416.8295416256228,10
2024-09-16 15:33:49.498,416.83172406642416,1005
2024-09-16 15:33:49.501,416.8243396773828,105
2024-09-16 15:33:49.517,416.8340806526865,8
2024-09-16 15:33:49.575,416.8351281642956,96
2024-09-16 15:33:49.578,416.8198082517293,103
2024-09-16 15:33:49.614,416.8389603363639,10
2024-09-16 15:33:49.625,416.8186071157524,12
2024-09-16 15:33:49.705,416.81779688630354,996
2024-09-16 15:33:49.705,416.8246752828531,1002
2024-09-16 15:33:49.848,416.8242743880799,96
2024-09-16 15:33:49.875,416.8506301739717,11
2024-09-16 15:33:50.128,417.4471485205638,1001
2024-09-16 15:33:50.406,416.8500604807494,105
2024-09-16 15:33:50.903,416.8527677837164,7
2024-09-16 15:33:50.967,416.851551516996,12
2024-09-16 15:33:51.022,416.86645345560754,8
2024-09-16 15:33:51.062,416.8378658710006,99
2024-09-16 15:33:51.085,416.8639677569748,5
2024-09-16 15:33:51.131,416.86941372086426,1001
2024-09-16 15:33:51.182,416.875499108722,999
2024-09-16 15:33:51.248,416.8726434803402,11
2024-09-16 15:33:51.271,416.8706261991788,1001
2024-09-16 15:33:51.394,416.88627357569015,995
2024-09-16 15:33:51.436,416.84168494296347,1002
2024-09-16 15:33:51.526,416.829307278812,1000
2024-09-16 15:33:51.539,416.8770956712993,1000
2024-09-16 15:33:51.560,416.8340689734104,97
2024-09-16 15:33:51.584,416.87589493443073,11
2024-09-16 15:33:51.612,416.8625938332892,14
2024-09-16 15:33:51.620,416.83614019745175,105
2024-09-16 15:33:51.680,416.8736757428436,5
2024-09-16 15:33:51.721,416.87169179974046,997
2024-09-16 15:33:51.779,416.8779014584021,1000
2024-09-16 15:33:51.818,416.88149365472935,101
2024-09-16 15:33:51.912,416.86580008440535,101
2024-09-16 15:33:51.949,416.8692144428077,97
2024-09-16 15:33:51.989,416.8461245448349,101
2024-09-16 15:33:52.153,416.8615333769594,97
2024-09-16 15:33:52.223,416.9270624612122,1000
2024-09-16 15:33:52.254,416.93338291385226,1002
2024-09-16 15:33:52.329,416.8803967092219,10
2024-09-16 15:33:52.384,416.9135241531409,8
2024-09-16 15:33:52.449,416.85508042337824,105
2024-09-16 15:33:52.665,416.867458558774,7
2024-09-16 15:33:52.896,416.8484819358524,7
2024-09-16 15:33:52.919,416.8465785505877,995
2024-09-16 15:33:52.940,416.86751232165193,5
2024-09-16 15:33:52.998,416.8886947100864,11
2024-09-16 15:33:53.129,416.8311250027273,100
2024-09-16 15:33:53.179,416.9411917606121,10
2024-09-16 15:33:53.181,416.9018521250102,104
2024-09-16 15:33:53.190,416.8789492720052,13
2024-09-16 15:33:53.216,416.8517058646166,100
2024-09-16 15:33:53.221,416.9249738641035,6
2024-09-16 15:33:53.229,416.86695491682815,9
2024-09-16 15:33:53.267,416.8655424453439,997
2024-09-16 15:33:53.286,416.9354100415589,9
2024-09-16 15:33:53.299,416.8561148900275,1000
2024-09-16 15:33:53.337,416.8772864578268,97
2024-09-16 15:33:53.383,416.93535192633664,996
2024-09-16 15:33:53.473,416.89981542846414,12
2024-09-16 15:33:53.487,416.8768273737623,104
2024-09-16 15:33:53.590,416.8820209626237,99
2024-09-16 15:33:53.638,416.8660323690783,995
2024-09-16 15:33:53.639,416.8749078363558,104
2024-09-16 15:33:53.650,416.8925679671293,1000
2024-09-16 15:33:53.672,416.9184198963845,100
2024-09-16 15:33:53.672,416.9033503803777,999
2024-09-16 15:33:53.718,416.8173812581823,995
2024-09-16 15:33:53.727,416.87900016252,102
2024-09-16 15:33:53.744,416.8818455205508,997
2024-09-16 15:33:53.804,417.5033243111108,996
2024-09-16 15:33:53.837,416.8789264999872,102
2024-09-16 15:33:53.905,416.9036158773822,996
2024-09-16 15:33:53.951,416.8789320170173,98
2024-09-16 15:33:54.146,416.8256261200795,6
2024-09-16 15:33:54.452,416.7643510060745,100
2024-09-16 15:33:54.453,416.7970575472672,14
2024-09-16 15:33:54.458,416.808830336532,9
2024-09-16 15:33:54.489,416.796893500325,105
2024-09-16 15:33:54.562,416.7804058352512,1000
2024-09-16 15:33:54.586,416.7982093601005,8
2024-09-16 15:33:54.651,416.78102173812186,105
2024-09-16 15:33:54.775,416.7674010094865,6
2024-09-16 15:33:54.871,416.7990010344656,7
2024-09-16 15:33:54.901,416.7794838075862,11
2024-09-16 15:33:54.916,416.77534085081305,12
2024-09-16 15:33:55.036,416.8563749017408,1005
2024-09-16 15:33:55.040,416.79212433733255,999
2024-09-16 15:33:55.050,416.8106134334553,96
2024-09-16 15:33:55.073,416.7705234512877,95
2024-09-16 15:33:55.096,416.8394924695704,12
2024-09-16 15:33:55.116,416.8239221434747,102
2024-09-16 15:33:55.280,416.8165437639892,98
2024-09-16 15:33:55.389,416.84854635384977,98
2024-09-16 15:33:55.534,416.7993385000528,103
2024-09-16 15:33:55.541,416.8441912460028,11
2024-09-16 15:33:55.911,416.8130812282792,998
2024-09-16 15:33:55.963,416.85690545269904,97
2024-09-16 15:33:56.127,416.86594518350654,1004
2024-09-16 15:33:56.509,416.9046373076928,1000
2024-09-16 15:33:56.904,416.8568481609904,1005
2024-09-16 15:33:56.981,416.8797340855903,101
2024-09-16 15:33:57.007,416.9399346240047,998
2024-09-16 15:33:57.123,416.893321195551,95
2024-09-16 15:33:57.175,416.9103930032208,6
2024-09-16 15:33:57.192,416.9110169785839,6
2024-09-16 15:33:57.243,416.9066091516984,10
2024-09-16 15:33:57.286,416.9519852277801,11
2024-09-16 15:33:57.315,416.97217259132367,98
2024-09-16 15:33:57.455,416.9332824283657,12
2024-09-16 15:33:57.474,416.91808642007845,104
2024-09-16 15:33:57.486,416.9242383020732,95
2024-09-16 15:33:57.495,416.8788156107354,6
2024-09-16 15:33:57.532,-416.92508729861055,10
2024-09-16 15:33:57.693,416.9276796838528,10
2024-09-16 15:33:57.702,416.9244978932006,10
2024-09-16 15:33:57.702,416.919543076487,1001
2024-09-16 15:33:57.789,416.9391387412167,1003
2024-09-16 15:33:57.823,416.94033215876107,10
2024-09-16 15:33:57.832,416.8894334850414,995
2024-09-16 15:33:57.865,416.90669592263527,98
2024-09-16 15:33:57.869,416.9023386936373,98
2024-09-16 15:33:57.995,416.95733770528005,10
2024-09-16 15:33:58.020,416.9636945575283,12
2024-09-16 15:33:58.168,416.99009473547954,101
2024-09-16 15:33:58.192,417.0014567544684,995
2024-09-16 15:33:58.244,416.9645964218592,13
2024-09-16 15:33:58.466,416.98905942235166,98
2024-09-16 15:33:58.467,416.9842863529712,6
2024-09-16 15:33:58.528,417.0271585535213,105
2024-09-16 15:33:58.592,417.03184739633474,14
2024-09-16 15:33:58.613,41.69615180437227,998
2024-09-16 15:33:58.638,416.9866350277917,10
2024-09-16 15:33:58.743,416.9591384368796,12
2024-09-16 15:33:58.888,417.0257067059125,1004
2024-09-16 15:33:58.902,416.9504229626343,11
2024-09-16 15:33:58.915,416.9627699072906,998
2024-09-16 15:33:58.954,416.99472360548657,7
2024-09-16 15:33:59.007,416.9936676163602,8
2024-09-16 15:33:59.024,416.99157839796544,7
2024-09-16 15:33:59.028,416.9993010347026,101
2024-09-16 15:33:59.112,416.9945323717358,998
2024-09-16 15:33:59.240,416.97449261057295,105
2024-09-16 15:33:59.283,416.9910831810517,1003
2024-09-16 15:33:59.359,417.01530917266496,14
2024-09-16 15:33:59.364,417.01274618284987,12
2024-09-16 15:33:59.390,416.9839254328606,96
2024-09-16 15:33:59.458,416.97464033594656,997
2024-09-16 15:33:59.460,417.0066078639492,102
2024-09-16 15:33:59.471,416.99285516056045,101
2024-09-16 15:33:59.477,417.0174648499324,12
2024-09-16 15:33:59.484,416.9928345311764,10
2024-09-16 15:33:59.491,417.011785553596,10
2024-09-16 15:33:59.527,416.9860884162262,5
2024-09-16 15:33:59.529,417.0282977751512,1003
2024-09-16 15:33:59.623,417.0441162938064,998
2024-09-16 15:33:59.629,417.0413496071052,13
2024-09-16 15:33:59.630,417.03475370327504,99
2024-09-16 15:33:59.693,417.0090280709586,11
2024-09-16 15:33:59.693,417.0072883624095,8
2024-09-16 15:33:59.754,417.02089682644544,997
2024-09-16 15:33:59.774,416.99409331836415,995
2024-09-16 15:33:59.859,416.9934231215022,996
2024-09-16 15:33:59.871,417.0096363885511,995
2024-09-16 15:33:59.875,417.0339576723517,96
2024-09-16 15:33:59.925,417.01630372426206,1004
2024-09-16 15:33:59.949,417.02617910561605,8
