Timestamp,Price,Size
2024-09-17 11:27:00.008,416.86805735397286,998
2024-09-17 11:27:00.037,416.8005429786143,14
2024-09-17 11:27:00.117,416.8637732233653,13
2024-09-17 11:27:00.197,416.85636975507896,105
2024-09-17 11:27:00.298,416.84534387523576,997
2024-09-17 11:27:00.434,416.863118023913,104
2024-09-17 11:27:00.456,416.85087071739787,11
2024-09-17 11:27:00.555,416.7919553180652,98
2024-09-17 11:27:00.567,416.87970019597697,6
2024-09-17 11:27:00.590,416.8173118585547,97
2024-09-17 11:27:00.596,416.8549891908723,6
2024-09-17 11:27:00.653,-416.8728148091709,998
2024-09-17 11:27:00.671,416.8735225592291,5
2024-09-17 11:27:00.688,416.8759510690432,100
2024-09-17 11:27:00.716,416.8209549388026,1004
2024-09-17 11:27:00.798,416.87178992765325,998
2024-09-17 11:27:00.799,416.8726269611794,13
2024-09-17 11:27:00.890,416.8504333766203,1001
2024-09-17 11:27:00.891,416.8120312383559,5
2024-09-17 11:27:00.894,416.836625590258,996
2024-09-17 11:27:00.923,416.8247195098809,98
2024-09-17 11:27:00.931,416.8814762559394,7
2024-09-17 11:27:00.954,416.8745234307069,1005
2024-09-17 11:27:01.005,416.7892358411187,101
2024-09-17 11:27:01.137,416.78505478581855,14
2024-09-17 11:27:01.185,416.7719616266342,5
2024-09-17 11:27:01.303,416.7955642914708,14
2024-09-17 11:27:01.392,416.782476272296,103
2024-09-17 11:27:01.569,416.8117526596224,5
2024-09-17 11:27:01.575,41.67972889984546,15
2024-09-17 11:27:01.639,416.7917566159536,14
2024-09-17 11:27:01.664,416.79390648228,8
2024-09-17 11:27:01.702,416.7558571076435,13
2024-09-17 11:27:01.705,416.8144640279388,6
2024-09-17 11:27:01.740,416.7909127151992,6
2024-09-17 11:27:01.756,416.7728625410728,7
2024-09-17 11:27:01.786,416.76925953949393,97
2024-09-17 11:27:01.798,416.75447794119015,7
2024-09-17 11:27:01.821,416.8013851151098,996
2024-09-17 11:27:01.844,416.7821057249576,998
2024-09-17 11:27:01.869,416.8025258126962,96
2024-09-17 11:27:01.899,416.8423905276359,1004
2024-09-17 11:27:01.913,416.81001441871655,101
2024-09-17 11:27:01.918,416.8239950413691,8
2024-09-17 11:27:01.941,416.7951232611466,15
2024-09-17 11:27:01.996,416.82256580053553,101
2024-09-17 11:27:02.172,416.84887101724513,95
2024-09-17 11:27:02.350,416.84998098318965,99
2024-09-17 11:27:02.376,416.79746040101,13
2024-09-17 11:27:02.392,416.8062088787507,6
2024-09-17 11:27:02.511,416.8163492483511,99
2024-09-17 11:27:02.650,416.8421644785239,8
2024-09-17 11:27:02.689,416.8333213068578,95
2024-09-17 11:27:02.873,416.8398817273136,104
2024-09-17 11:27:03.016,416.83236893591607,1000
2024-09-17 11:27:03.192,416.8914494042817,9
2024-09-17 11:27:03.213,416.84426636128046,997
2024-09-17 11:27:03.228,416.88412223382016,1004
2024-09-17 11:27:03.234,416.8193945202275,999
2024-09-17 11:27:03.236,416.8315949432752,105
2024-09-17 11:27:03.364,416.884648908112,1005
2024-09-17 11:27:03.372,416.8615888836769,13
2024-09-17 11:27:03.422,416.84234900329005,14
2024-09-17 11:27:03.422,416.8377178096845,13
2024-09-17 11:27:03.487,416.8297407197173,97
2024-09-17 11:27:03.501,416.8638461788164,9
2024-09-17 11:27:03.527,416.8354601329195,95
2024-09-17 11:27:03.563,416.8751379049317,996
2024-09-17 11:27:03.606,416.8448413940192,997
2024-09-17 11:27:03.633,416.8580109373439,98
2024-09-17 11:27:03.707,416.8440974264323,1002
2024-09-17 11:27:03.716,416.8796364497235,996
2024-09-17 11:27:03.728,416.8744721026581,100
2024-09-17 11:27:03.871,416.8657939124928,98
2024-09-17 11:27:03.893,416.8554293780669,105
2024-09-17 11:27:03.964,416.8467187081336,9
2024-09-17 11:27:04.284,416.8574355989869,103
2024-09-17 11:27:04.328,416.8669890099128,11
2024-09-17 11:27:05.359,416.8916530976611,1001
2024-09-17 11:27:05.378,416.89035238475134,7
2024-09-17 11:27:05.668,-416.875646045459,97
2024-09-17 11:27:05.918,416.8996452465413,98
2024-09-17 11:27:05.952,416.8767439429972,1002
2024-09-17 11:27:06.044,,102
2024-09-17 11:27:06.102,416.8938920301481,98
2024-09-17 11:27:06.129,416.8303286216208,7
2024-09-17 11:27:06.251,416.8220143947337,15
2024-09-17 11:27:06.271,416.80008432423824,1000
2024-09-17 11:27:06.278,416.8264546178316,104
2024-09-17 11:27:06.283,416.8039525887247,996
2024-09-17 11:27:06.411,416.81804150621554,1004
2024-09-17 11:27:06.500,416.789323819055,103
2024-09-17 11:27:06.511,416.8028594044159,104
2024-09-17 11:27:06.535,416.7986327779092,998
2024-09-17 11:27:06.537,416.8098094638655,12
2024-09-17 11:27:06.586,416.8112712963648,98
2024-09-17 11:27:06.616,416.8758751223452,1001
2024-09-17 11:27:06.630,416.7935306806461,105
2024-09-17 11:27:06.645,416.7867011079293,1003
2024-09-17 11:27:06.678,416.8574308799842,1001
2024-09-17 11:27:06.700,,97
2024-09-17 11:27:06.792,416.8013698625462,98
2024-09-17 11:27:06.855,416.88221413689865,1005
2024-09-17 11:27:06.864,416.8204124239546,1005
2024-09-17 11:27:06.918,416.8099314732792,14
2024-09-17 11:27:06.986,416.8277292591965,995
2024-09-17 11:27:07.012,416.86688071755736,1001
2024-09-17 11:27:07.041,416.82323221765296,1004
2024-09-17 11:27:07.087,416.8181186309509,102
2024-09-17 11:27:07.157,416.8291852497814,99
2024-09-17 11:27:07.247,416.8148055343482,1000
2024-09-17 11:27:07.320,416.819874243912,15
2024-09-17 11:27:07.371,416.85351225844187,14
2024-09-17 11:27:07.413,416.8354564315116,1001
2024-09-17 11:27:07.451,416.8233656487902,10
2024-09-17 11:27:07.606,416.80782601079727,11
2024-09-17 11:27:07.718,416.8211796880468,8
2024-09-17 11:27:07.736,416.8410815470431,1004
2024-09-17 11:27:07.741,416.840965885982,5
2024-09-17 11:27:07.938,416.8139090721547,98
2024-09-17 11:27:07.969,416.83826456230565,6
2024-09-17 11:27:07.991,416.82028125823047,1003
2024-09-17 11:27:08.261,416.8158298725581,96
2024-09-17 11:27:08.823,416.7876474874759,103
2024-09-17 11:27:09.159,416.77609240990427,997
2024-09-17 11:27:10.086,416.7545014993795,97
2024-09-17 11:27:10.096,416.75795114472135,1000
2024-09-17 11:27:10.119,416.77031214632746,98
2024-09-17 11:27:10.174,416.76484785616697,101
2024-09-17 11:27:10.403,416.7363527028374,96
2024-09-17 11:27:10.451,416.7507655914623,95
2024-09-17 11:27:10.506,416.7598728677862,1003
2024-09-17 11:27:10.572,416.7430125471595,10
2024-09-17 11:27:10.603,416.74637969569113,996
2024-09-17 11:27:10.902,416.7381098253767,13
2024-09-17 11:27:10.963,416.76688346445263,95
2024-09-17 11:27:11.063,416.7487628348642,12
2024-09-17 11:27:11.118,416.7308171342101,996
2024-09-17 11:27:11.146,416.7418606374344,999
2024-09-17 11:27:11.149,416.70918993254674,97
2024-09-17 11:27:11.188,416.7494745399876,1000
2024-09-17 11:27:11.285,416.7414239289237,1004
2024-09-17 11:27:11.371,416.7517748248026,6
2024-09-17 11:27:11.392,416.7203881899781,95
2024-09-17 11:27:11.402,416.7511731972456,13
2024-09-17 11:27:11.444,416.7290292204901,1002
2024-09-17 11:27:11.492,416.7752452251858,995
2024-09-17 11:27:11.544,416.7338269985772,1005
2024-09-17 11:27:11.580,416.77860987404097,100
2024-09-17 11:27:11.615,416.75502737796666,15
2024-09-17 11:27:11.719,416.7488162879004,98
2024-09-17 11:27:11.722,41.67271433489347,997
2024-09-17 11:27:11.732,416.7319399793775,103
2024-09-17 11:27:11.815,416.7469750968306,7
2024-09-17 11:27:11.852,416.7625250386781,105
2024-09-17 11:27:11.897,416.7245959540848,100
2024-09-17 11:27:11.898,416.7483188137898,102
2024-09-17 11:27:11.913,416.7439783975868,997
2024-09-17 11:27:12.137,416.75432312671626,995
2024-09-17 11:27:12.494,416.75519203474727,997
2024-09-17 11:27:12.506,416.7437272544231,6
2024-09-17 11:27:12.524,416.7302852152952,96
2024-09-17 11:27:12.599,416.764922285196,10
2024-09-17 11:27:13.071,416.7611716139649,1002
2024-09-17 11:27:13.333,416.7775348302249,1001
2024-09-17 11:27:13.538,416.7580051870751,104
2024-09-17 11:27:13.650,416.7442571942728,996
2024-09-17 11:27:13.781,416.77412723452784,998
2024-09-17 11:27:13.817,416.7567238561773,1004
2024-09-17 11:27:13.875,416.7854339964822,6
2024-09-17 11:27:13.882,,96
2024-09-17 11:27:13.983,416.7553751185997,1003
2024-09-17 11:27:14.087,416.7449259959756,102
2024-09-17 11:27:14.183,416.7512149589549,10
2024-09-17 11:27:14.242,416.7641690717313,1005
2024-09-17 11:27:14.251,416.77880009095617,1001
2024-09-17 11:27:14.315,416.76673730241066,1001
2024-09-17 11:27:14.358,416.76272717501456,6
2024-09-17 11:27:14.364,416.747525211176,996
2024-09-17 11:27:14.381,416.7515316750096,6
2024-09-17 11:27:14.602,416.7486966843269,996
2024-09-17 11:27:14.740,416.7491602776455,99
2024-09-17 11:27:15.237,416.6682600975841,13
2024-09-17 11:27:15.270,416.7016507295602,105
2024-09-17 11:27:15.277,416.6606613684903,98
2024-09-17 11:27:15.277,416.7335905495144,12
2024-09-17 11:27:15.366,416.6744254007652,8
2024-09-17 11:27:15.386,416.66842075909057,13
2024-09-17 11:27:15.477,416.64154238780856,9
2024-09-17 11:27:15.697,416.6485470172048,1000
2024-09-17 11:27:15.732,416.6622292341186,997
2024-09-17 11:27:15.799,416.6772177090044,999
2024-09-17 11:27:15.865,416.66552465118286,96
2024-09-17 11:27:15.874,416.6848303922225,1001
2024-09-17 11:27:15.913,416.6445196524296,997
2024-09-17 11:27:15.947,416.6266621861026,100
2024-09-17 11:27:15.986,416.6511477677784,9
2024-09-17 11:27:16.003,416.6550218333384,7
2024-09-17 11:27:16.007,416.6604411833641,996
2024-09-17 11:27:16.012,416.6376557147557,1001
2024-09-17 11:27:16.017,416.6738517830853,11
2024-09-17 11:27:16.039,416.6737995564307,1002
2024-09-17 11:27:16.131,416.6337686680658,98
2024-09-17 11:27:16.238,416.6735349639433,995
2024-09-17 11:27:16.307,416.64321031601696,996
2024-09-17 11:27:16.324,416.6465350557912,11
2024-09-17 11:27:16.339,416.65583569451326,103
2024-09-17 11:27:16.370,416.6430052012794,7
2024-09-17 11:27:16.390,416.68576702650927,15
2024-09-17 11:27:16.438,416.6681561113559,1002
2024-09-17 11:27:16.438,416.667609267449,1001
2024-09-17 11:27:16.440,-416.62901471601367,10
2024-09-17 11:27:16.453,416.660074000513,100
2024-09-17 11:27:16.524,416.66621502051504,997
2024-09-17 11:27:16.623,416.6399143549864,6
2024-09-17 11:27:16.647,416.6361974201752,98
2024-09-17 11:27:16.699,416.673770704899,101
2024-09-17 11:27:16.773,416.654322890802,1001
2024-09-17 11:27:16.879,416.6610137735544,8
2024-09-17 11:27:16.910,416.6793880566632,96
2024-09-17 11:27:16.916,416.63634855646086,8
2024-09-17 11:27:16.926,416.6145821733365,7
2024-09-17 11:27:16.984,416.664016704062,13
2024-09-17 11:27:17.074,416.6401558161322,998
2024-09-17 11:27:17.075,416.6624830807216,997
2024-09-17 11:27:17.094,416.6381592531193,103
2024-09-17 11:27:17.149,416.6723593895375,1005
2024-09-17 11:27:17.156,416.65201984076,105
2024-09-17 11:27:17.276,416.6876275532821,15
2024-09-17 11:27:17.278,416.6204538293879,998
2024-09-17 11:27:17.366,416.6831373099844,7
2024-09-17 11:27:17.389,416.6677025839405,9
2024-09-17 11:27:17.490,416.6712686137476,8
2024-09-17 11:27:17.615,416.6855850377212,996
2024-09-17 11:27:17.630,416.65580510013297,1001
2024-09-17 11:27:17.709,416.62670387954665,998
2024-09-17 11:27:17.863,416.68092134011255,100
2024-09-17 11:27:17.969,416.6417871736671,98
2024-09-17 11:27:18.106,416.5934271627665,15
2024-09-17 11:27:18.160,416.566279935092,97
2024-09-17 11:27:18.166,416.5709989203811,1001
2024-09-17 11:27:18.203,416.6027480009411,996
2024-09-17 11:27:18.238,416.5982739117853,1004
2024-09-17 11:27:18.278,416.59166950618567,1004
2024-09-17 11:27:18.283,416.5832455187558,98
2024-09-17 11:27:18.366,416.58032422892336,998
2024-09-17 11:27:18.438,416.56437677864113,1001
2024-09-17 11:27:18.516,416.60518575713695,100
2024-09-17 11:27:18.571,416.58690013824224,95
2024-09-17 11:27:18.588,416.6034188302067,98
2024-09-17 11:27:18.591,416.56275855195554,1004
2024-09-17 11:27:18.615,416.61489443488114,9
2024-09-17 11:27:18.651,416.5993629761939,105
2024-09-17 11:27:18.711,416.5928919590761,1004
2024-09-17 11:27:18.720,416.59402943070495,995
2024-09-17 11:27:18.777,416.5710311652368,13
2024-09-17 11:27:18.813,-416.5986515357072,6
2024-09-17 11:27:18.868,416.59825370771927,102
2024-09-17 11:27:18.878,416.59479556012434,96
2024-09-17 11:27:18.884,416.6180888693342,15
2024-09-17 11:27:18.993,416.5794426833694,97
2024-09-17 11:27:19.021,416.57882721988005,15
2024-09-17 11:27:19.022,416.5894705031818,12
2024-09-17 11:27:19.181,416.6405748269861,97
2024-09-17 11:27:19.238,416.5891692600848,96
2024-09-17 11:27:19.250,416.61052059858827,95
2024-09-17 11:27:19.281,416.57660000793743,105
2024-09-17 11:27:19.330,416.6044988216735,995
2024-09-17 11:27:19.460,416.5888322207521,999
2024-09-17 11:27:19.479,416.5957239221022,1000
2024-09-17 11:27:19.522,416.5791584103661,12
2024-09-17 11:27:19.592,416.5949160268129,1002
2024-09-17 11:27:19.664,416.6018603446224,104
2024-09-17 11:27:19.752,416.6110855965055,996
2024-09-17 11:27:19.790,416.5936685387428,1001
2024-09-17 11:27:19.800,416.5992301410844,104
2024-09-17 11:27:19.813,416.63810752753096,102
2024-09-17 11:27:19.941,416.60682363831575,103
2024-09-17 11:27:20.033,416.63711784573934,97
2024-09-17 11:27:20.041,416.6254017046825,96
2024-09-17 11:27:20.123,416.6132496191023,14
2024-09-17 11:27:20.134,416.61084533589417,1000
2024-09-17 11:27:20.159,416.6015604379537,99
2024-09-17 11:27:20.291,416.6213888019391,10
2024-09-17 11:27:20.382,416.6327235571232,7
2024-09-17 11:27:20.396,416.6179999408213,12
2024-09-17 11:27:20.495,416.62404496384335,1003
2024-09-17 11:27:20.519,416.5997605696025,10
2024-09-17 11:27:20.592,416.6255312088044,10
2024-09-17 11:27:20.598,416.5999959273609,10
2024-09-17 11:27:20.635,416.6313012763399,14
2024-09-17 11:27:20.648,416.6186538531082,15
2024-09-17 11:27:20.663,416.6135555963508,100
2024-09-17 11:27:20.754,416.61326367337983,5
2024-09-17 11:27:20.766,416.60778967382777,1001
2024-09-17 11:27:20.775,416.62654323353024,95
2024-09-17 11:27:20.855,416.6058650253635,97
2024-09-17 11:27:20.859,416.62244592332047,998
2024-09-17 11:27:20.870,416.62179348567474,100
2024-09-17 11:27:20.872,416.6120066216773,1002
2024-09-17 11:27:20.872,416.6631839687494,1005
2024-09-17 11:27:20.875,416.60441022162,6
2024-09-17 11:27:20.917,416.6145606619546,996
2024-09-17 11:27:20.926,416.641934276226,15
2024-09-17 11:27:21.006,416.6534805900621,995
2024-09-17 11:27:21.016,416.6790104653487,9
2024-09-17 11:27:21.025,416.68317397802247,1005
2024-09-17 11:27:21.048,416.74037213952994,998
2024-09-17 11:27:21.158,416.70218800262666,995
2024-09-17 11:27:21.211,416.66156256302986,97
2024-09-17 11:27:21.256,416.7025183509352,1005
2024-09-17 11:27:21.260,,103
2024-09-17 11:27:21.307,416.6611758746491,96
2024-09-17 11:27:21.332,416.71438687534766,1001
2024-09-17 11:27:21.506,416.6742532746022,996
2024-09-17 11:27:21.541,416.73701418594345,102
2024-09-17 11:27:21.554,416.7047708990994,1003
2024-09-17 11:27:21.603,416.7387859032783,995
2024-09-17 11:27:21.612,416.71785679669625,5
2024-09-17 11:27:21.659,416.6860210018241,7
2024-09-17 11:27:21.671,416.68468942377206,6
2024-09-17 11:27:21.730,416.65864019338267,101
2024-09-17 11:27:21.901,416.6852946119132,102
2024-09-17 11:27:21.922,416.6626875071298,995
2024-09-17 11:27:21.925,416.7047376951742,1003
2024-09-17 11:27:22.022,416.84458565122577,12
2024-09-17 11:27:22.069,416.87854011664376,1002
2024-09-17 11:27:22.071,416.8334705810208,6
2024-09-17 11:27:22.085,416.7805666275803,6
2024-09-17 11:27:22.151,416.82326071160446,99
2024-09-17 11:27:22.169,416.8520420334697,100
2024-09-17 11:27:22.173,416.79138924523926,15
2024-09-17 11:27:22.182,416.74698479005696,10
2024-09-17 11:27:22.185,416.7104948894605,11
2024-09-17 11:27:22.198,416.7523137236313,7
2024-09-17 11:27:22.232,416.88797983067593,14
2024-09-17 11:27:22.309,416.8039864114904,999
2024-09-17 11:27:22.378,416.8203781591069,95
2024-09-17 11:27:22.478,416.81842125414056,7
2024-09-17 11:27:22.544,416.81877506898365,998
2024-09-17 11:27:22.617,416.82236396120896,8
2024-09-17 11:27:22.669,416.7702893725912,13
2024-09-17 11:27:22.796,416.8206439234324,14
2024-09-17 11:27:22.879,416.8138713706296,98
2024-09-17 11:27:22.879,416.829344815379,12
2024-09-17 11:27:22.914,416.7292951182162,995
2024-09-17 11:27:22.957,416.7614901394021,11
2024-09-17 11:27:23.038,416.8755690827272,996
2024-09-17 11:27:23.068,416.8915117203799,7
2024-09-17 11:27:23.154,416.87291251181927,5
2024-09-17 11:27:23.189,416.8734989234616,15
2024-09-17 11:27:23.236,416.90305901678073,1002
2024-09-17 11:27:23.333,416.8586861001645,96
2024-09-17 11:27:23.349,416.8752280605117,11
2024-09-17 11:27:23.384,416.8906475861525,98
2024-09-17 11:27:23.406,416.8512739801609,5
2024-09-17 11:27:23.445,416.8793661740934,1003
2024-09-17 11:27:23.472,416.9037831857109,96
2024-09-17 11:27:23.492,416.8686520005013,1000
2024-09-17 11:27:23.526,416.8927584778792,98
2024-09-17 11:27:23.619,416.8686975287694,997
2024-09-17 11:27:23.711,416.869324667506,13
2024-09-17 11:27:23.720,416.8888026407747,9
2024-09-17 11:27:23.733,416.90424247121024,12
2024-09-17 11:27:23.751,416.8700291539688,97
2024-09-17 11:27:23.777,416.8809006100747,1002
2024-09-17 11:27:23.787,416.8771032708043,996
2024-09-17 11:27:23.890,416.88235473385765,8
2024-09-17 11:27:23.920,416.8837400162668,105
2024-09-17 11:27:23.924,416.8867927312241,104
2024-09-17 11:27:24.003,416.8799671673934,997
2024-09-17 11:27:24.113,416.8899812016752,997
2024-09-17 11:27:24.343,416.9028184459105,1001
2024-09-17 11:27:24.628,416.890708378918,8
2024-09-17 11:27:24.670,416.939232627635,1003
2024-09-17 11:27:24.736,416.9018689210955,15
2024-09-17 11:27:24.972,416.9304158478178,6
2024-09-17 11:27:24.995,416.9191432084983,8
2024-09-17 11:27:25.055,416.9423284126714,999
2024-09-17 11:27:25.078,416.96868284095297,96
2024-09-17 11:27:25.113,416.95231166756,998
2024-09-17 11:27:25.130,416.9628781662401,999
2024-09-17 11:27:25.169,-416.9517149558648,100
2024-09-17 11:27:25.203,416.933059663447,995
2024-09-17 11:27:25.211,416.9378291600825,1003
2024-09-17 11:27:25.216,416.96289486196366,7
2024-09-17 11:27:25.288,416.9354778367799,999
2024-09-17 11:27:25.332,416.9872414652575,13
2024-09-17 11:27:25.454,416.95218487161424,1002
2024-09-17 11:27:25.485,416.9383335271631,1003
2024-09-17 11:27:25.497,416.9427047110617,102
2024-09-17 11:27:25.577,416.9522403314416,9
2024-09-17 11:27:25.632,416.9364459653543,100
2024-09-17 11:27:25.638,416.9520762496571,100
2024-09-17 11:27:25.661,416.9491873846716,13
2024-09-17 11:27:25.707,416.9191742897999,96
2024-09-17 11:27:25.942,416.9560292154106,105
2024-09-17 11:27:25.978,416.9206457213219,5
2024-09-17 11:27:26.030,416.9896673583647,12
2024-09-17 11:27:26.062,416.9893626124341,1003
2024-09-17 11:27:26.066,416.9846425452289,13
2024-09-17 11:27:26.090,,10
2024-09-17 11:27:26.209,416.994079152213,100
2024-09-17 11:27:26.243,416.9890903485139,97
2024-09-17 11:27:26.245,417.011606120675,995
2024-09-17 11:27:26.282,417.0081904444917,15
2024-09-17 11:27:26.287,417.03953814715663,103
2024-09-17 11:27:26.370,417.00656914070623,996
2024-09-17 11:27:26.379,416.9786799864588,1000
2024-09-17 11:27:26.410,417.0093783944797,999
2024-09-17 11:27:26.436,416.9971933860352,11
2024-09-17 11:27:26.469,417.0179609266867,11
2024-09-17 11:27:26.495,417.0146668546536,999
2024-09-17 11:27:26.520,416.9975704426209,6
2024-09-17 11:27:26.697,416.9919014081013,99
2024-09-17 11:27:26.757,416.98253928851983,13
2024-09-17 11:27:26.766,416.9933791807999,14
2024-09-17 11:27:26.797,417.023368982441,102
2024-09-17 11:27:26.816,417.00524919928296,1005
2024-09-17 11:27:26.824,417.01698364945946,103
2024-09-17 11:27:26.896,417.0158761192493,105
2024-09-17 11:27:26.916,416.99369789649154,7
2024-09-17 11:27:26.940,417.0149966542253,97
2024-09-17 11:27:26.984,416.98934490678175,103
2024-09-17 11:27:27.012,417.1051392983854,11
2024-09-17 11:27:27.040,41.70337243435961,1002
2024-09-17 11:27:27.049,417.0579420841879,8
2024-09-17 11:27:27.118,417.1015610745837,105
2024-09-17 11:27:27.125,417.0847217979396,14
2024-09-17 11:27:27.133,417.0525621211796,1005
2024-09-17 11:27:27.148,-417.0632102811506,12
2024-09-17 11:27:27.226,417.0674776619352,1001
2024-09-17 11:27:27.261,417.1077355589748,10
2024-09-17 11:27:27.319,417.06489107062754,8
2024-09-17 11:27:27.429,,6
2024-09-17 11:27:27.452,417.0732843565357,1003
2024-09-17 11:27:27.588,417.0681022774812,95
2024-09-17 11:27:27.621,417.0622448334965,9
2024-09-17 11:27:27.834,417.09420382470665,9
2024-09-17 11:27:27.910,417.0387921294009,102
2024-09-17 11:27:27.941,417.03330867886,10
2024-09-17 11:27:27.980,417.0719003122432,1002
2024-09-17 11:27:28.211,417.0835637319408,997
2024-09-17 11:27:29.019,417.0812876933784,1005
2024-09-17 11:27:29.029,417.0952747923404,1003
2024-09-17 11:27:29.073,417.08225249887073,97
2024-09-17 11:27:29.073,417.12822264826855,999
2024-09-17 11:27:29.176,417.1131596045104,997
2024-09-17 11:27:29.181,417.1032878033079,6
2024-09-17 11:27:29.188,417.1282152654289,96
2024-09-17 11:27:29.206,417.1040661562023,99
2024-09-17 11:27:29.248,417.0891655994678,14
2024-09-17 11:27:29.280,417.1068651416825,98
2024-09-17 11:27:29.359,41.71061526898936,999
2024-09-17 11:27:29.448,417.1096638640561,8
2024-09-17 11:27:29.498,417.10894168849126,1002
2024-09-17 11:27:29.518,417.1156968152771,5
2024-09-17 11:27:29.542,417.0946232136314,96
2024-09-17 11:27:29.707,417.1113851405075,103
2024-09-17 11:27:29.812,417.1198243989923,995
2024-09-17 11:27:29.813,417.0917651920096,1001
2024-09-17 11:27:29.816,417.0921241228839,102
2024-09-17 11:27:29.824,417.08304793695567,8
2024-09-17 11:27:29.927,417.11877414003567,100
2024-09-17 11:27:29.962,417.1167309268957,998
2024-09-17 11:27:29.974,417.106586089104,96
2024-09-17 11:27:31.014,417.0070182682156,1000
2024-09-17 11:27:31.021,417.0038550737811,999
2024-09-17 11:27:31.076,417.0939187084229,1001
2024-09-17 11:27:31.111,417.0251432901016,1002
2024-09-17 11:27:31.167,417.0738270969006,101
2024-09-17 11:27:31.171,417.1009861246735,99
2024-09-17 11:27:31.205,417.0819253675789,105
2024-09-17 11:27:31.208,417.033415504749,998
2024-09-17 11:27:31.229,417.0378526951895,96
2024-09-17 11:27:31.318,417.01116976906144,1000
2024-09-17 11:27:31.320,417.06211873438286,14
2024-09-17 11:27:31.323,-417.0387630657711,95
2024-09-17 11:27:31.365,417.0307546875831,15
2024-09-17 11:27:31.403,417.0925983062035,104
2024-09-17 11:27:31.456,417.0319926524194,1003
2024-09-17 11:27:31.610,417.09354012962336,8
2024-09-17 11:27:31.627,417.0230102972958,1000
2024-09-17 11:27:31.727,417.0216915207768,102
2024-09-17 11:27:31.752,-417.09047329564737,8
2024-09-17 11:27:31.773,417.000735914912,998
2024-09-17 11:27:31.834,417.01133434050246,103
2024-09-17 11:27:31.846,417.08733296660273,98
2024-09-17 11:27:31.861,417.03440130476815,99
2024-09-17 11:27:31.981,417.00358792070017,104
2024-09-17 11:27:31.995,417.0077240167639,100
2024-09-17 11:27:32.006,417.0411166974037,95
2024-09-17 11:27:32.011,417.08023670918175,97
2024-09-17 11:27:32.018,417.0515114137872,10
2024-09-17 11:27:32.121,417.0460957164378,1000
2024-09-17 11:27:32.163,417.0132917011839,7
2024-09-17 11:27:32.165,417.0482689716426,99
2024-09-17 11:27:32.200,417.0652850591928,999
2024-09-17 11:27:32.282,417.0035250848953,103
2024-09-17 11:27:32.298,417.0302301914254,1002
2024-09-17 11:27:32.323,417.0456812001106,97
2024-09-17 11:27:32.395,-417.0627271871643,13
2024-09-17 11:27:32.422,417.0106700649551,95
2024-09-17 11:27:32.447,417.006016948034,12
2024-09-17 11:27:32.449,417.0035591990504,1002
2024-09-17 11:27:32.480,417.0557474053172,998
2024-09-17 11:27:32.495,417.0184979941254,104
2024-09-17 11:27:32.505,417.0462967947712,99
2024-09-17 11:27:32.510,417.07518184830246,104
2024-09-17 11:27:32.534,417.0505935045322,103
2024-09-17 11:27:32.615,417.0043269523285,103
2024-09-17 11:27:32.652,417.01324519385145,96
2024-09-17 11:27:32.662,417.03695243837086,15
2024-09-17 11:27:32.723,417.0583317152145,998
2024-09-17 11:27:32.729,417.02249781378,10
2024-09-17 11:27:32.771,417.072835042595,996
2024-09-17 11:27:32.778,417.0743029185505,96
2024-09-17 11:27:32.790,417.07363902451095,95
2024-09-17 11:27:32.857,417.048161257224,6
2024-09-17 11:27:32.876,417.0259775010903,1002
2024-09-17 11:27:33.029,417.0010018326374,104
2024-09-17 11:27:33.214,417.02226432586286,998
2024-09-17 11:27:33.254,417.0141026804528,14
2024-09-17 11:27:33.307,416.9883547256563,105
2024-09-17 11:27:33.351,417.0094383708179,8
2024-09-17 11:27:33.512,416.9943164895658,1001
2024-09-17 11:27:33.549,416.98941866986365,1004
2024-09-17 11:27:33.660,417.0279658989994,6
2024-09-17 11:27:33.684,417.0142685681326,1000
2024-09-17 11:27:33.750,417.0041291770457,12
2024-09-17 11:27:33.751,416.9848675029407,8
2024-09-17 11:27:33.766,-416.99946751047605,1004
2024-09-17 11:27:33.845,417.0038017837677,96
2024-09-17 11:27:33.854,417.00377208245294,998
2024-09-17 11:27:33.900,417.01928109226594,11
2024-09-17 11:27:34.041,416.9983848601903,8
2024-09-17 11:27:34.130,416.9907135074232,102
2024-09-17 11:27:34.241,416.9976905968669,100
2024-09-17 11:27:34.322,416.98078352324944,1004
2024-09-17 11:27:34.362,,1004
2024-09-17 11:27:34.376,416.9894153671517,996
2024-09-17 11:27:34.397,417.00808215756007,1002
2024-09-17 11:27:34.474,416.99616543693,996
2024-09-17 11:27:34.490,416.98259728976535,95
2024-09-17 11:27:34.507,417.00466599992666,995
2024-09-17 11:27:34.593,416.97776661581264,996
2024-09-17 11:27:34.598,416.9986585160942,8
2024-09-17 11:27:34.610,416.999560924298,98
2024-09-17 11:27:34.611,417.0081624496454,6
2024-09-17 11:27:34.662,417.0072561333944,998
2024-09-17 11:27:34.670,417.0089063976034,997
2024-09-17 11:27:34.686,417.0038083750423,98
2024-09-17 11:27:34.737,417.00035406903055,998
2024-09-17 11:27:34.840,416.9713952914828,105
2024-09-17 11:27:34.948,417.0018746700156,105
2024-09-17 11:27:34.998,417.0178504199879,14
2024-09-17 11:27:35.062,416.99124203268457,1002
2024-09-17 11:27:35.102,416.9519263269422,6
2024-09-17 11:27:35.206,416.9859618848223,102
2024-09-17 11:27:35.220,416.958091827129,996
2024-09-17 11:27:35.252,416.98732174247175,1003
2024-09-17 11:27:35.418,417.0011640631346,100
2024-09-17 11:27:35.460,416.9697683918312,13
2024-09-17 11:27:35.519,416.96716675058354,98
2024-09-17 11:27:35.520,417.0092850169932,13
2024-09-17 11:27:35.537,416.9631471025188,15
2024-09-17 11:27:35.786,416.9999969168401,104
2024-09-17 11:27:35.829,417.0067508257858,9
2024-09-17 11:27:35.856,416.9585800452804,12
2024-09-17 11:27:35.910,416.9874295443566,9
2024-09-17 11:27:35.921,416.9750336136453,14
2024-09-17 11:27:35.925,416.9974543719062,10
2024-09-17 11:27:35.961,416.98296432848105,96
2024-09-17 11:27:36.225,416.9995917732073,1004
2024-09-17 11:27:36.373,417.0074818397567,100
2024-09-17 11:27:37.006,416.9928504812021,1001
2024-09-17 11:27:37.021,416.9454534953214,100
2024-09-17 11:27:37.055,416.97055902185895,98
2024-09-17 11:27:37.110,416.9887204424999,12
2024-09-17 11:27:37.143,416.983961571613,14
2024-09-17 11:27:37.158,416.9379984193506,1005
2024-09-17 11:27:37.238,416.9974302650083,102
2024-09-17 11:27:37.257,416.9561296949993,98
2024-09-17 11:27:37.347,416.9448935307051,105
2024-09-17 11:27:37.356,416.95108358673,995
2024-09-17 11:27:37.361,416.9575444475949,9
2024-09-17 11:27:37.467,416.9734695137046,997
2024-09-17 11:27:37.485,416.9480817345214,6
2024-09-17 11:27:37.487,416.9459038478198,99
2024-09-17 11:27:37.501,416.9310261788252,10
2024-09-17 11:27:37.517,416.9457137008316,7
2024-09-17 11:27:37.551,41.69345034286792,103
2024-09-17 11:27:37.620,416.95388588276927,100
2024-09-17 11:27:37.655,416.956337600834,104
2024-09-17 11:27:37.742,416.9525708404516,11
2024-09-17 11:27:37.821,416.9473992868494,100
2024-09-17 11:27:37.953,416.9468540955007,15
2024-09-17 11:27:37.966,416.9358313235097,11
2024-09-17 11:27:39.284,416.9465188473611,7
2024-09-17 11:27:39.500,416.9315489951978,101
2024-09-17 11:27:39.570,416.9358343004391,1000
2024-09-17 11:27:39.811,416.9403243137809,6
2024-09-17 11:27:39.867,416.9209158214093,105
2024-09-17 11:27:40.010,416.9762624924366,998
2024-09-17 11:27:40.030,416.936119904507,105
2024-09-17 11:27:40.048,416.9820049262258,12
2024-09-17 11:27:40.055,416.9441923872664,97
2024-09-17 11:27:40.129,416.9406610387878,105
2024-09-17 11:27:40.140,417.0098215176751,95
2024-09-17 11:27:40.265,416.9369300991712,100
2024-09-17 11:27:40.327,417.0138432249701,14
2024-09-17 11:27:40.356,416.9680990668966,999
2024-09-17 11:27:40.495,416.993823011121,1000
2024-09-17 11:27:40.531,416.9828084524447,14
2024-09-17 11:27:40.720,416.95929018787575,101
2024-09-17 11:27:40.721,416.9446186659813,995
2024-09-17 11:27:40.730,417.0001024182965,98
2024-09-17 11:27:40.742,416.909474444429,996
2024-09-17 11:27:40.795,416.95174539568,6
2024-09-17 11:27:40.875,416.9711495086182,14
2024-09-17 11:27:40.877,416.9366321843351,100
2024-09-17 11:27:41.002,416.97298310296014,103
2024-09-17 11:27:41.090,416.97756632209,1002
2024-09-17 11:27:41.108,,1002
2024-09-17 11:27:41.176,416.935874545316,105
2024-09-17 11:27:41.210,416.9593881222552,998
2024-09-17 11:27:41.253,416.9727303784128,12
2024-09-17 11:27:41.273,,99
2024-09-17 11:27:41.290,416.933191891199,995
2024-09-17 11:27:41.335,416.9371986641115,101
2024-09-17 11:27:41.418,416.9524956242008,104
2024-09-17 11:27:41.491,416.9256334723018,103
2024-09-17 11:27:41.515,416.9523785972793,103
2024-09-17 11:27:41.517,416.9507374411029,996
2024-09-17 11:27:41.578,416.9473210409952,1005
2024-09-17 11:27:41.632,416.9742948673369,97
2024-09-17 11:27:41.658,416.9544152597382,998
2024-09-17 11:27:41.732,416.9572934896855,14
2024-09-17 11:27:41.771,416.9871256752825,99
2024-09-17 11:27:41.816,416.9577811355259,97
2024-09-17 11:27:41.942,416.93668822728273,101
2024-09-17 11:27:41.994,416.97560195446937,101
2024-09-17 11:27:42.066,416.9560274307477,995
2024-09-17 11:27:42.172,416.9959067149535,995
2024-09-17 11:27:42.180,416.992412112569,15
2024-09-17 11:27:42.185,416.95674503022633,997
2024-09-17 11:27:42.201,416.9816372270408,13
2024-09-17 11:27:42.253,416.9690693176848,99
2024-09-17 11:27:42.254,416.9879743233931,14
2024-09-17 11:27:42.283,416.9793378874418,105
2024-09-17 11:27:42.447,416.9810763478706,8
2024-09-17 11:27:42.449,416.9643780363033,1002
2024-09-17 11:27:42.500,416.9778566008872,100
2024-09-17 11:27:42.605,416.97531811884073,103
2024-09-17 11:27:42.841,-416.93991193416326,999
2024-09-17 11:27:42.844,416.9959969159784,997
2024-09-17 11:27:42.845,416.92448095471656,995
2024-09-17 11:27:42.863,416.9676952827063,105
2024-09-17 11:27:42.866,416.985328266672,999
2024-09-17 11:27:42.964,416.9460675616736,998
2024-09-17 11:27:43.204,416.96687883701406,98
2024-09-17 11:27:43.413,416.9497378037197,1000
2024-09-17 11:27:43.505,416.9883850800505,1002
2024-09-17 11:27:43.541,416.9300344212532,12
2024-09-17 11:27:43.549,416.94307543634585,1000
2024-09-17 11:27:43.592,416.96646265477233,12
2024-09-17 11:27:43.633,416.9588534608158,10
2024-09-17 11:27:43.721,416.9935603348971,97
2024-09-17 11:27:43.759,416.98437848679976,99
2024-09-17 11:27:43.787,416.98071873642976,105
2024-09-17 11:27:44.004,416.874791464748,996
2024-09-17 11:27:44.027,416.9132439578912,11
2024-09-17 11:27:44.030,416.9285526691955,96
2024-09-17 11:27:44.044,416.9110788038163,15
2024-09-17 11:27:44.055,416.92042926479473,98
2024-09-17 11:27:44.085,416.8951204421389,995
2024-09-17 11:27:44.141,416.91289881180296,102
2024-09-17 11:27:44.146,416.8702252893194,999
2024-09-17 11:27:44.222,416.919094170378,99
2024-09-17 11:27:44.263,-416.9256942293,998
2024-09-17 11:27:44.391,416.902354000388,11
2024-09-17 11:27:44.400,416.8937724668717,1000
2024-09-17 11:27:44.456,416.9232634441444,96
2024-09-17 11:27:44.484,416.8755969832752,996
2024-09-17 11:27:44.553,416.9384133460383,8
2024-09-17 11:27:44.583,416.8838986800892,15
2024-09-17 11:27:44.612,416.9141650556692,99
2024-09-17 11:27:44.612,416.9088240793028,105
2024-09-17 11:27:44.657,416.9378967186735,13
2024-09-17 11:27:44.740,416.9458163988924,1004
2024-09-17 11:27:44.770,416.94294011814605,5
2024-09-17 11:27:44.897,,14
2024-09-17 11:27:44.917,416.93832676630456,13
2024-09-17 11:27:44.929,416.9323494321122,101
2024-09-17 11:27:44.950,416.8618517773732,8
2024-09-17 11:27:45.066,416.90810407737,104
2024-09-17 11:27:45.324,416.9017592898143,1005
2024-09-17 11:27:45.352,416.9160681082622,96
2024-09-17 11:27:45.513,416.92480786856527,1002
2024-09-17 11:27:45.585,416.92405597473714,995
2024-09-17 11:27:45.672,416.9180812697825,997
2024-09-17 11:27:45.971,416.9378695699993,103
2024-09-17 11:27:46.228,416.92078339796063,1005
2024-09-17 11:27:46.790,416.9148934472914,996
2024-09-17 11:27:46.850,416.9192116081843,12
2024-09-17 11:27:46.961,416.92254213050654,104
2024-09-17 11:27:47.035,416.9409740531893,995
2024-09-17 11:27:47.038,416.9339784823447,12
2024-09-17 11:27:47.198,416.9252523532669,100
2024-09-17 11:27:47.237,416.9125961822714,104
2024-09-17 11:27:47.312,416.9359381735696,6
2024-09-17 11:27:47.330,416.971521440152,998
2024-09-17 11:27:47.382,416.94953406581214,15
2024-09-17 11:27:47.402,416.9464806333425,99
2024-09-17 11:27:47.677,416.9094977319181,100
2024-09-17 11:27:47.695,416.9220491011128,8
2024-09-17 11:27:47.724,416.9747024609921,1001
2024-09-17 11:27:47.731,416.9527281122995,999
2024-09-17 11:27:47.771,416.9330927428225,97
2024-09-17 11:27:47.792,416.9702095541844,8
2024-09-17 11:27:47.810,416.929212180765,99
2024-09-17 11:27:47.853,416.9715264652957,12
2024-09-17 11:27:47.892,416.90926925822725,100
2024-09-17 11:27:47.895,416.9370242716767,101
2024-09-17 11:27:47.965,416.9178194581272,996
2024-09-17 11:27:48.042,416.9501608289637,10
2024-09-17 11:27:48.121,416.948081396868,95
2024-09-17 11:27:48.234,416.94272741917626,103
2024-09-17 11:27:48.545,416.93497592080894,105
2024-09-17 11:27:48.588,416.9430279566041,996
2024-09-17 11:27:48.633,416.9273665914304,1005
2024-09-17 11:27:48.728,416.9414119825468,5
2024-09-17 11:27:48.889,416.9518534700656,15
2024-09-17 11:27:49.104,416.9410927996166,9
2024-09-17 11:27:49.229,416.9327238967084,101
2024-09-17 11:27:49.233,416.9251284212904,101
2024-09-17 11:27:49.298,416.9402132186971,1002
2024-09-17 11:27:49.315,416.9496995990522,101
2024-09-17 11:27:49.751,416.9678536703725,13
2024-09-17 11:27:49.767,416.9514247891228,99
2024-09-17 11:27:49.779,416.9154593958685,9
2024-09-17 11:27:49.813,416.9519741064892,102
2024-09-17 11:27:49.819,416.9454931138188,1005
2024-09-17 11:27:49.820,416.9306066688352,1005
2024-09-17 11:27:49.833,416.96135986730206,8
2024-09-17 11:27:49.899,416.9652387647581,10
2024-09-17 11:27:49.986,416.9496005187501,995
2024-09-17 11:27:50.064,416.9329544254376,996
2024-09-17 11:27:50.108,416.9493731468082,8
2024-09-17 11:27:50.181,416.94495705309646,8
2024-09-17 11:27:50.214,416.95003111350775,101
2024-09-17 11:27:50.275,416.95793183069617,1001
2024-09-17 11:27:50.278,416.97747916498327,96
2024-09-17 11:27:50.359,416.945880252669,99
2024-09-17 11:27:50.425,416.95643014195895,103
2024-09-17 11:27:50.506,416.9655525326197,996
2024-09-17 11:27:50.534,416.9573136207056,13
2024-09-17 11:27:50.538,416.9604059446961,1000
2024-09-17 11:27:50.542,416.949780179588,102
2024-09-17 11:27:50.571,416.9567528875742,102
2024-09-17 11:27:50.694,416.977801233771,101
2024-09-17 11:27:50.730,416.9376505284149,1003
2024-09-17 11:27:50.730,416.9575716394002,999
2024-09-17 11:27:50.751,416.96215265163295,7
2024-09-17 11:27:50.761,416.94298182577154,15
2024-09-17 11:27:50.786,416.971788556154,15
2024-09-17 11:27:50.972,416.9593240403134,1001
2024-09-17 11:27:51.017,416.9686114361621,7
2024-09-17 11:27:51.028,416.94986282474446,1000
2024-09-17 11:27:51.032,416.8815981811522,999
2024-09-17 11:27:51.038,416.9581599392639,12
2024-09-17 11:27:51.043,416.8752781951814,13
2024-09-17 11:27:51.092,416.9403722787421,9
2024-09-17 11:27:51.164,416.9051032250303,12
2024-09-17 11:27:51.204,416.8947567628774,13
2024-09-17 11:27:51.208,416.93614156611375,1005
2024-09-17 11:27:51.306,416.9659830394797,101
2024-09-17 11:27:51.368,416.96360438977615,1002
2024-09-17 11:27:51.434,416.9144475439917,1004
2024-09-17 11:27:51.458,416.95214269585296,11
2024-09-17 11:27:51.474,-416.90091394880056,11
2024-09-17 11:27:51.475,416.9231155411112,105
2024-09-17 11:27:51.606,416.9713676879557,1004
2024-09-17 11:27:51.611,416.9365678878857,11
2024-09-17 11:27:51.625,416.9750806822945,103
2024-09-17 11:27:51.639,416.9564958437522,96
2024-09-17 11:27:51.691,416.9130881032588,11
2024-09-17 11:27:51.699,416.8955933964685,12
2024-09-17 11:27:51.739,416.9313230643582,8
2024-09-17 11:27:51.751,416.8780261508341,14
2024-09-17 11:27:51.806,416.8774486001629,95
2024-09-17 11:27:51.811,416.9583013738064,998
2024-09-17 11:27:51.827,416.9636674988987,995
2024-09-17 11:27:51.987,416.8689183911127,996
2024-09-17 11:27:52.099,416.93096225886336,1001
2024-09-17 11:27:52.131,416.9492468604737,997
2024-09-17 11:27:52.307,416.9079445915042,9
2024-09-17 11:27:52.331,416.9004769793831,13
2024-09-17 11:27:52.425,416.9256720979911,999
2024-09-17 11:27:52.478,416.9086121071646,996
2024-09-17 11:27:52.524,416.88886047950047,99
2024-09-17 11:27:52.536,-416.94436155858176,96
2024-09-17 11:27:52.601,416.95088822554527,1003
2024-09-17 11:27:52.721,-416.9585562064655,6
2024-09-17 11:27:52.861,416.89951567966574,10
2024-09-17 11:27:52.925,416.8978260709735,999
2024-09-17 11:27:52.974,416.9032361555793,1005
2024-09-17 11:27:53.009,416.9585575438783,1000
2024-09-17 11:27:53.307,416.95578927350925,105
2024-09-17 11:27:53.976,416.9556337905694,104
2024-09-17 11:27:54.070,416.93274884060594,11
2024-09-17 11:27:54.110,416.9384564729618,104
2024-09-17 11:27:54.138,416.954382414988,100
2024-09-17 11:27:54.170,416.94656235477765,97
2024-09-17 11:27:54.241,416.9391021978287,96
2024-09-17 11:27:54.278,416.9377114165487,96
2024-09-17 11:27:54.419,416.9340219074122,103
2024-09-17 11:27:54.422,416.9638132262252,6
2024-09-17 11:27:54.429,416.944031221506,100
2024-09-17 11:27:54.484,416.9535040670595,5
2024-09-17 11:27:54.541,416.9505913565827,15
2024-09-17 11:27:54.574,416.953795673717,98
2024-09-17 11:27:54.609,416.95155650768015,102
2024-09-17 11:27:54.647,416.95150362120097,15
2024-09-17 11:27:54.654,416.9480047817677,1003
2024-09-17 11:27:54.672,416.9134972381826,9
2024-09-17 11:27:54.689,41.693592679611314,8
2024-09-17 11:27:54.733,416.94255040730513,98
2024-09-17 11:27:54.814,416.9379601960815,8
2024-09-17 11:27:54.857,416.9448474899456,6
2024-09-17 11:27:54.886,416.9358089309695,8
2024-09-17 11:27:54.912,416.9487333626203,105
2024-09-17 11:27:54.976,416.93006382511805,1001
2024-09-17 11:27:55.005,416.9272699234417,12
2024-09-17 11:27:55.007,416.9488262404763,8
2024-09-17 11:27:55.082,416.93889345846753,15
2024-09-17 11:27:55.131,416.946332725603,105
2024-09-17 11:27:55.147,416.90908509614326,105
2024-09-17 11:27:55.187,416.89968593642993,102
2024-09-17 11:27:55.228,416.9208203622363,6
2024-09-17 11:27:55.247,416.9491298420318,995
2024-09-17 11:27:55.267,416.9264011817223,100
2024-09-17 11:27:55.290,416.966000218743,99
2024-09-17 11:27:55.327,416.9336909565853,97
2024-09-17 11:27:55.333,416.9281002859837,999
2024-09-17 11:27:55.348,416.9334996345588,7
2024-09-17 11:27:55.446,416.9474869368967,1000
2024-09-17 11:27:55.516,416.9167070709608,98
2024-09-17 11:27:55.597,416.95135270392126,10
2024-09-17 11:27:55.613,416.940162833193,1005
2024-09-17 11:27:55.624,416.9469542529374,7
2024-09-17 11:27:55.716,416.9239345715959,15
2024-09-17 11:27:55.833,416.9410615609242,5
2024-09-17 11:27:55.850,416.9374895692447,10
2024-09-17 11:27:55.883,416.9356493499457,98
2024-09-17 11:27:55.938,416.9252712168421,995
2024-09-17 11:27:56.110,416.92819971145326,11
2024-09-17 11:27:56.208,416.9352732761925,15
2024-09-17 11:27:56.247,416.9224021351676,998
2024-09-17 11:27:56.591,416.9335775721657,1000
2024-09-17 11:27:56.855,416.903175480313,12
2024-09-17 11:27:56.950,416.912408502541,995
2024-09-17 11:27:56.976,416.9238541434802,103
2024-09-17 11:27:57.136,416.9231921678016,97
2024-09-17 11:27:57.182,416.9852376135553,10
2024-09-17 11:27:57.211,416.9426996571379,1004
2024-09-17 11:27:57.235,416.9355259425002,14
2024-09-17 11:27:57.277,416.9711932139878,104
2024-09-17 11:27:57.308,416.9086889593908,104
2024-09-17 11:27:57.316,416.9488211553455,1001
2024-09-17 11:27:57.319,416.9117794595677,103
2024-09-17 11:27:57.468,416.9079134684692,999
2024-09-17 11:27:57.499,416.97198522112967,5
2024-09-17 11:27:57.530,416.90995914203296,999
2024-09-17 11:27:57.557,416.9133016451213,999
2024-09-17 11:27:57.663,41.69490301779195,15
2024-09-17 11:27:57.731,416.9422833845886,99
2024-09-17 11:27:57.767,416.9461374694948,14
2024-09-17 11:27:57.814,416.96816785782966,1000
2024-09-17 11:27:57.945,416.92579336668746,96
2024-09-17 11:27:57.994,416.9355393966405,14
2024-09-17 11:27:57.997,416.95541397352576,11
2024-09-17 11:27:58.016,416.88524104478313,98
2024-09-17 11:27:58.064,416.9159964821317,101
2024-09-17 11:27:58.069,416.9268537339293,9
2024-09-17 11:27:58.084,416.8868990966858,997
2024-09-17 11:27:58.121,416.90414327817706,95
2024-09-17 11:27:58.126,416.8719283401133,996
2024-09-17 11:27:58.186,416.91173247679495,13
2024-09-17 11:27:58.200,416.8962100298539,97
2024-09-17 11:27:58.214,416.89844033680447,998
2024-09-17 11:27:58.241,416.9129046088112,96
2024-09-17 11:27:58.302,416.94734814573087,995
2024-09-17 11:27:58.384,416.8780146812372,95
2024-09-17 11:27:58.429,416.92683090572166,103
2024-09-17 11:27:58.444,416.8711919111365,9
2024-09-17 11:27:58.451,416.92867331831553,96
2024-09-17 11:27:58.511,416.8946055319212,13
2024-09-17 11:27:58.519,-416.86534305767697,998
2024-09-17 11:27:58.537,416.9222229322813,99
2024-09-17 11:27:58.636,416.88012334102814,1003
2024-09-17 11:27:58.664,41.69187427445031,5
2024-09-17 11:27:58.681,416.9069058098961,103
2024-09-17 11:27:58.741,416.9462447472168,102
2024-09-17 11:27:58.750,416.8699082289469,998
2024-09-17 11:27:58.893,416.9092152782924,98
2024-09-17 11:27:58.897,416.8968260282463,99
2024-09-17 11:27:58.908,416.91454845843646,999
2024-09-17 11:27:58.923,416.9216683797742,101
2024-09-17 11:27:58.942,416.9115963971448,14
2024-09-17 11:27:59.101,416.8538226878456,103
2024-09-17 11:27:59.185,416.86900502332304,5
2024-09-17 11:27:59.188,416.8652170708752,998
2024-09-17 11:27:59.190,416.876753607684,8
2024-09-17 11:27:59.202,416.86360570213344,96
2024-09-17 11:27:59.275,416.8464820782342,101
2024-09-17 11:27:59.343,416.8718299155492,999
2024-09-17 11:27:59.353,416.87536239386975,100
2024-09-17 11:27:59.403,416.8820393520916,1000
2024-09-17 11:27:59.480,416.866008536636,98
2024-09-17 11:27:59.545,416.88781558868016,5
2024-09-17 11:27:59.564,416.8679342658812,6
2024-09-17 11:27:59.623,416.8624286936656,1002
2024-09-17 11:27:59.635,416.8791357009156,9
2024-09-17 11:27:59.668,416.8654494150309,103
2024-09-17 11:27:59.789,416.8580644084804,95
