Timestamp,Price,Size
2024-09-20 10:01:00.418,423.5341965411975,996
2024-09-20 10:01:00.606,423.5525504872036,1004
2024-09-20 10:01:00.841,423.524820925248,12
2024-09-20 10:01:00.897,423.5215786258846,13
2024-09-20 10:01:01.038,423.5897237153814,103
2024-09-20 10:01:01.054,423.59063442865465,6
2024-09-20 10:01:01.134,423.5760940123656,96
2024-09-20 10:01:01.134,423.6166157600488,8
2024-09-20 10:01:01.233,423.6049015439052,100
2024-09-20 10:01:01.285,423.5711520222361,998
2024-09-20 10:01:01.318,423.56525073400553,12
2024-09-20 10:01:01.465,423.5702234904915,15
2024-09-20 10:01:01.468,423.5781795108954,15
2024-09-20 10:01:01.484,423.59677118298526,1004
2024-09-20 10:01:01.496,423.59638922306846,100
2024-09-20 10:01:01.502,423.5894037021836,12
2024-09-20 10:01:01.505,423.5863952281569,1003
2024-09-20 10:01:01.553,423.57257968457,95
2024-09-20 10:01:01.555,423.6041793474385,95
2024-09-20 10:01:01.588,423.5597731961702,998
2024-09-20 10:01:01.615,423.5874928608957,5
2024-09-20 10:01:01.654,423.5874228567176,102
2024-09-20 10:01:01.672,423.56465529223567,997
2024-09-20 10:01:01.681,423.5689333442065,1000
2024-09-20 10:01:01.740,423.62272846911696,12
2024-09-20 10:01:01.759,423.56294169289134,96
2024-09-20 10:01:01.803,423.5892845389352,999
2024-09-20 10:01:01.840,423.5758463071139,11
2024-09-20 10:01:01.867,423.57123972431526,996
2024-09-20 10:01:01.906,423.5685537766152,97
2024-09-20 10:01:01.969,423.59426345285607,1001
2024-09-20 10:01:02.079,423.6233321057262,1000
2024-09-20 10:01:02.178,423.6073651089273,105
2024-09-20 10:01:02.271,423.6319033852868,995
2024-09-20 10:01:02.307,423.623338973744,104
2024-09-20 10:01:02.417,423.6358018262937,98
2024-09-20 10:01:02.692,423.6150672179325,97
2024-09-20 10:01:02.764,423.6038349390948,13
2024-09-20 10:01:02.794,423.61219903956857,5
2024-09-20 10:01:02.836,423.6222956716919,996
2024-09-20 10:01:02.916,423.63733311022906,996
2024-09-20 10:01:02.988,423.6388763451921,1000
2024-09-20 10:01:03.010,423.6360865262876,1001
2024-09-20 10:01:03.050,423.61526852806776,1001
2024-09-20 10:01:03.178,423.6515869076071,8
2024-09-20 10:01:03.202,423.6491043228481,996
2024-09-20 10:01:03.232,423.6117084124779,10
2024-09-20 10:01:03.320,423.60104328689664,10
2024-09-20 10:01:03.351,423.6362224795842,12
2024-09-20 10:01:03.370,423.6491324562183,98
2024-09-20 10:01:03.374,423.65028184843743,998
2024-09-20 10:01:03.421,423.6543926564824,11
2024-09-20 10:01:03.438,423.6138418196009,11
2024-09-20 10:01:03.455,423.6271139680212,1000
2024-09-20 10:01:03.502,423.6361275095856,10
2024-09-20 10:01:03.549,423.63082660346674,13
2024-09-20 10:01:03.648,423.6260096533301,5
2024-09-20 10:01:03.689,423.6281005377791,103
2024-09-20 10:01:03.690,423.5936869202163,995
2024-09-20 10:01:03.695,423.5970695363293,1004
2024-09-20 10:01:03.708,423.6223931168546,998
2024-09-20 10:01:03.744,423.59469521261946,14
2024-09-20 10:01:03.747,423.6398022999749,105
2024-09-20 10:01:03.750,423.6434460192229,8
2024-09-20 10:01:03.769,423.6469822914458,998
2024-09-20 10:01:03.770,423.6339197936083,1005
2024-09-20 10:01:03.785,423.6362599972086,105
2024-09-20 10:01:03.800,423.60675587872913,15
2024-09-20 10:01:03.836,423.6351284150349,95
2024-09-20 10:01:03.896,423.5937353230424,101
2024-09-20 10:01:03.957,423.60353990823967,12
2024-09-20 10:01:03.982,423.6021395798895,995
2024-09-20 10:01:04.052,423.63428365675,103
2024-09-20 10:01:04.132,423.6278211273816,1003
2024-09-20 10:01:04.467,423.64330917419886,997
2024-09-20 10:01:04.521,423.6338346198129,1002
2024-09-20 10:01:04.561,423.6323951179039,102
2024-09-20 10:01:04.568,423.6343169617842,9
2024-09-20 10:01:04.612,423.6408827233335,98
2024-09-20 10:01:04.647,423.6447287554406,997
2024-09-20 10:01:04.698,423.63515665359824,998
2024-09-20 10:01:04.774,423.6501305323426,14
2024-09-20 10:01:04.789,423.6488488555128,1005
2024-09-20 10:01:04.793,423.6446329073033,95
2024-09-20 10:01:04.853,423.6443046931249,1003
2024-09-20 10:01:04.897,423.6295555398119,1004
2024-09-20 10:01:04.971,423.62612185658486,96
2024-09-20 10:01:05.061,423.7099286484443,9
2024-09-20 10:01:05.077,42.36340588429184,10
2024-09-20 10:01:05.113,423.6520198285248,996
2024-09-20 10:01:05.151,423.6407991631879,995
2024-09-20 10:01:05.166,423.62990852403806,1000
2024-09-20 10:01:05.257,423.7068785789873,105
2024-09-20 10:01:05.352,423.6812252972906,15
2024-09-20 10:01:05.502,423.6606107801636,1001
2024-09-20 10:01:05.505,423.62026652807725,1000
2024-09-20 10:01:05.511,423.6967896116213,15
2024-09-20 10:01:05.564,423.6854834280276,1001
2024-09-20 10:01:05.621,423.682302194892,13
2024-09-20 10:01:05.724,423.6881407464889,96
2024-09-20 10:01:05.748,423.6897847987084,99
2024-09-20 10:01:05.749,423.7029845245714,95
2024-09-20 10:01:05.779,423.7034699680641,995
2024-09-20 10:01:05.781,423.6556642809719,6
2024-09-20 10:01:05.796,423.6716507734281,100
2024-09-20 10:01:05.816,423.6986971564556,99
2024-09-20 10:01:05.822,423.71282686872274,13
2024-09-20 10:01:05.854,423.6944261532257,9
2024-09-20 10:01:05.869,423.65077527929446,1003
2024-09-20 10:01:05.950,423.6300533874011,11
2024-09-20 10:01:05.958,423.7163666218328,1002
2024-09-20 10:01:05.983,423.70897532467205,97
2024-09-20 10:01:05.997,423.7272703980044,98
2024-09-20 10:01:06.093,423.7617430687649,995
2024-09-20 10:01:06.108,423.7411161730727,99
2024-09-20 10:01:06.127,423.7002556441135,1003
2024-09-20 10:01:06.213,423.779430054077,12
2024-09-20 10:01:06.276,-423.7568381757644,95
2024-09-20 10:01:06.278,423.81716113436624,998
2024-09-20 10:01:06.282,423.7786193491627,1001
2024-09-20 10:01:06.317,423.7835315970604,98
2024-09-20 10:01:06.334,423.7715014286474,1001
2024-09-20 10:01:06.345,423.736252732944,97
2024-09-20 10:01:06.357,423.7800933132871,1004
2024-09-20 10:01:06.368,423.7683551922655,11
2024-09-20 10:01:06.378,423.8030736903083,102
2024-09-20 10:01:06.452,-423.784849502986,5
2024-09-20 10:01:06.459,423.76944990350256,1004
2024-09-20 10:01:06.485,423.8174598831188,13
2024-09-20 10:01:06.529,423.7701927086697,5
2024-09-20 10:01:06.570,423.8195452638426,14
2024-09-20 10:01:06.628,423.8208561793996,7
2024-09-20 10:01:06.707,423.7546529763515,15
2024-09-20 10:01:06.731,423.81145500908514,12
2024-09-20 10:01:06.815,423.8035443728903,104
2024-09-20 10:01:06.816,423.7657292140352,1005
2024-09-20 10:01:06.834,423.7778704928954,95
2024-09-20 10:01:06.837,423.764109902165,1000
2024-09-20 10:01:06.887,423.8076591610879,1003
2024-09-20 10:01:06.890,423.7706887127192,8
2024-09-20 10:01:06.895,423.7431059712303,8
2024-09-20 10:01:06.934,423.7132097070049,14
2024-09-20 10:01:06.950,423.7648586179381,8
2024-09-20 10:01:07.192,423.8449417348473,995
2024-09-20 10:01:07.328,423.7883260728688,104
2024-09-20 10:01:07.340,423.8323074087221,9
2024-09-20 10:01:07.348,423.81161640995725,7
2024-09-20 10:01:07.372,423.7701579084898,97
2024-09-20 10:01:07.380,423.7725394730302,104
2024-09-20 10:01:07.465,423.8389211093138,105
2024-09-20 10:01:07.479,423.7549075718829,1000
2024-09-20 10:01:07.526,423.7682407543493,7
2024-09-20 10:01:07.584,423.8316804587448,98
2024-09-20 10:01:07.621,423.8321379780356,14
2024-09-20 10:01:07.689,423.8581464514607,11
2024-09-20 10:01:07.714,423.8309602939715,96
2024-09-20 10:01:07.722,423.83520022960073,105
2024-09-20 10:01:07.727,423.8326367935383,9
2024-09-20 10:01:07.769,423.7572764240083,11
2024-09-20 10:01:07.851,423.7749287439282,14
2024-09-20 10:01:07.866,423.83447065630907,105
2024-09-20 10:01:07.881,423.8367206343355,95
2024-09-20 10:01:07.893,423.85337448545226,104
2024-09-20 10:01:07.945,423.829931244453,9
2024-09-20 10:01:07.958,42.3806505889804,13
2024-09-20 10:01:08.106,423.83431249878106,8
2024-09-20 10:01:08.112,423.8303557175358,1001
2024-09-20 10:01:08.128,423.9137150488714,9
2024-09-20 10:01:08.189,423.8837139928152,1002
2024-09-20 10:01:08.210,423.8585371932908,96
2024-09-20 10:01:08.232,423.9100479615624,104
2024-09-20 10:01:08.290,423.8569258772664,9
2024-09-20 10:01:08.309,423.89077457403073,98
2024-09-20 10:01:08.350,423.8900807763556,13
2024-09-20 10:01:08.361,423.8836187540974,1005
2024-09-20 10:01:08.410,423.8683407536173,1002
2024-09-20 10:01:08.454,423.87206742907495,99
2024-09-20 10:01:08.458,423.8956731982136,7
2024-09-20 10:01:08.459,423.9064680014002,997
2024-09-20 10:01:08.527,423.865648472432,10
2024-09-20 10:01:08.569,423.9067865587381,102
2024-09-20 10:01:08.581,423.8647361876377,8
2024-09-20 10:01:08.643,423.8359590553524,995
2024-09-20 10:01:08.644,423.9047257415271,997
2024-09-20 10:01:08.672,423.8813944602568,11
2024-09-20 10:01:08.709,423.8515009777713,96
2024-09-20 10:01:08.753,423.8956172556595,1005
2024-09-20 10:01:08.772,423.8988318505232,995
2024-09-20 10:01:08.785,423.9108916803713,996
2024-09-20 10:01:08.853,423.876843404303,104
2024-09-20 10:01:08.864,423.8558800086552,998
2024-09-20 10:01:08.943,423.91628017249496,997
2024-09-20 10:01:08.981,423.8624794628776,10
2024-09-20 10:01:09.154,423.8832238235278,9
2024-09-20 10:01:09.197,423.8377377904986,104
2024-09-20 10:01:09.361,423.8595747626188,11
2024-09-20 10:01:09.394,423.8905357919991,1002
2024-09-20 10:01:09.489,423.8970805490527,101
2024-09-20 10:01:09.547,42.383412379596535,1003
2024-09-20 10:01:09.574,423.8440151383098,6
2024-09-20 10:01:09.579,423.8709410703824,102
2024-09-20 10:01:09.580,423.8885881969548,15
2024-09-20 10:01:09.812,423.8337830585672,10
2024-09-20 10:01:09.824,423.88927839447547,997
2024-09-20 10:01:09.855,423.8439948612682,101
2024-09-20 10:01:09.906,423.8329090691891,95
2024-09-20 10:01:09.937,42.38893449584759,14
2024-09-20 10:01:10.005,423.9080337407855,998
2024-09-20 10:01:10.017,423.8675504168508,5
2024-09-20 10:01:10.032,423.8706362879448,7
2024-09-20 10:01:10.048,423.89806546930896,995
2024-09-20 10:01:10.085,423.8784509427499,1003
2024-09-20 10:01:10.119,423.8686673737039,996
2024-09-20 10:01:10.133,423.90531238478815,1002
2024-09-20 10:01:10.189,423.91010190636274,1003
2024-09-20 10:01:10.199,423.8878963360057,1005
2024-09-20 10:01:10.268,423.8956384074049,97
2024-09-20 10:01:10.288,423.89873268935446,7
2024-09-20 10:01:10.294,423.8673738651669,96
2024-09-20 10:01:10.304,423.8978964124182,996
2024-09-20 10:01:10.354,423.8896682887121,7
2024-09-20 10:01:10.470,423.8849174933943,10
2024-09-20 10:01:10.506,423.9049801452997,1005
2024-09-20 10:01:10.638,423.8753355783004,14
2024-09-20 10:01:10.687,423.8902107052411,995
2024-09-20 10:01:10.768,423.8881168967899,14
2024-09-20 10:01:10.932,423.9021825588198,100
2024-09-20 10:01:11.320,423.8881359549232,1000
2024-09-20 10:01:12.054,423.97772824941546,7
2024-09-20 10:01:12.252,423.9536362703539,11
2024-09-20 10:01:12.322,423.89153273381936,11
2024-09-20 10:01:12.349,423.9980085599561,98
2024-09-20 10:01:12.394,423.9581382066438,7
2024-09-20 10:01:12.399,423.888245537448,98
2024-09-20 10:01:12.454,423.9700130362254,14
2024-09-20 10:01:12.464,424.0564811060246,1004
2024-09-20 10:01:12.499,424.0469571708291,7
2024-09-20 10:01:12.529,42.4015824036056,99
2024-09-20 10:01:12.552,423.9897592562805,12
2024-09-20 10:01:12.662,423.9345435508638,1002
2024-09-20 10:01:12.662,423.9734208114967,999
2024-09-20 10:01:12.715,424.03872541258136,13
2024-09-20 10:01:12.725,424.04783558394166,102
2024-09-20 10:01:12.731,424.0200765701299,15
2024-09-20 10:01:12.761,423.9271208268841,101
2024-09-20 10:01:12.789,423.95836983270993,6
2024-09-20 10:01:12.822,424.02315311367374,1004
2024-09-20 10:01:12.830,423.9950096784367,6
2024-09-20 10:01:12.872,423.9857800087471,100
2024-09-20 10:01:12.889,423.9446397383671,102
2024-09-20 10:01:13.081,424.0577403051823,1000
2024-09-20 10:01:13.210,424.0631554247097,996
2024-09-20 10:01:13.356,424.070877973212,100
2024-09-20 10:01:13.417,424.09322255386206,6
2024-09-20 10:01:13.525,424.0696639096484,996
2024-09-20 10:01:13.557,424.0491938966328,5
2024-09-20 10:01:13.578,424.0507588215996,1001
2024-09-20 10:01:13.598,424.099030487012,102
2024-09-20 10:01:13.635,424.0583181002645,8
2024-09-20 10:01:13.689,424.0682080389645,997
2024-09-20 10:01:13.756,424.0458753265253,10
2024-09-20 10:01:13.801,424.0876723364079,100
2024-09-20 10:01:13.844,424.0821099113656,103
2024-09-20 10:01:13.914,424.0857646583457,997
2024-09-20 10:01:13.979,424.0878951975659,14
2024-09-20 10:01:14.365,424.0858900087161,1001
2024-09-20 10:01:14.416,424.09471791919447,100
2024-09-20 10:01:14.470,424.084496537236,101
2024-09-20 10:01:14.490,424.0481995219239,12
2024-09-20 10:01:14.510,424.097591070262,96
2024-09-20 10:01:14.510,424.078900716069,95
2024-09-20 10:01:14.752,424.0639247437692,9
2024-09-20 10:01:14.755,424.06262672638,5
2024-09-20 10:01:14.762,424.0692986946571,105
2024-09-20 10:01:14.998,424.07161135165137,14
2024-09-20 10:01:15.016,424.06640751204327,1004
2024-09-20 10:01:15.115,424.063266801502,1000
2024-09-20 10:01:15.141,424.0780720819548,101
2024-09-20 10:01:15.201,424.0809689279778,997
2024-09-20 10:01:15.294,424.0794726148599,102
2024-09-20 10:01:15.419,424.0769034979826,7
2024-09-20 10:01:15.499,424.0513032260593,1005
2024-09-20 10:01:15.508,424.0620741495353,103
2024-09-20 10:01:15.543,424.0623998634948,1001
2024-09-20 10:01:15.630,424.0893913972228,1000
2024-09-20 10:01:15.646,424.0816545766479,1004
2024-09-20 10:01:15.684,424.052751444053,13
2024-09-20 10:01:15.688,424.068847065737,7
2024-09-20 10:01:15.719,424.08024961411337,1005
2024-09-20 10:01:15.720,424.0586455183456,100
2024-09-20 10:01:15.753,424.08240625765234,999
2024-09-20 10:01:15.772,424.0641076782743,103
2024-09-20 10:01:15.878,424.0628903079534,9
2024-09-20 10:01:15.924,424.0868184619927,100
2024-09-20 10:01:15.963,424.0510009585349,13
2024-09-20 10:01:15.993,424.0777440832223,7
2024-09-20 10:01:16.011,423.9412216537711,100
2024-09-20 10:01:16.024,424.05589747174446,10
2024-09-20 10:01:16.114,424.0600460961134,995
2024-09-20 10:01:16.118,423.9835103148716,1000
2024-09-20 10:01:16.140,423.9619871800144,996
2024-09-20 10:01:16.185,424.0100159983599,95
2024-09-20 10:01:16.300,423.9125823738388,13
2024-09-20 10:01:16.371,423.99717800458194,14
2024-09-20 10:01:16.377,424.0321412678551,99
2024-09-20 10:01:16.378,424.05530467439394,100
2024-09-20 10:01:16.388,424.000794393432,105
2024-09-20 10:01:16.450,424.0073168593409,95
2024-09-20 10:01:16.472,423.9290492889493,999
2024-09-20 10:01:16.509,423.95834055126863,998
2024-09-20 10:01:16.529,423.9189198188752,996
2024-09-20 10:01:16.597,423.9928955610187,998
2024-09-20 10:01:16.605,423.95070635025405,1002
2024-09-20 10:01:16.613,424.01427478137,100
2024-09-20 10:01:16.622,424.0554310699868,8
2024-09-20 10:01:16.702,423.9739547679538,97
2024-09-20 10:01:16.706,423.9336888903652,15
2024-09-20 10:01:16.740,423.9857433300943,8
2024-09-20 10:01:16.871,423.9327689293,1000
2024-09-20 10:01:16.914,423.9368927862938,6
2024-09-20 10:01:16.949,423.9544488567188,102
2024-09-20 10:01:16.996,423.9741385688785,99
2024-09-20 10:01:17.070,423.9454799063059,11
2024-09-20 10:01:17.297,423.9495773003852,15
2024-09-20 10:01:17.330,423.9605765830723,998
2024-09-20 10:01:17.479,423.9451379997104,8
2024-09-20 10:01:17.548,423.92484380579714,8
2024-09-20 10:01:17.577,423.9347233942494,999
2024-09-20 10:01:17.602,423.9496172640575,105
2024-09-20 10:01:17.940,423.9645446857465,96
2024-09-20 10:01:18.368,423.923807119453,1004
2024-09-20 10:01:19.087,423.9491098843202,997
2024-09-20 10:01:19.123,423.9276235665061,997
2024-09-20 10:01:19.180,423.9473254885443,99
2024-09-20 10:01:19.190,423.94505930168174,101
2024-09-20 10:01:19.225,423.95247755831866,1000
2024-09-20 10:01:19.437,423.9484132702517,102
2024-09-20 10:01:19.448,423.9064765125132,12
2024-09-20 10:01:19.611,423.9224932831089,96
2024-09-20 10:01:19.663,423.9718912038665,1004
2024-09-20 10:01:19.667,423.907075523291,15
2024-09-20 10:01:19.742,423.9402718152113,1002
2024-09-20 10:01:19.769,423.9573546639704,1003
2024-09-20 10:01:19.795,423.9318365709278,1002
2024-09-20 10:01:19.910,423.90686074570976,98
2024-09-20 10:01:19.974,423.9385676329487,13
2024-09-20 10:01:19.975,423.9210618533868,15
2024-09-20 10:01:20.062,423.996168248611,1002
2024-09-20 10:01:20.261,423.98486207288727,103
2024-09-20 10:01:20.295,423.9946737737913,102
2024-09-20 10:01:20.297,424.0063089513248,998
2024-09-20 10:01:20.340,423.9976935702632,1004
2024-09-20 10:01:20.419,423.9933399442827,998
2024-09-20 10:01:20.442,423.9689809928868,15
2024-09-20 10:01:20.530,423.9726406947572,8
2024-09-20 10:01:20.613,423.9932245482387,11
2024-09-20 10:01:20.801,423.9863301832361,8
2024-09-20 10:01:20.823,424.0047576760648,101
2024-09-20 10:01:20.959,423.9740081690026,98
2024-09-20 10:01:21.084,424.01950909658416,995
2024-09-20 10:01:21.093,424.019132624801,98
2024-09-20 10:01:21.170,424.0235133079044,99
2024-09-20 10:01:21.267,424.0274399014286,99
2024-09-20 10:01:21.377,424.0035576558072,10
2024-09-20 10:01:21.382,424.0233678359016,998
2024-09-20 10:01:21.657,424.03553641058704,995
2024-09-20 10:01:21.743,424.0399624862201,102
2024-09-20 10:01:21.756,424.0408000382296,96
2024-09-20 10:01:21.770,424.0248034615975,100
2024-09-20 10:01:21.826,424.00786100252606,100
2024-09-20 10:01:21.974,424.0010606723114,1004
2024-09-20 10:01:22.094,424.0012135109838,101
2024-09-20 10:01:22.104,424.020895208984,13
2024-09-20 10:01:22.290,423.98585176207087,11
2024-09-20 10:01:22.339,423.9975091027905,1003
2024-09-20 10:01:22.658,,8
2024-09-20 10:01:22.780,423.99970883917536,997
2024-09-20 10:01:22.981,424.0001062726985,101
2024-09-20 10:01:23.132,424.0370982070768,104
2024-09-20 10:01:23.225,424.0077616802109,996
2024-09-20 10:01:23.244,424.0087002997839,10
2024-09-20 10:01:23.358,424.0166067667834,5
2024-09-20 10:01:23.471,424.02223252018126,12
2024-09-20 10:01:23.941,424.0187729578118,8
2024-09-20 10:01:23.952,424.005708249486,103
2024-09-20 10:01:23.961,424.0140139422227,1004
2024-09-20 10:01:23.997,424.0097384783532,997
2024-09-20 10:01:24.109,423.9946593358434,104
2024-09-20 10:01:24.119,423.9662439975909,1002
2024-09-20 10:01:24.144,423.99733633739294,101
2024-09-20 10:01:24.177,423.9480893151839,997
2024-09-20 10:01:24.184,423.9338262703779,5
2024-09-20 10:01:24.194,424.00897805814645,95
2024-09-20 10:01:24.292,424.0012591100397,99
2024-09-20 10:01:24.338,423.9820529171502,14
2024-09-20 10:01:24.357,423.9731480171371,15
2024-09-20 10:01:24.364,423.9865001258031,1003
2024-09-20 10:01:24.384,423.9562152155345,6
2024-09-20 10:01:24.396,423.975343853512,996
2024-09-20 10:01:24.411,423.9720294708312,15
2024-09-20 10:01:24.416,423.9696920863673,1002
2024-09-20 10:01:24.432,423.965315718308,1003
2024-09-20 10:01:24.478,423.983676057133,999
2024-09-20 10:01:24.529,423.9700129142491,11
2024-09-20 10:01:24.535,423.9832491640457,996
2024-09-20 10:01:24.569,423.95305740282936,99
2024-09-20 10:01:24.617,423.9083117573263,101
2024-09-20 10:01:24.643,42.395688772426745,996
2024-09-20 10:01:24.645,,103
2024-09-20 10:01:24.754,423.9768002611235,95
2024-09-20 10:01:24.797,423.97708491683954,99
2024-09-20 10:01:24.946,423.9891131114762,6
2024-09-20 10:01:24.997,423.9790108385226,103
2024-09-20 10:01:25.016,423.8941538078539,11
2024-09-20 10:01:25.063,423.8771243028124,7
2024-09-20 10:01:25.193,423.8854290307556,15
2024-09-20 10:01:25.216,423.9168135535947,998
2024-09-20 10:01:25.299,423.8601981623221,12
2024-09-20 10:01:25.309,423.863174055298,999
2024-09-20 10:01:25.334,423.8952588632527,102
2024-09-20 10:01:25.553,423.8901774014754,101
2024-09-20 10:01:25.568,423.9035070794338,105
2024-09-20 10:01:25.578,423.8877247058931,1000
2024-09-20 10:01:25.639,423.9162451190275,995
2024-09-20 10:01:25.775,423.8758605848949,105
2024-09-20 10:01:25.797,423.9116127864745,99
2024-09-20 10:01:25.909,423.908451480586,996
2024-09-20 10:01:25.913,423.9032443976439,995
2024-09-20 10:01:26.067,423.9254562680948,98
2024-09-20 10:01:26.257,423.9228800320479,999
2024-09-20 10:01:26.278,423.944991815392,14
2024-09-20 10:01:26.282,423.9492272291234,96
2024-09-20 10:01:26.292,423.9525807225818,97
2024-09-20 10:01:26.299,423.9285435372879,15
2024-09-20 10:01:26.319,423.93499605896255,996
2024-09-20 10:01:26.323,423.9365905992535,95
2024-09-20 10:01:26.336,423.9476927158329,98
2024-09-20 10:01:26.342,423.9377732450053,8
2024-09-20 10:01:26.355,423.9686552918928,105
2024-09-20 10:01:26.407,423.927408860632,1001
2024-09-20 10:01:26.494,423.929689580373,100
2024-09-20 10:01:26.603,423.95642510689805,1004
2024-09-20 10:01:26.605,423.92949959792224,101
2024-09-20 10:01:26.610,423.9862164561872,10
2024-09-20 10:01:26.631,423.932342654362,1004
2024-09-20 10:01:26.644,423.91892451977225,1004
2024-09-20 10:01:26.673,423.9296886254284,7
2024-09-20 10:01:26.731,423.9213811212217,14
2024-09-20 10:01:26.791,423.9386530960696,12
2024-09-20 10:01:26.817,423.94357961157954,1004
2024-09-20 10:01:26.967,423.9500705676072,99
2024-09-20 10:01:27.006,423.9485737261768,1005
2024-09-20 10:01:27.045,423.9192857957212,1000
2024-09-20 10:01:27.107,423.9214326608425,103
2024-09-20 10:01:27.379,423.9398414655282,102
2024-09-20 10:01:27.400,423.90730740148194,995
2024-09-20 10:01:27.410,423.9204889345364,997
2024-09-20 10:01:27.436,423.9369091654256,6
2024-09-20 10:01:27.511,423.93435217226215,9
2024-09-20 10:01:27.545,423.9141786679777,997
2024-09-20 10:01:27.595,423.9049620620867,102
2024-09-20 10:01:27.632,423.929346452069,5
2024-09-20 10:01:27.643,423.90950515908105,996
2024-09-20 10:01:27.650,423.9257713296136,15
2024-09-20 10:01:27.655,423.9473314213408,1004
2024-09-20 10:01:27.727,423.90757460692737,5
2024-09-20 10:01:27.755,423.9236253961123,96
2024-09-20 10:01:27.770,423.9463593306031,1000
2024-09-20 10:01:27.871,423.919862411419,1005
2024-09-20 10:01:27.926,423.91585746334414,101
2024-09-20 10:01:27.994,423.9316211492035,11
2024-09-20 10:01:29.066,423.8929404953582,999
2024-09-20 10:01:29.068,423.8777252858003,97
2024-09-20 10:01:29.076,423.9023615004705,13
2024-09-20 10:01:29.166,423.88328939310406,5
2024-09-20 10:01:29.173,423.8784911327708,1005
2024-09-20 10:01:29.278,423.8719992584895,12
2024-09-20 10:01:29.337,423.88405797619794,1000
2024-09-20 10:01:29.363,423.8967631587165,102
2024-09-20 10:01:29.421,423.88250458984487,1000
2024-09-20 10:01:29.610,423.8895018642604,1001
2024-09-20 10:01:29.753,423.86392660372593,101
2024-09-20 10:01:29.770,423.90512888018026,6
2024-09-20 10:01:29.808,423.8535236254029,104
2024-09-20 10:01:29.976,,1003
2024-09-20 10:01:29.991,423.906901202974,13
2024-09-20 10:01:30.004,423.936677692863,105
2024-09-20 10:01:30.072,423.8779069516419,95
2024-09-20 10:01:30.078,423.94123532133153,101
2024-09-20 10:01:30.118,423.91606688514713,1001
2024-09-20 10:01:30.124,423.8691797153912,1002
2024-09-20 10:01:30.143,423.8901417000607,14
2024-09-20 10:01:30.164,423.8925696862857,995
2024-09-20 10:01:30.164,423.8899305350667,101
2024-09-20 10:01:30.193,423.881249896156,102
2024-09-20 10:01:30.198,423.9383000290004,995
2024-09-20 10:01:30.236,423.90321158937024,98
2024-09-20 10:01:30.239,423.94744262120366,1004
2024-09-20 10:01:30.240,423.8868554100334,11
2024-09-20 10:01:30.298,423.8837155509111,95
2024-09-20 10:01:30.435,423.8796986406935,7
2024-09-20 10:01:30.437,423.8735910664299,1003
2024-09-20 10:01:30.485,423.9500044863368,10
2024-09-20 10:01:30.510,423.9150154995766,97
2024-09-20 10:01:30.554,423.9342561640293,100
2024-09-20 10:01:30.592,423.8805679104688,102
2024-09-20 10:01:30.668,423.8995395374063,98
2024-09-20 10:01:30.692,423.88530376002177,105
2024-09-20 10:01:30.809,423.8580750092212,14
2024-09-20 10:01:30.946,423.9376180992692,101
2024-09-20 10:01:30.950,423.8722322475578,15
2024-09-20 10:01:31.250,423.8579760815578,997
2024-09-20 10:01:31.265,423.8848835534053,102
2024-09-20 10:01:31.301,423.8667281259072,103
2024-09-20 10:01:31.308,423.8889278251615,1002
2024-09-20 10:01:31.324,423.8701710476786,998
2024-09-20 10:01:31.371,423.8708128505208,996
2024-09-20 10:01:31.448,423.87728345050135,101
2024-09-20 10:01:31.483,423.882127230496,12
2024-09-20 10:01:31.595,42.388101443195566,104
2024-09-20 10:01:31.965,423.8748223632712,996
2024-09-20 10:01:33.116,423.8743170868784,100
2024-09-20 10:01:33.168,423.8592533175878,999
2024-09-20 10:01:33.177,423.8580992628433,13
2024-09-20 10:01:33.245,423.8847967667688,5
2024-09-20 10:01:33.479,423.8587685158666,5
2024-09-20 10:01:34.105,423.8544270056741,1001
2024-09-20 10:01:34.205,423.8486913782442,997
2024-09-20 10:01:34.266,423.86403658496255,10
2024-09-20 10:01:34.407,423.8473895948719,98
2024-09-20 10:01:34.573,423.8481684614503,13
2024-09-20 10:01:34.640,423.845812256675,1005
2024-09-20 10:01:34.777,423.8507243941773,103
2024-09-20 10:01:34.836,423.8674499368734,100
2024-09-20 10:01:34.840,423.8699454916926,1001
2024-09-20 10:01:34.850,423.8692202899509,103
2024-09-20 10:01:34.872,423.84919828305175,103
2024-09-20 10:01:35.037,423.7841080819204,1001
2024-09-20 10:01:35.043,423.7624558230508,6
2024-09-20 10:01:35.079,423.7908453032426,8
2024-09-20 10:01:35.114,423.76085266858496,95
2024-09-20 10:01:35.115,423.7743368703608,97
2024-09-20 10:01:35.177,423.8498548997626,103
2024-09-20 10:01:35.194,423.7674827472831,5
2024-09-20 10:01:35.267,423.7582981049292,9
2024-09-20 10:01:35.354,423.75513128034186,100
2024-09-20 10:01:35.620,423.77363885753385,995
2024-09-20 10:01:35.631,423.82962024757785,96
2024-09-20 10:01:35.679,423.7838119234752,1002
2024-09-20 10:01:35.746,423.7694320323716,997
2024-09-20 10:01:35.812,423.7812809505416,98
2024-09-20 10:01:35.968,423.7764064495804,104
2024-09-20 10:01:36.023,423.7665701729802,8
2024-09-20 10:01:36.042,423.7032593769136,7
2024-09-20 10:01:36.058,423.7067128764751,10
2024-09-20 10:01:36.059,423.7028792175788,999
2024-09-20 10:01:36.079,423.7177532369452,97
2024-09-20 10:01:36.087,423.7263861244807,105
2024-09-20 10:01:36.108,423.7181611759561,102
2024-09-20 10:01:36.180,,13
2024-09-20 10:01:36.195,423.7115225144433,103
2024-09-20 10:01:36.211,423.7310566613828,103
2024-09-20 10:01:36.256,423.7208725452044,96
2024-09-20 10:01:36.318,423.7746359505157,98
2024-09-20 10:01:36.326,423.6859928403023,8
2024-09-20 10:01:36.348,423.7630441456528,999
2024-09-20 10:01:36.428,423.7076237935921,95
2024-09-20 10:01:36.485,423.7445867142118,996
2024-09-20 10:01:36.574,423.7004229629793,7
2024-09-20 10:01:36.597,423.7030045767913,998
2024-09-20 10:01:36.662,423.6658284807982,997
2024-09-20 10:01:36.693,423.7050129185891,10
2024-09-20 10:01:36.703,423.710332337578,998
2024-09-20 10:01:36.725,423.7083937628533,97
2024-09-20 10:01:36.812,423.7106843180756,95
2024-09-20 10:01:36.866,423.7442613935434,1003
2024-09-20 10:01:36.899,423.6926531778929,99
2024-09-20 10:01:37.174,423.6826792224903,11
2024-09-20 10:01:37.186,423.6656701059048,1004
2024-09-20 10:01:37.264,423.6724083765645,105
2024-09-20 10:01:37.337,423.6515059726563,997
2024-09-20 10:01:37.423,423.6777548955032,6
2024-09-20 10:01:37.514,423.66767722424976,1004
2024-09-20 10:01:37.676,423.6633714563639,1005
2024-09-20 10:01:37.763,423.6554847336912,11
2024-09-20 10:01:37.935,423.6617166541861,15
2024-09-20 10:01:37.967,423.6738896605376,997
2024-09-20 10:01:38.012,423.6514813430732,102
2024-09-20 10:01:38.017,423.6445890727929,7
2024-09-20 10:01:38.079,423.68561476261215,11
2024-09-20 10:01:38.118,423.66124667370457,105
2024-09-20 10:01:38.249,423.6895914380573,998
2024-09-20 10:01:38.433,423.6635448378637,14
2024-09-20 10:01:38.437,423.65156887577655,105
2024-09-20 10:01:38.448,423.6477194115001,999
2024-09-20 10:01:38.543,423.63410951622535,6
2024-09-20 10:01:38.558,423.6739483753073,98
2024-09-20 10:01:38.568,423.65711929823226,97
2024-09-20 10:01:38.598,423.6541641815754,98
2024-09-20 10:01:38.606,423.66824522362464,1002
2024-09-20 10:01:38.663,423.67038725621313,13
2024-09-20 10:01:38.748,423.63617980219146,104
2024-09-20 10:01:38.806,423.6569776242265,999
2024-09-20 10:01:38.878,423.6638357043869,7
2024-09-20 10:01:39.402,423.6792675819213,15
2024-09-20 10:01:40.013,423.6217938759594,1004
2024-09-20 10:01:40.063,423.66187168352,100
2024-09-20 10:01:40.108,423.6578677380744,995
2024-09-20 10:01:40.113,423.6048918885623,998
2024-09-20 10:01:40.238,423.66577633834703,1002
2024-09-20 10:01:40.248,423.658894772662,998
2024-09-20 10:01:40.437,423.6517779104424,14
2024-09-20 10:01:40.460,423.6440013389693,998
2024-09-20 10:01:40.509,423.6816202345863,999
2024-09-20 10:01:40.541,423.6754179562544,1005
2024-09-20 10:01:40.737,423.582441193183,96
2024-09-20 10:01:40.771,423.6290408747061,997
2024-09-20 10:01:40.869,423.6276737133049,8
2024-09-20 10:01:40.883,423.6795451520368,999
2024-09-20 10:01:40.939,423.6678302156805,996
2024-09-20 10:01:40.962,423.6535819085863,999
2024-09-20 10:01:41.008,423.53849889579135,998
2024-09-20 10:01:41.033,423.56739985104,100
2024-09-20 10:01:41.090,423.57639387152784,10
2024-09-20 10:01:41.186,423.5413516533968,6
2024-09-20 10:01:41.236,423.5291107759844,8
2024-09-20 10:01:41.333,42.35342806316677,101
2024-09-20 10:01:41.393,423.5411184119751,998
2024-09-20 10:01:41.495,423.5422619477404,13
2024-09-20 10:01:41.504,423.517525812034,1005
2024-09-20 10:01:41.591,423.55936776634064,995
2024-09-20 10:01:41.687,423.5536680837982,102
2024-09-20 10:01:41.787,423.5327611322117,1002
2024-09-20 10:01:41.806,423.5400217796041,1000
2024-09-20 10:01:41.836,423.5443193037602,103
2024-09-20 10:01:41.840,423.5428576295037,995
2024-09-20 10:01:41.971,423.5241254641789,103
2024-09-20 10:01:42.134,423.5643991589153,998
2024-09-20 10:01:42.245,423.6301268011763,1005
2024-09-20 10:01:42.295,423.6008310170423,10
2024-09-20 10:01:42.296,423.6287231444224,12
2024-09-20 10:01:42.337,423.5655938922893,98
2024-09-20 10:01:42.373,423.5803804763616,12
2024-09-20 10:01:42.477,423.6242322729077,1001
2024-09-20 10:01:42.503,423.5596903714852,99
2024-09-20 10:01:42.537,423.612647317011,1003
2024-09-20 10:01:42.561,423.60987407372266,995
2024-09-20 10:01:42.582,423.6188539939351,104
2024-09-20 10:01:42.689,423.57991422159057,1005
2024-09-20 10:01:42.747,423.60301793946496,100
2024-09-20 10:01:42.857,423.5816893058861,1001
2024-09-20 10:01:42.907,423.6063386801862,15
2024-09-20 10:01:42.915,423.56404472162006,9
2024-09-20 10:01:42.917,423.6298722421154,102
2024-09-20 10:01:42.936,423.5609433086653,1005
2024-09-20 10:01:42.984,423.6138244376685,997
2024-09-20 10:01:43.057,423.5708102467993,102
2024-09-20 10:01:43.107,423.58913341142375,999
2024-09-20 10:01:43.118,423.58276951673867,15
2024-09-20 10:01:43.151,423.59481708161456,101
2024-09-20 10:01:43.203,423.5741234857979,103
2024-09-20 10:01:43.300,423.5955366456554,95
2024-09-20 10:01:43.311,423.5707314564016,99
2024-09-20 10:01:43.318,423.576486985674,1005
2024-09-20 10:01:43.472,423.5598555910421,11
2024-09-20 10:01:43.477,423.5886851421753,103
2024-09-20 10:01:43.483,423.55532688130376,15
2024-09-20 10:01:43.546,,995
2024-09-20 10:01:43.616,423.57714003612017,9
2024-09-20 10:01:43.693,423.5875001641822,998
2024-09-20 10:01:43.701,423.58082907440007,999
2024-09-20 10:01:43.752,423.5660096550892,98
2024-09-20 10:01:43.882,423.5779150262216,98
2024-09-20 10:01:43.886,423.574625397724,1002
2024-09-20 10:01:43.944,423.5663375389898,5
2024-09-20 10:01:43.948,423.61027225069046,100
2024-09-20 10:01:44.213,423.5783902986726,101
2024-09-20 10:01:44.612,423.5903073817696,998
2024-09-20 10:01:44.869,423.5682634330602,7
2024-09-20 10:01:45.361,423.615459365336,10
2024-09-20 10:01:45.378,423.6134925740993,102
2024-09-20 10:01:45.381,423.6134042804828,102
2024-09-20 10:01:45.510,423.6076556898189,102
2024-09-20 10:01:45.555,423.5975015757876,996
2024-09-20 10:01:46.030,423.5700472954882,998
2024-09-20 10:01:46.070,423.57272048084167,6
2024-09-20 10:01:46.079,423.5864464872524,6
2024-09-20 10:01:46.192,423.5607522096157,1002
2024-09-20 10:01:46.273,423.5802387768357,14
2024-09-20 10:01:46.297,423.5682757601779,1000
2024-09-20 10:01:46.307,423.5529949610188,8
2024-09-20 10:01:46.337,423.57439770993705,11
2024-09-20 10:01:46.380,423.5872988336956,104
2024-09-20 10:01:46.392,423.5604364008388,5
2024-09-20 10:01:46.421,423.5634219132716,995
2024-09-20 10:01:46.434,423.54736926650855,99
2024-09-20 10:01:46.441,423.548695652079,15
2024-09-20 10:01:46.535,423.5862114010104,98
2024-09-20 10:01:46.541,423.5712480959997,12
2024-09-20 10:01:46.557,423.5725592968454,11
2024-09-20 10:01:46.605,423.5708807692449,12
2024-09-20 10:01:46.628,423.5836151092358,7
2024-09-20 10:01:46.674,423.5497338440682,104
2024-09-20 10:01:46.691,423.5633496546116,10
2024-09-20 10:01:46.776,423.5528789261645,105
2024-09-20 10:01:46.821,423.59125402121015,1003
2024-09-20 10:01:46.888,423.5806002333487,1000
2024-09-20 10:01:47.071,423.5818625075484,105
2024-09-20 10:01:47.083,423.5944992841758,1004
2024-09-20 10:01:47.086,423.5530207478263,103
2024-09-20 10:01:47.112,423.5629204332344,101
2024-09-20 10:01:47.113,423.5831590339261,996
2024-09-20 10:01:47.128,423.5884096610182,7
2024-09-20 10:01:47.238,423.5639287582336,101
2024-09-20 10:01:47.242,423.5741085528226,996
2024-09-20 10:01:47.251,423.5863204708142,96
2024-09-20 10:01:47.286,423.5908701602303,5
2024-09-20 10:01:47.289,423.6009351274921,1002
2024-09-20 10:01:47.297,423.5606033102443,105
2024-09-20 10:01:47.346,423.5672264411989,996
2024-09-20 10:01:47.354,423.59292783193325,997
2024-09-20 10:01:47.368,423.5659813245803,104
2024-09-20 10:01:47.412,423.5926373071289,102
2024-09-20 10:01:47.415,423.5699889636312,15
2024-09-20 10:01:47.532,423.5799055905485,7
2024-09-20 10:01:47.569,423.59272872672193,11
2024-09-20 10:01:47.605,423.5748642115997,14
2024-09-20 10:01:47.719,423.5726494675452,1001
2024-09-20 10:01:47.899,423.57902344729376,103
2024-09-20 10:01:47.900,423.58669105267256,997
2024-09-20 10:01:47.930,423.55804645023375,1001
2024-09-20 10:01:47.942,423.5945674632479,998
2024-09-20 10:01:47.974,,1000
2024-09-20 10:01:48.043,423.59127537925406,98
2024-09-20 10:01:48.074,423.5909135581196,11
2024-09-20 10:01:48.079,423.5711521197906,9
2024-09-20 10:01:48.109,423.5431090067063,10
2024-09-20 10:01:48.338,423.5883915516287,1005
2024-09-20 10:01:48.395,423.5692546190742,9
2024-09-20 10:01:48.541,423.584200261973,15
2024-09-20 10:01:48.660,423.554362738336,10
2024-09-20 10:01:48.756,423.5912093342572,101
2024-09-20 10:01:48.842,423.5916362930884,995
2024-09-20 10:01:48.903,423.55500870899215,15
2024-09-20 10:01:48.938,423.5666824943979,995
2024-09-20 10:01:48.955,423.5939474843678,1004
2024-09-20 10:01:48.970,423.5733449308611,14
2024-09-20 10:01:49.071,423.62182057378106,103
2024-09-20 10:01:49.131,423.62656648027314,12
2024-09-20 10:01:49.139,423.6145034999154,15
2024-09-20 10:01:49.156,423.5920876113598,104
2024-09-20 10:01:49.284,423.6042362012916,14
2024-09-20 10:01:49.410,423.57950113918815,999
2024-09-20 10:01:49.454,423.6375877741092,96
2024-09-20 10:01:49.711,423.5883183185217,5
2024-09-20 10:01:49.852,423.5883811604187,995
2024-09-20 10:01:49.977,423.5862388265308,103
2024-09-20 10:01:50.056,423.5921256341198,12
2024-09-20 10:01:50.077,423.5879771233338,102
2024-09-20 10:01:50.250,423.5860996528777,1000
2024-09-20 10:01:50.268,423.6281258212576,1000
2024-09-20 10:01:50.345,423.5791834077455,995
2024-09-20 10:01:50.369,423.6184253047068,99
2024-09-20 10:01:50.415,423.6186173751595,9
2024-09-20 10:01:50.469,423.5904689214794,97
2024-09-20 10:01:50.510,423.63778788652047,12
2024-09-20 10:01:50.644,423.5839939887724,9
2024-09-20 10:01:50.721,423.5999051209536,1002
2024-09-20 10:01:50.729,423.6308799008359,95
2024-09-20 10:01:50.756,423.63040099044497,96
2024-09-20 10:01:50.758,42.36444848918944,14
2024-09-20 10:01:50.763,423.6349150278032,10
2024-09-20 10:01:50.765,423.6293136732312,11
2024-09-20 10:01:51.009,423.5293549333397,995
2024-09-20 10:01:51.016,423.5530051441119,1001
2024-09-20 10:01:51.123,423.5712468731797,8
2024-09-20 10:01:51.265,423.5639550876017,101
2024-09-20 10:01:51.272,423.5643738189445,1002
2024-09-20 10:01:51.310,423.55863008430686,6
2024-09-20 10:01:51.353,423.55523974967855,1001
2024-09-20 10:01:51.365,423.5504844725327,104
2024-09-20 10:01:51.408,423.581222278172,1000
2024-09-20 10:01:51.572,423.56958170826726,14
2024-09-20 10:01:51.580,423.5413437576916,99
2024-09-20 10:01:51.620,423.5635844081152,999
2024-09-20 10:01:51.643,423.5634529717173,999
2024-09-20 10:01:51.753,423.5676839788955,13
2024-09-20 10:01:51.764,423.5428070016801,997
2024-09-20 10:01:51.857,423.5772597721749,998
2024-09-20 10:01:52.779,423.52343014678223,5
2024-09-20 10:01:53.000,423.5601067065773,1001
2024-09-20 10:01:53.006,42.35773909430197,15
2024-09-20 10:01:53.036,423.5439257535129,1000
2024-09-20 10:01:53.444,423.5589605835172,96
2024-09-20 10:01:53.513,423.55316339974297,1003
2024-09-20 10:01:53.537,423.5564792409592,8
2024-09-20 10:01:53.565,423.5485454542858,1002
2024-09-20 10:01:53.589,423.5562541764708,8
2024-09-20 10:01:53.650,423.5435325512651,998
2024-09-20 10:01:53.803,423.5391775187453,8
2024-09-20 10:01:53.908,423.54681737395146,101
2024-09-20 10:01:53.941,423.5459074808997,10
2024-09-20 10:01:54.053,423.5742655489556,101
2024-09-20 10:01:54.118,423.53060789477325,10
2024-09-20 10:01:54.122,423.5281971655897,13
2024-09-20 10:01:54.163,423.6200798584423,14
2024-09-20 10:01:54.207,423.534579205596,97
2024-09-20 10:01:54.215,423.5504000455002,101
2024-09-20 10:01:54.262,423.5183845364271,996
2024-09-20 10:01:54.280,423.54920497025313,1002
2024-09-20 10:01:54.359,423.5311310283808,95
2024-09-20 10:01:54.384,423.512150966502,1002
2024-09-20 10:01:54.401,423.5388538775293,998
2024-09-20 10:01:54.415,423.55332431812514,105
2024-09-20 10:01:54.416,423.5427226924537,997
2024-09-20 10:01:54.428,423.52031689336326,14
2024-09-20 10:01:54.483,423.54128558895104,99
2024-09-20 10:01:54.579,423.5291938565744,9
2024-09-20 10:01:54.586,423.53462305289673,1003
2024-09-20 10:01:54.613,423.5191502662311,10
2024-09-20 10:01:54.665,423.5827311994721,95
2024-09-20 10:01:54.686,423.537077785088,97
2024-09-20 10:01:54.792,423.5399824660441,1004
2024-09-20 10:01:54.803,423.530206119806,997
2024-09-20 10:01:54.867,423.53445233579663,995
2024-09-20 10:01:54.970,423.5504044555436,10
2024-09-20 10:01:55.001,423.747976901922,11
2024-09-20 10:01:55.027,423.7259335872681,995
2024-09-20 10:01:55.045,423.7349482120685,1002
2024-09-20 10:01:55.066,423.61282177739815,1003
2024-09-20 10:01:55.084,423.620031633358,5
2024-09-20 10:01:55.147,423.70069468425794,102
2024-09-20 10:01:55.184,423.7350635102592,995
2024-09-20 10:01:55.265,423.7063724531676,999
2024-09-20 10:01:55.271,423.6554618836939,99
2024-09-20 10:01:55.276,423.7045928944525,996
2024-09-20 10:01:55.283,423.6019445465407,1005
2024-09-20 10:01:55.417,423.6410811826374,996
2024-09-20 10:01:55.479,423.6033482960586,1004
2024-09-20 10:01:55.491,423.6140426532073,10
2024-09-20 10:01:55.507,423.62007691958297,12
2024-09-20 10:01:55.531,423.6791816887632,96
2024-09-20 10:01:55.553,423.6016400797136,9
2024-09-20 10:01:55.554,423.6482140545135,101
2024-09-20 10:01:55.555,423.73202255379545,10
2024-09-20 10:01:55.605,423.6562241838888,105
2024-09-20 10:01:55.735,423.7176028590035,996
2024-09-20 10:01:55.785,423.7261314644457,1003
2024-09-20 10:01:55.811,423.6493788610434,98
2024-09-20 10:01:55.819,423.7167814396937,96
2024-09-20 10:01:55.834,423.65313350532057,995
2024-09-20 10:01:55.856,423.7195743032714,6
2024-09-20 10:01:55.856,423.7113813336251,12
2024-09-20 10:01:55.869,423.63658800276056,102
2024-09-20 10:01:56.033,423.7434355902252,104
2024-09-20 10:01:56.035,423.74913412022624,997
2024-09-20 10:01:56.064,423.7668576089464,100
2024-09-20 10:01:56.148,423.7193364397072,10
2024-09-20 10:01:56.152,423.7298662955061,98
2024-09-20 10:01:56.155,423.7710990028487,1005
2024-09-20 10:01:56.221,423.7313714696557,98
2024-09-20 10:01:56.256,423.7576986335964,102
2024-09-20 10:01:56.306,423.7402344134776,105
2024-09-20 10:01:56.313,423.7666329900015,96
2024-09-20 10:01:56.332,423.7642195840663,99
2024-09-20 10:01:56.345,-423.7667610652858,97
2024-09-20 10:01:56.396,423.7375320655924,1005
2024-09-20 10:01:56.439,423.72301918181137,97
2024-09-20 10:01:56.503,423.7378915973139,13
2024-09-20 10:01:56.518,423.72445741579816,5
2024-09-20 10:01:56.616,423.7355859698528,998
2024-09-20 10:01:56.644,423.7327836520278,1000
2024-09-20 10:01:56.719,423.7558946445039,996
2024-09-20 10:01:56.742,423.7728247686021,997
2024-09-20 10:01:56.759,423.7439848220925,996
2024-09-20 10:01:56.819,423.75596777776747,102
2024-09-20 10:01:56.846,423.7277075726093,101
2024-09-20 10:01:56.863,423.7237466663242,5
2024-09-20 10:01:56.969,423.7459445025832,1005
2024-09-20 10:01:57.107,423.73557597554174,10
2024-09-20 10:01:57.241,423.70597243235534,97
2024-09-20 10:01:57.426,423.7198173532544,95
2024-09-20 10:01:57.623,423.7080379434339,95
2024-09-20 10:01:57.869,423.7128902957458,102
2024-09-20 10:01:58.018,423.7047168732773,15
2024-09-20 10:01:58.072,423.7399470151772,6
2024-09-20 10:01:58.201,423.6904522443138,105
2024-09-20 10:01:58.209,423.7193595139912,96
2024-09-20 10:01:58.421,423.7004322764362,996
2024-09-20 10:01:58.497,423.7049105419616,104
2024-09-20 10:01:58.618,423.701839819926,14
2024-09-20 10:01:58.623,423.702785019774,7
2024-09-20 10:01:58.720,423.7270987618904,996
2024-09-20 10:01:58.886,423.7214048091863,14
2024-09-20 10:01:59.037,423.73577466140335,1004
2024-09-20 10:01:59.057,423.7267882506092,9
2024-09-20 10:01:59.081,423.7350429559551,95
2024-09-20 10:01:59.094,423.7392399638497,996
2024-09-20 10:01:59.146,42.37103796747703,1000
2024-09-20 10:01:59.182,423.72680772219127,1000
2024-09-20 10:01:59.205,423.76977139225113,1004
2024-09-20 10:01:59.288,423.775175582116,1000
2024-09-20 10:01:59.288,423.7850151187268,100
2024-09-20 10:01:59.296,423.725727347917,998
2024-09-20 10:01:59.364,423.7764993811375,996
2024-09-20 10:01:59.372,423.784135664252,998
2024-09-20 10:01:59.400,423.74616304569753,104
2024-09-20 10:01:59.438,423.7165231856777,98
2024-09-20 10:01:59.504,423.74227717160346,1003
2024-09-20 10:01:59.581,423.71081713379306,105
2024-09-20 10:01:59.586,423.7269785438896,1005
2024-09-20 10:01:59.614,423.7869587240117,1005
2024-09-20 10:01:59.630,423.7105985475377,105
2024-09-20 10:01:59.709,423.69594277162753,8
2024-09-20 10:01:59.735,423.7267940716017,102
2024-09-20 10:01:59.781,423.7754935858865,1001
2024-09-20 10:01:59.800,423.7093466831204,1001
2024-09-20 10:01:59.845,423.7455399606354,103
2024-09-20 10:01:59.913,423.723239253374,996
2024-09-20 10:01:59.915,423.7661691283324,997
2024-09-20 10:01:59.954,423.7240115131917,13
2024-09-20 10:01:59.959,423.7612072269923,104
2024-09-20 10:01:59.975,423.75631134880297,103
