Timestamp,Price,Size
2024-09-19 14:47:00.019,420.26147595021047,1000
2024-09-19 14:47:00.022,420.2571419641486,1000
2024-09-19 14:47:00.082,420.2593441581581,104
2024-09-19 14:47:00.157,420.27980726993815,1001
2024-09-19 14:47:00.161,,104
2024-09-19 14:47:00.220,420.26055632905474,15
2024-09-19 14:47:00.231,420.2747648132875,1004
2024-09-19 14:47:00.320,420.2552415468963,1004
2024-09-19 14:47:00.411,420.3060717328967,96
2024-09-19 14:47:00.431,420.298442217712,100
2024-09-19 14:47:00.441,420.292693915016,998
2024-09-19 14:47:00.548,420.24850150252354,98
2024-09-19 14:47:00.555,420.2483878395547,101
2024-09-19 14:47:00.610,420.2644919212853,104
2024-09-19 14:47:00.620,420.2250993057255,13
2024-09-19 14:47:00.628,420.2651537810235,1005
2024-09-19 14:47:00.647,420.2621283435752,8
2024-09-19 14:47:00.658,420.2549771489109,8
2024-09-19 14:47:00.680,420.2305505689285,1002
2024-09-19 14:47:00.685,420.2552049861792,998
2024-09-19 14:47:00.709,420.2601330327227,1003
2024-09-19 14:47:00.712,420.2522767723521,1000
2024-09-19 14:47:00.835,420.2591397592717,101
2024-09-19 14:47:00.849,420.2359303153221,1003
2024-09-19 14:47:00.852,420.2343135675161,6
2024-09-19 14:47:00.927,420.243014803328,6
2024-09-19 14:47:00.947,420.23572524592913,100
2024-09-19 14:47:00.960,420.285738720365,1005
2024-09-19 14:47:00.996,420.2464924471564,7
2024-09-19 14:47:01.028,420.3077414990331,104
2024-09-19 14:47:01.093,420.26719239708495,11
2024-09-19 14:47:01.100,420.2848697465236,102
2024-09-19 14:47:01.139,420.2976731942009,6
2024-09-19 14:47:01.190,420.3100371634666,8
2024-09-19 14:47:01.288,420.28244155987295,995
2024-09-19 14:47:01.345,420.290814886336,99
2024-09-19 14:47:01.365,420.3060083486869,1001
2024-09-19 14:47:01.416,420.2932632606322,103
2024-09-19 14:47:01.457,420.29385556079774,5
2024-09-19 14:47:01.491,420.2993390969617,1001
2024-09-19 14:47:01.517,420.2855196210341,999
2024-09-19 14:47:01.536,420.26749573549694,8
2024-09-19 14:47:01.536,420.2771200658671,97
2024-09-19 14:47:01.610,420.2965886170704,11
2024-09-19 14:47:01.655,420.2716998392555,100
2024-09-19 14:47:01.746,420.3189154450095,997
2024-09-19 14:47:01.775,420.29775441054886,5
2024-09-19 14:47:01.817,420.2759328008093,998
2024-09-19 14:47:01.833,420.306964133548,102
2024-09-19 14:47:01.833,420.2832446595618,995
2024-09-19 14:47:01.850,420.3022245668585,96
2024-09-19 14:47:01.992,420.27359676390654,100
2024-09-19 14:47:02.062,420.2694070702367,14
2024-09-19 14:47:02.085,420.2775414444538,97
2024-09-19 14:47:02.178,420.2868346746514,11
2024-09-19 14:47:02.226,420.2185686556218,998
2024-09-19 14:47:02.462,420.2825624607358,15
2024-09-19 14:47:02.620,420.2634750695231,8
2024-09-19 14:47:02.764,420.2945735077984,1005
2024-09-19 14:47:02.842,420.2484249551905,5
2024-09-19 14:47:02.895,420.2984813371884,95
2024-09-19 14:47:03.016,414.84712977277,100
2024-09-19 14:47:03.027,420.2012536556435,9
2024-09-19 14:47:03.488,420.1800570551532,5
2024-09-19 14:47:03.770,420.1948210199955,100
2024-09-19 14:47:03.895,420.1677374614357,103
2024-09-19 14:47:03.938,420.1819491153009,101
2024-09-19 14:47:03.992,414.8465188263714,101
2024-09-19 14:47:04.028,420.2032060288936,1004
2024-09-19 14:47:04.212,420.2000619966788,999
2024-09-19 14:47:04.235,420.1656343824284,101
2024-09-19 14:47:04.380,420.1889840688533,1000
2024-09-19 14:47:04.728,420.18851066404574,102
2024-09-19 14:47:04.767,420.1838120400987,6
2024-09-19 14:47:04.787,420.1643341613215,14
2024-09-19 14:47:04.806,420.16914056057215,999
2024-09-19 14:47:04.845,42.01946688155152,98
2024-09-19 14:47:04.913,420.1884165502288,103
2024-09-19 14:47:05.017,-420.1751021611996,98
2024-09-19 14:47:05.104,420.21090632528944,7
2024-09-19 14:47:05.113,420.20759514785817,1002
2024-09-19 14:47:05.131,420.19449582759546,997
2024-09-19 14:47:05.164,420.18383136408886,11
2024-09-19 14:47:05.435,420.1775821621792,12
2024-09-19 14:47:05.458,420.1877122954628,98
2024-09-19 14:47:05.533,420.20335479396925,1001
2024-09-19 14:47:05.877,420.2139835919738,996
2024-09-19 14:47:05.931,420.2178107299528,1000
2024-09-19 14:47:06.034,420.223338174889,8
2024-09-19 14:47:06.131,420.2130207750351,98
2024-09-19 14:47:06.349,420.2064672251446,105
2024-09-19 14:47:06.430,420.2487422114333,997
2024-09-19 14:47:06.443,420.2298377415192,7
2024-09-19 14:47:06.497,420.19779298045074,6
2024-09-19 14:47:06.506,420.1916915428892,1005
2024-09-19 14:47:06.644,420.2623302324215,1000
2024-09-19 14:47:06.671,420.23400826093706,1001
2024-09-19 14:47:06.686,420.2262088446041,13
2024-09-19 14:47:06.687,420.21700057758335,96
2024-09-19 14:47:06.793,420.2408702157939,104
2024-09-19 14:47:06.821,420.2064185935429,99
2024-09-19 14:47:06.856,420.2208628351878,998
2024-09-19 14:47:06.896,420.24001631769,96
2024-09-19 14:47:07.014,420.2147916620032,995
2024-09-19 14:47:07.072,420.21297299514777,10
2024-09-19 14:47:07.109,420.17668873600303,105
2024-09-19 14:47:07.161,420.20106179508286,103
2024-09-19 14:47:07.163,420.18829717618,97
2024-09-19 14:47:07.173,420.1215603801214,998
2024-09-19 14:47:07.253,420.1277200471378,102
2024-09-19 14:47:07.311,420.2027948505538,996
2024-09-19 14:47:07.378,420.1973525487471,999
2024-09-19 14:47:07.395,420.1838877563329,105
2024-09-19 14:47:07.454,420.1709423492355,95
2024-09-19 14:47:07.477,420.19077652400296,101
2024-09-19 14:47:07.495,420.1869610822968,996
2024-09-19 14:47:07.541,420.1340055732397,1003
2024-09-19 14:47:07.545,420.1730013983927,1003
2024-09-19 14:47:07.602,420.2061379373564,8
2024-09-19 14:47:07.621,420.18474302592335,995
2024-09-19 14:47:07.630,420.13225450958953,100
2024-09-19 14:47:07.655,420.11371453248086,6
2024-09-19 14:47:07.756,420.1075954387173,1003
2024-09-19 14:47:07.757,420.21604962000833,998
2024-09-19 14:47:07.786,420.1993291540013,1002
2024-09-19 14:47:07.836,420.1741585001394,996
2024-09-19 14:47:07.839,420.1329166436082,996
2024-09-19 14:47:07.847,420.1341706565516,13
2024-09-19 14:47:07.857,420.142733992977,15
2024-09-19 14:47:07.911,420.1482494292878,95
2024-09-19 14:47:07.915,420.123325213654,101
2024-09-19 14:47:07.962,420.21729448094254,5
2024-09-19 14:47:08.046,420.1711760320075,12
2024-09-19 14:47:08.141,420.1660453909481,10
2024-09-19 14:47:08.303,420.18204556766375,96
2024-09-19 14:47:08.662,420.186030855485,10
2024-09-19 14:47:08.675,420.1460092206776,1001
2024-09-19 14:47:08.692,420.1215725694028,101
2024-09-19 14:47:08.734,420.1326005088528,7
2024-09-19 14:47:08.800,420.15060692848095,11
2024-09-19 14:47:08.802,420.1696981444372,998
2024-09-19 14:47:08.811,420.1443396505903,11
2024-09-19 14:47:08.821,420.1458917787333,1003
2024-09-19 14:47:08.851,420.1650354802757,95
2024-09-19 14:47:08.940,420.16939257942215,998
2024-09-19 14:47:08.961,420.14953579390817,1000
2024-09-19 14:47:08.974,420.1296157801805,8
2024-09-19 14:47:08.978,420.1696245550041,95
2024-09-19 14:47:08.981,,12
2024-09-19 14:47:09.066,420.1520807258125,95
2024-09-19 14:47:09.076,414.82778761217713,1001
2024-09-19 14:47:09.168,420.1292060129937,6
2024-09-19 14:47:09.642,420.1234612694722,97
2024-09-19 14:47:10.029,420.1208630481554,5
2024-09-19 14:47:10.797,420.1216795362696,97
2024-09-19 14:47:11.000,420.06878298962505,12
2024-09-19 14:47:11.064,420.0438089167207,104
2024-09-19 14:47:11.089,420.1182481096943,11
2024-09-19 14:47:11.140,420.0449185419539,11
2024-09-19 14:47:11.153,420.0904866583524,11
2024-09-19 14:47:11.172,420.0255631699371,15
2024-09-19 14:47:11.255,420.12945519765634,100
2024-09-19 14:47:11.338,420.0985790089623,1005
2024-09-19 14:47:11.366,420.1234738413003,7
2024-09-19 14:47:11.383,420.06298884558674,95
2024-09-19 14:47:11.393,420.0589423918803,101
2024-09-19 14:47:11.417,420.0555906792493,998
2024-09-19 14:47:11.512,420.06553425500994,12
2024-09-19 14:47:11.526,420.05168353386745,1003
2024-09-19 14:47:11.609,420.0533693391755,1002
2024-09-19 14:47:11.625,420.08862006340576,7
2024-09-19 14:47:11.675,420.0492785485041,95
2024-09-19 14:47:11.735,420.1154992305212,12
2024-09-19 14:47:11.772,420.0551002099901,95
2024-09-19 14:47:11.823,420.0458003171238,12
2024-09-19 14:47:11.901,420.0438422676888,101
2024-09-19 14:47:11.954,420.1113691273568,105
2024-09-19 14:47:11.956,420.0396940457521,1005
2024-09-19 14:47:12.001,420.06798688435015,995
2024-09-19 14:47:12.053,420.0514526842503,105
2024-09-19 14:47:12.061,420.0618108044557,100
2024-09-19 14:47:12.064,420.0591590016343,5
2024-09-19 14:47:12.208,420.0632419080383,104
2024-09-19 14:47:12.375,420.0656756924561,103
2024-09-19 14:47:12.440,420.0664028583808,5
2024-09-19 14:47:12.462,420.0849125815267,997
2024-09-19 14:47:12.532,420.048922546241,996
2024-09-19 14:47:12.547,420.0642125782738,5
2024-09-19 14:47:12.635,420.055906795918,1000
2024-09-19 14:47:12.707,420.0696601097043,6
2024-09-19 14:47:12.721,420.05281954163246,12
2024-09-19 14:47:12.734,420.0552697894934,1002
2024-09-19 14:47:12.889,420.0796748724828,15
2024-09-19 14:47:12.933,420.0645364804862,1005
2024-09-19 14:47:13.004,420.03109329830806,7
2024-09-19 14:47:13.007,420.0447754401662,6
2024-09-19 14:47:13.036,420.1316926470676,9
2024-09-19 14:47:13.088,420.0827200041088,13
2024-09-19 14:47:13.261,420.04328434682407,7
2024-09-19 14:47:13.276,420.1008957562873,11
2024-09-19 14:47:13.281,420.0396455247962,1001
2024-09-19 14:47:13.360,420.1269053578822,5
2024-09-19 14:47:13.396,420.1132434494317,996
2024-09-19 14:47:13.426,420.0895567020064,12
2024-09-19 14:47:13.438,420.0477315235306,103
2024-09-19 14:47:13.449,420.0849120997197,15
2024-09-19 14:47:13.468,420.064466749348,100
2024-09-19 14:47:13.476,420.0260520338413,12
2024-09-19 14:47:13.502,420.0564696624683,102
2024-09-19 14:47:13.635,420.0964062371731,1002
2024-09-19 14:47:13.640,420.0729350827455,6
2024-09-19 14:47:13.696,420.05582767238354,1004
2024-09-19 14:47:13.709,420.06749234949575,96
2024-09-19 14:47:13.895,420.0688638057501,14
2024-09-19 14:47:13.908,420.059220039362,100
2024-09-19 14:47:13.976,420.0543179360504,998
2024-09-19 14:47:14.171,414.79143742434985,996
2024-09-19 14:47:14.396,,1004
2024-09-19 14:47:14.430,420.1891432564147,1004
2024-09-19 14:47:14.500,420.1383784182233,997
2024-09-19 14:47:14.614,420.1776475494538,14
2024-09-19 14:47:14.786,420.1407333837571,998
2024-09-19 14:47:14.787,420.13056175687865,103
2024-09-19 14:47:14.815,420.165629684414,6
2024-09-19 14:47:14.895,414.77627525094687,6
2024-09-19 14:47:14.988,420.21822001043387,103
2024-09-19 14:47:15.000,420.1464778760177,1005
2024-09-19 14:47:15.012,420.1744056886233,96
2024-09-19 14:47:15.062,420.1707320618986,104
2024-09-19 14:47:15.069,420.18456419670457,11
2024-09-19 14:47:15.090,420.19060406806574,98
2024-09-19 14:47:15.125,420.1783021721162,97
2024-09-19 14:47:15.134,420.1499984282473,104
2024-09-19 14:47:15.139,420.1781928581207,1000
2024-09-19 14:47:15.377,420.1894548392604,6
2024-09-19 14:47:15.393,420.17542728592326,103
2024-09-19 14:47:15.407,420.2152559323381,105
2024-09-19 14:47:15.536,420.1704107083886,11
2024-09-19 14:47:15.566,420.190822780129,1000
2024-09-19 14:47:15.591,420.1822255873896,7
2024-09-19 14:47:15.620,420.1647454368469,99
2024-09-19 14:47:15.654,420.1920086566553,10
2024-09-19 14:47:15.734,420.1966557596761,1000
2024-09-19 14:47:15.741,420.16300520803065,12
2024-09-19 14:47:15.762,420.1769771731671,997
2024-09-19 14:47:15.771,420.1913048478343,8
2024-09-19 14:47:15.840,420.1964616571168,100
2024-09-19 14:47:15.880,420.223243240979,8
2024-09-19 14:47:15.972,420.1943738453373,995
2024-09-19 14:47:15.974,420.1902710830466,1002
2024-09-19 14:47:16.009,420.1715667208261,6
2024-09-19 14:47:16.021,420.1628246887316,103
2024-09-19 14:47:16.101,420.1966887550192,12
2024-09-19 14:47:16.173,420.1813715007099,99
2024-09-19 14:47:16.197,420.19927098869255,12
2024-09-19 14:47:16.198,420.16831714693694,99
2024-09-19 14:47:16.204,420.1561460282352,996
2024-09-19 14:47:16.229,420.1748697163354,1004
2024-09-19 14:47:16.330,420.1557846950102,15
2024-09-19 14:47:16.334,420.1745364191476,105
2024-09-19 14:47:16.370,420.1547935196111,995
2024-09-19 14:47:16.430,420.1791105737197,998
2024-09-19 14:47:16.460,420.15584905383207,1003
2024-09-19 14:47:16.480,420.1964705744748,96
2024-09-19 14:47:16.492,420.1860673728521,95
2024-09-19 14:47:16.615,420.1743122053966,5
2024-09-19 14:47:16.640,420.1686553103385,7
2024-09-19 14:47:16.703,420.16606306373785,1004
2024-09-19 14:47:16.887,420.1624011419992,99
2024-09-19 14:47:16.915,420.1753801912808,999
2024-09-19 14:47:17.024,420.15995481217226,97
2024-09-19 14:47:17.024,420.199719788323,1000
2024-09-19 14:47:17.053,420.1573857302007,105
2024-09-19 14:47:17.057,420.2010112489337,6
2024-09-19 14:47:17.086,420.1692646886079,5
2024-09-19 14:47:17.111,420.17487181518106,997
2024-09-19 14:47:17.150,420.15245233657504,995
2024-09-19 14:47:17.175,-420.1615697239804,104
2024-09-19 14:47:17.175,420.13943895373177,95
2024-09-19 14:47:17.212,420.1435446305029,99
2024-09-19 14:47:17.265,420.173567080174,995
2024-09-19 14:47:17.321,420.1562690524372,1001
2024-09-19 14:47:17.341,420.1874745229935,5
2024-09-19 14:47:17.375,420.1440606297705,15
2024-09-19 14:47:17.377,420.15438637475575,97
2024-09-19 14:47:17.395,42.016680818782646,1000
2024-09-19 14:47:17.421,420.2017840340049,11
2024-09-19 14:47:17.430,,997
2024-09-19 14:47:17.470,420.1730411547634,997
2024-09-19 14:47:17.528,420.203097298933,1004
2024-09-19 14:47:17.536,420.1586468149568,996
2024-09-19 14:47:17.617,420.1939035419806,96
2024-09-19 14:47:17.629,420.1549941490275,1002
2024-09-19 14:47:17.717,420.2113019192521,98
2024-09-19 14:47:17.730,420.2067368320013,1005
2024-09-19 14:47:17.849,420.162777015999,1002
2024-09-19 14:47:17.875,420.1568643403125,104
2024-09-19 14:47:17.885,420.169786776378,999
2024-09-19 14:47:17.904,420.1679660530632,10
2024-09-19 14:47:18.123,420.13166602517697,14
2024-09-19 14:47:18.186,420.1715565306493,1001
2024-09-19 14:47:18.205,420.15102954526566,99
2024-09-19 14:47:18.303,420.1479556268767,105
2024-09-19 14:47:18.334,420.1401139261498,5
2024-09-19 14:47:18.374,420.13465349357136,1002
2024-09-19 14:47:18.525,420.1921504183311,997
2024-09-19 14:47:18.574,420.1409411902031,101
2024-09-19 14:47:18.701,420.1259232784888,8
2024-09-19 14:47:18.967,420.1599011836364,1004
2024-09-19 14:47:19.036,420.1973159077479,999
2024-09-19 14:47:19.080,420.16191387005466,102
2024-09-19 14:47:19.108,420.2306681010385,104
2024-09-19 14:47:19.232,420.1940382225365,101
2024-09-19 14:47:19.276,420.2022527951305,99
2024-09-19 14:47:19.278,420.19731905094056,105
2024-09-19 14:47:19.317,420.2180737188176,96
2024-09-19 14:47:19.376,420.2095386367408,102
2024-09-19 14:47:19.390,420.2155147219124,1005
2024-09-19 14:47:19.408,420.1790538896105,14
2024-09-19 14:47:19.420,420.1998724359966,14
2024-09-19 14:47:19.433,420.1980259819232,102
2024-09-19 14:47:19.438,420.219205079316,105
2024-09-19 14:47:19.478,420.2173975892419,12
2024-09-19 14:47:19.498,420.2253771802055,5
2024-09-19 14:47:19.564,420.2061646667759,99
2024-09-19 14:47:19.592,420.1955603942524,1000
2024-09-19 14:47:19.605,420.21565686324135,995
2024-09-19 14:47:19.614,420.1857084066137,104
2024-09-19 14:47:19.700,420.2019690321031,996
2024-09-19 14:47:19.718,420.1909566352913,1000
2024-09-19 14:47:19.744,420.2174857479589,999
2024-09-19 14:47:19.795,420.1872656232168,103
2024-09-19 14:47:19.815,420.2267929648997,95
2024-09-19 14:47:19.835,420.1917954741993,7
2024-09-19 14:47:19.869,420.19616215512656,101
2024-09-19 14:47:19.925,420.13662265889184,95
2024-09-19 14:47:19.961,420.2048102981525,100
2024-09-19 14:47:20.439,420.1882510992028,1005
2024-09-19 14:47:20.569,420.1912119917286,103
2024-09-19 14:47:20.880,420.2228472731058,102
2024-09-19 14:47:20.922,420.1856273993761,1005
2024-09-19 14:47:20.951,420.2032374774258,997
2024-09-19 14:47:20.987,420.2048785008668,103
2024-09-19 14:47:21.012,420.209133456288,996
2024-09-19 14:47:21.088,420.1956044624057,96
2024-09-19 14:47:21.322,420.1705320004143,1005
2024-09-19 14:47:21.345,420.20858981836994,100
2024-09-19 14:47:21.449,420.182391816856,99
2024-09-19 14:47:21.468,420.1853622621119,999
2024-09-19 14:47:21.471,420.2116736072936,97
2024-09-19 14:47:21.538,420.1819466586152,96
2024-09-19 14:47:21.614,420.1655249416035,104
2024-09-19 14:47:21.625,420.18683495432026,101
2024-09-19 14:47:21.640,420.18091948523767,9
2024-09-19 14:47:21.741,420.1988823489128,101
2024-09-19 14:47:21.752,420.1738834042011,997
2024-09-19 14:47:21.868,420.2212226619913,1004
2024-09-19 14:47:21.899,420.1798708129592,995
2024-09-19 14:47:22.062,420.2541919273759,5
2024-09-19 14:47:22.157,420.2133443186716,98
2024-09-19 14:47:22.319,414.64454174925936,105
2024-09-19 14:47:22.604,420.2896596249343,5
2024-09-19 14:47:22.814,420.2731754757703,1001
2024-09-19 14:47:22.822,420.2457770242826,9
2024-09-19 14:47:22.876,-420.2317839828228,1003
2024-09-19 14:47:22.941,420.2787191611929,98
2024-09-19 14:47:23.068,420.2740987757577,9
2024-09-19 14:47:23.272,420.2890538446844,6
2024-09-19 14:47:24.076,414.7129788603891,996
2024-09-19 14:47:24.105,420.2985079451164,104
2024-09-19 14:47:24.109,420.34129480695344,100
2024-09-19 14:47:24.155,420.3319873353875,1002
2024-09-19 14:47:24.255,42.03181854140464,6
2024-09-19 14:47:24.265,420.3197586091008,97
2024-09-19 14:47:24.307,420.34269241025976,1005
2024-09-19 14:47:24.379,420.3328971523589,101
2024-09-19 14:47:24.413,420.2939308001893,8
2024-09-19 14:47:24.417,420.340217742822,95
2024-09-19 14:47:24.428,420.3301059809903,99
2024-09-19 14:47:24.485,420.3478588617294,15
2024-09-19 14:47:24.520,420.3430076102839,100
2024-09-19 14:47:24.632,420.3030648068265,102
2024-09-19 14:47:24.675,420.3462292717165,1000
2024-09-19 14:47:24.701,420.34374079493927,5
2024-09-19 14:47:24.752,420.3542008363845,12
2024-09-19 14:47:24.766,420.3090177757468,998
2024-09-19 14:47:24.801,420.2878347497842,100
2024-09-19 14:47:24.830,420.3253930546774,103
2024-09-19 14:47:24.874,420.3137142570113,1005
2024-09-19 14:47:25.045,420.3329847022462,97
2024-09-19 14:47:25.045,420.3228018090158,97
2024-09-19 14:47:25.133,414.5871437310532,14
2024-09-19 14:47:25.140,420.3225671851931,105
2024-09-19 14:47:25.614,420.3159279433007,103
2024-09-19 14:47:25.708,420.31516283944495,9
2024-09-19 14:47:25.787,420.32165700619214,999
2024-09-19 14:47:25.817,420.3346450788399,998
2024-09-19 14:47:25.838,420.3287840907748,996
2024-09-19 14:47:25.880,420.3141354295665,98
2024-09-19 14:47:25.938,420.3243934335989,1002
2024-09-19 14:47:25.962,420.3071209874466,13
2024-09-19 14:47:26.010,420.3313074479283,104
2024-09-19 14:47:26.055,420.3088937703122,14
2024-09-19 14:47:26.115,420.3123541562485,97
2024-09-19 14:47:26.217,420.337174266752,11
2024-09-19 14:47:26.311,420.3439174666176,103
2024-09-19 14:47:26.345,420.333260565674,101
2024-09-19 14:47:26.346,420.3425282560999,9
2024-09-19 14:47:26.541,420.34697940083055,999
2024-09-19 14:47:26.572,420.3262350972101,12
2024-09-19 14:47:26.587,420.31879980383695,101
2024-09-19 14:47:26.588,420.3413627718796,1005
2024-09-19 14:47:26.593,420.32629008898033,99
2024-09-19 14:47:26.641,420.3332943035227,1002
2024-09-19 14:47:26.660,420.3381577391672,99
2024-09-19 14:47:26.802,420.3391030507005,1000
2024-09-19 14:47:26.856,420.3104420342104,15
2024-09-19 14:47:26.859,420.3494350887672,10
2024-09-19 14:47:26.911,420.32520226820606,1005
2024-09-19 14:47:26.920,42.034929503958764,1003
2024-09-19 14:47:27.010,420.338485162829,103
2024-09-19 14:47:27.013,420.37277430051,995
2024-09-19 14:47:27.178,420.3612048948383,9
2024-09-19 14:47:27.305,420.3468707012392,10
2024-09-19 14:47:27.421,420.3532817022845,102
2024-09-19 14:47:27.476,420.3960707072605,1000
2024-09-19 14:47:27.679,420.39122976314144,7
2024-09-19 14:47:27.785,420.39261756891904,8
2024-09-19 14:47:28.064,420.3588503913389,12
2024-09-19 14:47:28.238,420.38365648847576,99
2024-09-19 14:47:28.359,42.03652771381326,8
2024-09-19 14:47:28.365,420.3822289532311,100
2024-09-19 14:47:28.516,420.3607914167607,103
2024-09-19 14:47:28.593,420.3545728284283,98
2024-09-19 14:47:28.823,420.3726740225432,13
2024-09-19 14:47:28.890,420.3947307499516,7
2024-09-19 14:47:28.981,414.62234260706185,104
2024-09-19 14:47:29.344,420.3823401780339,101
2024-09-19 14:47:29.553,420.38434420878656,101
2024-09-19 14:47:29.809,420.3805671938859,105
2024-09-19 14:47:30.049,420.51945544209855,15
2024-09-19 14:47:30.060,420.5283310123068,5
2024-09-19 14:47:30.126,42.037961989979785,105
2024-09-19 14:47:30.131,420.3975640512495,998
2024-09-19 14:47:30.209,420.4265514314646,6
2024-09-19 14:47:30.236,420.5042422249822,95
2024-09-19 14:47:30.325,420.3676593254177,1002
2024-09-19 14:47:30.473,420.3848677705077,1005
2024-09-19 14:47:30.528,420.3714908111618,997
2024-09-19 14:47:30.563,420.5295528551118,996
2024-09-19 14:47:30.564,420.3641270890296,12
2024-09-19 14:47:30.592,420.5242990497911,11
2024-09-19 14:47:30.619,420.3970613448615,97
2024-09-19 14:47:30.651,42.03821914944103,98
2024-09-19 14:47:30.670,420.4403217511373,997
2024-09-19 14:47:30.768,420.3936711608407,6
2024-09-19 14:47:30.776,420.46617286916296,10
2024-09-19 14:47:30.782,420.374121694789,1001
2024-09-19 14:47:30.792,420.52812701235234,97
2024-09-19 14:47:30.795,420.3843085504026,100
2024-09-19 14:47:30.828,420.4737277948258,999
2024-09-19 14:47:30.838,420.49162934126497,9
2024-09-19 14:47:30.866,420.4158260228589,1004
2024-09-19 14:47:30.873,420.37079707927177,9
2024-09-19 14:47:30.939,420.3898032681224,997
2024-09-19 14:47:30.987,420.5170876284753,6
2024-09-19 14:47:31.051,420.5556678301893,13
2024-09-19 14:47:31.252,420.5545817903417,997
2024-09-19 14:47:31.292,420.5372864519426,100
2024-09-19 14:47:31.310,420.565224547419,997
2024-09-19 14:47:31.310,420.54996213721057,7
2024-09-19 14:47:31.524,420.5506749118585,5
2024-09-19 14:47:31.558,-420.5521706617356,6
2024-09-19 14:47:31.595,420.56663417619086,15
2024-09-19 14:47:31.797,420.5716178528465,103
2024-09-19 14:47:31.822,420.53853760540864,95
2024-09-19 14:47:31.832,420.5607511732094,6
2024-09-19 14:47:31.953,420.5660203384949,99
2024-09-19 14:47:31.977,420.5420227564088,105
2024-09-19 14:47:32.048,420.5867829566647,95
2024-09-19 14:47:32.208,420.5600536208016,99
2024-09-19 14:47:32.218,420.5816506669859,997
2024-09-19 14:47:32.232,420.5775960470292,9
2024-09-19 14:47:32.344,420.5789732471588,8
2024-09-19 14:47:32.410,420.5672699557944,1003
2024-09-19 14:47:32.425,420.57563894849136,14
2024-09-19 14:47:32.429,420.57717096302906,104
2024-09-19 14:47:32.460,420.590376048357,998
2024-09-19 14:47:32.571,420.5592447225596,995
2024-09-19 14:47:32.684,420.5918040594506,11
2024-09-19 14:47:32.692,-420.56076945059664,995
2024-09-19 14:47:32.694,420.5700045036221,13
2024-09-19 14:47:32.868,420.5588071243698,99
2024-09-19 14:47:32.893,420.5793062331368,1001
2024-09-19 14:47:32.934,420.58412484316256,1004
2024-09-19 14:47:32.981,420.5748957389613,6
2024-09-19 14:47:33.537,414.620796228085,997
2024-09-19 14:47:34.063,420.5862411465402,104
2024-09-19 14:47:34.221,420.5261852471663,15
2024-09-19 14:47:34.240,420.544735489537,1001
2024-09-19 14:47:34.294,420.58249190909015,998
2024-09-19 14:47:34.328,420.5217335720253,102
2024-09-19 14:47:34.340,420.5354932454043,15
2024-09-19 14:47:34.347,420.5304442891738,1001
2024-09-19 14:47:34.399,420.55623329301847,8
2024-09-19 14:47:34.401,420.59431116415993,1005
2024-09-19 14:47:34.428,420.53356030966427,15
2024-09-19 14:47:34.647,420.5965277350711,98
2024-09-19 14:47:34.795,420.53328200694017,11
2024-09-19 14:47:34.818,420.6059933916704,999
2024-09-19 14:47:34.853,420.5802771592407,97
2024-09-19 14:47:34.876,420.52637936286686,7
2024-09-19 14:47:34.949,420.5355321029974,9
2024-09-19 14:47:34.984,420.5740678924894,99
2024-09-19 14:47:35.740,420.5114839569581,998
2024-09-19 14:47:36.709,420.5089524059261,100
2024-09-19 14:47:36.711,420.5162937171801,9
2024-09-19 14:47:36.737,420.50173485447846,12
2024-09-19 14:47:36.838,420.5075986496236,995
2024-09-19 14:47:37.067,420.47096059483846,15
2024-09-19 14:47:37.103,420.4751952744001,997
2024-09-19 14:47:37.133,420.5013855375237,996
2024-09-19 14:47:37.161,420.4795027675221,9
2024-09-19 14:47:37.188,420.4564958103778,6
2024-09-19 14:47:37.195,420.4706447822245,101
2024-09-19 14:47:37.311,420.4940162002652,995
2024-09-19 14:47:37.346,420.468847758264,102
2024-09-19 14:47:37.397,420.45169183134,5
2024-09-19 14:47:37.439,420.4777418692322,1004
2024-09-19 14:47:37.488,420.5053950368941,10
2024-09-19 14:47:37.507,420.4719930216055,9
2024-09-19 14:47:37.585,420.4867114624087,998
2024-09-19 14:47:37.587,420.436394912452,101
2024-09-19 14:47:37.629,420.4718737756338,997
2024-09-19 14:47:37.678,420.46510349797165,102
2024-09-19 14:47:37.689,420.427418855064,1005
2024-09-19 14:47:37.690,420.50858659365696,1004
2024-09-19 14:47:37.697,420.4291949682021,996
2024-09-19 14:47:37.729,420.4736919819623,1000
2024-09-19 14:47:37.809,420.5010303996862,995
2024-09-19 14:47:37.827,-420.4225370025232,102
2024-09-19 14:47:37.839,420.4869635961292,1001
2024-09-19 14:47:37.857,420.4264991534144,1000
2024-09-19 14:47:37.870,420.4985767371852,103
2024-09-19 14:47:37.874,420.4258615145429,98
2024-09-19 14:47:37.918,420.4321814734088,6
2024-09-19 14:47:37.926,420.4894085220196,14
2024-09-19 14:47:37.933,420.4775215737892,96
2024-09-19 14:47:37.954,420.4302265672866,9
2024-09-19 14:47:38.170,420.4129496511904,998
2024-09-19 14:47:38.206,420.4407310448328,5
2024-09-19 14:47:38.225,420.4208078263799,14
2024-09-19 14:47:38.283,420.42732776984496,101
2024-09-19 14:47:38.476,420.43143447305374,1001
2024-09-19 14:47:38.478,420.42791284003295,104
2024-09-19 14:47:38.515,420.4216194126722,104
2024-09-19 14:47:38.524,420.4250730520426,999
2024-09-19 14:47:38.631,420.3977074955434,98
2024-09-19 14:47:38.664,420.4142414398633,1000
2024-09-19 14:47:38.665,420.41375887648127,15
2024-09-19 14:47:38.751,420.4247653806788,6
2024-09-19 14:47:38.793,420.4087536791475,101
2024-09-19 14:47:38.812,420.40874269495407,105
2024-09-19 14:47:38.823,420.4032502876865,1005
2024-09-19 14:47:38.842,420.431724868801,7
2024-09-19 14:47:38.855,420.39421371353,7
2024-09-19 14:47:38.870,420.4144485506915,1000
2024-09-19 14:47:38.884,420.4321168956526,102
2024-09-19 14:47:38.939,420.41456808593045,5
2024-09-19 14:47:38.993,420.38992434579126,11
2024-09-19 14:47:39.028,420.3855781472591,995
2024-09-19 14:47:39.145,420.38947885953047,97
2024-09-19 14:47:39.181,420.3768358521632,5
2024-09-19 14:47:39.296,420.386985238178,7
2024-09-19 14:47:39.482,420.37675041086624,999
2024-09-19 14:47:39.554,420.40218264989073,9
2024-09-19 14:47:39.608,420.3894223356588,1004
2024-09-19 14:47:39.652,420.3798203791729,1005
2024-09-19 14:47:39.717,420.371105837486,7
2024-09-19 14:47:39.760,420.4032933792368,14
2024-09-19 14:47:39.811,420.37371496168055,12
2024-09-19 14:47:39.843,420.38457724263264,8
2024-09-19 14:47:39.895,420.36812497062,1005
2024-09-19 14:47:40.091,420.4147610622937,96
2024-09-19 14:47:40.197,420.46997263301125,5
2024-09-19 14:47:40.237,420.46995598493737,13
2024-09-19 14:47:40.399,,1005
2024-09-19 14:47:40.585,420.4425256023527,99
2024-09-19 14:47:40.675,420.4720433305575,996
2024-09-19 14:47:40.701,420.4516485779574,10
2024-09-19 14:47:40.838,420.4522595400933,1001
2024-09-19 14:47:41.001,420.4601460042148,11
2024-09-19 14:47:41.086,420.5132685583376,104
2024-09-19 14:47:41.135,420.4580348649224,7
2024-09-19 14:47:41.242,420.46905961975966,104
2024-09-19 14:47:41.256,420.515378090398,1003
2024-09-19 14:47:41.261,420.47295574920895,98
2024-09-19 14:47:41.288,42.046255832551736,995
2024-09-19 14:47:41.342,420.4776237880154,1005
2024-09-19 14:47:41.423,420.5003522484133,100
2024-09-19 14:47:41.490,420.49114357681145,14
2024-09-19 14:47:41.521,420.4732122468705,99
2024-09-19 14:47:41.561,420.5179882030696,998
2024-09-19 14:47:41.571,420.4945558878112,102
2024-09-19 14:47:41.579,420.49653627667726,105
2024-09-19 14:47:41.634,420.487850581244,11
2024-09-19 14:47:41.704,420.4964461039296,14
2024-09-19 14:47:41.874,420.45926268273786,998
2024-09-19 14:47:41.902,420.47213489531424,10
2024-09-19 14:47:41.978,420.47401823305614,5
2024-09-19 14:47:42.023,420.4769361843959,11
2024-09-19 14:47:42.032,420.417860820117,10
2024-09-19 14:47:42.064,420.4369317874632,8
2024-09-19 14:47:42.075,420.4340708392447,11
2024-09-19 14:47:42.083,420.4685097815391,95
2024-09-19 14:47:42.128,420.4346516808432,996
2024-09-19 14:47:42.142,420.4594954545093,12
2024-09-19 14:47:42.157,420.4160050039451,999
2024-09-19 14:47:42.228,420.42830931992296,999
2024-09-19 14:47:42.253,420.4683629657689,97
2024-09-19 14:47:42.536,420.4717625726336,1005
2024-09-19 14:47:42.634,420.4234861315756,13
2024-09-19 14:47:42.635,420.4478020008547,995
2024-09-19 14:47:42.715,420.4514118007553,96
2024-09-19 14:47:42.865,420.4517954069665,1004
2024-09-19 14:47:42.882,420.4783944830688,104
2024-09-19 14:47:42.883,420.4229507810553,1001
2024-09-19 14:47:42.929,,12
2024-09-19 14:47:43.156,420.4085771033495,1004
2024-09-19 14:47:43.258,420.4222837745542,11
2024-09-19 14:47:43.319,420.4222593362913,12
2024-09-19 14:47:43.347,420.44068202794426,5
2024-09-19 14:47:43.485,420.4338195051206,98
2024-09-19 14:47:43.580,420.4170243673621,1005
2024-09-19 14:47:43.641,420.4116286698897,95
2024-09-19 14:47:43.662,420.4246792127978,96
2024-09-19 14:47:43.698,420.4319859041176,15
2024-09-19 14:47:43.779,420.4364264542923,1000
2024-09-19 14:47:43.802,420.4498393659453,100
2024-09-19 14:47:43.830,420.43124565196337,9
2024-09-19 14:47:43.899,420.459882607336,12
2024-09-19 14:47:43.921,420.4331607378308,10
2024-09-19 14:47:44.003,420.419375820926,103
2024-09-19 14:47:44.056,420.3814024634688,100
2024-09-19 14:47:44.231,420.41292146718985,1001
2024-09-19 14:47:44.264,420.3966965173034,1003
2024-09-19 14:47:44.272,420.395855934437,1004
2024-09-19 14:47:44.341,420.4074623985064,12
2024-09-19 14:47:44.345,420.41842874109886,8
2024-09-19 14:47:44.434,420.3967362667281,7
2024-09-19 14:47:44.510,420.401338677182,999
2024-09-19 14:47:44.598,420.3934859296434,999
2024-09-19 14:47:44.747,420.4110346751123,101
2024-09-19 14:47:44.753,420.38879193002674,103
2024-09-19 14:47:44.775,420.4079754663163,996
2024-09-19 14:47:44.830,420.3820637989052,104
2024-09-19 14:47:44.865,420.377165900174,7
2024-09-19 14:47:44.868,420.39555801844426,97
2024-09-19 14:47:44.895,420.3923943405232,1003
2024-09-19 14:47:44.907,420.3760425613467,101
2024-09-19 14:47:44.965,420.3929986658176,999
2024-09-19 14:47:46.055,420.3556530891463,998
2024-09-19 14:47:46.104,420.3570108903427,1001
2024-09-19 14:47:46.112,420.356634554767,101
2024-09-19 14:47:46.163,420.3673873482388,1000
2024-09-19 14:47:46.164,420.35829797008535,10
2024-09-19 14:47:46.172,420.3729011942247,1001
2024-09-19 14:47:46.193,420.3628820336292,104
2024-09-19 14:47:46.252,420.33770781612367,100
2024-09-19 14:47:46.325,420.3441991234491,97
2024-09-19 14:47:46.352,420.38573207987776,11
2024-09-19 14:47:46.430,420.3905296984431,995
2024-09-19 14:47:46.454,420.3523765583119,999
2024-09-19 14:47:46.481,420.36026238114016,7
2024-09-19 14:47:46.558,420.39300949933767,9
2024-09-19 14:47:46.601,420.3469988998174,100
2024-09-19 14:47:46.604,420.3641203701529,1004
2024-09-19 14:47:46.604,420.37450444647067,100
2024-09-19 14:47:46.614,420.38839216834896,15
2024-09-19 14:47:46.626,420.388112698526,98
2024-09-19 14:47:46.710,420.379309856746,999
2024-09-19 14:47:46.715,420.3481012333629,1005
2024-09-19 14:47:46.742,420.328809559984,100
2024-09-19 14:47:46.776,420.3335169276166,1002
2024-09-19 14:47:46.804,420.34155432344863,95
2024-09-19 14:47:46.880,420.3286107266342,99
2024-09-19 14:47:46.912,420.38309120644334,8
2024-09-19 14:47:46.947,420.3835464407599,1005
2024-09-19 14:47:46.952,420.36520488300255,104
2024-09-19 14:47:47.038,420.3625571684203,105
2024-09-19 14:47:47.050,420.4013269622689,998
2024-09-19 14:47:47.062,420.40151520851146,102
2024-09-19 14:47:47.087,420.3799272781064,1000
2024-09-19 14:47:47.138,420.3491327414383,8
2024-09-19 14:47:47.421,420.39099201317663,998
2024-09-19 14:47:47.427,420.39648851037305,5
2024-09-19 14:47:47.445,420.3668708780508,997
2024-09-19 14:47:47.507,420.372166719335,105
2024-09-19 14:47:47.544,420.35421452122,104
2024-09-19 14:47:47.594,420.3833547315501,1001
2024-09-19 14:47:47.600,420.408435610772,104
2024-09-19 14:47:47.602,420.4059322277646,100
2024-09-19 14:47:47.802,420.3685771592082,105
2024-09-19 14:47:47.807,420.36617146575264,13
2024-09-19 14:47:47.897,420.4025851711188,7
2024-09-19 14:47:47.914,420.36053431555433,12
2024-09-19 14:47:48.141,420.4020240764448,11
2024-09-19 14:47:48.315,420.4187389675269,14
2024-09-19 14:47:48.637,420.4089058162115,99
2024-09-19 14:47:49.067,420.4262095682325,11
2024-09-19 14:47:49.178,420.4437065001752,998
2024-09-19 14:47:49.279,420.4842647574648,15
2024-09-19 14:47:49.378,420.47072460069,997
2024-09-19 14:47:49.388,420.4401250573193,100
2024-09-19 14:47:49.651,420.4746541907041,996
2024-09-19 14:47:49.700,420.4419852636647,1005
2024-09-19 14:47:49.761,420.4958496873054,1001
2024-09-19 14:47:49.794,420.44212598061023,1003
2024-09-19 14:47:49.845,420.4355234236565,10
2024-09-19 14:47:49.886,420.4267160239555,100
2024-09-19 14:47:49.964,420.46202527423935,15
2024-09-19 14:47:49.966,420.4533244322234,95
2024-09-19 14:47:51.023,420.50977708918754,13
2024-09-19 14:47:51.457,420.5011769772601,11
2024-09-19 14:47:51.843,420.4991451211873,97
2024-09-19 14:47:51.846,420.5010428581022,99
2024-09-19 14:47:52.025,420.421812536863,1000
2024-09-19 14:47:52.049,420.4866168804263,9
2024-09-19 14:47:52.080,420.4561195830967,15
2024-09-19 14:47:52.174,420.5078670145562,995
2024-09-19 14:47:52.274,420.4694179932687,100
2024-09-19 14:47:52.634,420.4531425479866,9
2024-09-19 14:47:52.827,420.4435503477072,101
2024-09-19 14:47:52.847,420.43192225175954,95
2024-09-19 14:47:52.853,420.4398450311305,999
2024-09-19 14:47:53.012,420.475238844628,95
2024-09-19 14:47:53.038,420.4557142966752,11
2024-09-19 14:47:53.201,420.45277719857086,103
2024-09-19 14:47:53.313,,13
2024-09-19 14:47:53.396,420.4057655278398,98
2024-09-19 14:47:53.458,420.43203759208217,5
2024-09-19 14:47:53.517,420.4021240955017,6
2024-09-19 14:47:53.552,420.45641040327183,99
2024-09-19 14:47:54.018,420.44573335799817,5
2024-09-19 14:47:54.073,420.47528521448777,11
2024-09-19 14:47:54.098,420.47708782186766,11
2024-09-19 14:47:54.252,420.45703496354975,11
2024-09-19 14:47:54.313,420.4453887311518,98
2024-09-19 14:47:54.435,420.4829141232634,7
2024-09-19 14:47:54.662,420.4582604438408,7
2024-09-19 14:47:54.742,420.4456774329563,105
2024-09-19 14:47:54.786,420.469123176977,1003
2024-09-19 14:47:54.805,420.4692343050359,1005
2024-09-19 14:47:54.820,420.4559609163807,7
2024-09-19 14:47:54.852,420.4494359610675,997
2024-09-19 14:47:54.870,420.4582059852822,996
2024-09-19 14:47:54.911,420.4673617716025,11
2024-09-19 14:47:54.920,420.48082505925,102
2024-09-19 14:47:54.942,420.46265745569127,996
2024-09-19 14:47:55.167,420.479634275965,998
2024-09-19 14:47:55.359,420.4486530580018,98
2024-09-19 14:47:55.379,420.4176681323904,96
2024-09-19 14:47:55.389,420.3941494034042,12
2024-09-19 14:47:55.445,420.41962164635896,103
2024-09-19 14:47:55.522,420.388527081831,98
2024-09-19 14:47:55.558,420.42570633067805,7
2024-09-19 14:47:55.558,420.46973295405513,998
2024-09-19 14:47:55.680,420.4045704897499,996
2024-09-19 14:47:55.800,420.4002349063604,102
2024-09-19 14:47:55.834,420.4086551448681,1003
2024-09-19 14:47:55.839,420.4247304750862,100
2024-09-19 14:47:55.884,420.4462544538866,12
2024-09-19 14:47:56.052,420.4581805045116,7
2024-09-19 14:47:56.106,420.4078805026674,6
2024-09-19 14:47:56.116,420.41771201545146,10
2024-09-19 14:47:56.151,420.3736616082804,6
2024-09-19 14:47:56.178,420.4387307222239,5
2024-09-19 14:47:56.215,420.4454741945021,103
2024-09-19 14:47:56.278,420.39415723556976,1000
2024-09-19 14:47:56.369,420.46076877309486,102
2024-09-19 14:47:56.394,,1002
2024-09-19 14:47:56.396,420.4508642171304,995
2024-09-19 14:47:56.428,420.4465331435326,100
2024-09-19 14:47:56.435,420.43961413042086,996
2024-09-19 14:47:56.503,420.40071144975576,995
2024-09-19 14:47:56.535,-420.4393118321554,11
2024-09-19 14:47:56.542,420.3980257504322,13
2024-09-19 14:47:56.545,420.3699389930493,10
2024-09-19 14:47:56.546,420.42383051245537,104
2024-09-19 14:47:56.595,420.3943332010631,996
2024-09-19 14:47:56.690,420.4123287725315,101
2024-09-19 14:47:56.801,420.4073816538783,103
2024-09-19 14:47:56.839,420.4295989018234,103
2024-09-19 14:47:56.890,420.4196259716795,996
2024-09-19 14:47:56.911,420.475259494628,13
2024-09-19 14:47:56.942,420.435173019178,999
2024-09-19 14:47:56.943,420.3990475740637,9
2024-09-19 14:47:56.949,420.4354700293242,6
2024-09-19 14:47:56.984,420.3916972869108,13
2024-09-19 14:47:57.058,420.4460224086952,99
2024-09-19 14:47:57.180,420.4693016580762,995
2024-09-19 14:47:57.371,420.4480268593804,12
2024-09-19 14:47:57.628,420.4650559541007,102
2024-09-19 14:47:57.877,420.4513657995165,12
2024-09-19 14:47:57.943,420.4573324237376,7
2024-09-19 14:47:58.089,420.45199824039656,101
2024-09-19 14:47:58.116,420.4487087423584,97
2024-09-19 14:47:58.147,420.4589661627431,99
2024-09-19 14:47:58.202,420.4571488337125,101
2024-09-19 14:47:58.301,420.4683424399191,8
2024-09-19 14:47:58.415,420.4235236151986,12
2024-09-19 14:47:58.446,42.04653433244962,7
2024-09-19 14:47:58.498,420.447159210092,999
2024-09-19 14:47:58.517,420.4481772060037,997
2024-09-19 14:47:58.654,420.4687904441569,11
2024-09-19 14:47:58.672,420.44714887654783,9
2024-09-19 14:47:58.723,420.4604658453623,1005
2024-09-19 14:47:58.730,420.4704470862381,997
2024-09-19 14:47:58.820,420.4552505842112,998
2024-09-19 14:47:58.907,420.4384396091415,102
2024-09-19 14:47:58.960,420.4615497385553,1003
2024-09-19 14:47:58.979,420.4437186995043,1000
2024-09-19 14:47:59.150,420.45343293403874,100
2024-09-19 14:47:59.192,420.46769744825394,103
2024-09-19 14:47:59.210,414.5588956050453,1004
2024-09-19 14:47:59.379,420.4577805983518,998
2024-09-19 14:47:59.405,420.468108248429,98
2024-09-19 14:47:59.522,420.4449057082269,101
2024-09-19 14:47:59.762,420.4658162239724,100
2024-09-19 14:47:59.820,420.46693902121183,102
2024-09-19 14:47:59.920,420.4440802879137,10
2024-09-19 14:47:59.989,420.4456964179686,15
