Timestamp,Price,Size
2024-09-17 14:32:00.192,405.91045461506303,105
2024-09-17 14:32:00.207,405.897385389416,12
2024-09-17 14:32:00.370,405.9112684407644,105
2024-09-17 14:32:00.546,405.89382442623366,13
2024-09-17 14:32:00.556,405.89160597192335,101
2024-09-17 14:32:00.682,405.8888541228658,997
2024-09-17 14:32:00.708,405.9021497418887,1004
2024-09-17 14:32:00.833,405.8858981025047,96
2024-09-17 14:32:01.017,405.8355612450631,11
2024-09-17 14:32:01.046,405.8467306629152,9
2024-09-17 14:32:01.090,405.9225007503752,102
2024-09-17 14:32:01.142,405.8729572100407,6
2024-09-17 14:32:01.159,405.8866160747822,14
2024-09-17 14:32:01.170,405.8943062278778,11
2024-09-17 14:32:01.175,405.8707227503401,1000
2024-09-17 14:32:01.179,405.8352151765069,1003
2024-09-17 14:32:01.182,405.901993531995,104
2024-09-17 14:32:01.191,405.8954315363782,103
2024-09-17 14:32:01.199,405.827690357616,7
2024-09-17 14:32:01.292,405.8815091924945,100
2024-09-17 14:32:01.340,405.7937606203318,104
2024-09-17 14:32:01.372,405.831208964796,12
2024-09-17 14:32:01.392,405.81768276842354,14
2024-09-17 14:32:01.453,405.8628386983366,13
2024-09-17 14:32:01.472,405.8488947952649,998
2024-09-17 14:32:01.477,405.8660250297784,1004
2024-09-17 14:32:01.522,405.8267548462716,97
2024-09-17 14:32:01.580,405.8484964891065,104
2024-09-17 14:32:01.590,405.7926605086623,999
2024-09-17 14:32:01.643,405.8955618074725,1000
2024-09-17 14:32:01.679,405.87429797321033,101
2024-09-17 14:32:01.741,405.9099919171664,9
2024-09-17 14:32:01.758,405.8573493755922,105
2024-09-17 14:32:01.808,405.8608503008211,96
2024-09-17 14:32:01.824,405.8054458765959,100
2024-09-17 14:32:01.869,405.87270994662447,1001
2024-09-17 14:32:01.909,405.8868788570903,102
2024-09-17 14:32:01.942,405.9016985662607,10
2024-09-17 14:32:02.060,417.13135737204135,103
2024-09-17 14:32:02.190,405.77937406682776,1003
2024-09-17 14:32:02.426,405.78343153929256,9
2024-09-17 14:32:02.500,405.7593887334372,97
2024-09-17 14:32:03.039,405.7569340389875,7
2024-09-17 14:32:03.165,405.7665076738889,95
2024-09-17 14:32:03.198,405.7606935179724,11
2024-09-17 14:32:03.205,405.7520271897856,1002
2024-09-17 14:32:03.430,405.7438424661868,1002
2024-09-17 14:32:03.691,405.7794470453265,1001
2024-09-17 14:32:03.863,405.7601746136511,10
2024-09-17 14:32:03.879,405.7419474613818,13
2024-09-17 14:32:04.152,405.7810184721821,996
2024-09-17 14:32:04.155,405.762924376855,99
2024-09-17 14:32:04.263,405.7886670308494,7
2024-09-17 14:32:04.672,405.7876216507995,6
2024-09-17 14:32:04.770,405.7792348901161,5
2024-09-17 14:32:04.822,405.7802178075633,1004
2024-09-17 14:32:04.866,405.78949027720495,6
2024-09-17 14:32:04.881,405.7625207644933,6
2024-09-17 14:32:05.015,405.8143207414135,9
2024-09-17 14:32:05.022,405.79164343613706,6
2024-09-17 14:32:05.033,405.7882290957761,97
2024-09-17 14:32:05.036,405.78833411767926,997
2024-09-17 14:32:05.099,405.79707225553017,5
2024-09-17 14:32:05.120,417.073685786035,99
2024-09-17 14:32:05.149,405.7784021640505,999
2024-09-17 14:32:05.213,405.7764958700327,96
2024-09-17 14:32:05.220,405.7641806521751,1001
2024-09-17 14:32:05.233,,998
2024-09-17 14:32:05.238,405.80966476950965,12
2024-09-17 14:32:05.273,405.780443415296,1002
2024-09-17 14:32:05.276,405.76351802181216,95
2024-09-17 14:32:05.295,405.7825308771484,7
2024-09-17 14:32:05.340,405.8333612016417,105
2024-09-17 14:32:05.368,405.78206598793054,10
2024-09-17 14:32:05.377,405.8020138914384,996
2024-09-17 14:32:05.470,405.80134602080057,103
2024-09-17 14:32:05.482,405.75852065806737,13
2024-09-17 14:32:05.548,405.77551792431206,97
2024-09-17 14:32:05.570,405.7936250746647,13
2024-09-17 14:32:05.586,405.7673881629792,1003
2024-09-17 14:32:05.597,405.8015648923418,13
2024-09-17 14:32:05.632,405.7696978382891,98
2024-09-17 14:32:05.708,405.7873374383074,101
2024-09-17 14:32:05.808,405.7810989890801,8
2024-09-17 14:32:05.810,405.8359840626814,1003
2024-09-17 14:32:05.978,405.8363000259909,7
2024-09-17 14:32:06.009,405.77724565275184,6
2024-09-17 14:32:06.021,405.82849313611865,103
2024-09-17 14:32:06.034,405.8001810687419,1002
2024-09-17 14:32:06.093,405.77571360235976,7
2024-09-17 14:32:06.158,405.7922704141298,1002
2024-09-17 14:32:06.267,405.79753528245953,1004
2024-09-17 14:32:06.356,405.7730092959805,11
2024-09-17 14:32:06.364,405.83421525459954,1000
2024-09-17 14:32:06.426,405.7971311980284,10
2024-09-17 14:32:06.528,405.79394646586087,105
2024-09-17 14:32:06.531,405.79159243106704,11
2024-09-17 14:32:06.677,405.8387860534092,99
2024-09-17 14:32:06.683,405.7940978654199,13
2024-09-17 14:32:06.737,405.8115967922233,95
2024-09-17 14:32:06.749,405.80889350526166,7
2024-09-17 14:32:06.779,405.8497203717067,95
2024-09-17 14:32:06.791,405.80282961319176,1001
2024-09-17 14:32:06.840,405.8492389623962,1004
2024-09-17 14:32:06.926,405.7777755798549,8
2024-09-17 14:32:06.934,405.8153506030353,1000
2024-09-17 14:32:06.961,405.7773716081591,101
2024-09-17 14:32:07.002,405.8527458769879,10
2024-09-17 14:32:07.032,405.8710491751983,97
2024-09-17 14:32:07.145,405.84292423858295,995
2024-09-17 14:32:07.168,405.8414551282855,99
2024-09-17 14:32:07.178,405.8330050449068,11
2024-09-17 14:32:07.319,405.859834517875,8
2024-09-17 14:32:07.407,405.86077318521023,996
2024-09-17 14:32:07.467,405.8612926952339,997
2024-09-17 14:32:07.556,405.83791936688175,5
2024-09-17 14:32:07.762,405.8673817058752,1001
2024-09-17 14:32:07.939,,7
2024-09-17 14:32:08.079,405.8541737510626,97
2024-09-17 14:32:08.092,405.8732462253886,10
2024-09-17 14:32:08.169,405.8724005631586,102
2024-09-17 14:32:08.247,405.9003705538764,12
2024-09-17 14:32:08.336,405.8869135627044,97
2024-09-17 14:32:08.639,405.8643594377052,996
2024-09-17 14:32:08.652,405.8690126664185,1000
2024-09-17 14:32:08.684,405.8671104657562,999
2024-09-17 14:32:08.696,405.877038575877,9
2024-09-17 14:32:08.740,405.8994885715551,15
2024-09-17 14:32:08.759,405.8921401817474,11
2024-09-17 14:32:08.794,405.8959810058019,105
2024-09-17 14:32:08.840,405.87836472980007,1002
2024-09-17 14:32:08.858,405.8715039467707,1003
2024-09-17 14:32:08.873,405.8752830387475,1003
2024-09-17 14:32:08.909,405.8678665515392,99
2024-09-17 14:32:08.915,405.8828188684924,5
2024-09-17 14:32:08.922,405.85860795209845,102
2024-09-17 14:32:08.925,405.88401685928704,98
2024-09-17 14:32:08.991,405.8571578052622,1004
2024-09-17 14:32:08.999,405.8953400003746,996
2024-09-17 14:32:09.048,405.91634129950586,10
2024-09-17 14:32:09.093,405.8428802150903,5
2024-09-17 14:32:09.190,405.84427629104175,1000
2024-09-17 14:32:09.201,405.870968232652,5
2024-09-17 14:32:09.244,405.8272847736202,98
2024-09-17 14:32:09.285,405.8311360980145,102
2024-09-17 14:32:09.293,405.85893256331343,98
2024-09-17 14:32:09.376,405.8529069813175,100
2024-09-17 14:32:09.416,405.8626141163959,105
2024-09-17 14:32:09.424,405.8500413603271,96
2024-09-17 14:32:09.433,405.86192905537433,1005
2024-09-17 14:32:09.459,405.88342521205976,1002
2024-09-17 14:32:09.461,405.9141032855635,10
2024-09-17 14:32:09.555,405.907717407181,12
2024-09-17 14:32:09.594,405.88071280692975,10
2024-09-17 14:32:09.625,405.921439428318,15
2024-09-17 14:32:09.650,405.8604672028713,8
2024-09-17 14:32:09.688,405.8954075469814,7
2024-09-17 14:32:09.703,405.8527169360162,1000
2024-09-17 14:32:09.777,405.8355362077054,998
2024-09-17 14:32:09.797,405.91000406734537,100
2024-09-17 14:32:09.805,405.86693412158974,1001
2024-09-17 14:32:09.807,405.8429559326795,100
2024-09-17 14:32:09.911,405.88346545844,8
2024-09-17 14:32:09.932,405.8714711245046,995
2024-09-17 14:32:09.932,405.8688353244879,1004
2024-09-17 14:32:09.938,405.9046841827,1001
2024-09-17 14:32:09.943,405.9093903236117,1005
2024-09-17 14:32:09.990,405.8308433187279,104
2024-09-17 14:32:09.996,405.85412822393664,104
2024-09-17 14:32:10.000,405.8451920434739,11
2024-09-17 14:32:10.012,405.9249318097093,95
2024-09-17 14:32:10.029,405.8443069734871,7
2024-09-17 14:32:10.058,405.8325042863967,101
2024-09-17 14:32:10.129,405.880227931108,97
2024-09-17 14:32:10.211,405.8391456098567,98
2024-09-17 14:32:10.288,405.918525410288,995
2024-09-17 14:32:10.300,405.8843475725905,1002
2024-09-17 14:32:10.302,405.882637166067,1002
2024-09-17 14:32:10.340,405.8608399352312,12
2024-09-17 14:32:10.368,405.913951816886,99
2024-09-17 14:32:10.384,405.8303018101048,1005
2024-09-17 14:32:10.401,405.8537683877983,1004
2024-09-17 14:32:10.404,405.87285871655655,13
2024-09-17 14:32:10.482,405.86091629706607,95
2024-09-17 14:32:10.549,405.8558664861666,15
2024-09-17 14:32:10.583,405.8422681213349,8
2024-09-17 14:32:10.714,405.8526667205382,15
2024-09-17 14:32:10.719,405.8386537092248,8
2024-09-17 14:32:10.745,405.8940637501736,6
2024-09-17 14:32:10.790,405.8413495779373,1004
2024-09-17 14:32:10.881,405.8493373490846,95
2024-09-17 14:32:10.883,405.8593463932452,12
2024-09-17 14:32:10.906,405.827020016899,12
2024-09-17 14:32:10.919,405.9255488034226,101
2024-09-17 14:32:10.928,405.8497960448384,101
2024-09-17 14:32:10.936,405.83214099342894,11
2024-09-17 14:32:11.113,405.8855490796299,103
2024-09-17 14:32:11.165,405.9246422122183,10
2024-09-17 14:32:11.217,405.9330740932325,1004
2024-09-17 14:32:11.251,405.9189181560178,7
2024-09-17 14:32:11.268,405.8824048355428,96
2024-09-17 14:32:11.291,405.8898758783221,99
2024-09-17 14:32:11.307,405.8976211387209,1001
2024-09-17 14:32:11.321,405.9272677966498,11
2024-09-17 14:32:11.611,405.91525499553467,102
2024-09-17 14:32:11.652,405.9314948955727,9
2024-09-17 14:32:11.662,405.9316430116952,1001
2024-09-17 14:32:11.704,405.884456170231,996
2024-09-17 14:32:11.777,405.9451963897701,8
2024-09-17 14:32:11.816,405.8966434410636,995
2024-09-17 14:32:11.909,405.9065464531354,13
2024-09-17 14:32:11.932,405.934738292241,1001
2024-09-17 14:32:12.001,405.8332597085573,8
2024-09-17 14:32:12.067,405.8245734021209,98
2024-09-17 14:32:12.121,405.9121395742828,9
2024-09-17 14:32:12.201,405.8833626885814,12
2024-09-17 14:32:12.244,405.9030979788717,100
2024-09-17 14:32:12.253,405.8960369774896,1002
2024-09-17 14:32:12.307,405.9026501070844,105
2024-09-17 14:32:12.308,405.8729432043215,95
2024-09-17 14:32:12.416,405.8906944728572,1004
2024-09-17 14:32:12.434,405.9229929134319,99
2024-09-17 14:32:12.435,405.8784040510984,1001
2024-09-17 14:32:12.445,405.9118345427658,7
2024-09-17 14:32:12.542,405.8226109468431,7
2024-09-17 14:32:12.566,405.85451266961536,1004
2024-09-17 14:32:12.570,405.9105978567919,105
2024-09-17 14:32:12.597,405.8866178649229,999
2024-09-17 14:32:12.614,405.8744794787782,11
2024-09-17 14:32:12.728,405.89953384475433,5
2024-09-17 14:32:12.798,405.9170561752005,8
2024-09-17 14:32:12.963,405.9116260607128,1001
2024-09-17 14:32:13.287,405.8289810203957,95
2024-09-17 14:32:13.722,405.8182304585047,95
2024-09-17 14:32:14.037,405.7796496393111,8
2024-09-17 14:32:14.090,405.71954248785056,100
2024-09-17 14:32:14.168,405.7809024950646,11
2024-09-17 14:32:14.250,405.75002115019663,103
2024-09-17 14:32:14.250,405.7560088077721,995
2024-09-17 14:32:14.278,405.8074116657702,1000
2024-09-17 14:32:14.282,405.7228581614081,10
2024-09-17 14:32:14.300,405.7562368235875,1000
2024-09-17 14:32:14.344,405.76752199085126,97
2024-09-17 14:32:14.371,405.7257992159916,1003
2024-09-17 14:32:14.471,405.7626359970737,1003
2024-09-17 14:32:14.494,405.7484663863901,104
2024-09-17 14:32:14.504,405.77336027405534,102
2024-09-17 14:32:14.533,405.82329552424665,102
2024-09-17 14:32:14.555,405.7268628379031,98
2024-09-17 14:32:14.556,405.7699469146196,13
2024-09-17 14:32:14.570,405.7082464643567,6
2024-09-17 14:32:14.762,405.7037413636741,6
2024-09-17 14:32:14.832,405.8018595813536,13
2024-09-17 14:32:14.835,405.8214959451575,997
2024-09-17 14:32:14.865,405.7198266234111,105
2024-09-17 14:32:14.874,405.76750870809,997
2024-09-17 14:32:14.980,405.748751976333,999
2024-09-17 14:32:14.985,405.7519450489469,96
2024-09-17 14:32:14.986,405.77751004963255,102
2024-09-17 14:32:15.040,405.7098654863336,1000
2024-09-17 14:32:15.046,405.7633048893153,997
2024-09-17 14:32:15.079,405.7401602093987,1000
2024-09-17 14:32:15.162,405.7703509644871,1002
2024-09-17 14:32:15.176,405.7531294699889,9
2024-09-17 14:32:15.191,405.6643335535136,102
2024-09-17 14:32:15.209,405.7224536569117,1001
2024-09-17 14:32:15.277,405.7038071169327,102
2024-09-17 14:32:15.364,405.7192637925479,96
2024-09-17 14:32:15.383,405.715449785527,5
2024-09-17 14:32:15.490,405.7696447794036,1004
2024-09-17 14:32:15.491,405.6519528168391,996
2024-09-17 14:32:15.561,405.7319709063383,11
2024-09-17 14:32:15.563,405.68043252417993,999
2024-09-17 14:32:15.594,405.6930120901616,10
2024-09-17 14:32:15.652,405.6629226521103,999
2024-09-17 14:32:15.664,405.7741261971067,12
2024-09-17 14:32:15.728,405.7391097427017,998
2024-09-17 14:32:15.776,405.75944562260656,105
2024-09-17 14:32:15.805,405.6606872202432,95
2024-09-17 14:32:15.821,405.6434458078767,995
2024-09-17 14:32:15.875,405.7666211359754,102
2024-09-17 14:32:15.890,405.7402442488564,105
2024-09-17 14:32:15.903,405.7472763839797,98
2024-09-17 14:32:15.919,405.6553454666128,103
2024-09-17 14:32:16.007,405.6703661208913,14
2024-09-17 14:32:16.070,405.6441468326464,95
2024-09-17 14:32:16.184,405.6709215351439,997
2024-09-17 14:32:16.187,405.67203290566505,11
2024-09-17 14:32:16.199,405.6599652429658,97
2024-09-17 14:32:16.261,405.6331679002956,13
2024-09-17 14:32:16.404,405.64578460352186,995
2024-09-17 14:32:16.453,405.6491444198813,97
2024-09-17 14:32:16.483,405.6520478497821,10
2024-09-17 14:32:16.486,405.6667107295645,13
2024-09-17 14:32:16.504,405.6537121511828,5
2024-09-17 14:32:16.527,405.6503277308336,8
2024-09-17 14:32:16.546,405.6564688075354,101
2024-09-17 14:32:16.555,405.64629482335823,8
2024-09-17 14:32:16.570,405.6431137071693,13
2024-09-17 14:32:16.574,405.6341839455405,10
2024-09-17 14:32:16.587,405.6398939593568,999
2024-09-17 14:32:16.592,405.6670628188146,98
2024-09-17 14:32:16.648,405.6643699211492,10
2024-09-17 14:32:16.717,405.65120051744367,103
2024-09-17 14:32:16.735,405.66015989690703,1002
2024-09-17 14:32:16.777,405.6714930318592,1003
2024-09-17 14:32:16.811,405.6404245153024,7
2024-09-17 14:32:16.832,405.6510697435961,6
2024-09-17 14:32:16.858,405.6495814728466,9
2024-09-17 14:32:16.864,405.6472999689564,100
2024-09-17 14:32:16.994,405.6530860635816,1002
2024-09-17 14:32:17.013,405.6473266329338,6
2024-09-17 14:32:17.138,405.66608312979525,999
2024-09-17 14:32:17.537,417.0422607425751,100
2024-09-17 14:32:17.871,405.6507488954154,100
2024-09-17 14:32:17.871,405.6563991955588,10
2024-09-17 14:32:17.964,405.65144150015686,100
2024-09-17 14:32:18.069,405.669764212053,1001
2024-09-17 14:32:18.139,405.6573940325376,100
2024-09-17 14:32:18.175,405.6802979604811,5
2024-09-17 14:32:18.187,405.6727325481885,98
2024-09-17 14:32:18.290,405.6825206450353,98
2024-09-17 14:32:18.356,405.67954721804045,5
2024-09-17 14:32:18.385,405.6670027752305,997
2024-09-17 14:32:18.386,405.6548543084981,996
2024-09-17 14:32:18.481,405.667522365218,1000
2024-09-17 14:32:18.571,405.6718172952209,101
2024-09-17 14:32:18.631,405.682547625036,105
2024-09-17 14:32:18.664,405.658145706626,11
2024-09-17 14:32:18.692,405.68282698168633,5
2024-09-17 14:32:18.718,405.68152487191776,102
2024-09-17 14:32:18.871,405.6599483387519,96
2024-09-17 14:32:18.879,405.6555114519418,8
2024-09-17 14:32:18.883,405.6683272066672,1005
2024-09-17 14:32:18.931,405.6905850303916,1005
2024-09-17 14:32:19.224,405.695228169004,15
2024-09-17 14:32:19.295,405.6757977275897,12
2024-09-17 14:32:19.493,405.6904396499396,103
2024-09-17 14:32:19.517,405.67820195227296,999
2024-09-17 14:32:19.659,405.6823270211207,1002
2024-09-17 14:32:19.687,405.6940847652579,999
2024-09-17 14:32:19.724,405.68058990242304,997
2024-09-17 14:32:19.729,405.6658164358068,13
2024-09-17 14:32:19.754,405.6933918180508,104
2024-09-17 14:32:19.850,405.6804707916568,1005
2024-09-17 14:32:19.916,405.6792541249732,1004
2024-09-17 14:32:19.918,405.68200956600447,9
2024-09-17 14:32:19.989,405.6811646052466,6
2024-09-17 14:32:19.992,405.6797478180147,998
2024-09-17 14:32:20.028,405.7062688069321,5
2024-09-17 14:32:20.034,405.6652366978242,997
2024-09-17 14:32:20.039,405.6593658239868,6
2024-09-17 14:32:20.044,405.6260626053748,13
2024-09-17 14:32:20.052,405.62891869469615,15
2024-09-17 14:32:20.069,405.72238121089663,14
2024-09-17 14:32:20.113,405.6806762950173,98
2024-09-17 14:32:20.127,405.6616975954075,98
2024-09-17 14:32:20.168,405.6471920281047,7
2024-09-17 14:32:20.169,405.70289118933226,96
2024-09-17 14:32:20.202,405.652432623168,6
2024-09-17 14:32:20.374,405.65531246397927,103
2024-09-17 14:32:20.459,405.6921511434283,99
2024-09-17 14:32:20.492,405.7101202017556,999
2024-09-17 14:32:20.611,405.6319969442833,996
2024-09-17 14:32:20.611,405.6749008296418,105
2024-09-17 14:32:20.636,405.6356483038009,1000
2024-09-17 14:32:20.665,405.65022978998906,1002
2024-09-17 14:32:20.729,405.6376414822101,11
2024-09-17 14:32:20.812,405.6439852219915,1004
2024-09-17 14:32:20.822,405.6511821328371,995
2024-09-17 14:32:20.824,405.6554797746574,997
2024-09-17 14:32:20.914,405.636827455862,103
2024-09-17 14:32:20.918,405.67906666017774,96
2024-09-17 14:32:20.932,405.67741226983776,101
2024-09-17 14:32:20.935,405.6406033528257,1002
2024-09-17 14:32:20.960,405.6390408777668,105
2024-09-17 14:32:21.027,405.7008030750428,13
2024-09-17 14:32:21.243,405.7143160297249,99
2024-09-17 14:32:21.253,405.6869454189152,6
2024-09-17 14:32:21.330,405.7293869302961,101
2024-09-17 14:32:21.409,405.71679220510765,99
2024-09-17 14:32:21.460,405.7351783288353,101
2024-09-17 14:32:21.531,405.6913107090772,15
2024-09-17 14:32:21.601,405.71560484551065,14
2024-09-17 14:32:21.614,405.71437873156486,1001
2024-09-17 14:32:21.676,405.7167101916145,7
2024-09-17 14:32:21.695,405.72228423962406,11
2024-09-17 14:32:21.832,405.7194765519483,100
2024-09-17 14:32:21.916,405.73463629730674,10
2024-09-17 14:32:22.030,405.6592075213448,6
2024-09-17 14:32:22.078,405.66771212584047,104
2024-09-17 14:32:22.200,405.6579941090137,13
2024-09-17 14:32:22.362,405.6593511957877,14
2024-09-17 14:32:22.414,417.0370410044241,1003
2024-09-17 14:32:22.539,405.6551395008709,104
2024-09-17 14:32:22.568,405.6788741851577,12
2024-09-17 14:32:22.627,405.671721338562,99
2024-09-17 14:32:22.628,405.6659589678963,997
2024-09-17 14:32:22.672,405.6696332520132,997
2024-09-17 14:32:22.847,405.66422191105255,6
2024-09-17 14:32:22.920,405.6864788715468,12
2024-09-17 14:32:22.966,405.6586263871977,96
2024-09-17 14:32:23.031,405.68624470715343,997
2024-09-17 14:32:23.031,405.6705234886558,6
2024-09-17 14:32:23.287,405.6541551321111,96
2024-09-17 14:32:23.304,405.6396402169647,99
2024-09-17 14:32:23.685,,95
2024-09-17 14:32:23.834,405.66359892949794,1001
2024-09-17 14:32:23.905,405.6993830886224,102
2024-09-17 14:32:23.906,405.6764657608351,995
2024-09-17 14:32:24.051,405.5770052439152,95
2024-09-17 14:32:24.055,405.57990285333983,103
2024-09-17 14:32:24.068,405.5782011650944,996
2024-09-17 14:32:24.074,405.587608529052,12
2024-09-17 14:32:24.105,405.6244956763887,1003
2024-09-17 14:32:24.160,405.6046140781373,10
2024-09-17 14:32:24.309,405.6382688189108,100
2024-09-17 14:32:24.354,405.593860561539,100
2024-09-17 14:32:24.373,405.580834162525,1002
2024-09-17 14:32:24.373,405.57039541377975,10
2024-09-17 14:32:24.388,405.5855511366247,1002
2024-09-17 14:32:24.417,405.5805255936285,103
2024-09-17 14:32:24.492,405.5815876658272,103
2024-09-17 14:32:24.502,405.5996455950982,8
2024-09-17 14:32:24.626,405.5839414194525,999
2024-09-17 14:32:24.718,405.5960662758682,8
2024-09-17 14:32:24.720,405.6386743915449,999
2024-09-17 14:32:24.761,405.5769174464049,15
2024-09-17 14:32:24.844,405.5995515170286,13
2024-09-17 14:32:24.871,405.5677969225062,105
2024-09-17 14:32:24.915,405.5919383820696,103
2024-09-17 14:32:24.936,405.5734168114018,995
2024-09-17 14:32:25.036,40.56149166178632,97
2024-09-17 14:32:25.063,405.5761188057896,996
2024-09-17 14:32:25.113,405.6116256730903,13
2024-09-17 14:32:25.215,405.5897097502856,7
2024-09-17 14:32:25.308,405.6074708327352,997
2024-09-17 14:32:25.531,40.5584264442383,5
2024-09-17 14:32:25.604,405.5846892769735,96
2024-09-17 14:32:25.683,405.59986913141273,103
2024-09-17 14:32:25.749,405.6285754239176,96
2024-09-17 14:32:25.788,,96
2024-09-17 14:32:25.929,405.6024846773173,997
2024-09-17 14:32:25.932,405.6110797486026,1003
2024-09-17 14:32:25.984,405.5926433736477,10
2024-09-17 14:32:26.052,405.5920160081552,1000
2024-09-17 14:32:26.166,405.6225875751044,997
2024-09-17 14:32:26.245,405.6413603118223,5
2024-09-17 14:32:26.285,405.6028942802198,995
2024-09-17 14:32:26.343,405.6059475280406,104
2024-09-17 14:32:26.531,405.5263526830609,11
2024-09-17 14:32:26.573,405.5568189356322,96
2024-09-17 14:32:26.599,405.58836856491655,100
2024-09-17 14:32:26.674,405.6386226893336,13
2024-09-17 14:32:26.751,405.62471024244576,100
2024-09-17 14:32:26.773,405.5600225894512,12
2024-09-17 14:32:26.889,405.626060591496,96
2024-09-17 14:32:26.973,405.5411754538413,7
2024-09-17 14:32:27.010,405.4441228710626,99
2024-09-17 14:32:27.016,405.5270122512737,95
2024-09-17 14:32:27.062,405.4735810696904,995
2024-09-17 14:32:27.089,405.474107064028,1002
2024-09-17 14:32:27.101,405.5111692593591,99
2024-09-17 14:32:27.134,405.4433084757213,997
2024-09-17 14:32:27.179,405.4537748716101,1001
2024-09-17 14:32:27.186,405.4822412146934,11
2024-09-17 14:32:27.188,405.5184028687815,999
2024-09-17 14:32:27.230,405.50659353946463,12
2024-09-17 14:32:27.230,405.4504975952342,995
2024-09-17 14:32:27.293,405.4601486066559,8
2024-09-17 14:32:27.318,405.46033080944784,96
2024-09-17 14:32:27.373,405.4689833973986,8
2024-09-17 14:32:27.426,405.4701587780864,12
2024-09-17 14:32:27.426,405.5061117699839,7
2024-09-17 14:32:27.495,405.5136042544452,8
2024-09-17 14:32:27.585,405.4879431617081,1000
2024-09-17 14:32:27.598,405.4610564284391,8
2024-09-17 14:32:27.616,405.4929591925427,99
2024-09-17 14:32:27.662,,105
2024-09-17 14:32:27.676,405.4472317869472,6
2024-09-17 14:32:27.713,405.47292630552255,997
2024-09-17 14:32:27.742,405.4546470947833,98
2024-09-17 14:32:27.760,405.5034636274973,101
2024-09-17 14:32:27.793,405.4527137119104,998
2024-09-17 14:32:27.880,405.4825814862313,1004
2024-09-17 14:32:27.910,405.5162902579156,1005
2024-09-17 14:32:27.942,405.5247882663597,99
2024-09-17 14:32:27.948,405.4817148948188,9
2024-09-17 14:32:28.264,405.4811949938372,1005
2024-09-17 14:32:28.794,405.5042647188002,1002
2024-09-17 14:32:28.944,405.4933990992121,12
2024-09-17 14:32:29.032,405.5129423292066,96
2024-09-17 14:32:29.057,405.45006780751993,105
2024-09-17 14:32:29.068,405.4372702983805,1004
2024-09-17 14:32:29.123,405.44644028260063,10
2024-09-17 14:32:29.134,405.4687119410082,98
2024-09-17 14:32:29.135,405.4651976085011,1000
2024-09-17 14:32:29.186,405.4803786301022,95
2024-09-17 14:32:29.229,405.446628006514,998
2024-09-17 14:32:29.280,405.5224078338157,7
2024-09-17 14:32:29.338,405.5263521406124,102
2024-09-17 14:32:29.369,405.5159810908232,98
2024-09-17 14:32:29.371,405.51500666264576,12
2024-09-17 14:32:29.384,405.4366115899225,1000
2024-09-17 14:32:29.404,405.4696387596695,97
2024-09-17 14:32:29.615,405.43885460095953,9
2024-09-17 14:32:29.675,405.4418132674175,98
2024-09-17 14:32:29.740,405.3990602064589,5
2024-09-17 14:32:29.748,405.42406515093023,1003
2024-09-17 14:32:29.775,405.41047555903697,999
2024-09-17 14:32:29.848,405.3955556672367,102
2024-09-17 14:32:29.877,405.4890160646448,6
2024-09-17 14:32:29.887,405.4570115086423,7
2024-09-17 14:32:29.907,405.519322485322,1002
2024-09-17 14:32:29.933,405.5184506469051,11
2024-09-17 14:32:29.939,405.52220716974966,95
2024-09-17 14:32:29.945,405.4052021065131,1001
2024-09-17 14:32:29.956,405.45918888646736,12
2024-09-17 14:32:29.998,405.51502032074217,102
2024-09-17 14:32:30.001,405.41168869881983,14
2024-09-17 14:32:30.132,405.4001401196888,14
2024-09-17 14:32:30.142,,13
2024-09-17 14:32:30.186,405.3978540695843,1002
2024-09-17 14:32:30.575,405.3936029605417,95
2024-09-17 14:32:30.601,405.3997985592831,99
2024-09-17 14:32:30.620,405.4111712139632,997
2024-09-17 14:32:30.671,405.4203333159885,9
2024-09-17 14:32:30.869,405.3839843667986,6
2024-09-17 14:32:30.943,405.4129156098083,105
2024-09-17 14:32:31.069,405.4171587282192,995
2024-09-17 14:32:31.086,405.4239120422972,1000
2024-09-17 14:32:31.107,405.4131603120626,1002
2024-09-17 14:32:31.175,405.394901844728,1003
2024-09-17 14:32:31.178,405.48330200207744,100
2024-09-17 14:32:31.189,,1004
2024-09-17 14:32:31.190,405.4716338241967,1003
2024-09-17 14:32:31.251,405.44900568670977,1005
2024-09-17 14:32:31.267,405.4854952095449,999
2024-09-17 14:32:31.298,405.4078578995336,997
2024-09-17 14:32:31.315,405.3989659193783,102
2024-09-17 14:32:31.320,405.42207022523246,99
2024-09-17 14:32:31.480,405.4069528350822,105
2024-09-17 14:32:31.488,405.4079061612711,95
2024-09-17 14:32:31.614,405.41596668322063,1003
2024-09-17 14:32:31.795,405.39616412984026,995
2024-09-17 14:32:31.849,405.41132104302585,10
2024-09-17 14:32:31.900,405.4254113736535,8
2024-09-17 14:32:31.954,405.4728601822564,996
2024-09-17 14:32:31.959,405.4889479967,996
2024-09-17 14:32:32.904,405.49168103875166,996
2024-09-17 14:32:33.017,405.50414951201685,7
2024-09-17 14:32:33.029,405.539280064837,999
2024-09-17 14:32:33.062,405.5488936120951,999
2024-09-17 14:32:33.069,405.5085457627802,1002
2024-09-17 14:32:33.070,405.4993512853776,997
2024-09-17 14:32:33.114,405.4842956056171,11
2024-09-17 14:32:33.121,405.5066067408332,1002
2024-09-17 14:32:33.152,405.4682712150836,999
2024-09-17 14:32:33.175,405.5378625725401,11
2024-09-17 14:32:33.254,405.462959541846,14
2024-09-17 14:32:33.265,405.4987893505071,103
2024-09-17 14:32:33.267,405.4949769828481,997
2024-09-17 14:32:33.270,405.5330316205392,996
2024-09-17 14:32:33.349,405.4864173039897,1005
2024-09-17 14:32:33.451,405.49043522415786,102
2024-09-17 14:32:33.552,405.5021799431333,996
2024-09-17 14:32:33.557,405.5327467039784,1000
2024-09-17 14:32:33.590,405.4913596383715,997
2024-09-17 14:32:33.674,405.53232442184327,996
2024-09-17 14:32:33.718,405.5237672751495,1002
2024-09-17 14:32:33.728,40.55104952051107,1004
2024-09-17 14:32:33.836,405.5087745109204,5
2024-09-17 14:32:33.851,405.53657373337177,9
2024-09-17 14:32:33.863,405.52825757718807,10
2024-09-17 14:32:33.929,405.54871864077165,9
2024-09-17 14:32:33.968,405.5002765860916,7
2024-09-17 14:32:33.981,405.5496163723237,14
2024-09-17 14:32:34.112,405.5550925290776,97
2024-09-17 14:32:34.191,405.5085956319901,1000
2024-09-17 14:32:34.201,405.5090988688866,1004
2024-09-17 14:32:34.211,405.53441539292834,11
2024-09-17 14:32:34.230,405.524530463659,1005
2024-09-17 14:32:34.237,405.5288612153433,12
2024-09-17 14:32:34.386,405.5217825717846,14
2024-09-17 14:32:34.479,405.5443627436625,103
2024-09-17 14:32:34.493,405.49660966410886,999
2024-09-17 14:32:34.552,405.53600461968966,999
2024-09-17 14:32:34.560,405.4883504435112,103
2024-09-17 14:32:34.596,405.52926997197255,7
2024-09-17 14:32:34.741,405.5289196523988,100
2024-09-17 14:32:34.787,405.530669576053,995
2024-09-17 14:32:34.927,405.5385671121895,998
2024-09-17 14:32:35.061,405.50703393465983,103
2024-09-17 14:32:35.138,405.5058315485702,998
2024-09-17 14:32:35.154,405.4749699013514,10
2024-09-17 14:32:35.170,405.5104959315868,5
2024-09-17 14:32:35.218,405.50270995947136,1005
2024-09-17 14:32:35.271,405.5193009450105,997
2024-09-17 14:32:35.299,405.491728519942,5
2024-09-17 14:32:35.315,405.5318757437743,1002
2024-09-17 14:32:35.334,405.4736799328711,97
2024-09-17 14:32:35.335,405.53087290440544,996
2024-09-17 14:32:35.385,405.5197105929579,11
2024-09-17 14:32:35.488,405.5338006929432,7
2024-09-17 14:32:35.539,405.5132434322508,1005
2024-09-17 14:32:35.593,405.50891602252193,15
2024-09-17 14:32:35.715,405.4679097039159,9
2024-09-17 14:32:35.843,405.5308489028657,95
2024-09-17 14:32:35.930,405.5269288490498,7
2024-09-17 14:32:35.970,-405.4898085047401,999
2024-09-17 14:32:36.032,405.5891352100778,8
2024-09-17 14:32:36.093,405.5391269017662,100
2024-09-17 14:32:36.190,,96
2024-09-17 14:32:36.208,405.57141754846896,998
2024-09-17 14:32:36.295,405.5773612428681,12
2024-09-17 14:32:36.343,405.5876360189358,1004
2024-09-17 14:32:36.353,405.5724098557184,999
2024-09-17 14:32:36.359,405.5696184198287,999
2024-09-17 14:32:36.367,405.5899973141193,98
2024-09-17 14:32:36.386,405.5575479330875,104
2024-09-17 14:32:36.413,,9
2024-09-17 14:32:36.452,405.5672018256882,10
2024-09-17 14:32:36.492,405.52241085320566,8
2024-09-17 14:32:36.500,405.5657217384058,1005
2024-09-17 14:32:36.519,405.53116676159055,7
2024-09-17 14:32:36.556,405.5798495611088,997
2024-09-17 14:32:36.561,405.5829157604631,15
2024-09-17 14:32:36.620,405.5741715496302,1003
2024-09-17 14:32:36.732,405.567851897881,1004
2024-09-17 14:32:36.751,405.5843490150911,101
2024-09-17 14:32:36.755,405.5446838833849,1000
2024-09-17 14:32:36.795,405.5899878871907,1001
2024-09-17 14:32:36.818,405.5363413256949,102
2024-09-17 14:32:36.932,405.5534770243427,105
2024-09-17 14:32:36.959,405.5598208513636,6
2024-09-17 14:32:36.959,405.5528109839156,1002
2024-09-17 14:32:36.985,405.5580053550871,97
2024-09-17 14:32:36.991,405.58196337441314,997
2024-09-17 14:32:37.301,405.5171053172319,1003
2024-09-17 14:32:37.341,405.5262040970771,5
2024-09-17 14:32:37.404,405.54905058033705,997
2024-09-17 14:32:37.462,405.53888062722666,9
2024-09-17 14:32:37.494,405.5242328205128,11
2024-09-17 14:32:37.507,405.5358096439375,8
2024-09-17 14:32:37.520,405.4895216040184,1001
2024-09-17 14:32:37.543,40.5524484771708,97
2024-09-17 14:32:37.587,405.5479021487535,6
2024-09-17 14:32:37.673,405.5897876300304,14
2024-09-17 14:32:37.835,405.5480091415533,103
2024-09-17 14:32:37.847,405.5868159181662,999
2024-09-17 14:32:37.862,405.57932142865207,99
2024-09-17 14:32:37.893,405.536507919969,95
2024-09-17 14:32:37.953,405.5096147504712,5
2024-09-17 14:32:38.013,405.4652702769717,11
2024-09-17 14:32:38.037,405.4716407885884,95
2024-09-17 14:32:38.102,405.45598036619504,11
2024-09-17 14:32:38.173,405.42011408177206,104
2024-09-17 14:32:38.196,405.4698709979545,97
2024-09-17 14:32:38.197,405.4566135638654,9
2024-09-17 14:32:38.200,405.4668813299147,14
2024-09-17 14:32:38.207,405.4991607250412,99
2024-09-17 14:32:38.264,405.430634696221,5
2024-09-17 14:32:38.313,405.4651238683661,98
2024-09-17 14:32:38.317,405.453184484923,997
2024-09-17 14:32:38.350,405.46207814567146,996
2024-09-17 14:32:38.377,405.4294727331808,998
2024-09-17 14:32:38.389,405.4690743019871,13
2024-09-17 14:32:38.419,405.45978247054,15
2024-09-17 14:32:38.427,405.4733463396744,14
2024-09-17 14:32:38.456,405.4744497592688,996
2024-09-17 14:32:38.534,405.43687988859926,102
2024-09-17 14:32:38.560,405.4354833094327,6
2024-09-17 14:32:38.625,405.4749917491009,998
2024-09-17 14:32:38.662,405.439452496172,8
2024-09-17 14:32:38.843,405.4581275372735,104
2024-09-17 14:32:38.852,405.484766605743,999
2024-09-17 14:32:38.914,405.43074999621456,96
2024-09-17 14:32:38.929,405.4773590207939,10
2024-09-17 14:32:38.970,405.4413867334217,1005
2024-09-17 14:32:39.036,405.4279059470476,1002
2024-09-17 14:32:39.128,405.4496056972034,14
2024-09-17 14:32:39.394,405.43150164581874,1000
2024-09-17 14:32:39.703,405.42646696335646,6
2024-09-17 14:32:39.796,405.4339823303511,1005
2024-09-17 14:32:39.902,405.45905775836974,1001
2024-09-17 14:32:40.081,405.4672969432503,11
2024-09-17 14:32:40.094,405.46852561882247,95
2024-09-17 14:32:40.178,405.4754277286376,1004
2024-09-17 14:32:40.309,405.4527691611965,8
2024-09-17 14:32:40.330,405.4321882427748,104
2024-09-17 14:32:40.366,405.4449707361495,105
2024-09-17 14:32:40.422,405.4708455479828,15
2024-09-17 14:32:40.464,405.4681566908691,997
2024-09-17 14:32:40.681,405.4661153074723,1003
2024-09-17 14:32:40.983,405.45810617614205,998
2024-09-17 14:32:41.094,405.5967067327399,1001
2024-09-17 14:32:41.115,405.5687865235109,1003
2024-09-17 14:32:41.336,405.48780242980513,1004
2024-09-17 14:32:41.414,405.52402849309226,11
2024-09-17 14:32:41.574,405.52171305281314,995
2024-09-17 14:32:41.639,405.6098287664345,13
2024-09-17 14:32:41.664,405.50364405596616,6
2024-09-17 14:32:41.665,405.4974165484032,999
2024-09-17 14:32:41.748,405.46563162469766,103
2024-09-17 14:32:41.928,405.5815725720973,11
2024-09-17 14:32:42.132,405.6128549294007,1003
2024-09-17 14:32:42.237,405.61346093423776,996
2024-09-17 14:32:42.327,405.6061505331954,95
2024-09-17 14:32:43.109,405.6136476035648,1000
2024-09-17 14:32:43.109,405.64539543573625,95
2024-09-17 14:32:43.122,,96
2024-09-17 14:32:43.123,405.6834415160452,995
2024-09-17 14:32:43.139,405.6836375134405,996
2024-09-17 14:32:43.144,405.6480523515464,1004
2024-09-17 14:32:43.199,405.6756147567532,97
2024-09-17 14:32:43.202,405.6834957083182,997
2024-09-17 14:32:43.243,405.65775162165767,102
2024-09-17 14:32:43.260,405.65626878159446,10
2024-09-17 14:32:43.269,405.64789424405967,100
2024-09-17 14:32:43.277,405.6717840999119,100
2024-09-17 14:32:43.319,405.6446863309427,101
2024-09-17 14:32:43.342,405.6812621938785,11
2024-09-17 14:32:43.371,405.6862111955389,9
2024-09-17 14:32:43.430,405.6433703527019,10
2024-09-17 14:32:43.433,405.68114808461047,10
2024-09-17 14:32:43.456,405.68598317812587,6
2024-09-17 14:32:43.501,405.5961050865318,1005
2024-09-17 14:32:43.516,405.669944604166,1004
2024-09-17 14:32:43.543,405.67980631699646,1002
2024-09-17 14:32:43.577,405.6581984248497,6
2024-09-17 14:32:43.591,405.6625465642719,96
2024-09-17 14:32:43.593,405.6898352197244,102
2024-09-17 14:32:43.609,405.6014700905093,1005
2024-09-17 14:32:43.674,405.628599803072,11
2024-09-17 14:32:43.767,405.64889433835,997
2024-09-17 14:32:43.883,405.6036024234136,102
2024-09-17 14:32:43.973,405.6710135980655,1000
2024-09-17 14:32:44.024,405.684127812426,6
2024-09-17 14:32:44.069,405.6727567563792,14
2024-09-17 14:32:44.086,405.6740213585895,998
2024-09-17 14:32:44.207,405.691533870091,103
2024-09-17 14:32:44.234,405.67258860172166,1003
2024-09-17 14:32:44.470,405.6617271445396,98
2024-09-17 14:32:44.507,405.68582114278894,8
2024-09-17 14:32:44.514,405.6816994967034,98
2024-09-17 14:32:44.584,405.6855940566773,105
2024-09-17 14:32:44.599,405.6857447839374,5
2024-09-17 14:32:44.674,405.6846341279723,11
2024-09-17 14:32:44.696,405.674118019427,1003
2024-09-17 14:32:44.801,405.7019420555872,14
2024-09-17 14:32:44.950,405.6831304451357,6
2024-09-17 14:32:44.986,405.6707677393805,1005
2024-09-17 14:32:45.004,405.6711957844165,100
2024-09-17 14:32:45.008,405.6638348424007,96
2024-09-17 14:32:45.028,405.6548205647211,1002
2024-09-17 14:32:45.091,405.6717640776675,5
2024-09-17 14:32:45.121,405.6709099129781,8
2024-09-17 14:32:45.191,405.6932640132442,100
2024-09-17 14:32:45.349,405.66021325535496,15
2024-09-17 14:32:45.351,405.682286083979,7
2024-09-17 14:32:45.390,405.6803400056131,104
2024-09-17 14:32:45.428,405.67822537429817,997
2024-09-17 14:32:45.498,-405.68182009357486,1004
2024-09-17 14:32:45.500,405.68054540447474,998
2024-09-17 14:32:45.507,405.7291103274704,96
2024-09-17 14:32:45.517,405.6714494662775,1000
2024-09-17 14:32:45.524,405.691406540213,1005
2024-09-17 14:32:45.601,405.6903712384216,1004
2024-09-17 14:32:45.623,,105
2024-09-17 14:32:45.670,405.7619335514453,97
2024-09-17 14:32:45.670,405.69187082001577,1001
2024-09-17 14:32:45.697,405.6916752534621,100
2024-09-17 14:32:45.711,405.742410519052,6
2024-09-17 14:32:45.760,405.6834424032512,100
2024-09-17 14:32:45.790,405.6990815544292,1001
2024-09-17 14:32:45.801,405.6865677565568,10
2024-09-17 14:32:45.850,405.7359902339296,14
2024-09-17 14:32:45.990,405.6805391045797,8
2024-09-17 14:32:45.994,405.7535602150538,7
2024-09-17 14:32:46.027,405.74873991501727,95
2024-09-17 14:32:46.029,405.7135260248602,1001
2024-09-17 14:32:46.043,405.7603399176264,997
2024-09-17 14:32:46.074,405.76494136332974,14
2024-09-17 14:32:46.088,416.7009178875017,103
2024-09-17 14:32:46.142,405.735757681904,15
2024-09-17 14:32:46.163,405.7260129511691,8
2024-09-17 14:32:46.165,405.7311186090218,96
2024-09-17 14:32:46.230,405.7354901091728,1004
2024-09-17 14:32:46.407,405.7351706285448,104
2024-09-17 14:32:46.425,405.7098676641256,97
2024-09-17 14:32:46.438,405.7065115288387,98
2024-09-17 14:32:46.533,405.7586044196987,95
2024-09-17 14:32:46.558,405.70329793274334,98
2024-09-17 14:32:46.594,405.73037992488673,8
2024-09-17 14:32:46.706,405.7213940736818,96
2024-09-17 14:32:46.729,405.7310484202552,12
2024-09-17 14:32:46.750,405.7046058135538,6
2024-09-17 14:32:46.759,405.72939763900246,15
2024-09-17 14:32:46.795,405.7132348366181,997
2024-09-17 14:32:46.822,405.7289370485646,95
2024-09-17 14:32:46.822,405.7189356970296,98
2024-09-17 14:32:46.879,405.7486947765646,15
2024-09-17 14:32:46.888,405.7153537988474,1005
2024-09-17 14:32:46.978,405.7291837197015,102
2024-09-17 14:32:46.988,405.73226548801824,1003
2024-09-17 14:32:47.032,405.73790370566667,5
2024-09-17 14:32:47.055,405.74752670352393,95
2024-09-17 14:32:47.276,405.747974854991,996
2024-09-17 14:32:47.286,405.7489065661256,11
2024-09-17 14:32:47.310,405.7392327025753,9
2024-09-17 14:32:47.321,405.7494959419281,96
2024-09-17 14:32:47.363,405.75306835023423,103
2024-09-17 14:32:47.365,405.710762184573,12
2024-09-17 14:32:47.515,405.7532736277923,12
2024-09-17 14:32:47.647,405.7532166217636,7
2024-09-17 14:32:47.656,405.71016010785695,9
2024-09-17 14:32:47.685,405.7694703869521,105
2024-09-17 14:32:47.703,405.735645249888,7
2024-09-17 14:32:47.859,405.7534012155302,105
2024-09-17 14:32:47.947,405.7129599949282,15
2024-09-17 14:32:48.068,405.75955729143857,96
2024-09-17 14:32:48.264,405.75833284045774,11
2024-09-17 14:32:48.313,405.7604309125469,6
2024-09-17 14:32:48.535,405.76212710074367,99
2024-09-17 14:32:48.777,405.75539818663833,995
2024-09-17 14:32:48.898,405.7520711108452,1004
2024-09-17 14:32:49.017,405.7771469870456,95
2024-09-17 14:32:49.047,405.7773910957085,99
2024-09-17 14:32:49.069,405.7636675409183,99
2024-09-17 14:32:49.086,405.7729249643327,998
2024-09-17 14:32:49.088,405.800239379564,12
2024-09-17 14:32:49.113,405.7956699648281,14
2024-09-17 14:32:49.213,405.7705307961166,1005
2024-09-17 14:32:49.222,405.76823061868,12
2024-09-17 14:32:49.265,405.81722356255193,103
2024-09-17 14:32:49.278,405.7812292335813,995
2024-09-17 14:32:49.333,405.7812846580724,11
2024-09-17 14:32:49.341,405.7910099247648,15
2024-09-17 14:32:49.472,405.7766429873079,1004
2024-09-17 14:32:49.509,405.7786844841195,1000
2024-09-17 14:32:49.514,405.7633171510499,5
2024-09-17 14:32:49.535,405.8008024429068,97
2024-09-17 14:32:49.596,405.796346678135,5
2024-09-17 14:32:49.796,405.7793171714588,6
2024-09-17 14:32:49.886,405.7775962900593,102
2024-09-17 14:32:49.922,405.77538994153616,1001
2024-09-17 14:32:49.926,405.8017956405981,99
2024-09-17 14:32:49.954,405.7700383633278,95
2024-09-17 14:32:49.969,405.7758337500874,10
2024-09-17 14:32:49.974,405.81578068916576,98
2024-09-17 14:32:50.004,405.82311374311513,996
2024-09-17 14:32:50.059,405.8072959262472,998
2024-09-17 14:32:50.073,405.8224626759247,8
2024-09-17 14:32:50.139,405.8198770880168,99
2024-09-17 14:32:50.166,405.8282866130914,100
2024-09-17 14:32:50.174,405.824837088503,998
2024-09-17 14:32:50.249,405.7825262396692,1004
2024-09-17 14:32:50.354,405.817414884121,103
2024-09-17 14:32:50.367,405.83468239152495,1002
2024-09-17 14:32:50.368,405.8069551973911,996
2024-09-17 14:32:50.392,405.8150071791327,5
2024-09-17 14:32:50.412,405.8152034712047,100
2024-09-17 14:32:50.458,405.84300600890055,1004
2024-09-17 14:32:50.460,405.8097972472218,1003
2024-09-17 14:32:50.484,405.79243729852993,104
2024-09-17 14:32:50.495,405.8250610796167,11
2024-09-17 14:32:50.496,405.8006656089453,15
2024-09-17 14:32:50.587,405.8134154575106,996
2024-09-17 14:32:50.609,405.8142444334154,102
2024-09-17 14:32:50.674,405.7941655455221,7
2024-09-17 14:32:50.689,405.804541154967,97
2024-09-17 14:32:50.706,405.82693922608274,10
2024-09-17 14:32:50.711,405.8099989948344,1000
2024-09-17 14:32:50.732,405.8247816443743,11
2024-09-17 14:32:50.761,405.8046880757864,8
2024-09-17 14:32:50.811,405.81908632653005,995
2024-09-17 14:32:50.832,405.8254243672704,15
2024-09-17 14:32:50.870,405.8040277354899,997
2024-09-17 14:32:50.890,405.828347726003,1003
2024-09-17 14:32:51.225,405.83631638959326,105
2024-09-17 14:32:51.258,405.82648921304445,1004
2024-09-17 14:32:51.282,405.839475656126,6
2024-09-17 14:32:51.284,405.8603439479219,104
2024-09-17 14:32:51.426,405.83749170455417,105
2024-09-17 14:32:51.441,405.867797173572,95
2024-09-17 14:32:51.601,405.8621743571788,101
2024-09-17 14:32:51.732,405.8516417068048,9
2024-09-17 14:32:51.786,405.83883622075615,7
2024-09-17 14:32:51.948,405.82702767228943,97
2024-09-17 14:32:51.969,405.89715192956265,103
2024-09-17 14:32:51.984,405.8952928650107,105
2024-09-17 14:32:52.107,405.9006175689837,5
2024-09-17 14:32:52.620,405.8972567827528,1001
2024-09-17 14:32:52.775,405.90145374778064,102
2024-09-17 14:32:52.846,405.8924957083343,105
2024-09-17 14:32:53.000,405.97054042289926,7
2024-09-17 14:32:53.013,405.9788724465209,99
2024-09-17 14:32:53.045,406.000202906704,102
2024-09-17 14:32:53.048,405.9782030961007,101
2024-09-17 14:32:53.049,405.9881296453215,1001
2024-09-17 14:32:53.077,405.9958624136995,103
2024-09-17 14:32:53.117,40.59624963972045,8
2024-09-17 14:32:53.131,405.9771819011648,101
2024-09-17 14:32:53.221,405.9249018795748,96
2024-09-17 14:32:53.249,406.0148428722257,8
2024-09-17 14:32:53.314,405.9887111607497,103
2024-09-17 14:32:53.324,405.9941992039744,1004
2024-09-17 14:32:53.334,405.96362263300114,99
2024-09-17 14:32:53.380,406.0031553779141,96
2024-09-17 14:32:53.381,406.010232118193,8
2024-09-17 14:32:53.402,,95
2024-09-17 14:32:53.492,416.6997701419039,996
2024-09-17 14:32:53.493,405.9931176155629,103
2024-09-17 14:32:53.536,405.9123407374909,15
2024-09-17 14:32:53.574,405.9601736091861,100
2024-09-17 14:32:53.664,405.9739317454647,7
2024-09-17 14:32:53.772,405.95885954025744,95
2024-09-17 14:32:53.825,405.99622403396427,1002
2024-09-17 14:32:53.837,405.9589475017507,105
2024-09-17 14:32:53.909,406.0064913438814,1005
2024-09-17 14:32:53.913,405.9670580824262,1002
2024-09-17 14:32:53.922,405.9702535219256,8
2024-09-17 14:32:53.931,405.9372935406046,8
2024-09-17 14:32:53.951,406.0101929570823,1002
2024-09-17 14:32:53.975,405.9847037447565,102
2024-09-17 14:32:55.028,406.0118109106492,99
2024-09-17 14:32:55.240,405.9979752878442,1005
2024-09-17 14:32:55.475,40.59893533591831,8
2024-09-17 14:32:55.817,406.0051668462791,8
2024-09-17 14:32:56.014,406.0399157548491,99
2024-09-17 14:32:56.090,406.0109994313257,14
2024-09-17 14:32:56.201,406.0197259773937,104
2024-09-17 14:32:56.343,406.005117412329,7
2024-09-17 14:32:56.352,406.00092443339537,10
2024-09-17 14:32:56.409,406.0076924235533,8
2024-09-17 14:32:56.431,405.9969500884384,13
2024-09-17 14:32:56.445,406.0210021445648,103
2024-09-17 14:32:56.455,406.0079516935107,1001
2024-09-17 14:32:56.465,406.02086164258446,100
2024-09-17 14:32:56.484,406.0128595985819,96
2024-09-17 14:32:56.524,406.0175075273598,104
2024-09-17 14:32:56.583,406.0047024049632,8
2024-09-17 14:32:56.588,406.0318830349602,5
2024-09-17 14:32:56.778,406.0208594724096,6
2024-09-17 14:32:56.797,406.03944385576,15
2024-09-17 14:32:56.817,405.9977156343878,105
2024-09-17 14:32:56.842,40.60282983787821,1003
2024-09-17 14:32:56.862,406.02364638636806,998
2024-09-17 14:32:56.919,406.0220368779308,7
2024-09-17 14:32:56.987,406.0011903067983,12
2024-09-17 14:32:57.134,405.9995309634148,103
2024-09-17 14:32:57.146,406.0202180445064,97
2024-09-17 14:32:57.167,405.9974481741431,7
2024-09-17 14:32:57.301,405.9312699173171,6
2024-09-17 14:32:57.515,405.9497371738328,9
2024-09-17 14:32:57.781,405.9960623975158,997
2024-09-17 14:32:57.826,405.9502880213727,998
2024-09-17 14:32:57.858,405.9414631037687,98
2024-09-17 14:32:57.903,405.91622497885226,11
2024-09-17 14:32:57.914,405.9153217025401,8
2024-09-17 14:32:57.943,405.9781173765153,97
2024-09-17 14:32:57.949,405.9317028175442,95
2024-09-17 14:32:57.966,405.9675549940452,997
2024-09-17 14:32:58.108,405.9248111329149,14
2024-09-17 14:32:58.121,405.9158376289328,995
2024-09-17 14:32:58.178,405.9408277815911,998
2024-09-17 14:32:58.331,405.9281166529432,99
2024-09-17 14:32:58.352,405.9443919369486,996
2024-09-17 14:32:58.662,405.9229197393927,96
2024-09-17 14:32:58.704,405.95018246733457,104
2024-09-17 14:32:58.792,405.9543573666341,5
2024-09-17 14:32:58.924,405.9568797461544,105
2024-09-17 14:32:58.977,405.93639740057085,97
2024-09-17 14:32:59.432,405.9635885129999,105
