Timestamp,Price,Size
2024-09-17 12:33:00.006,407.7337328714993,101
2024-09-17 12:33:00.138,407.7587666156608,1002
2024-09-17 12:33:00.141,407.79522623830536,1002
2024-09-17 12:33:00.217,407.77071753861645,8
2024-09-17 12:33:00.222,407.79727861574975,13
2024-09-17 12:33:00.270,407.81552091119056,97
2024-09-17 12:33:00.271,407.7343524564346,7
2024-09-17 12:33:00.320,407.7207982621388,1005
2024-09-17 12:33:00.324,407.769762000503,14
2024-09-17 12:33:00.338,407.7804975753671,998
2024-09-17 12:33:00.454,407.7938476064801,104
2024-09-17 12:33:00.462,407.7914973079663,99
2024-09-17 12:33:00.510,407.7538160893366,10
2024-09-17 12:33:00.603,407.77781487532616,12
2024-09-17 12:33:00.614,407.7573894812613,101
2024-09-17 12:33:00.671,407.729848017251,102
2024-09-17 12:33:00.703,407.72566432456193,14
2024-09-17 12:33:00.729,407.7834404341017,14
2024-09-17 12:33:00.804,407.76309594510025,997
2024-09-17 12:33:00.815,407.7554399400087,97
2024-09-17 12:33:00.857,407.7370270311784,7
2024-09-17 12:33:00.861,407.72212407727073,5
2024-09-17 12:33:00.866,407.7583329000824,1002
2024-09-17 12:33:00.919,407.75823358629,1000
2024-09-17 12:33:00.993,407.7786510557817,14
2024-09-17 12:33:01.065,407.7828887061125,996
2024-09-17 12:33:01.135,407.7958335853325,98
2024-09-17 12:33:01.183,407.79258341057664,101
2024-09-17 12:33:01.265,407.790198114028,996
2024-09-17 12:33:01.338,407.7853611960713,13
2024-09-17 12:33:01.370,-407.77850705958906,8
2024-09-17 12:33:01.547,407.7631386400032,995
2024-09-17 12:33:01.586,407.8208272215226,6
2024-09-17 12:33:01.594,407.7758810138565,95
2024-09-17 12:33:01.710,407.7997594372681,12
2024-09-17 12:33:01.730,407.7781594008876,1002
2024-09-17 12:33:01.761,407.7700487380005,101
2024-09-17 12:33:01.850,407.7807125171239,96
2024-09-17 12:33:01.956,407.7734476456046,9
2024-09-17 12:33:02.121,407.73595292482696,7
2024-09-17 12:33:02.163,407.75217724126935,999
2024-09-17 12:33:02.202,407.7561837216204,1001
2024-09-17 12:33:02.211,407.7546200974455,103
2024-09-17 12:33:02.496,407.7537386669028,5
2024-09-17 12:33:02.573,407.7363214272286,12
2024-09-17 12:33:02.638,407.7707884829317,999
2024-09-17 12:33:02.712,407.7518313001258,12
2024-09-17 12:33:03.223,407.78877322176174,97
2024-09-17 12:33:03.280,407.75611068903817,8
2024-09-17 12:33:03.371,407.7531370621114,11
2024-09-17 12:33:03.443,407.7826573379085,12
2024-09-17 12:33:03.449,407.7722741149913,9
2024-09-17 12:33:03.487,407.7691486545957,998
2024-09-17 12:33:03.577,407.8070687543489,11
2024-09-17 12:33:03.592,407.771381241608,96
2024-09-17 12:33:03.646,407.8026458232506,96
2024-09-17 12:33:03.680,407.81599507022713,12
2024-09-17 12:33:03.740,407.7960466898253,9
2024-09-17 12:33:03.776,407.7887124706848,999
2024-09-17 12:33:03.840,407.8110446206296,99
2024-09-17 12:33:04.007,407.82923221533775,1004
2024-09-17 12:33:04.022,407.7658351804002,6
2024-09-17 12:33:04.037,407.819042009372,100
2024-09-17 12:33:04.056,407.7930250466644,95
2024-09-17 12:33:04.182,407.8222325299156,1005
2024-09-17 12:33:04.206,407.8014675972255,12
2024-09-17 12:33:04.257,407.8093234113731,96
2024-09-17 12:33:04.337,407.7823377315241,5
2024-09-17 12:33:04.352,407.80164587556976,101
2024-09-17 12:33:04.405,407.8116751939013,15
2024-09-17 12:33:04.411,407.8225445266618,998
2024-09-17 12:33:04.419,407.7656874487544,105
2024-09-17 12:33:04.426,407.8549595469272,104
2024-09-17 12:33:04.431,407.8085846290379,95
2024-09-17 12:33:04.440,407.80290088337273,9
2024-09-17 12:33:04.468,407.7846013292575,1002
2024-09-17 12:33:04.522,407.846182053478,100
2024-09-17 12:33:04.533,407.80307742591816,12
2024-09-17 12:33:04.558,407.8178247315416,15
2024-09-17 12:33:04.582,407.78541432257134,15
2024-09-17 12:33:04.583,407.7956810221347,1002
2024-09-17 12:33:04.720,407.871398388549,7
2024-09-17 12:33:04.801,407.8282664907507,1003
2024-09-17 12:33:04.825,407.8007748703528,1004
2024-09-17 12:33:04.882,407.82068576712174,1004
2024-09-17 12:33:04.889,407.80312425262935,96
2024-09-17 12:33:04.910,407.8471630638143,101
2024-09-17 12:33:04.985,407.8230396641708,1000
2024-09-17 12:33:05.103,407.8677856111468,11
2024-09-17 12:33:05.197,407.80361525636897,97
2024-09-17 12:33:05.272,407.8179434070033,996
2024-09-17 12:33:05.273,407.8302410690625,101
2024-09-17 12:33:05.315,407.8140880906712,996
2024-09-17 12:33:05.370,407.834808138948,997
2024-09-17 12:33:05.407,407.7910929810183,14
2024-09-17 12:33:05.447,407.8192573323131,7
2024-09-17 12:33:05.455,407.8112060717064,995
2024-09-17 12:33:05.465,407.80275842503545,12
2024-09-17 12:33:05.485,407.81027398194686,1004
2024-09-17 12:33:05.491,407.8117111695721,10
2024-09-17 12:33:05.493,407.804971092273,104
2024-09-17 12:33:05.504,407.829535820941,103
2024-09-17 12:33:05.554,407.7791849989017,1004
2024-09-17 12:33:05.614,407.85570629651687,101
2024-09-17 12:33:05.625,407.80720515194855,97
2024-09-17 12:33:05.690,407.8082223391722,6
2024-09-17 12:33:05.817,407.7957783817148,1000
2024-09-17 12:33:05.891,407.8101048135919,11
2024-09-17 12:33:05.918,407.8200771522507,1001
2024-09-17 12:33:05.937,407.8077256650521,13
2024-09-17 12:33:06.064,407.8045431945915,1002
2024-09-17 12:33:06.074,407.81361539039136,996
2024-09-17 12:33:06.090,407.8201808151018,9
2024-09-17 12:33:06.201,407.8215155942833,96
2024-09-17 12:33:06.234,407.8265304509915,99
2024-09-17 12:33:06.295,407.8483312633183,995
2024-09-17 12:33:06.303,407.82141868970047,1000
2024-09-17 12:33:06.433,407.8112983296738,5
2024-09-17 12:33:06.472,407.789179620288,101
2024-09-17 12:33:06.576,407.8230073502894,1001
2024-09-17 12:33:06.582,407.8185104544198,14
2024-09-17 12:33:06.633,407.8137511750913,1001
2024-09-17 12:33:06.635,407.80650896076696,1000
2024-09-17 12:33:06.669,407.7882438838491,1000
2024-09-17 12:33:06.686,407.81547659579417,100
2024-09-17 12:33:06.687,407.8067269670968,105
2024-09-17 12:33:06.715,407.81950571308766,998
2024-09-17 12:33:06.719,407.83524411221606,8
2024-09-17 12:33:06.721,407.7991329148888,10
2024-09-17 12:33:06.768,407.8042907082094,95
2024-09-17 12:33:06.780,407.81843764743496,103
2024-09-17 12:33:06.796,407.8228293501832,15
2024-09-17 12:33:06.881,407.8407852376512,102
2024-09-17 12:33:06.932,407.8117688857536,15
2024-09-17 12:33:06.955,407.8244887979767,1005
2024-09-17 12:33:06.965,407.8030049031949,96
2024-09-17 12:33:06.983,407.8203862317936,998
2024-09-17 12:33:07.134,407.78486924918167,103
2024-09-17 12:33:07.177,407.8142661128025,999
2024-09-17 12:33:07.204,407.7971318977741,8
2024-09-17 12:33:07.243,407.7981267553344,995
2024-09-17 12:33:07.270,407.76379073519854,104
2024-09-17 12:33:07.304,407.7705519905818,997
2024-09-17 12:33:07.347,407.81976272706135,10
2024-09-17 12:33:07.374,407.8231253843719,6
2024-09-17 12:33:07.403,407.7924325271149,996
2024-09-17 12:33:07.422,407.775971108216,1001
2024-09-17 12:33:07.438,407.8041279869605,15
2024-09-17 12:33:07.461,407.7733513337316,1002
2024-09-17 12:33:07.615,407.8030763094055,98
2024-09-17 12:33:07.622,407.7855119701557,995
2024-09-17 12:33:07.654,407.80424887789377,97
2024-09-17 12:33:07.697,407.7960377942979,11
2024-09-17 12:33:07.764,407.81848437345394,7
2024-09-17 12:33:07.776,407.79927009325104,13
2024-09-17 12:33:07.795,407.7986036760375,1001
2024-09-17 12:33:07.813,407.7598028615346,7
2024-09-17 12:33:07.990,407.8167823634466,14
2024-09-17 12:33:08.125,407.709139120427,996
2024-09-17 12:33:08.336,-407.7150778290554,14
2024-09-17 12:33:08.343,407.70716405855416,11
2024-09-17 12:33:08.430,407.72017990633634,6
2024-09-17 12:33:08.478,407.7441813767985,995
2024-09-17 12:33:08.499,407.69107848938586,9
2024-09-17 12:33:08.502,407.77571305840206,101
2024-09-17 12:33:08.503,407.710283281438,997
2024-09-17 12:33:08.507,407.75143942106655,102
2024-09-17 12:33:08.522,407.7648020217554,100
2024-09-17 12:33:08.537,407.7076348330932,1002
2024-09-17 12:33:08.685,407.7724303764194,1001
2024-09-17 12:33:08.753,407.70477103149,997
2024-09-17 12:33:08.753,407.72501319560666,1004
2024-09-17 12:33:08.796,407.7708126867744,1003
2024-09-17 12:33:08.824,407.7388404043184,7
2024-09-17 12:33:08.849,407.7127791985478,1004
2024-09-17 12:33:08.917,407.7626393378912,100
2024-09-17 12:33:08.933,407.7151579012072,995
2024-09-17 12:33:08.954,407.6776196118736,6
2024-09-17 12:33:08.972,407.7464028098986,97
2024-09-17 12:33:08.993,407.70915639711336,1005
2024-09-17 12:33:09.065,407.7085765289198,100
2024-09-17 12:33:09.123,407.75708416264496,9
2024-09-17 12:33:09.186,407.7379716414092,5
2024-09-17 12:33:09.439,407.7433920643784,999
2024-09-17 12:33:09.562,407.70746953229786,10
2024-09-17 12:33:09.642,407.7048202336719,96
2024-09-17 12:33:09.948,407.7637806202999,1002
2024-09-17 12:33:10.102,407.76414019869486,9
2024-09-17 12:33:10.280,407.7492239232589,101
2024-09-17 12:33:10.345,407.7188598734581,1000
2024-09-17 12:33:10.359,407.7436740421881,9
2024-09-17 12:33:10.390,407.7281274557537,15
2024-09-17 12:33:10.410,407.7506160787975,1004
2024-09-17 12:33:10.419,407.7362744082498,104
2024-09-17 12:33:10.479,407.7235193400247,13
2024-09-17 12:33:10.528,407.72004407212296,99
2024-09-17 12:33:10.550,407.73401269896624,96
2024-09-17 12:33:10.574,407.72063548404606,9
2024-09-17 12:33:10.597,-407.74256699414207,998
2024-09-17 12:33:10.627,407.7554603575249,100
2024-09-17 12:33:10.724,40.77174501436915,1003
2024-09-17 12:33:10.778,407.72890319151054,998
2024-09-17 12:33:10.788,407.7482439619961,9
2024-09-17 12:33:10.810,407.752398792248,95
2024-09-17 12:33:10.830,407.7176096977843,13
2024-09-17 12:33:10.949,407.7492995940104,12
2024-09-17 12:33:10.992,407.69765680844745,9
2024-09-17 12:33:11.143,407.7612507176666,99
2024-09-17 12:33:11.187,407.7822805034447,996
2024-09-17 12:33:11.202,407.7764223512871,103
2024-09-17 12:33:12.049,407.8194406676645,101
2024-09-17 12:33:12.087,407.7805498123841,6
2024-09-17 12:33:12.094,407.81004832241,101
2024-09-17 12:33:12.126,-407.8072439825745,11
2024-09-17 12:33:12.181,407.8198203433696,12
2024-09-17 12:33:12.253,407.8060672504661,102
2024-09-17 12:33:12.380,407.7941653831649,10
2024-09-17 12:33:12.425,407.7963506762388,100
2024-09-17 12:33:12.432,407.773245375566,1004
2024-09-17 12:33:12.455,407.8045474524447,96
2024-09-17 12:33:12.484,407.7800498871551,995
2024-09-17 12:33:12.552,407.7840863666158,100
2024-09-17 12:33:12.616,407.8015146148161,8
2024-09-17 12:33:12.726,407.8206166746006,102
2024-09-17 12:33:12.750,407.7801537108106,8
2024-09-17 12:33:12.852,407.81293287679415,14
2024-09-17 12:33:12.901,407.82649762460017,15
2024-09-17 12:33:12.912,407.79899014171366,97
2024-09-17 12:33:12.916,407.800187159659,97
2024-09-17 12:33:13.010,407.81400408180616,104
2024-09-17 12:33:13.046,407.8000803523447,1001
2024-09-17 12:33:13.084,407.7478478795685,997
2024-09-17 12:33:13.205,407.827126601992,1000
2024-09-17 12:33:13.232,407.7836338453525,5
2024-09-17 12:33:13.236,407.775282615423,14
2024-09-17 12:33:13.236,407.7937262092614,5
2024-09-17 12:33:13.271,407.7670072595937,9
2024-09-17 12:33:13.313,407.7824868638252,100
2024-09-17 12:33:13.398,407.7540609010092,6
2024-09-17 12:33:13.413,407.754782871572,98
2024-09-17 12:33:13.553,407.82534072577954,98
2024-09-17 12:33:13.572,407.7698624917299,7
2024-09-17 12:33:13.685,407.742105051019,6
2024-09-17 12:33:13.709,407.81671742864063,11
2024-09-17 12:33:13.833,407.7861902728123,10
2024-09-17 12:33:13.846,407.76695190057205,102
2024-09-17 12:33:13.882,407.82014929639394,995
2024-09-17 12:33:14.119,407.73466964406975,999
2024-09-17 12:33:14.382,407.72882831068097,6
2024-09-17 12:33:14.489,407.7506276765155,14
2024-09-17 12:33:14.588,407.7386853110664,104
2024-09-17 12:33:14.763,407.7518672572472,997
2024-09-17 12:33:16.062,407.67285733153705,996
2024-09-17 12:33:16.077,407.6700479359859,105
2024-09-17 12:33:16.220,407.6954495168232,96
2024-09-17 12:33:16.258,407.67967195840856,15
2024-09-17 12:33:16.276,407.6369776599966,95
2024-09-17 12:33:16.281,407.6619724585517,1002
2024-09-17 12:33:16.302,407.6345064580406,999
2024-09-17 12:33:16.345,40.76070792570313,105
2024-09-17 12:33:16.353,407.6355221933524,998
2024-09-17 12:33:16.365,407.6424370261596,1003
2024-09-17 12:33:16.408,407.7114893070057,1000
2024-09-17 12:33:16.474,407.7096334100429,999
2024-09-17 12:33:16.497,407.69558870274375,1004
2024-09-17 12:33:16.516,407.6509358198863,6
2024-09-17 12:33:16.596,407.715998607682,96
2024-09-17 12:33:16.611,407.7124247103936,12
2024-09-17 12:33:16.643,407.6957000180388,5
2024-09-17 12:33:16.704,407.6392471929966,9
2024-09-17 12:33:16.732,407.6314957771969,99
2024-09-17 12:33:16.734,407.700055165852,995
2024-09-17 12:33:16.739,407.6656354650082,995
2024-09-17 12:33:16.820,407.70853553688,14
2024-09-17 12:33:16.833,407.6905642072396,998
2024-09-17 12:33:16.940,407.7271824885924,99
2024-09-17 12:33:16.952,407.72070101828416,5
2024-09-17 12:33:16.953,407.69173394437337,98
2024-09-17 12:33:16.986,407.71275515287056,15
2024-09-17 12:33:17.075,407.62398844719263,100
2024-09-17 12:33:17.077,407.6043395759263,101
2024-09-17 12:33:17.305,407.6325634829466,7
2024-09-17 12:33:17.308,407.604988851988,8
2024-09-17 12:33:17.382,407.5778850388196,14
2024-09-17 12:33:17.465,407.5712186973617,8
2024-09-17 12:33:17.583,407.5815664836986,101
2024-09-17 12:33:17.663,407.61840997316494,99
2024-09-17 12:33:17.672,407.6332435974095,103
2024-09-17 12:33:17.693,407.59725820470135,15
2024-09-17 12:33:17.697,407.6400760835267,8
2024-09-17 12:33:17.825,407.5883929285517,11
2024-09-17 12:33:17.849,407.6012257193394,1002
2024-09-17 12:33:17.927,407.6608952307332,7
2024-09-17 12:33:17.960,407.5952120254031,14
2024-09-17 12:33:17.987,407.5866894345684,996
2024-09-17 12:33:17.988,407.6183485130646,5
2024-09-17 12:33:18.010,407.6230000212369,999
2024-09-17 12:33:18.137,407.63027181664313,6
2024-09-17 12:33:18.446,407.6241462422842,8
2024-09-17 12:33:18.717,407.61029044377176,12
2024-09-17 12:33:18.807,407.6319454920665,102
2024-09-17 12:33:19.077,407.6224651936941,105
2024-09-17 12:33:19.134,407.6347047805608,5
2024-09-17 12:33:19.169,407.64792529199735,12
2024-09-17 12:33:19.178,407.6167784285979,11
2024-09-17 12:33:19.237,407.5947993502776,104
2024-09-17 12:33:19.252,407.6294184380225,1004
2024-09-17 12:33:19.258,407.6651183227538,1002
2024-09-17 12:33:19.321,407.6460298307604,95
2024-09-17 12:33:19.379,407.6626968204392,1001
2024-09-17 12:33:19.420,407.6535496353867,104
2024-09-17 12:33:19.529,407.6251854341494,13
2024-09-17 12:33:19.546,407.6389299721422,10
2024-09-17 12:33:19.548,407.65425630763485,11
2024-09-17 12:33:19.599,407.6025212330723,7
2024-09-17 12:33:19.628,407.6463203249489,103
2024-09-17 12:33:19.668,407.659061138724,100
2024-09-17 12:33:19.673,407.63263762251376,13
2024-09-17 12:33:19.696,407.6316444972209,5
2024-09-17 12:33:19.733,407.6426439214783,105
2024-09-17 12:33:19.736,407.60188288750544,1001
2024-09-17 12:33:19.791,407.6560068346623,104
2024-09-17 12:33:19.839,407.6466032076748,96
2024-09-17 12:33:19.873,407.61492752800194,998
2024-09-17 12:33:19.896,407.63998738698746,96
2024-09-17 12:33:19.929,407.62024918653054,15
2024-09-17 12:33:19.930,407.5938941464046,101
2024-09-17 12:33:19.942,407.6413193840517,15
2024-09-17 12:33:19.946,407.6591557850883,1002
2024-09-17 12:33:19.965,407.6143060030143,997
2024-09-17 12:33:20.033,407.5849249180617,1005
2024-09-17 12:33:20.037,407.610549661481,1002
2024-09-17 12:33:20.119,407.5603269276533,5
2024-09-17 12:33:20.226,407.5663503589118,1001
2024-09-17 12:33:20.358,407.5722760734891,102
2024-09-17 12:33:20.362,407.6514292391647,5
2024-09-17 12:33:20.524,407.5981676649211,1000
2024-09-17 12:33:20.531,407.59049850640656,1001
2024-09-17 12:33:20.615,407.5939479350062,102
2024-09-17 12:33:20.629,407.5752292784514,1005
2024-09-17 12:33:20.701,407.6222013952695,105
2024-09-17 12:33:20.856,407.56074504261545,1000
2024-09-17 12:33:20.966,407.58769652696384,104
2024-09-17 12:33:21.372,407.5745165179344,1005
2024-09-17 12:33:21.387,407.5971210532216,7
2024-09-17 12:33:21.578,407.59026034667295,8
2024-09-17 12:33:21.729,407.6004925936009,8
2024-09-17 12:33:21.749,407.5606117472767,6
2024-09-17 12:33:21.876,407.6039163323886,15
2024-09-17 12:33:21.891,407.5902915049072,101
2024-09-17 12:33:21.911,407.5540432208935,1000
2024-09-17 12:33:21.952,407.5876525431179,995
2024-09-17 12:33:21.974,407.60549814538297,104
2024-09-17 12:33:22.168,407.5955545363623,999
2024-09-17 12:33:22.307,407.59744507417366,7
2024-09-17 12:33:22.404,407.6134228066129,996
2024-09-17 12:33:22.412,407.5829347089128,7
2024-09-17 12:33:22.479,407.6148676851564,105
2024-09-17 12:33:22.484,407.6132869861792,12
2024-09-17 12:33:22.486,407.6326628604739,95
2024-09-17 12:33:22.509,407.59869832613856,96
2024-09-17 12:33:22.512,407.63809165754014,98
2024-09-17 12:33:22.629,407.6055810204585,104
2024-09-17 12:33:22.693,407.60156366035466,1003
2024-09-17 12:33:22.746,407.6295385166639,995
2024-09-17 12:33:22.817,407.6080062694045,101
2024-09-17 12:33:22.824,407.6068142488843,1003
2024-09-17 12:33:22.883,407.6125730096893,997
2024-09-17 12:33:22.946,407.6015528629738,1003
2024-09-17 12:33:23.041,407.57360786056,14
2024-09-17 12:33:23.382,407.5897460969507,995
2024-09-17 12:33:23.589,407.6012098007208,999
2024-09-17 12:33:23.600,407.6150801053471,6
2024-09-17 12:33:23.610,407.5525423957735,13
2024-09-17 12:33:23.753,407.5793105534095,5
2024-09-17 12:33:23.777,407.6170533864417,999
2024-09-17 12:33:23.830,407.5759775041933,101
2024-09-17 12:33:24.053,407.5212468996617,7
2024-09-17 12:33:24.071,407.5289502872122,5
2024-09-17 12:33:24.081,407.515150929018,10
2024-09-17 12:33:24.120,407.5274164407315,105
2024-09-17 12:33:24.144,407.5325482606855,100
2024-09-17 12:33:24.187,40.75657317067033,1005
2024-09-17 12:33:24.188,407.5297039533672,996
2024-09-17 12:33:24.188,407.5327739877645,100
2024-09-17 12:33:24.202,407.5509363104544,997
2024-09-17 12:33:24.206,407.5764055993156,98
2024-09-17 12:33:24.208,407.5119922613244,101
2024-09-17 12:33:24.249,407.52316541272415,1004
2024-09-17 12:33:24.312,407.52439624250286,15
2024-09-17 12:33:24.344,407.5817271612468,5
2024-09-17 12:33:24.368,407.53643704252886,999
2024-09-17 12:33:24.417,407.5451942587543,997
2024-09-17 12:33:24.463,407.5677063760043,5
2024-09-17 12:33:24.502,407.5284515823128,13
2024-09-17 12:33:24.550,-407.5102148139669,95
2024-09-17 12:33:24.565,407.53219495031726,1005
2024-09-17 12:33:24.584,407.53151337182624,10
2024-09-17 12:33:24.592,407.5404761388299,6
2024-09-17 12:33:24.616,407.5230491266845,97
2024-09-17 12:33:24.626,407.53254218490366,997
2024-09-17 12:33:24.764,407.545954569878,101
2024-09-17 12:33:24.861,407.5834322674736,14
2024-09-17 12:33:25.005,407.59703913978245,101
2024-09-17 12:33:25.053,407.56885271879736,1005
2024-09-17 12:33:25.059,407.5374590662136,98
2024-09-17 12:33:25.085,407.55157922365714,5
2024-09-17 12:33:25.092,407.5940432080741,1005
2024-09-17 12:33:25.233,407.5682761288134,9
2024-09-17 12:33:25.240,407.5436949680598,97
2024-09-17 12:33:25.312,407.5917692041514,11
2024-09-17 12:33:25.355,407.5327839289852,11
2024-09-17 12:33:25.381,407.6094726306812,102
2024-09-17 12:33:25.407,407.5977280373909,997
2024-09-17 12:33:25.448,407.5562292777312,8
2024-09-17 12:33:25.467,407.5476043365925,1005
2024-09-17 12:33:25.497,407.5818697437001,100
2024-09-17 12:33:25.717,407.54626071891647,998
2024-09-17 12:33:25.781,407.5377369027868,5
2024-09-17 12:33:25.845,407.5413354034961,104
2024-09-17 12:33:25.848,407.584584576016,95
2024-09-17 12:33:25.937,407.5288461062677,7
2024-09-17 12:33:25.970,407.5408231414716,97
2024-09-17 12:33:25.994,407.6037105903975,98
2024-09-17 12:33:26.086,407.5224831731991,999
2024-09-17 12:33:26.293,407.505788956112,101
2024-09-17 12:33:26.293,407.5284675071653,12
2024-09-17 12:33:26.520,407.5353175136474,1000
2024-09-17 12:33:26.761,407.5362179023008,97
2024-09-17 12:33:26.902,407.5093318481527,1001
2024-09-17 12:33:27.056,,10
2024-09-17 12:33:27.086,407.4583884973439,1001
2024-09-17 12:33:27.130,407.4871196524115,995
2024-09-17 12:33:27.213,407.4846463993721,12
2024-09-17 12:33:27.222,407.4823508915591,1004
2024-09-17 12:33:27.228,407.4980842100103,1005
2024-09-17 12:33:27.351,407.4721509364889,12
2024-09-17 12:33:27.398,407.4961279111213,100
2024-09-17 12:33:27.554,407.4571528437439,999
2024-09-17 12:33:27.573,407.4525653888968,103
2024-09-17 12:33:27.661,407.48158715193415,13
2024-09-17 12:33:27.687,407.4673128411442,9
2024-09-17 12:33:27.954,407.4968200885293,96
2024-09-17 12:33:28.000,407.4768355023162,102
2024-09-17 12:33:28.008,407.4292746417338,5
2024-09-17 12:33:28.011,407.4326004764476,6
2024-09-17 12:33:28.052,407.4513433489074,8
2024-09-17 12:33:28.098,407.3955596126322,13
2024-09-17 12:33:28.226,407.3978666514263,6
2024-09-17 12:33:28.239,407.41720873874254,996
2024-09-17 12:33:28.260,407.42438093594046,1004
2024-09-17 12:33:28.262,407.4538312453956,1004
2024-09-17 12:33:28.296,407.4147437312379,98
2024-09-17 12:33:28.345,40.74279437331425,997
2024-09-17 12:33:28.375,407.4062686135124,98
2024-09-17 12:33:28.380,407.4519261390327,95
2024-09-17 12:33:28.491,407.4559039283026,8
2024-09-17 12:33:28.506,407.442638971202,1003
2024-09-17 12:33:28.549,407.47963876869,97
2024-09-17 12:33:28.568,407.47610944683777,103
2024-09-17 12:33:28.587,407.4192064240435,1001
2024-09-17 12:33:28.649,407.4255190392743,99
2024-09-17 12:33:28.686,407.4772512841469,1002
2024-09-17 12:33:28.691,407.43826170041024,998
2024-09-17 12:33:28.691,407.3932933743431,997
2024-09-17 12:33:28.716,407.4497534361336,996
2024-09-17 12:33:28.752,407.40792721426425,97
2024-09-17 12:33:28.848,40.745735602677264,12
2024-09-17 12:33:28.863,407.4067692186394,1005
2024-09-17 12:33:28.984,407.39062351359206,104
2024-09-17 12:33:29.042,407.37558780272377,1002
2024-09-17 12:33:29.044,407.3775102066704,100
2024-09-17 12:33:29.089,407.4065481764725,995
2024-09-17 12:33:29.274,407.3628077740608,997
2024-09-17 12:33:29.285,,103
2024-09-17 12:33:29.290,407.41438637940047,102
2024-09-17 12:33:29.432,407.38275983085776,102
2024-09-17 12:33:29.455,407.4041518534836,10
2024-09-17 12:33:29.476,407.3784203893374,11
2024-09-17 12:33:29.499,407.406158355328,104
2024-09-17 12:33:29.552,407.3817386742188,10
2024-09-17 12:33:29.627,407.3712062281836,99
2024-09-17 12:33:29.632,407.4114865410239,7
2024-09-17 12:33:29.711,407.4019830079101,5
2024-09-17 12:33:29.801,407.3894345630424,95
2024-09-17 12:33:29.930,407.4188710616904,11
2024-09-17 12:33:30.047,407.3876926725304,99
2024-09-17 12:33:30.441,407.37934130458143,97
2024-09-17 12:33:30.572,407.3875172065544,999
2024-09-17 12:33:30.763,407.3855812532455,96
2024-09-17 12:33:30.771,407.39055682017073,98
2024-09-17 12:33:30.913,407.37527200114886,98
2024-09-17 12:33:31.000,407.38912608917417,13
2024-09-17 12:33:31.036,407.3387870334473,1004
2024-09-17 12:33:31.088,407.32093988146073,100
2024-09-17 12:33:31.124,407.31657725721135,1001
2024-09-17 12:33:31.152,407.3740436234675,101
2024-09-17 12:33:31.217,407.33013396641945,100
2024-09-17 12:33:31.247,407.3495613234568,1004
2024-09-17 12:33:31.366,407.3190582128558,97
2024-09-17 12:33:31.447,40.73764942573946,105
2024-09-17 12:33:31.456,407.3293029186302,102
2024-09-17 12:33:31.464,407.3248236345992,15
2024-09-17 12:33:31.479,407.31549057972586,12
2024-09-17 12:33:31.480,407.31142626639263,8
2024-09-17 12:33:31.586,407.3285176579959,998
2024-09-17 12:33:31.594,407.34018030665527,996
2024-09-17 12:33:31.624,407.33818214673016,8
2024-09-17 12:33:31.657,407.32144130691455,97
2024-09-17 12:33:31.661,407.3286948376382,9
2024-09-17 12:33:31.668,407.33075636411166,999
2024-09-17 12:33:31.717,407.3633121577519,997
2024-09-17 12:33:31.798,407.3102918671169,14
2024-09-17 12:33:31.891,407.3322921595328,105
2024-09-17 12:33:31.915,407.3341932616133,104
2024-09-17 12:33:31.940,407.3208773966662,1005
2024-09-17 12:33:31.972,407.308149823037,1005
2024-09-17 12:33:31.973,407.3151048792058,1003
2024-09-17 12:33:32.010,407.4445687821845,9
2024-09-17 12:33:32.015,407.3747113412217,1000
2024-09-17 12:33:32.040,407.3651589192824,7
2024-09-17 12:33:32.135,407.3900061345614,103
2024-09-17 12:33:32.186,407.3734730994867,995
2024-09-17 12:33:32.213,407.3865933286128,6
2024-09-17 12:33:32.216,407.440907390694,8
2024-09-17 12:33:32.565,407.40908493493714,1001
2024-09-17 12:33:32.585,407.3360112121663,105
2024-09-17 12:33:32.684,407.3402014146914,1003
2024-09-17 12:33:32.685,407.44250613807134,14
2024-09-17 12:33:32.726,407.3930166726194,104
2024-09-17 12:33:32.757,407.386253601817,14
2024-09-17 12:33:32.784,407.4236685131487,13
2024-09-17 12:33:32.865,407.4250650853564,1005
2024-09-17 12:33:33.002,407.450958835242,9
2024-09-17 12:33:33.003,407.4276397819598,5
2024-09-17 12:33:33.017,407.4046676921178,13
2024-09-17 12:33:33.028,407.4414015379124,13
2024-09-17 12:33:33.156,407.4179141378398,1002
2024-09-17 12:33:33.249,407.4506804263028,11
2024-09-17 12:33:33.387,407.4554218954072,7
2024-09-17 12:33:33.445,407.415637842297,999
2024-09-17 12:33:33.594,407.44556414589687,7
2024-09-17 12:33:33.831,407.43800456653577,1001
2024-09-17 12:33:33.943,407.4404743282105,104
2024-09-17 12:33:34.098,407.48944892490334,100
2024-09-17 12:33:34.147,407.48769787972856,998
2024-09-17 12:33:34.196,40.74818776377978,103
2024-09-17 12:33:34.210,407.4783057114514,96
2024-09-17 12:33:34.297,407.4795103991239,6
2024-09-17 12:33:34.426,407.4735261451679,99
2024-09-17 12:33:34.637,407.4851022138791,13
2024-09-17 12:33:34.657,407.48431183240166,8
2024-09-17 12:33:34.660,407.48475067356753,998
2024-09-17 12:33:34.752,407.4609190427531,1001
2024-09-17 12:33:34.991,407.48484994183497,999
2024-09-17 12:33:35.005,407.560962313802,10
2024-09-17 12:33:35.027,407.4719052156696,1001
2024-09-17 12:33:35.050,407.5856801523881,1002
2024-09-17 12:33:35.069,407.5057639873392,1000
2024-09-17 12:33:35.099,407.4809504836089,11
2024-09-17 12:33:35.129,407.5029530712721,100
2024-09-17 12:33:35.129,,997
2024-09-17 12:33:35.147,407.47771815418736,1003
2024-09-17 12:33:35.174,407.5724964300096,10
2024-09-17 12:33:35.347,407.543316825265,102
2024-09-17 12:33:35.424,407.4770648538587,999
2024-09-17 12:33:35.471,407.5889282506796,103
2024-09-17 12:33:35.476,407.5849697336651,6
2024-09-17 12:33:35.482,407.5570728747986,96
2024-09-17 12:33:35.547,407.5630793011715,1000
2024-09-17 12:33:35.609,407.59584824440304,1002
2024-09-17 12:33:35.630,-407.5972501176747,9
2024-09-17 12:33:35.705,407.5474786427811,8
2024-09-17 12:33:35.744,407.5540840353563,11
2024-09-17 12:33:35.751,407.5528865174591,104
2024-09-17 12:33:35.761,407.5489488019468,101
2024-09-17 12:33:35.801,407.58621860436335,997
2024-09-17 12:33:35.808,407.54557824247047,105
2024-09-17 12:33:35.845,407.54735744585486,12
2024-09-17 12:33:35.916,407.51912924456445,9
2024-09-17 12:33:35.920,407.5457239483956,100
2024-09-17 12:33:36.021,407.5756222330169,14
2024-09-17 12:33:36.035,407.59096209787526,12
2024-09-17 12:33:36.040,407.557716299869,1001
2024-09-17 12:33:36.136,407.58662313180537,14
2024-09-17 12:33:36.147,407.5738654620405,103
2024-09-17 12:33:36.148,407.5618814879077,1001
2024-09-17 12:33:36.179,407.5740199572298,105
2024-09-17 12:33:36.214,407.5700699371293,100
2024-09-17 12:33:36.248,407.5530168042473,1000
2024-09-17 12:33:36.264,407.5791171946324,1000
2024-09-17 12:33:36.305,407.5738939362196,7
2024-09-17 12:33:36.372,407.5847321187775,1004
2024-09-17 12:33:36.405,407.58960538808776,99
2024-09-17 12:33:36.425,407.59445558672127,996
2024-09-17 12:33:36.475,407.566176187264,95
2024-09-17 12:33:36.522,407.5765733464444,996
2024-09-17 12:33:36.546,407.5620337739472,8
2024-09-17 12:33:36.550,407.57058785731147,6
2024-09-17 12:33:36.590,407.56156910110406,1000
2024-09-17 12:33:36.593,407.5817261995456,999
2024-09-17 12:33:36.658,407.5645418317703,15
2024-09-17 12:33:36.781,407.6005984836496,1002
2024-09-17 12:33:36.799,407.5942237862181,15
2024-09-17 12:33:36.850,407.5777193843605,102
2024-09-17 12:33:36.864,407.573072966882,12
2024-09-17 12:33:36.868,407.5681105059544,10
2024-09-17 12:33:36.993,407.582159578658,104
2024-09-17 12:33:37.222,407.5820803378456,995
2024-09-17 12:33:37.228,407.6141806899476,97
2024-09-17 12:33:37.425,407.59573541959975,15
2024-09-17 12:33:37.793,407.6077409530537,95
2024-09-17 12:33:38.101,407.6122279763673,1003
2024-09-17 12:33:38.563,407.6092338952087,6
2024-09-17 12:33:38.643,407.5957883176654,8
2024-09-17 12:33:38.965,407.59746105298274,99
2024-09-17 12:33:39.060,407.5996279002867,7
2024-09-17 12:33:39.071,407.5895826825589,997
2024-09-17 12:33:39.125,407.60290078007694,11
2024-09-17 12:33:39.258,407.6025149418707,8
2024-09-17 12:33:39.365,407.6116103738396,9
2024-09-17 12:33:39.500,407.6366723858474,10
2024-09-17 12:33:39.534,407.61821738380286,6
2024-09-17 12:33:39.578,407.5829787819402,1004
2024-09-17 12:33:39.641,407.5810259241842,9
2024-09-17 12:33:39.706,407.5803571001304,95
2024-09-17 12:33:39.811,407.59984806306016,95
2024-09-17 12:33:39.849,407.6055999468976,6
2024-09-17 12:33:39.990,407.5925047305333,104
2024-09-17 12:33:40.027,407.6030014997743,7
2024-09-17 12:33:40.181,407.59105404556,995
2024-09-17 12:33:40.222,407.600921924076,996
2024-09-17 12:33:40.471,407.59553847363713,999
2024-09-17 12:33:40.990,407.6196336554116,11
2024-09-17 12:33:41.423,407.6385791479003,101
2024-09-17 12:33:41.443,407.6488125224773,996
2024-09-17 12:33:41.502,407.6393099290468,996
2024-09-17 12:33:41.650,407.6470883168909,1003
2024-09-17 12:33:41.691,407.6270796062946,6
2024-09-17 12:33:41.839,407.6251469201922,104
2024-09-17 12:33:42.044,407.5049794619844,1000
2024-09-17 12:33:42.084,407.5152796904235,104
2024-09-17 12:33:42.109,407.5650715048248,98
2024-09-17 12:33:42.116,407.5203467136782,104
2024-09-17 12:33:42.173,,101
2024-09-17 12:33:42.324,,97
2024-09-17 12:33:42.413,407.6101394057143,999
2024-09-17 12:33:42.491,407.5876223528808,99
2024-09-17 12:33:42.502,407.51236491239627,98
2024-09-17 12:33:42.506,407.53293372674455,102
2024-09-17 12:33:42.542,407.6060011695811,13
2024-09-17 12:33:42.636,407.6145761522488,96
2024-09-17 12:33:42.653,407.5937536216594,996
2024-09-17 12:33:42.657,407.57916387690847,5
2024-09-17 12:33:42.658,407.60590478119855,7
2024-09-17 12:33:42.693,407.6094757998436,999
2024-09-17 12:33:42.775,407.6000398072273,14
2024-09-17 12:33:42.848,407.5839936085626,6
2024-09-17 12:33:42.887,407.5565880339133,1001
2024-09-17 12:33:42.908,407.5114278220144,15
2024-09-17 12:33:42.935,407.4923100804388,12
2024-09-17 12:33:43.053,407.5373250303125,7
2024-09-17 12:33:43.086,407.5327168333436,11
2024-09-17 12:33:43.100,407.5660831401592,999
2024-09-17 12:33:43.138,407.5321758729416,997
2024-09-17 12:33:43.192,407.4972930186697,7
2024-09-17 12:33:43.218,407.5407527552198,995
2024-09-17 12:33:43.347,407.54388762050576,1000
2024-09-17 12:33:43.360,407.5567471549895,999
2024-09-17 12:33:43.367,407.5199244723372,1004
2024-09-17 12:33:43.398,407.5549245704898,8
2024-09-17 12:33:43.399,407.5441089095992,5
2024-09-17 12:33:43.529,407.5426015180615,105
2024-09-17 12:33:43.622,407.5258560772848,1005
2024-09-17 12:33:43.640,407.54864090495073,99
2024-09-17 12:33:43.712,407.5694907225222,1002
2024-09-17 12:33:43.769,407.5081585234819,1000
2024-09-17 12:33:43.776,407.5460696125668,999
2024-09-17 12:33:43.838,407.5337771447335,105
2024-09-17 12:33:43.855,407.56742642924246,996
2024-09-17 12:33:43.889,407.5408560461267,1002
2024-09-17 12:33:44.074,407.537416678459,10
2024-09-17 12:33:44.294,407.47834655925175,100
2024-09-17 12:33:44.317,407.51041406628696,14
2024-09-17 12:33:44.374,407.4908502726152,995
2024-09-17 12:33:44.381,407.5103139587461,15
2024-09-17 12:33:44.387,407.5169622236305,7
2024-09-17 12:33:44.388,407.50222224673,1001
2024-09-17 12:33:44.433,407.5113074691524,999
2024-09-17 12:33:44.623,407.5184879280992,1005
2024-09-17 12:33:44.653,407.4735735894787,1005
2024-09-17 12:33:44.682,407.5107542050032,998
2024-09-17 12:33:44.838,407.50533882414834,98
2024-09-17 12:33:44.853,407.5207561735493,1000
2024-09-17 12:33:44.890,,13
2024-09-17 12:33:44.955,407.5213155330471,100
2024-09-17 12:33:44.971,407.50213340605296,11
2024-09-17 12:33:45.012,407.5429337910632,999
2024-09-17 12:33:45.089,407.5343671048933,13
2024-09-17 12:33:45.101,407.5567349421577,8
2024-09-17 12:33:45.169,407.5843838162738,100
2024-09-17 12:33:45.191,407.5507348930802,96
2024-09-17 12:33:45.213,407.4711021923837,103
2024-09-17 12:33:45.234,407.5097166703261,6
2024-09-17 12:33:45.239,407.57261104954864,96
2024-09-17 12:33:45.283,407.5499344396893,5
2024-09-17 12:33:45.297,407.5555246446811,7
2024-09-17 12:33:45.304,407.51933460089714,96
2024-09-17 12:33:45.314,407.5319421802587,11
2024-09-17 12:33:45.548,407.50166478620014,1000
2024-09-17 12:33:45.552,407.5522867220101,997
2024-09-17 12:33:45.558,407.5714840666352,8
2024-09-17 12:33:45.586,407.48951831039255,95
2024-09-17 12:33:45.592,407.5053990496036,102
2024-09-17 12:33:45.667,407.5332893366237,105
2024-09-17 12:33:45.687,407.4947680261351,1002
2024-09-17 12:33:45.696,407.5075955723814,99
2024-09-17 12:33:45.729,407.51154702094055,1005
2024-09-17 12:33:45.755,407.5078181745943,14
2024-09-17 12:33:45.778,407.5296432704421,97
2024-09-17 12:33:45.803,407.5231562433396,998
2024-09-17 12:33:45.921,407.4791152592856,104
2024-09-17 12:33:45.966,407.5119293600011,9
2024-09-17 12:33:46.026,407.5958634741122,101
2024-09-17 12:33:46.315,407.5757769970164,97
2024-09-17 12:33:46.351,407.5963114339416,8
2024-09-17 12:33:46.411,407.5682266404132,1000
2024-09-17 12:33:46.477,40.75507195201551,15
2024-09-17 12:33:46.535,407.5819370307141,100
2024-09-17 12:33:46.613,407.5889286777896,1001
2024-09-17 12:33:46.788,407.6138668233847,1002
2024-09-17 12:33:47.093,407.578600367456,999
2024-09-17 12:33:47.098,407.5677530255709,995
2024-09-17 12:33:47.128,407.5364713235796,998
2024-09-17 12:33:47.137,407.61866275524113,15
2024-09-17 12:33:47.149,407.5784233126171,998
2024-09-17 12:33:47.168,407.5665995024535,97
2024-09-17 12:33:47.170,407.55827538758274,101
2024-09-17 12:33:47.224,407.60067116547367,100
2024-09-17 12:33:47.228,407.5872909924701,13
2024-09-17 12:33:47.255,407.5627984300658,7
2024-09-17 12:33:47.263,407.5890779291236,997
2024-09-17 12:33:47.324,407.5651863493894,97
2024-09-17 12:33:47.335,407.549807943803,8
2024-09-17 12:33:47.514,407.5620334662012,996
2024-09-17 12:33:47.514,407.6055552514383,7
2024-09-17 12:33:47.524,407.5897532726,9
2024-09-17 12:33:47.579,407.5584683049298,7
2024-09-17 12:33:47.580,407.5633738378006,96
2024-09-17 12:33:47.684,407.5854383487216,1001
2024-09-17 12:33:47.716,407.5730921739744,1005
2024-09-17 12:33:47.723,407.5877311132342,1000
2024-09-17 12:33:47.766,40.75820558124664,999
2024-09-17 12:33:47.805,407.5824309828485,9
2024-09-17 12:33:47.832,407.57463713397294,1003
2024-09-17 12:33:47.844,407.5950547628233,12
2024-09-17 12:33:47.868,407.57668577566665,996
2024-09-17 12:33:47.889,407.56291054918336,102
2024-09-17 12:33:47.937,407.597669587052,1005
2024-09-17 12:33:47.941,-407.5983946482309,15
2024-09-17 12:33:47.950,407.6161271015831,102
2024-09-17 12:33:48.035,407.5590644333429,1004
2024-09-17 12:33:48.072,407.551874834534,999
2024-09-17 12:33:48.167,407.576085064199,15
2024-09-17 12:33:48.180,407.57975658239616,95
2024-09-17 12:33:48.204,407.5748189633446,996
2024-09-17 12:33:48.227,407.5440823702017,97
2024-09-17 12:33:48.443,407.5512143812833,97
2024-09-17 12:33:48.455,407.5404053817176,998
2024-09-17 12:33:48.493,407.5679762328716,15
2024-09-17 12:33:48.528,407.5679738337968,15
2024-09-17 12:33:48.584,407.5620530261486,10
2024-09-17 12:33:48.686,407.5677647948946,996
2024-09-17 12:33:48.733,407.5821241430863,15
2024-09-17 12:33:48.760,407.5766250685994,6
2024-09-17 12:33:48.811,407.5833289830245,9
2024-09-17 12:33:48.821,407.5517198368853,1003
2024-09-17 12:33:48.822,407.5448221468498,998
2024-09-17 12:33:48.891,407.5355825098303,1005
2024-09-17 12:33:48.981,407.56869483477175,9
2024-09-17 12:33:48.989,407.57243175068186,7
2024-09-17 12:33:49.025,407.5698863909524,104
2024-09-17 12:33:49.238,407.5639736221443,1003
2024-09-17 12:33:49.294,407.5694918840916,1001
2024-09-17 12:33:49.570,407.562311187613,1000
2024-09-17 12:33:49.588,407.56348322094175,101
2024-09-17 12:33:49.602,407.53704408126754,99
2024-09-17 12:33:49.668,407.5423000151681,1005
2024-09-17 12:33:49.724,407.5777020375015,102
2024-09-17 12:33:49.752,407.5353387350012,1003
2024-09-17 12:33:49.884,40.75895690778725,100
2024-09-17 12:33:49.892,407.5713747199693,1002
2024-09-17 12:33:49.957,407.55799173288887,102
2024-09-17 12:33:50.013,407.5109473414074,995
2024-09-17 12:33:50.231,407.5343664501151,1001
2024-09-17 12:33:50.251,407.5179708635039,98
2024-09-17 12:33:50.343,407.5270979505593,5
2024-09-17 12:33:50.383,407.5261548858856,6
2024-09-17 12:33:50.690,407.5086956297585,7
2024-09-17 12:33:50.820,407.5126640448034,95
2024-09-17 12:33:50.910,407.5093840015954,103
2024-09-17 12:33:51.002,407.52556003913713,5
2024-09-17 12:33:51.134,407.5108201902824,995
2024-09-17 12:33:51.148,407.4666795292642,1004
2024-09-17 12:33:51.160,407.4859718516934,998
2024-09-17 12:33:51.249,407.5028139953866,101
2024-09-17 12:33:51.250,407.49257347321617,102
2024-09-17 12:33:51.287,407.4770798242873,6
2024-09-17 12:33:51.319,407.4996072786768,100
2024-09-17 12:33:51.341,407.4848157210513,101
2024-09-17 12:33:51.389,407.4686728635472,10
2024-09-17 12:33:51.461,407.4702550362903,100
2024-09-17 12:33:51.464,407.4917551956896,9
2024-09-17 12:33:51.473,407.5037890363674,97
2024-09-17 12:33:51.603,407.48015175892886,96
2024-09-17 12:33:51.645,407.4631228501884,15
2024-09-17 12:33:51.659,407.46210870946055,1000
2024-09-17 12:33:51.661,407.4936849547876,7
2024-09-17 12:33:51.733,407.4560751124178,96
2024-09-17 12:33:51.750,407.47619059927496,1003
2024-09-17 12:33:51.764,407.4836210733162,15
2024-09-17 12:33:51.765,407.47596090256775,999
2024-09-17 12:33:51.870,407.4803652507993,1000
2024-09-17 12:33:51.877,407.4704498750909,15
2024-09-17 12:33:51.886,407.47856358426577,999
2024-09-17 12:33:51.975,407.4932383121589,15
2024-09-17 12:33:51.993,407.4930777511197,995
2024-09-17 12:33:52.089,407.5837797725326,100
2024-09-17 12:33:52.090,407.5536788272448,99
2024-09-17 12:33:52.134,407.5806200614575,105
2024-09-17 12:33:52.153,407.5829171039704,100
2024-09-17 12:33:52.179,407.5421104775358,8
2024-09-17 12:33:52.239,407.5468847896308,997
2024-09-17 12:33:52.284,407.56318185898186,1005
2024-09-17 12:33:52.304,407.57075572415226,997
2024-09-17 12:33:52.305,407.5076550079603,15
2024-09-17 12:33:52.366,407.585314917757,995
2024-09-17 12:33:52.466,407.5417920497823,12
2024-09-17 12:33:52.484,407.577989586465,8
2024-09-17 12:33:52.654,407.56051062917743,999
2024-09-17 12:33:52.701,407.5772274137267,98
2024-09-17 12:33:52.921,407.5161086275335,11
2024-09-17 12:33:53.495,407.5640361507558,15
2024-09-17 12:33:53.580,407.5709315706061,1003
2024-09-17 12:33:53.767,407.5801416420248,11
2024-09-17 12:33:54.847,407.5986001454074,15
2024-09-17 12:33:55.062,407.5689418422551,13
2024-09-17 12:33:55.125,407.4900812115328,97
2024-09-17 12:33:55.130,407.4999657354292,100
2024-09-17 12:33:55.155,407.521711080227,6
2024-09-17 12:33:55.158,407.53252488133177,98
2024-09-17 12:33:55.213,407.5495379477243,101
2024-09-17 12:33:55.271,407.54659905622987,97
2024-09-17 12:33:55.544,407.57441496602365,1000
2024-09-17 12:33:55.709,407.5742819271053,99
2024-09-17 12:33:55.775,407.5105197430948,11
2024-09-17 12:33:55.888,407.5098193810759,1004
2024-09-17 12:33:55.933,407.5118985481688,15
2024-09-17 12:33:56.061,407.45985776591255,96
2024-09-17 12:33:56.078,407.5005820756997,1004
2024-09-17 12:33:56.085,407.50656745721926,96
2024-09-17 12:33:56.334,407.4757693895742,6
2024-09-17 12:33:56.351,407.51191491898607,14
2024-09-17 12:33:56.441,407.4910628311824,9
2024-09-17 12:33:56.565,407.51081421440375,1005
2024-09-17 12:33:56.616,407.47136970045904,99
2024-09-17 12:33:56.618,407.4387038547209,1001
2024-09-17 12:33:56.732,407.4975143486004,5
2024-09-17 12:33:56.874,407.4896208307029,13
2024-09-17 12:33:56.928,407.4956385740035,1001
2024-09-17 12:33:57.008,407.4543865251112,14
2024-09-17 12:33:57.043,407.4356065147862,1003
2024-09-17 12:33:57.215,407.44564110287433,998
2024-09-17 12:33:57.254,407.4520344964398,15
2024-09-17 12:33:57.297,407.4332651202724,996
2024-09-17 12:33:57.338,407.41889052279976,97
2024-09-17 12:33:57.343,407.4626830551549,96
2024-09-17 12:33:57.380,407.46530977803087,6
2024-09-17 12:33:57.396,407.4156396737454,998
2024-09-17 12:33:57.509,407.4419370143161,8
2024-09-17 12:33:57.539,407.4439594360336,995
2024-09-17 12:33:57.682,407.422150830416,100
2024-09-17 12:33:57.940,407.4054460241444,1003
2024-09-17 12:33:57.955,407.4257860783864,103
2024-09-17 12:33:57.971,407.4623710341052,9
2024-09-17 12:33:57.985,407.4292458698176,14
2024-09-17 12:33:57.996,40.744983448958095,999
2024-09-17 12:33:58.244,407.4418811823245,1003
2024-09-17 12:33:58.256,407.46035158479407,102
2024-09-17 12:33:58.285,407.4346638994681,10
2024-09-17 12:33:58.390,407.4477534498292,104
2024-09-17 12:33:58.477,407.4494538485122,100
2024-09-17 12:33:58.491,407.4724699326895,100
2024-09-17 12:33:58.520,407.4458587720079,14
2024-09-17 12:33:58.677,407.4507584230698,101
2024-09-17 12:33:58.848,407.44510974230127,8
2024-09-17 12:33:58.889,407.4344125132984,96
2024-09-17 12:33:58.898,407.4544338369277,998
2024-09-17 12:33:59.330,407.4816177693397,14
2024-09-17 12:33:59.347,407.493210400654,11
2024-09-17 12:33:59.841,407.4876182615509,1003
