Timestamp,Price,Size
2024-09-16 15:19:00.061,416.2188177126927,1003
2024-09-16 15:19:00.101,416.21085653087033,8
2024-09-16 15:19:00.155,,1002
2024-09-16 15:19:00.181,416.19850457751056,1004
2024-09-16 15:19:00.210,416.2368086073755,13
2024-09-16 15:19:00.225,416.1871801051911,104
2024-09-16 15:19:00.237,416.2065758120466,6
2024-09-16 15:19:00.249,416.1986427265908,13
2024-09-16 15:19:00.337,416.1907319295419,996
2024-09-16 15:19:00.362,416.1855477836171,15
2024-09-16 15:19:00.415,416.2063062970365,6
2024-09-16 15:19:00.433,416.2269005532605,998
2024-09-16 15:19:00.527,416.2050162417671,104
2024-09-16 15:19:00.573,416.17295371839714,1004
2024-09-16 15:19:00.575,416.1767872460339,13
2024-09-16 15:19:00.632,416.217500901844,1003
2024-09-16 15:19:00.638,416.2420776292527,12
2024-09-16 15:19:00.732,416.2321961467628,100
2024-09-16 15:19:00.811,416.23114751042095,11
2024-09-16 15:19:00.855,416.1752883937641,1000
2024-09-16 15:19:00.856,416.2126461124957,1003
2024-09-16 15:19:00.871,416.18161269012586,99
2024-09-16 15:19:00.933,416.1835778423544,96
2024-09-16 15:19:00.949,416.1858770764832,998
2024-09-16 15:19:00.952,416.178654688701,1000
2024-09-16 15:19:01.096,416.22751281154,9
2024-09-16 15:19:01.117,416.2304393808472,997
2024-09-16 15:19:01.119,416.2428735055504,99
2024-09-16 15:19:01.130,416.2778949594409,12
2024-09-16 15:19:01.214,416.2790112194818,1000
2024-09-16 15:19:01.257,416.2355419377621,1000
2024-09-16 15:19:01.271,416.2186366795349,14
2024-09-16 15:19:01.440,416.2251764886646,7
2024-09-16 15:19:01.450,416.26794019522976,7
2024-09-16 15:19:01.499,416.29069429470286,1005
2024-09-16 15:19:01.559,416.271778361763,6
2024-09-16 15:19:01.576,416.2752404038538,10
2024-09-16 15:19:01.585,416.2002892114338,11
2024-09-16 15:19:01.643,416.2770587228881,99
2024-09-16 15:19:01.814,416.2621114191738,1004
2024-09-16 15:19:01.824,416.22066060306776,998
2024-09-16 15:19:01.867,416.3006044876871,105
2024-09-16 15:19:01.951,416.2691584771015,996
2024-09-16 15:19:01.983,-416.2551036394111,1000
2024-09-16 15:19:01.985,416.2751478504091,105
2024-09-16 15:19:02.041,416.2652813098497,105
2024-09-16 15:19:02.172,416.2825676330986,5
2024-09-16 15:19:02.241,41.62728432751107,12
2024-09-16 15:19:02.438,416.2862351715905,15
2024-09-16 15:19:02.698,416.2867162825843,99
2024-09-16 15:19:03.038,416.26040199828304,102
2024-09-16 15:19:03.091,416.2698916052729,999
2024-09-16 15:19:03.134,416.2874071030772,1004
2024-09-16 15:19:03.194,416.2841784948203,997
2024-09-16 15:19:03.224,416.282610193157,1001
2024-09-16 15:19:03.284,416.25455005610695,14
2024-09-16 15:19:03.427,416.2614499302239,997
2024-09-16 15:19:03.555,41.62727308838949,998
2024-09-16 15:19:03.612,416.2581538439031,998
2024-09-16 15:19:03.680,416.2670557081956,95
2024-09-16 15:19:03.682,416.27671220551946,103
2024-09-16 15:19:03.795,416.25082692723095,999
2024-09-16 15:19:03.807,416.2642792135194,105
2024-09-16 15:19:03.899,416.2386817322395,97
2024-09-16 15:19:03.971,416.2564735545501,14
2024-09-16 15:19:04.202,416.2792631139658,13
2024-09-16 15:19:04.239,416.2873569398394,99
2024-09-16 15:19:04.342,416.2429079568233,5
2024-09-16 15:19:04.404,416.25454131824,97
2024-09-16 15:19:04.484,416.2778001075866,97
2024-09-16 15:19:04.626,416.2836656063035,9
2024-09-16 15:19:04.766,416.2909353398747,7
2024-09-16 15:19:04.789,416.2594538291422,1004
2024-09-16 15:19:04.848,416.2831726622719,1000
2024-09-16 15:19:04.923,416.2792335212089,998
2024-09-16 15:19:05.247,416.3114600741861,99
2024-09-16 15:19:05.342,416.3246244163303,101
2024-09-16 15:19:05.468,416.3239678685,10
2024-09-16 15:19:05.478,416.3222185804868,12
2024-09-16 15:19:05.512,416.2773029648069,10
2024-09-16 15:19:05.619,416.3304236110556,995
2024-09-16 15:19:05.628,416.2669411002812,8
2024-09-16 15:19:05.832,416.3241134297156,15
2024-09-16 15:19:05.847,416.3013371077095,12
2024-09-16 15:19:06.018,416.27275699483806,997
2024-09-16 15:19:06.058,416.2836364041901,8
2024-09-16 15:19:06.382,416.2977418506249,1004
2024-09-16 15:19:06.485,416.28538411214106,8
2024-09-16 15:19:06.505,416.2889422438997,6
2024-09-16 15:19:06.538,416.2773156785629,8
2024-09-16 15:19:06.556,416.3039956337391,14
2024-09-16 15:19:06.572,416.3154014779696,1005
2024-09-16 15:19:06.594,416.31424726244353,98
2024-09-16 15:19:06.685,416.2894758142246,15
2024-09-16 15:19:06.688,416.30803322726086,99
2024-09-16 15:19:06.732,416.2709794790347,1000
2024-09-16 15:19:06.965,416.2821578625169,999
2024-09-16 15:19:06.968,416.26616879403815,104
2024-09-16 15:19:07.023,416.2680873342735,995
2024-09-16 15:19:07.292,416.2361464629447,97
2024-09-16 15:19:07.454,416.2183802904249,1003
2024-09-16 15:19:07.655,417.1138168732424,5
2024-09-16 15:19:07.688,416.226061399359,6
2024-09-16 15:19:07.759,416.2769027833259,1001
2024-09-16 15:19:07.763,416.205204840834,104
2024-09-16 15:19:08.036,416.2205067702572,1005
2024-09-16 15:19:08.100,416.2085379029089,96
2024-09-16 15:19:08.160,416.198221505057,98
2024-09-16 15:19:08.217,416.2068215088467,103
2024-09-16 15:19:08.252,416.224053008672,99
2024-09-16 15:19:08.305,416.2189740822309,103
2024-09-16 15:19:08.311,416.2215400281978,1003
2024-09-16 15:19:08.473,416.1853321590106,996
2024-09-16 15:19:08.657,416.2301655902949,6
2024-09-16 15:19:08.667,416.207950544306,13
2024-09-16 15:19:08.731,416.2207166812482,95
2024-09-16 15:19:08.757,416.2074598615575,98
2024-09-16 15:19:08.785,416.2101411192423,98
2024-09-16 15:19:08.824,416.2282085439284,13
2024-09-16 15:19:08.830,417.1099654742012,1003
2024-09-16 15:19:08.831,416.193369545022,1002
2024-09-16 15:19:08.860,416.217648714778,999
2024-09-16 15:19:08.885,416.2100484270131,1000
2024-09-16 15:19:08.891,416.243228287179,997
2024-09-16 15:19:08.968,416.2095960960245,7
2024-09-16 15:19:08.972,416.23325369319485,1005
2024-09-16 15:19:08.979,416.2053356917296,1003
2024-09-16 15:19:09.075,-416.1909997968092,1002
2024-09-16 15:19:10.076,416.1919846577271,1000
2024-09-16 15:19:10.105,416.197633468454,103
2024-09-16 15:19:10.133,416.1941538082282,97
2024-09-16 15:19:10.223,416.1609099994267,8
2024-09-16 15:19:10.246,416.15445682893096,95
2024-09-16 15:19:10.318,416.1928750119576,97
2024-09-16 15:19:10.337,416.2070902803141,97
2024-09-16 15:19:10.354,416.1694239604187,998
2024-09-16 15:19:10.379,416.1872911613205,1003
2024-09-16 15:19:10.402,416.197366398006,98
2024-09-16 15:19:10.495,416.1901520097173,95
2024-09-16 15:19:10.540,416.2055477416339,998
2024-09-16 15:19:10.550,416.15992930641954,104
2024-09-16 15:19:10.570,416.1474665148919,96
2024-09-16 15:19:10.596,416.19798665913305,103
2024-09-16 15:19:10.606,416.15866567493975,996
2024-09-16 15:19:10.640,416.18818652525823,102
2024-09-16 15:19:10.654,416.161387173548,105
2024-09-16 15:19:10.675,416.2009315851709,95
2024-09-16 15:19:10.679,416.161508035739,999
2024-09-16 15:19:10.756,416.167545544986,102
2024-09-16 15:19:10.828,416.1476729470949,105
2024-09-16 15:19:10.856,416.1444024930712,14
2024-09-16 15:19:10.885,41.61477930334141,103
2024-09-16 15:19:10.886,416.18956462474847,97
2024-09-16 15:19:10.898,416.1712560381562,9
2024-09-16 15:19:10.935,416.1547995765989,1002
2024-09-16 15:19:10.983,416.1574330278623,100
2024-09-16 15:19:10.991,416.188470419019,7
2024-09-16 15:19:11.092,417.0655307361096,10
2024-09-16 15:19:11.371,416.12980434981847,995
2024-09-16 15:19:11.506,416.18185981474113,96
2024-09-16 15:19:11.547,416.10610230149575,102
2024-09-16 15:19:11.584,416.19929169375393,996
2024-09-16 15:19:11.608,416.1180552569209,998
2024-09-16 15:19:11.680,416.1314032479151,996
2024-09-16 15:19:11.883,416.1557604827309,1001
2024-09-16 15:19:11.961,416.16721309903227,1003
2024-09-16 15:19:11.969,416.0990523140597,11
2024-09-16 15:19:11.985,416.18624666272297,98
2024-09-16 15:19:12.044,416.1187849861825,9
2024-09-16 15:19:12.184,416.0923753394209,100
2024-09-16 15:19:12.241,416.0917428765403,5
2024-09-16 15:19:12.294,416.0428677075675,1004
2024-09-16 15:19:12.365,416.0623905114733,8
2024-09-16 15:19:12.370,416.04679801978006,6
2024-09-16 15:19:12.533,416.0860501749096,14
2024-09-16 15:19:12.552,416.0854003169373,1000
2024-09-16 15:19:12.562,416.1037500103946,1004
2024-09-16 15:19:12.567,416.0550409689757,96
2024-09-16 15:19:12.639,416.0954831613392,5
2024-09-16 15:19:12.718,416.0923684264792,11
2024-09-16 15:19:12.752,416.057038834581,10
2024-09-16 15:19:12.798,416.0999680901653,1005
2024-09-16 15:19:12.852,416.1065766371511,1000
2024-09-16 15:19:12.872,416.05880197926535,104
2024-09-16 15:19:12.916,416.0630756486903,96
2024-09-16 15:19:12.975,416.1090492251617,998
2024-09-16 15:19:13.088,416.0168906741743,98
2024-09-16 15:19:13.095,415.9962980566759,1004
2024-09-16 15:19:13.140,416.0021679031637,97
2024-09-16 15:19:13.191,416.002435527289,7
2024-09-16 15:19:13.308,416.0400309487707,997
2024-09-16 15:19:13.632,416.0073794644944,103
2024-09-16 15:19:13.663,-415.9963195705174,103
2024-09-16 15:19:13.759,415.9895161298864,12
2024-09-16 15:19:13.770,416.0018509094261,1000
2024-09-16 15:19:13.978,416.0121171865904,995
2024-09-16 15:19:14.001,416.0209449764184,7
2024-09-16 15:19:14.013,416.0494160553035,1000
2024-09-16 15:19:14.052,416.0356456363172,97
2024-09-16 15:19:14.284,416.04103221020415,99
2024-09-16 15:19:14.336,416.0338516490789,102
2024-09-16 15:19:14.382,416.04243599364673,104
2024-09-16 15:19:14.407,416.02916125585455,996
2024-09-16 15:19:14.430,416.04088018941457,14
2024-09-16 15:19:14.466,416.0300617847428,8
2024-09-16 15:19:14.592,416.0409500651134,1005
2024-09-16 15:19:14.642,416.0225062319327,11
2024-09-16 15:19:14.893,416.0289793912101,11
2024-09-16 15:19:14.896,416.0382173341616,5
2024-09-16 15:19:14.922,416.0207405530579,8
2024-09-16 15:19:14.947,416.046312387996,9
2024-09-16 15:19:15.077,416.05462249083246,98
2024-09-16 15:19:15.412,416.0682699148484,997
2024-09-16 15:19:15.836,416.06626536014704,11
2024-09-16 15:19:15.904,416.0431292220245,97
2024-09-16 15:19:15.916,416.0578012160708,10
2024-09-16 15:19:16.162,416.0695775235547,101
2024-09-16 15:19:16.952,416.0575144969884,102
2024-09-16 15:19:17.429,416.0570652241351,103
2024-09-16 15:19:18.005,416.0789940602332,15
2024-09-16 15:19:18.140,416.1017649015001,995
2024-09-16 15:19:18.177,416.1027046846598,104
2024-09-16 15:19:18.183,41.61297695966329,10
2024-09-16 15:19:18.201,416.0872055492107,102
2024-09-16 15:19:18.278,416.0576625449161,996
2024-09-16 15:19:18.330,416.0729534547047,6
2024-09-16 15:19:18.391,416.1031775769642,7
2024-09-16 15:19:18.622,416.0730977880056,101
2024-09-16 15:19:18.666,416.064181514703,999
2024-09-16 15:19:18.712,416.0673395510934,12
2024-09-16 15:19:18.721,416.0860290713866,995
2024-09-16 15:19:18.819,416.0973670106162,5
2024-09-16 15:19:18.878,416.1198328158179,9
2024-09-16 15:19:18.901,416.0640713095171,95
2024-09-16 15:19:18.947,416.0944841614652,13
2024-09-16 15:19:18.948,416.087437678162,7
2024-09-16 15:19:18.970,416.0761141831151,98
2024-09-16 15:19:18.973,416.1213768866648,104
2024-09-16 15:19:19.139,416.1561301595189,98
2024-09-16 15:19:19.347,416.1387323693659,7
2024-09-16 15:19:19.537,416.1532449801949,998
2024-09-16 15:19:19.771,416.1285472173456,95
2024-09-16 15:19:20.012,41.6126779157132,998
2024-09-16 15:19:20.119,416.1117151221405,100
2024-09-16 15:19:20.400,416.1222029273799,102
2024-09-16 15:19:20.500,416.1340012688753,101
2024-09-16 15:19:20.576,416.11752601033226,995
2024-09-16 15:19:20.612,416.1108776162866,998
2024-09-16 15:19:20.701,416.1268135726232,11
2024-09-16 15:19:20.783,416.1242479611024,12
2024-09-16 15:19:20.852,416.1235637740872,104
2024-09-16 15:19:20.865,416.1196224749862,101
2024-09-16 15:19:21.039,416.1262983389927,99
2024-09-16 15:19:21.106,416.1086462232848,1000
2024-09-16 15:19:21.215,,1005
2024-09-16 15:19:21.240,416.1089576178454,1002
2024-09-16 15:19:21.261,416.1320752971741,1003
2024-09-16 15:19:21.450,416.1333542180752,101
2024-09-16 15:19:21.458,416.094788948806,5
2024-09-16 15:19:21.556,416.12651812222094,100
2024-09-16 15:19:21.572,416.1466588753924,995
2024-09-16 15:19:21.678,416.0910403999533,15
2024-09-16 15:19:21.684,416.1253321740194,998
2024-09-16 15:19:21.697,416.14987785273246,105
2024-09-16 15:19:21.700,416.1298385624404,5
2024-09-16 15:19:21.716,416.1086723082759,999
2024-09-16 15:19:21.726,416.12203785692,14
2024-09-16 15:19:21.756,416.12178168888624,105
2024-09-16 15:19:21.772,416.12834889987846,15
2024-09-16 15:19:21.817,416.1087833727019,101
2024-09-16 15:19:21.828,416.1310633109509,105
2024-09-16 15:19:21.843,416.1261566713745,1001
2024-09-16 15:19:21.854,416.1336309883203,997
2024-09-16 15:19:21.876,416.13294955977074,15
2024-09-16 15:19:21.882,416.1249001678298,1004
2024-09-16 15:19:21.941,416.1273287977768,997
2024-09-16 15:19:21.989,416.11720476252185,1003
2024-09-16 15:19:22.004,416.2145357233069,101
2024-09-16 15:19:22.075,416.1592975712966,9
2024-09-16 15:19:22.078,416.2021940061896,6
2024-09-16 15:19:22.089,416.1908302916738,99
2024-09-16 15:19:22.157,416.1787368876089,10
2024-09-16 15:19:22.163,416.2043558749469,6
2024-09-16 15:19:22.228,416.1889876284662,999
2024-09-16 15:19:22.234,416.1845366417715,995
2024-09-16 15:19:22.249,416.1576905434732,9
2024-09-16 15:19:22.316,416.1546768513135,995
2024-09-16 15:19:22.411,416.1736834458392,100
2024-09-16 15:19:22.417,416.1567560023298,6
2024-09-16 15:19:22.478,416.14430391570846,14
2024-09-16 15:19:22.515,416.1597243330218,104
2024-09-16 15:19:22.537,416.2055794744326,8
2024-09-16 15:19:22.602,416.14651023263775,104
2024-09-16 15:19:22.603,416.1635121098137,1005
2024-09-16 15:19:22.691,416.1576390204688,6
2024-09-16 15:19:22.738,416.16979746880986,105
2024-09-16 15:19:22.761,416.1469692670227,996
2024-09-16 15:19:22.797,416.1490401108695,95
2024-09-16 15:19:22.867,416.1548773898088,13
2024-09-16 15:19:22.926,416.217193371898,999
2024-09-16 15:19:22.985,416.1523990637856,105
2024-09-16 15:19:23.759,416.201042015416,95
2024-09-16 15:19:23.784,416.2176183293132,996
2024-09-16 15:19:24.951,416.1793836995424,101
2024-09-16 15:19:24.976,416.184159999412,6
2024-09-16 15:19:25.007,416.238522062859,103
2024-09-16 15:19:25.081,416.2207220116578,15
2024-09-16 15:19:25.140,416.2362054610092,9
2024-09-16 15:19:25.261,416.2169143329642,105
2024-09-16 15:19:25.355,416.2075770369822,1002
2024-09-16 15:19:25.492,416.2077375025575,104
2024-09-16 15:19:25.494,416.1678103319754,1004
2024-09-16 15:19:25.523,416.1879775635387,103
2024-09-16 15:19:25.566,416.1569379809988,6
2024-09-16 15:19:25.571,416.2229566009351,13
2024-09-16 15:19:25.631,416.213984346378,10
2024-09-16 15:19:25.751,416.23090861206464,9
2024-09-16 15:19:25.757,416.2362606990483,11
2024-09-16 15:19:25.793,416.1817532525724,1002
2024-09-16 15:19:25.796,416.20273832877695,996
2024-09-16 15:19:25.816,416.1640387233672,997
2024-09-16 15:19:25.827,416.2132243626066,1000
2024-09-16 15:19:25.834,416.1761694199824,103
2024-09-16 15:19:25.838,416.2083322867499,14
2024-09-16 15:19:25.882,416.13537729316073,1001
2024-09-16 15:19:25.905,416.15955604252775,105
2024-09-16 15:19:26.020,416.1965680677529,103
2024-09-16 15:19:26.595,416.2088382674457,996
2024-09-16 15:19:26.712,416.20922582708266,12
2024-09-16 15:19:26.776,416.2011771574644,8
2024-09-16 15:19:27.176,417.01897227904055,995
2024-09-16 15:19:27.196,416.2231534652352,11
2024-09-16 15:19:27.222,416.1975491375006,998
2024-09-16 15:19:27.223,416.157598721279,102
2024-09-16 15:19:27.277,416.1591808281019,995
2024-09-16 15:19:27.375,416.1757364173104,13
2024-09-16 15:19:27.376,416.1894308301968,6
2024-09-16 15:19:27.510,416.1680144874651,997
2024-09-16 15:19:27.559,416.1755985498398,95
2024-09-16 15:19:27.596,416.1523991309237,103
2024-09-16 15:19:27.603,416.15077095398607,98
2024-09-16 15:19:27.617,416.1949809102179,10
2024-09-16 15:19:27.643,416.1445930202469,9
2024-09-16 15:19:27.659,416.16190646669054,1004
2024-09-16 15:19:27.690,416.1729250450092,15
2024-09-16 15:19:27.709,416.1679495583476,7
2024-09-16 15:19:27.741,416.14218542932105,997
2024-09-16 15:19:27.765,416.2138740611312,9
2024-09-16 15:19:27.814,416.16753616933823,15
2024-09-16 15:19:27.845,416.1580184302875,12
2024-09-16 15:19:27.865,416.2084123411468,99
2024-09-16 15:19:27.972,416.1591857642457,995
2024-09-16 15:19:28.011,416.08277023314673,96
2024-09-16 15:19:28.112,416.1583104406242,11
2024-09-16 15:19:28.137,416.1402360685753,11
2024-09-16 15:19:28.164,416.06612659750857,8
2024-09-16 15:19:28.202,416.08489851348486,15
2024-09-16 15:19:28.314,416.0835170124456,96
2024-09-16 15:19:28.408,416.0696205293656,999
2024-09-16 15:19:28.423,416.077672870156,1005
2024-09-16 15:19:28.433,416.1485934266628,998
2024-09-16 15:19:28.442,416.1160763420714,102
2024-09-16 15:19:28.461,416.0847740961513,99
2024-09-16 15:19:28.503,416.07196639879766,996
2024-09-16 15:19:28.622,416.0911777063487,1001
2024-09-16 15:19:28.716,416.1661732755946,997
2024-09-16 15:19:28.759,416.1299018979223,9
2024-09-16 15:19:28.775,-416.07715123141793,103
2024-09-16 15:19:28.823,416.08175278223865,1004
2024-09-16 15:19:28.939,416.1295234955415,1002
2024-09-16 15:19:28.966,416.0712524194845,5
2024-09-16 15:19:28.968,416.0834643362369,6
2024-09-16 15:19:28.969,416.0761328273731,95
2024-09-16 15:19:28.995,416.090634605711,97
2024-09-16 15:19:29.039,416.0868043487614,5
2024-09-16 15:19:29.052,416.0831242032992,15
2024-09-16 15:19:29.415,416.0736213442592,99
2024-09-16 15:19:29.419,416.1082299623016,104
2024-09-16 15:19:29.507,417.1680595914567,1000
2024-09-16 15:19:29.566,416.1234338130705,97
2024-09-16 15:19:29.653,416.103887781108,104
2024-09-16 15:19:29.698,416.10096085631153,13
2024-09-16 15:19:29.702,416.0755878544548,998
2024-09-16 15:19:29.727,416.0897067972427,14
2024-09-16 15:19:29.942,416.11478801988073,97
2024-09-16 15:19:30.139,416.11683737107,97
2024-09-16 15:19:30.959,416.1195278477774,97
2024-09-16 15:19:31.068,416.16312673298336,1004
2024-09-16 15:19:31.104,416.1433960537083,8
2024-09-16 15:19:31.186,416.15700204696304,100
2024-09-16 15:19:31.199,416.1705051608786,10
2024-09-16 15:19:31.205,416.1141537645877,104
2024-09-16 15:19:31.223,416.1517811313564,99
2024-09-16 15:19:31.262,416.1571158452861,995
2024-09-16 15:19:31.315,416.1277693322979,97
2024-09-16 15:19:31.318,416.1413356765649,105
2024-09-16 15:19:31.329,416.1138394638325,7
2024-09-16 15:19:31.346,416.135267463487,995
2024-09-16 15:19:31.354,416.1277395534319,15
2024-09-16 15:19:31.459,416.11874970358366,5
2024-09-16 15:19:31.471,416.15861052958746,11
2024-09-16 15:19:31.475,416.1530301412152,10
2024-09-16 15:19:31.495,416.1613938042163,998
2024-09-16 15:19:31.510,416.15991317982457,5
2024-09-16 15:19:31.527,416.1628482939458,12
2024-09-16 15:19:31.528,416.1108164410055,15
2024-09-16 15:19:31.543,416.16929301333033,8
2024-09-16 15:19:31.586,-416.1083825015897,97
2024-09-16 15:19:31.655,416.1030705254196,105
2024-09-16 15:19:31.693,416.1319193590534,1003
2024-09-16 15:19:31.724,416.1326053349587,99
2024-09-16 15:19:31.798,416.1263421967776,12
2024-09-16 15:19:31.812,416.1189479215282,12
2024-09-16 15:19:31.831,416.1306423008034,1005
2024-09-16 15:19:31.835,416.1202142098379,995
2024-09-16 15:19:31.908,416.125340372666,999
2024-09-16 15:19:31.994,416.1137449105958,995
2024-09-16 15:19:32.041,416.1065366262378,1001
2024-09-16 15:19:32.113,416.1528245345343,13
2024-09-16 15:19:32.262,416.1638868474135,1000
2024-09-16 15:19:32.276,416.1397519607931,14
2024-09-16 15:19:32.307,416.112076191501,1003
2024-09-16 15:19:32.433,416.1177018486124,1005
2024-09-16 15:19:32.570,416.1478241328076,1003
2024-09-16 15:19:32.622,416.1488359933231,14
2024-09-16 15:19:32.764,416.1358855122782,95
2024-09-16 15:19:32.811,416.1278890398279,8
2024-09-16 15:19:32.833,416.1524412374458,102
2024-09-16 15:19:32.885,416.135346200121,101
2024-09-16 15:19:33.031,416.14664334980506,12
2024-09-16 15:19:33.059,416.2070424902477,5
2024-09-16 15:19:33.064,416.2230120012583,7
2024-09-16 15:19:33.126,416.2133626008296,1001
2024-09-16 15:19:33.160,416.1608046465103,99
2024-09-16 15:19:33.306,416.1526814824823,102
2024-09-16 15:19:33.392,416.13827185935634,95
2024-09-16 15:19:33.421,416.2096725249772,1001
2024-09-16 15:19:33.529,416.1770468848942,98
2024-09-16 15:19:33.531,416.1632089127768,98
2024-09-16 15:19:33.535,416.19516796376513,1001
2024-09-16 15:19:33.539,416.2145017753464,998
2024-09-16 15:19:33.552,416.1973474046203,998
2024-09-16 15:19:33.775,416.1239251408278,104
2024-09-16 15:19:33.830,-416.1625834038186,96
2024-09-16 15:19:33.895,416.1552026930392,15
2024-09-16 15:19:33.904,-416.1283146845213,14
2024-09-16 15:19:33.906,416.1321039575161,995
2024-09-16 15:19:33.907,416.2152598949749,1000
2024-09-16 15:19:33.934,416.1692219026007,105
2024-09-16 15:19:34.174,416.259615009897,100
2024-09-16 15:19:34.314,416.2303556600274,1003
2024-09-16 15:19:34.431,416.26481766799736,6
2024-09-16 15:19:34.475,416.2573360634284,101
2024-09-16 15:19:34.707,416.2511339553932,12
2024-09-16 15:19:34.777,416.23646473577503,13
2024-09-16 15:19:35.086,416.2795438424424,10
2024-09-16 15:19:35.097,416.2336826131179,6
2024-09-16 15:19:35.098,416.2420507678916,101
2024-09-16 15:19:35.253,416.2343142718576,103
2024-09-16 15:19:35.274,416.3003066568803,14
2024-09-16 15:19:35.294,416.26666645978,11
2024-09-16 15:19:35.299,416.2484044008227,101
2024-09-16 15:19:35.419,416.2435453618101,101
2024-09-16 15:19:35.507,416.2770496244536,11
2024-09-16 15:19:35.549,416.3098850640599,14
2024-09-16 15:19:35.555,416.2974285056732,97
2024-09-16 15:19:35.640,416.28000121871446,999
2024-09-16 15:19:35.676,416.2394598412397,1004
2024-09-16 15:19:35.798,416.2538082725369,12
2024-09-16 15:19:35.870,416.2332869034364,96
2024-09-16 15:19:35.896,416.2617868463593,104
2024-09-16 15:19:35.917,416.2608306729269,98
2024-09-16 15:19:35.938,416.2868541707838,8
2024-09-16 15:19:36.024,416.22650078283255,1003
2024-09-16 15:19:36.060,416.2171786933475,6
2024-09-16 15:19:36.071,416.21709753241896,998
2024-09-16 15:19:36.189,416.2425971131259,101
2024-09-16 15:19:36.343,416.2155111396278,995
2024-09-16 15:19:36.488,416.27153732528143,14
2024-09-16 15:19:36.547,416.2657693017729,12
2024-09-16 15:19:36.625,416.26087455729214,11
2024-09-16 15:19:36.934,41.62387729772706,102
2024-09-16 15:19:37.360,416.2374980937551,997
2024-09-16 15:19:38.167,416.2271570087209,97
2024-09-16 15:19:38.570,416.2327333483197,1002
2024-09-16 15:19:38.956,416.2227732595479,995
2024-09-16 15:19:39.040,41.62782743691748,6
2024-09-16 15:19:39.069,416.2284013798082,1003
2024-09-16 15:19:39.081,416.2716467213511,997
2024-09-16 15:19:39.114,416.2556450222741,13
2024-09-16 15:19:39.178,416.2732006705934,101
2024-09-16 15:19:39.279,416.2703049600837,998
2024-09-16 15:19:39.406,416.27029476949104,995
2024-09-16 15:19:39.527,416.2353854378067,1005
2024-09-16 15:19:39.572,416.2919487620642,997
2024-09-16 15:19:39.632,416.2921055441707,11
2024-09-16 15:19:39.663,416.2349122727401,1005
2024-09-16 15:19:39.674,416.2758069499442,1003
2024-09-16 15:19:39.684,416.2206238820907,1002
2024-09-16 15:19:39.805,416.2536634193857,997
2024-09-16 15:19:39.826,416.29224703862167,8
2024-09-16 15:19:39.889,416.212672146275,101
2024-09-16 15:19:39.941,416.2404672702337,97
2024-09-16 15:19:40.017,416.2348882890553,996
2024-09-16 15:19:40.019,416.2079728718911,97
2024-09-16 15:19:40.031,416.22738123507406,14
2024-09-16 15:19:40.046,416.23486690841423,996
2024-09-16 15:19:40.167,41.623465919819154,10
2024-09-16 15:19:40.277,416.2565826177032,99
2024-09-16 15:19:40.286,416.2210627975685,1002
2024-09-16 15:19:40.455,416.2390904802916,1003
2024-09-16 15:19:40.477,416.2349046492646,997
2024-09-16 15:19:40.561,416.2274053579733,995
2024-09-16 15:19:40.613,416.2062528287301,14
2024-09-16 15:19:40.692,416.27387635558,105
2024-09-16 15:19:40.715,416.22035499585706,8
2024-09-16 15:19:40.730,416.269354222799,105
2024-09-16 15:19:40.749,416.1973065214207,98
2024-09-16 15:19:40.906,416.2639804683415,999
2024-09-16 15:19:40.923,416.232477355125,12
2024-09-16 15:19:41.133,416.2796951894032,999
2024-09-16 15:19:41.402,416.2582427177802,6
2024-09-16 15:19:41.872,416.2422949201232,1001
2024-09-16 15:19:42.034,416.24299103330736,8
2024-09-16 15:19:42.212,416.229964517248,1004
2024-09-16 15:19:42.308,416.21511093408094,8
2024-09-16 15:19:42.397,416.23356234498107,1003
2024-09-16 15:19:42.435,,15
2024-09-16 15:19:42.528,416.2463134374021,997
2024-09-16 15:19:42.596,416.2048421987593,104
2024-09-16 15:19:42.671,416.2232252676304,101
2024-09-16 15:19:42.706,416.2705081113654,11
2024-09-16 15:19:42.729,416.2328341834649,995
2024-09-16 15:19:42.739,416.2594784825112,7
2024-09-16 15:19:42.750,416.216101873031,998
2024-09-16 15:19:42.761,416.21997251059577,6
2024-09-16 15:19:42.794,416.2353028504956,997
2024-09-16 15:19:42.798,416.2440605217959,998
2024-09-16 15:19:42.848,417.3733502807089,9
2024-09-16 15:19:42.873,416.2398166078873,1001
2024-09-16 15:19:42.935,416.2361164441087,10
2024-09-16 15:19:42.945,416.2244220992037,1005
2024-09-16 15:19:42.946,416.2664287344489,14
2024-09-16 15:19:43.108,416.2395623881182,10
2024-09-16 15:19:43.111,416.2421351007723,11
2024-09-16 15:19:43.157,416.2024852136405,12
2024-09-16 15:19:43.159,416.2558543273289,10
2024-09-16 15:19:43.182,416.24641255043815,995
2024-09-16 15:19:43.202,416.22328259678,14
2024-09-16 15:19:43.414,416.2712821088434,997
2024-09-16 15:19:43.417,416.2591094632555,9
2024-09-16 15:19:43.432,416.2276723682549,105
2024-09-16 15:19:43.459,416.2316684086479,12
2024-09-16 15:19:43.479,416.228306443487,996
2024-09-16 15:19:43.518,416.2376734770336,100
2024-09-16 15:19:43.524,416.2565202627091,97
2024-09-16 15:19:43.597,416.22706317772327,8
2024-09-16 15:19:43.648,-417.2936117356221,14
2024-09-16 15:19:43.653,416.2370025334092,995
2024-09-16 15:19:43.695,416.2619688372985,97
2024-09-16 15:19:43.726,416.2148413476514,100
2024-09-16 15:19:43.756,416.1976962370002,996
2024-09-16 15:19:43.764,416.2265215306399,1002
2024-09-16 15:19:43.769,416.2448540715415,96
2024-09-16 15:19:43.889,416.2383673290171,103
2024-09-16 15:19:43.915,416.1766676933666,104
2024-09-16 15:19:43.935,416.2485360371853,15
2024-09-16 15:19:43.944,416.2237164965827,9
2024-09-16 15:19:43.978,416.2017280674312,996
2024-09-16 15:19:44.015,416.234249071865,98
2024-09-16 15:19:44.138,416.1985452404348,1002
2024-09-16 15:19:44.338,416.2321576048415,101
2024-09-16 15:19:44.439,416.227657146068,6
2024-09-16 15:19:44.574,417.2968078811187,104
2024-09-16 15:19:44.627,417.3087956224777,1002
2024-09-16 15:19:44.654,416.23777420947965,1005
2024-09-16 15:19:44.723,416.2095666937693,996
2024-09-16 15:19:44.947,416.2183475514052,14
2024-09-16 15:19:44.960,416.2300920061703,1003
2024-09-16 15:19:45.003,416.24449606634965,996
2024-09-16 15:19:45.010,416.2109138394897,996
2024-09-16 15:19:45.213,416.2183342899995,14
2024-09-16 15:19:45.223,,104
2024-09-16 15:19:45.324,416.1759889210702,6
2024-09-16 15:19:45.395,416.1808088829703,11
2024-09-16 15:19:45.449,416.2075110828699,1005
2024-09-16 15:19:45.463,416.1772430847734,8
2024-09-16 15:19:45.507,-416.234816399104,9
2024-09-16 15:19:45.583,416.2078776488928,95
2024-09-16 15:19:45.632,416.24039404012046,999
2024-09-16 15:19:45.681,416.18677341155353,99
2024-09-16 15:19:45.743,416.2047018387733,103
2024-09-16 15:19:45.899,416.2263470610813,98
2024-09-16 15:19:45.927,416.1948030925195,101
2024-09-16 15:19:46.052,416.2194164910963,7
2024-09-16 15:19:46.121,416.1713950605899,95
2024-09-16 15:19:46.124,416.1895066947295,996
2024-09-16 15:19:46.178,416.19845291230735,1004
2024-09-16 15:19:46.266,416.20383021918457,98
2024-09-16 15:19:46.333,416.19655703460376,1001
2024-09-16 15:19:46.399,416.2035976686583,998
2024-09-16 15:19:46.420,416.1976870037145,1001
2024-09-16 15:19:46.504,416.1824272283774,8
2024-09-16 15:19:46.520,416.20388906272296,1001
2024-09-16 15:19:46.536,416.1644398632394,1002
2024-09-16 15:19:46.543,416.1551056923315,99
2024-09-16 15:19:46.550,-416.2333305967159,95
2024-09-16 15:19:46.556,416.2231123601576,7
2024-09-16 15:19:46.611,416.2344472829383,100
2024-09-16 15:19:46.613,416.2246883483775,11
2024-09-16 15:19:46.669,416.2511150548391,10
2024-09-16 15:19:46.701,416.1764559413049,1000
2024-09-16 15:19:46.792,416.1612912934881,8
2024-09-16 15:19:46.831,416.18996614116907,96
2024-09-16 15:19:46.853,416.2366015097457,103
2024-09-16 15:19:46.923,416.1992623722416,1002
2024-09-16 15:19:46.942,416.1912564858864,12
2024-09-16 15:19:46.952,416.1981398431782,100
2024-09-16 15:19:46.983,416.2146303183664,998
2024-09-16 15:19:47.236,416.2597012884149,102
2024-09-16 15:19:47.243,416.2454989326488,5
2024-09-16 15:19:47.594,416.24445756238873,9
2024-09-16 15:19:47.818,416.2381082681963,1002
2024-09-16 15:19:47.827,416.24440220863215,5
2024-09-16 15:19:48.034,416.2143761436204,1001
2024-09-16 15:19:48.080,416.245561596024,98
2024-09-16 15:19:48.089,416.1957201406974,1002
2024-09-16 15:19:48.113,416.2057056781052,98
2024-09-16 15:19:48.215,416.2067106374972,101
2024-09-16 15:19:48.222,,8
2024-09-16 15:19:48.332,416.2328804963117,1002
2024-09-16 15:19:48.341,416.2198703961858,1005
2024-09-16 15:19:48.366,416.2136697234995,997
2024-09-16 15:19:48.426,416.2263283359496,8
2024-09-16 15:19:48.472,417.2544186005502,999
2024-09-16 15:19:48.534,416.2292324626531,98
2024-09-16 15:19:48.563,416.23545401849896,100
2024-09-16 15:19:48.585,416.2183370756943,11
2024-09-16 15:19:48.610,416.2301661636984,102
2024-09-16 15:19:48.660,416.20710194632346,5
2024-09-16 15:19:48.704,416.227706560193,7
2024-09-16 15:19:48.737,416.2232132204471,102
2024-09-16 15:19:48.763,416.2280743845515,997
2024-09-16 15:19:48.894,416.2264389812662,103
2024-09-16 15:19:48.894,416.188952869198,8
2024-09-16 15:19:48.932,-416.2225888704993,6
2024-09-16 15:19:48.941,416.1738757995687,1000
2024-09-16 15:19:48.958,416.1858760713672,997
2024-09-16 15:19:48.959,416.228458280928,13
2024-09-16 15:19:49.267,416.17455612126446,6
2024-09-16 15:19:49.809,416.1738948352638,1000
2024-09-16 15:19:49.975,416.1925958491868,999
2024-09-16 15:19:50.138,416.2050533535998,7
2024-09-16 15:19:50.204,416.19850209397407,1005
2024-09-16 15:19:50.564,416.1796097261839,6
2024-09-16 15:19:50.572,416.1848058016138,14
2024-09-16 15:19:50.785,416.20537187475975,100
2024-09-16 15:19:50.820,416.1991677441239,96
2024-09-16 15:19:50.854,416.20525733439655,10
2024-09-16 15:19:51.049,416.1241401716106,99
2024-09-16 15:19:51.213,416.1243228082843,9
2024-09-16 15:19:51.214,416.1353745947589,1005
2024-09-16 15:19:51.256,416.11473737559936,104
2024-09-16 15:19:51.300,416.1184705688067,1000
2024-09-16 15:19:51.343,416.1543594073152,998
2024-09-16 15:19:51.438,416.1125674458152,104
2024-09-16 15:19:51.442,416.1441913038669,999
2024-09-16 15:19:51.506,416.1245923417474,9
2024-09-16 15:19:51.541,416.1147439889178,101
2024-09-16 15:19:51.550,416.1151623281386,95
2024-09-16 15:19:51.621,416.12020719467125,96
2024-09-16 15:19:51.644,416.1335969456312,97
2024-09-16 15:19:51.678,416.1085305006958,1002
2024-09-16 15:19:51.700,416.1392178427986,10
2024-09-16 15:19:51.725,416.1263789916615,1003
2024-09-16 15:19:51.737,416.1839118343527,97
2024-09-16 15:19:51.738,416.1349346986103,103
2024-09-16 15:19:51.770,416.159087580834,103
2024-09-16 15:19:51.782,416.19047892311306,1005
2024-09-16 15:19:51.848,416.1529995154767,98
2024-09-16 15:19:51.852,416.1496851567051,6
2024-09-16 15:19:51.902,416.1106090865073,996
2024-09-16 15:19:51.949,416.1702887339969,1003
2024-09-16 15:19:51.971,416.1149341584764,13
2024-09-16 15:19:51.995,416.1171918735707,96
2024-09-16 15:19:52.031,416.1296221984367,11
2024-09-16 15:19:52.214,416.117859999892,13
2024-09-16 15:19:52.310,416.1078353567293,99
2024-09-16 15:19:52.394,416.1851665819253,105
2024-09-16 15:19:52.562,416.16141085787314,14
2024-09-16 15:19:52.644,416.1171409067056,995
2024-09-16 15:19:52.681,416.1835104574881,99
2024-09-16 15:19:52.691,416.15190735503,995
2024-09-16 15:19:52.727,416.1674891456291,1000
2024-09-16 15:19:52.767,416.1651288165252,9
2024-09-16 15:19:52.771,416.1755492407772,105
2024-09-16 15:19:52.947,416.19185743897873,100
2024-09-16 15:19:53.317,416.222844357666,100
2024-09-16 15:19:53.335,416.194970091016,7
2024-09-16 15:19:53.378,416.1941404512618,1004
2024-09-16 15:19:53.390,416.2299247804538,997
2024-09-16 15:19:53.458,416.23044547200095,997
2024-09-16 15:19:53.531,416.234170289154,98
2024-09-16 15:19:53.742,416.2274161547549,996
2024-09-16 15:19:53.830,416.2419533403457,101
2024-09-16 15:19:54.116,416.2292196720354,1004
2024-09-16 15:19:54.119,416.1765888692679,1002
2024-09-16 15:19:54.173,416.16901520455,1002
2024-09-16 15:19:54.369,416.1498196169531,999
2024-09-16 15:19:54.474,416.1559199567432,1002
2024-09-16 15:19:55.034,416.05673422807337,13
2024-09-16 15:19:55.078,416.10918528581846,12
2024-09-16 15:19:55.140,416.1666117117763,99
2024-09-16 15:19:55.185,416.11065712336017,995
2024-09-16 15:19:55.222,416.1032188709525,11
2024-09-16 15:19:55.293,416.0679814146576,8
2024-09-16 15:19:55.309,416.0676141879063,101
2024-09-16 15:19:55.312,416.18488036023786,997
2024-09-16 15:19:55.318,416.09511639319607,103
2024-09-16 15:19:55.443,416.13786197535165,97
2024-09-16 15:19:55.487,416.1420057104628,8
2024-09-16 15:19:55.531,416.084564288238,1001
2024-09-16 15:19:55.565,416.104351910645,103
2024-09-16 15:19:55.654,416.0672295138134,12
2024-09-16 15:19:55.699,416.0800527678577,100
2024-09-16 15:19:55.763,416.1746317699548,999
2024-09-16 15:19:55.876,416.1939048301237,100
2024-09-16 15:19:55.934,416.12333057064274,14
2024-09-16 15:19:55.942,416.1002630017803,1002
2024-09-16 15:19:55.948,416.100319391248,1005
2024-09-16 15:19:56.050,416.1322428622206,96
2024-09-16 15:19:56.066,416.1987435409772,105
2024-09-16 15:19:56.116,416.237848719422,995
2024-09-16 15:19:56.142,416.1541747137484,996
2024-09-16 15:19:56.280,416.2081830227877,13
2024-09-16 15:19:56.292,416.1907578851112,13
2024-09-16 15:19:56.323,416.1806953199446,1004
2024-09-16 15:19:56.342,416.14406071195344,999
2024-09-16 15:19:56.375,416.2021266188552,5
2024-09-16 15:19:56.407,416.2284012000726,1003
2024-09-16 15:19:56.573,416.2152148591295,102
2024-09-16 15:19:56.575,416.2061578581218,10
2024-09-16 15:19:56.610,416.1341310032644,102
2024-09-16 15:19:56.614,416.2043916798488,96
2024-09-16 15:19:56.710,416.1483865796692,103
2024-09-16 15:19:56.927,416.1984426717893,5
2024-09-16 15:19:56.994,416.165862755034,997
2024-09-16 15:19:56.994,416.1418894206498,6
2024-09-16 15:19:57.198,416.2044470387824,996
2024-09-16 15:19:57.231,416.1584958910812,99
2024-09-16 15:19:57.232,416.1786181118245,13
2024-09-16 15:19:57.364,416.1408544500835,1000
2024-09-16 15:19:57.372,416.15045772454,101
2024-09-16 15:19:57.478,416.1483081073928,999
2024-09-16 15:19:57.484,416.1795740273004,999
2024-09-16 15:19:57.513,416.155257583964,10
2024-09-16 15:19:57.586,416.18240964650767,10
2024-09-16 15:19:57.602,416.2001104841337,1002
2024-09-16 15:19:57.706,416.1288004649177,996
2024-09-16 15:19:57.712,416.1179002251703,104
2024-09-16 15:19:57.984,416.147204138815,6
2024-09-16 15:19:58.132,416.216288619136,11
2024-09-16 15:19:58.144,416.2315944476379,1000
2024-09-16 15:19:58.144,416.1722488992076,9
2024-09-16 15:19:58.144,416.1817742146943,998
2024-09-16 15:19:58.162,416.2285166370859,995
2024-09-16 15:19:58.168,416.2060989982846,997
2024-09-16 15:19:58.185,416.17166046545697,14
2024-09-16 15:19:58.219,416.2157884831692,95
2024-09-16 15:19:58.235,416.1570496781643,996
2024-09-16 15:19:58.269,416.1786110520621,1004
2024-09-16 15:19:58.270,416.1981558714856,8
2024-09-16 15:19:58.300,416.2142600764608,98
2024-09-16 15:19:58.313,416.2086492445316,999
2024-09-16 15:19:58.395,416.1384698648456,1000
2024-09-16 15:19:58.451,416.1521987426967,1001
2024-09-16 15:19:58.463,416.1146436335493,8
2024-09-16 15:19:58.477,416.19616495228905,995
2024-09-16 15:19:58.480,416.2025340427332,96
2024-09-16 15:19:58.538,416.1398032469037,96
2024-09-16 15:19:58.560,416.1025602072821,8
2024-09-16 15:19:58.591,416.1283555801385,11
2024-09-16 15:19:58.709,416.1831074654648,1001
2024-09-16 15:19:58.715,416.1876589261588,103
2024-09-16 15:19:58.739,416.142560736841,102
2024-09-16 15:19:58.743,416.13072103046784,13
2024-09-16 15:19:58.769,416.2139250716119,98
2024-09-16 15:19:58.833,416.2209347186487,105
2024-09-16 15:19:58.897,416.2239114188504,998
2024-09-16 15:19:58.947,416.2247965120267,996
2024-09-16 15:19:58.965,416.1820990743311,102
2024-09-16 15:19:59.163,416.0785484527828,1003
2024-09-16 15:19:59.174,416.0834262041295,1003
2024-09-16 15:19:59.174,416.1099628639213,14
2024-09-16 15:19:59.316,416.05900058973793,8
2024-09-16 15:19:59.359,416.0381722471915,15
2024-09-16 15:19:59.427,416.11105528562064,5
2024-09-16 15:19:59.487,416.0794272911848,999
2024-09-16 15:19:59.497,416.11873250543033,6
2024-09-16 15:19:59.538,416.1018231442848,8
2024-09-16 15:19:59.706,416.111945175933,100
2024-09-16 15:19:59.735,416.0304277040034,98
2024-09-16 15:19:59.773,416.03769758657626,5
2024-09-16 15:19:59.788,416.1139502779414,5
2024-09-16 15:19:59.793,416.12379760973255,998
2024-09-16 15:19:59.827,416.1191860487818,6
2024-09-16 15:19:59.878,416.10939116180697,98
2024-09-16 15:19:59.909,416.1163277898165,14
2024-09-16 15:19:59.926,416.1006481837653,8
2024-09-16 15:19:59.941,416.11324702149113,8
2024-09-16 15:19:59.990,416.0666710169663,14
