Timestamp,Price,Size
2024-09-17 15:17:00.097,406.9751824746836,96
2024-09-17 15:17:00.104,406.9793577816233,103
2024-09-17 15:17:00.204,406.99071906614296,13
2024-09-17 15:17:00.229,407.0090909621544,5
2024-09-17 15:17:00.249,406.9858728487132,998
2024-09-17 15:17:00.279,406.9985204764911,1002
2024-09-17 15:17:00.352,406.9774064539612,1001
2024-09-17 15:17:00.355,406.9919767872644,13
2024-09-17 15:17:00.597,406.9921344158936,105
2024-09-17 15:17:00.612,407.0267432985026,996
2024-09-17 15:17:00.758,406.9822352809231,100
2024-09-17 15:17:00.997,406.9803242681394,100
2024-09-17 15:17:01.032,407.0009616847328,996
2024-09-17 15:17:01.123,406.989925835705,1000
2024-09-17 15:17:01.179,407.0169104627323,996
2024-09-17 15:17:01.233,406.98635698988255,97
2024-09-17 15:17:01.306,406.9873368210256,102
2024-09-17 15:17:01.398,407.0033992715398,97
2024-09-17 15:17:01.454,407.0041722832463,8
2024-09-17 15:17:01.569,407.0100033256037,100
2024-09-17 15:17:01.587,406.993173305504,1000
2024-09-17 15:17:01.983,407.00612919029794,1003
2024-09-17 15:17:02.105,406.9951426415704,15
2024-09-17 15:17:02.294,406.9981147826013,996
2024-09-17 15:17:02.519,406.99519374115465,6
2024-09-17 15:17:02.674,406.9929715644512,1004
2024-09-17 15:17:03.023,407.0015227128764,10
2024-09-17 15:17:03.222,407.00218570892633,1000
2024-09-17 15:17:03.473,406.9923533560724,9
2024-09-17 15:17:03.661,406.9957131017799,104
2024-09-17 15:17:03.728,406.9935535465672,98
2024-09-17 15:17:03.863,406.99878158180144,97
2024-09-17 15:17:03.920,407.0137972849232,99
2024-09-17 15:17:04.223,406.94773977493287,12
2024-09-17 15:17:04.255,406.9990121617136,103
2024-09-17 15:17:04.344,406.9597875665208,15
2024-09-17 15:17:04.386,406.9591604268412,14
2024-09-17 15:17:04.392,406.96702266590125,9
2024-09-17 15:17:04.431,406.9521591435189,101
2024-09-17 15:17:04.437,406.98783706571567,6
2024-09-17 15:17:04.517,407.0157043400493,1000
2024-09-17 15:17:04.536,406.9409755569063,102
2024-09-17 15:17:04.581,407.0013612604323,12
2024-09-17 15:17:04.649,407.0082320054601,995
2024-09-17 15:17:04.654,406.9644700389911,1005
2024-09-17 15:17:04.657,406.9433168989698,1002
2024-09-17 15:17:04.702,406.9778292843048,1000
2024-09-17 15:17:04.711,406.950388654462,15
2024-09-17 15:17:04.968,407.0191398730316,997
2024-09-17 15:17:04.971,406.9823047941931,1003
2024-09-17 15:17:04.996,406.9790770345068,6
2024-09-17 15:17:05.035,407.0357548245301,9
2024-09-17 15:17:05.088,407.0075333834944,104
2024-09-17 15:17:05.096,407.01840008138913,12
2024-09-17 15:17:05.152,407.0054150869626,11
2024-09-17 15:17:05.207,407.0095336596393,999
2024-09-17 15:17:05.208,407.0176395593173,96
2024-09-17 15:17:05.211,407.0575183662687,997
2024-09-17 15:17:05.309,406.9857593993802,11
2024-09-17 15:17:05.325,407.0360891479452,10
2024-09-17 15:17:05.350,407.0089839266287,5
2024-09-17 15:17:05.414,407.0414589813558,998
2024-09-17 15:17:05.420,407.0632409647943,101
2024-09-17 15:17:05.466,407.00149536927626,1004
2024-09-17 15:17:05.515,407.02900971695817,995
2024-09-17 15:17:05.535,406.9997609217253,95
2024-09-17 15:17:05.596,407.0307429328277,7
2024-09-17 15:17:05.606,407.0211915061023,1001
2024-09-17 15:17:05.636,407.0450002440775,995
2024-09-17 15:17:05.641,407.0520907274615,8
2024-09-17 15:17:05.699,407.0135252584794,95
2024-09-17 15:17:05.712,407.0622817593928,1000
2024-09-17 15:17:05.748,406.9867042751619,14
2024-09-17 15:17:05.822,406.9967532355009,99
2024-09-17 15:17:05.897,407.0643154222111,103
2024-09-17 15:17:05.897,407.0066868146003,8
2024-09-17 15:17:05.955,407.0084640597504,98
2024-09-17 15:17:05.961,407.0165155183863,1001
2024-09-17 15:17:05.983,407.0116442061396,999
2024-09-17 15:17:06.099,,995
2024-09-17 15:17:06.150,407.0060566377402,1005
2024-09-17 15:17:06.174,407.0135754184661,8
2024-09-17 15:17:06.182,407.032213286751,103
2024-09-17 15:17:06.243,407.03183296471536,1001
2024-09-17 15:17:06.293,407.0313990811052,7
2024-09-17 15:17:06.303,407.0408992693156,13
2024-09-17 15:17:06.321,407.0156590816503,8
2024-09-17 15:17:06.349,407.02190299069537,96
2024-09-17 15:17:06.377,407.0104318300779,101
2024-09-17 15:17:06.412,407.0261590837946,103
2024-09-17 15:17:06.565,407.0593703180142,96
2024-09-17 15:17:06.602,407.0156429214513,10
2024-09-17 15:17:06.638,407.0452035568566,12
2024-09-17 15:17:06.650,407.044968906704,1003
2024-09-17 15:17:06.658,406.9922204491583,998
2024-09-17 15:17:06.678,407.0290252577007,1004
2024-09-17 15:17:06.717,406.9565449475752,103
2024-09-17 15:17:06.762,407.0033719510682,9
2024-09-17 15:17:06.780,407.0135010399415,103
2024-09-17 15:17:06.781,407.0026074254349,105
2024-09-17 15:17:06.811,407.0084885904782,996
2024-09-17 15:17:06.835,406.9976021539964,1004
2024-09-17 15:17:06.839,407.0295336499087,7
2024-09-17 15:17:06.896,407.0299801915271,6
2024-09-17 15:17:06.908,407.0595436168452,1002
2024-09-17 15:17:06.918,407.0273889552358,105
2024-09-17 15:17:06.933,407.0132780518237,99
2024-09-17 15:17:06.936,407.0380066184361,12
2024-09-17 15:17:07.063,407.0299873728063,998
2024-09-17 15:17:07.131,407.02392601917927,9
2024-09-17 15:17:07.141,407.01053803796015,1004
2024-09-17 15:17:07.147,407.0201010376373,14
2024-09-17 15:17:07.172,407.0031782360685,1001
2024-09-17 15:17:07.224,,96
2024-09-17 15:17:07.283,406.9634102726191,13
2024-09-17 15:17:07.379,406.9647968569834,998
2024-09-17 15:17:07.386,407.04595319834897,1004
2024-09-17 15:17:07.405,407.01039840358544,8
2024-09-17 15:17:07.411,407.0340861295182,10
2024-09-17 15:17:07.473,406.9921798945933,98
2024-09-17 15:17:07.483,406.98809914616095,9
2024-09-17 15:17:07.514,406.9704997187495,998
2024-09-17 15:17:07.518,407.0361509898143,995
2024-09-17 15:17:07.532,407.00424147634726,7
2024-09-17 15:17:07.545,406.9931700132166,98
2024-09-17 15:17:07.556,406.97028432672766,999
2024-09-17 15:17:07.591,407.0315435450977,1001
2024-09-17 15:17:07.599,406.99898611365,105
2024-09-17 15:17:07.663,407.0267290077191,11
2024-09-17 15:17:07.724,406.979625036248,7
2024-09-17 15:17:07.785,406.9981849969039,995
2024-09-17 15:17:07.834,407.0514153095368,102
2024-09-17 15:17:07.885,407.02598026413,102
2024-09-17 15:17:07.968,407.0208070070965,995
2024-09-17 15:17:07.983,406.9758249070634,6
2024-09-17 15:17:07.985,407.0197196954467,105
2024-09-17 15:17:08.002,406.9596191692638,14
2024-09-17 15:17:08.022,406.9857778364078,998
2024-09-17 15:17:08.025,406.9517317058168,13
2024-09-17 15:17:08.079,406.9646680473007,102
2024-09-17 15:17:08.251,406.97655816112297,12
2024-09-17 15:17:08.273,406.9663806754696,1005
2024-09-17 15:17:08.277,406.9908474414081,999
2024-09-17 15:17:08.368,406.94830705187127,101
2024-09-17 15:17:08.420,406.9506484371652,1003
2024-09-17 15:17:08.470,,1003
2024-09-17 15:17:08.566,413.8717871851929,13
2024-09-17 15:17:08.578,406.9905010008653,5
2024-09-17 15:17:08.593,406.9656826363017,105
2024-09-17 15:17:08.607,406.9773796795281,96
2024-09-17 15:17:08.677,406.9444715476921,12
2024-09-17 15:17:08.937,406.9517758121852,1003
2024-09-17 15:17:08.947,406.9505823182973,8
2024-09-17 15:17:09.043,406.9917950170555,1005
2024-09-17 15:17:09.081,406.9987748547623,7
2024-09-17 15:17:09.252,406.9951610017075,102
2024-09-17 15:17:09.352,406.9960749688032,98
2024-09-17 15:17:09.432,406.9824493959871,12
2024-09-17 15:17:09.531,407.0012131196233,1005
2024-09-17 15:17:09.551,406.9790504039572,996
2024-09-17 15:17:09.573,406.9869194409422,105
2024-09-17 15:17:09.741,406.99774111710553,6
2024-09-17 15:17:09.751,406.99888537520405,101
2024-09-17 15:17:10.067,406.9608714274776,9
2024-09-17 15:17:10.082,406.95949818218793,105
2024-09-17 15:17:10.137,406.9761250301564,999
2024-09-17 15:17:10.157,407.0070056775032,14
2024-09-17 15:17:10.187,406.9837246181549,13
2024-09-17 15:17:10.201,406.9914685343036,13
2024-09-17 15:17:10.222,407.0058315869312,997
2024-09-17 15:17:10.271,406.9945810912207,1002
2024-09-17 15:17:10.278,-407.0009226703286,999
2024-09-17 15:17:10.329,406.9697752519517,102
2024-09-17 15:17:10.398,407.01325008371833,1002
2024-09-17 15:17:10.422,406.98937425988,15
2024-09-17 15:17:10.471,406.9857611098829,97
2024-09-17 15:17:10.630,407.00679039763577,97
2024-09-17 15:17:10.650,407.0039336582604,12
2024-09-17 15:17:10.685,406.97482842455474,8
2024-09-17 15:17:10.934,406.98601466627065,97
2024-09-17 15:17:10.998,406.9786436739786,1003
2024-09-17 15:17:11.009,406.961516863765,1003
2024-09-17 15:17:11.023,406.9220111450487,1004
2024-09-17 15:17:11.095,406.9255045580435,100
2024-09-17 15:17:11.150,406.9311926897508,10
2024-09-17 15:17:11.201,406.975558868564,96
2024-09-17 15:17:11.221,406.9402142219838,998
2024-09-17 15:17:11.226,406.9139364821455,1003
2024-09-17 15:17:11.276,406.9566408908167,1004
2024-09-17 15:17:11.343,406.94646869070726,13
2024-09-17 15:17:11.417,406.96808331293374,15
2024-09-17 15:17:11.432,406.9362230465511,13
2024-09-17 15:17:11.449,406.9617174848301,1002
2024-09-17 15:17:11.667,406.94819697990016,8
2024-09-17 15:17:11.825,406.9126009897821,12
2024-09-17 15:17:11.843,406.9351580324597,12
2024-09-17 15:17:11.848,406.9474239624874,11
2024-09-17 15:17:11.857,406.9713727268773,105
2024-09-17 15:17:12.000,406.97037010495393,1000
2024-09-17 15:17:12.026,406.9551021803222,14
2024-09-17 15:17:12.036,406.9696296625213,15
2024-09-17 15:17:12.041,406.9440566020674,999
2024-09-17 15:17:12.075,406.9464685603348,6
2024-09-17 15:17:12.098,406.9623702560244,999
2024-09-17 15:17:12.126,406.9721025032432,104
2024-09-17 15:17:12.128,413.7650998755888,12
2024-09-17 15:17:12.163,406.964624219332,11
2024-09-17 15:17:12.195,406.97534418882685,15
2024-09-17 15:17:12.267,406.95397683080216,996
2024-09-17 15:17:12.309,406.9528765702206,997
2024-09-17 15:17:12.399,406.9649163599523,13
2024-09-17 15:17:12.437,413.8076731034172,999
2024-09-17 15:17:12.477,406.98182112705206,9
2024-09-17 15:17:12.529,406.9260681190453,100
2024-09-17 15:17:12.570,406.97046632211385,101
2024-09-17 15:17:12.641,406.9294526559625,105
2024-09-17 15:17:12.654,406.9654043514226,1000
2024-09-17 15:17:12.689,406.9746448851461,1002
2024-09-17 15:17:12.741,406.91563569587686,1000
2024-09-17 15:17:12.752,406.94747911423167,1005
2024-09-17 15:17:12.768,406.9495827036744,13
2024-09-17 15:17:12.778,406.9686953226839,97
2024-09-17 15:17:12.804,406.94435372218175,97
2024-09-17 15:17:12.917,406.96406972268665,8
2024-09-17 15:17:12.952,406.91785109148645,1003
2024-09-17 15:17:12.953,406.97985026464113,104
2024-09-17 15:17:12.962,406.9698675779368,1003
2024-09-17 15:17:13.225,406.9201881516769,7
2024-09-17 15:17:13.389,406.95092814176354,103
2024-09-17 15:17:13.403,406.9368954508206,96
2024-09-17 15:17:13.584,406.9268281005952,13
2024-09-17 15:17:13.666,406.9439786731196,15
2024-09-17 15:17:13.713,406.9334839509074,995
2024-09-17 15:17:13.731,406.94007739837616,998
2024-09-17 15:17:13.907,406.9237431959834,15
2024-09-17 15:17:13.970,406.9169372118172,8
2024-09-17 15:17:14.143,406.9316227266697,7
2024-09-17 15:17:14.338,406.9472379666284,996
2024-09-17 15:17:14.789,406.9229285477077,996
2024-09-17 15:17:14.961,406.9359181509297,15
2024-09-17 15:17:15.007,406.9260694320877,1000
2024-09-17 15:17:15.053,406.9121126790793,1002
2024-09-17 15:17:15.072,406.91859950808015,10
2024-09-17 15:17:15.127,406.9289319369138,105
2024-09-17 15:17:15.129,406.8888937261535,96
2024-09-17 15:17:15.132,406.9389375444439,103
2024-09-17 15:17:15.173,406.89310067522354,102
2024-09-17 15:17:15.202,406.9316726042729,8
2024-09-17 15:17:15.225,406.9403583570061,999
2024-09-17 15:17:15.229,406.90172461362266,12
2024-09-17 15:17:15.274,406.9020894603631,1000
2024-09-17 15:17:15.391,406.90311911934464,7
2024-09-17 15:17:15.397,406.9457542047329,97
2024-09-17 15:17:15.431,406.8733572459754,998
2024-09-17 15:17:15.437,406.89601125056384,104
2024-09-17 15:17:15.485,406.93108075469183,95
2024-09-17 15:17:15.512,406.92043174524485,97
2024-09-17 15:17:15.570,406.9059455385496,102
2024-09-17 15:17:15.625,406.9218106193604,7
2024-09-17 15:17:15.667,406.9301881240585,102
2024-09-17 15:17:15.709,406.91388010437424,1002
2024-09-17 15:17:15.733,406.9320130749568,998
2024-09-17 15:17:15.791,406.9250772640945,101
2024-09-17 15:17:15.813,406.93305434703336,1003
2024-09-17 15:17:15.814,406.9184631938394,15
2024-09-17 15:17:15.837,406.896678638024,1005
2024-09-17 15:17:15.858,406.8931623743588,14
2024-09-17 15:17:15.892,406.8867035408614,101
2024-09-17 15:17:16.026,406.87069641804095,8
2024-09-17 15:17:16.074,406.9207281960077,11
2024-09-17 15:17:16.089,406.8603787556885,999
2024-09-17 15:17:16.092,406.8482336393813,1001
2024-09-17 15:17:16.217,406.8366016627531,5
2024-09-17 15:17:16.308,406.85687623278415,999
2024-09-17 15:17:16.343,406.89754505345206,96
2024-09-17 15:17:16.349,406.8528144071689,95
2024-09-17 15:17:16.351,406.84520010594775,14
2024-09-17 15:17:16.378,406.8398088073874,105
2024-09-17 15:17:16.425,406.8817779499995,8
2024-09-17 15:17:16.442,406.85678077327753,95
2024-09-17 15:17:16.555,406.87517509934025,998
2024-09-17 15:17:16.570,406.8809679104784,101
2024-09-17 15:17:16.693,406.8382566811513,8
2024-09-17 15:17:16.698,406.8397239315906,998
2024-09-17 15:17:16.742,40.6865381064548,6
2024-09-17 15:17:16.746,406.8522023827883,105
2024-09-17 15:17:16.862,406.8529769155244,12
2024-09-17 15:17:16.894,406.8501677017983,996
2024-09-17 15:17:16.910,406.8742823941324,5
2024-09-17 15:17:16.925,406.9064946332879,101
2024-09-17 15:17:16.941,406.8480749159151,100
2024-09-17 15:17:17.028,406.80529391834864,10
2024-09-17 15:17:17.085,406.70271586974593,12
2024-09-17 15:17:17.098,406.6688864887822,105
2024-09-17 15:17:17.107,406.68979236321536,1000
2024-09-17 15:17:17.132,406.7479016142081,1003
2024-09-17 15:17:17.139,406.71096312714553,1004
2024-09-17 15:17:17.174,406.716609211106,1001
2024-09-17 15:17:17.199,406.7231904271635,995
2024-09-17 15:17:17.238,406.7108638535539,15
2024-09-17 15:17:17.294,406.7650397804418,102
2024-09-17 15:17:17.322,406.7494596289224,12
2024-09-17 15:17:17.368,406.6962031186191,99
2024-09-17 15:17:17.374,406.68357667006967,1005
2024-09-17 15:17:17.427,406.7919144819589,100
2024-09-17 15:17:17.450,406.67888884545386,99
2024-09-17 15:17:17.455,406.6927721431379,1000
2024-09-17 15:17:17.469,406.7906881570112,102
2024-09-17 15:17:17.477,406.6823597827176,10
2024-09-17 15:17:17.479,,1002
2024-09-17 15:17:17.504,406.7091806565459,1004
2024-09-17 15:17:17.612,406.7799861755235,104
2024-09-17 15:17:17.632,406.6561319049542,999
2024-09-17 15:17:17.647,406.8243158727726,103
2024-09-17 15:17:17.687,406.6742623135967,1004
2024-09-17 15:17:17.752,406.72824825023457,999
2024-09-17 15:17:17.805,406.7053731108591,5
2024-09-17 15:17:17.822,406.6690352747193,105
2024-09-17 15:17:17.832,406.7113359806524,1004
2024-09-17 15:17:17.981,406.8342555532301,103
2024-09-17 15:17:18.009,406.7534549564819,1002
2024-09-17 15:17:18.067,406.7588887857115,8
2024-09-17 15:17:18.107,406.772126554164,6
2024-09-17 15:17:18.137,406.7225326766618,6
2024-09-17 15:17:18.156,406.7505675602288,1005
2024-09-17 15:17:18.179,406.70391601902,995
2024-09-17 15:17:18.207,406.7278491742398,101
2024-09-17 15:17:18.219,406.7440089282893,10
2024-09-17 15:17:18.241,413.9763929130469,96
2024-09-17 15:17:18.247,406.7153056889599,1001
2024-09-17 15:17:18.256,406.7180768284354,998
2024-09-17 15:17:18.287,406.73270915933546,103
2024-09-17 15:17:18.403,406.72728249696365,97
2024-09-17 15:17:18.412,406.77115954105903,105
2024-09-17 15:17:18.567,406.73246633673415,9
2024-09-17 15:17:18.591,406.74536834809214,1002
2024-09-17 15:17:18.650,406.7369928272389,96
2024-09-17 15:17:18.654,406.75050227025145,100
2024-09-17 15:17:18.715,406.7415900414535,5
2024-09-17 15:17:18.849,406.7150212326571,1004
2024-09-17 15:17:18.870,406.76294312171103,12
2024-09-17 15:17:18.905,406.728045684492,15
2024-09-17 15:17:18.970,406.7460788866976,996
2024-09-17 15:17:18.971,406.7107238448832,1000
2024-09-17 15:17:18.997,406.7153060965034,1004
2024-09-17 15:17:19.026,406.848001589239,1005
2024-09-17 15:17:19.032,406.806235868006,102
2024-09-17 15:17:19.108,414.0037845022576,1005
2024-09-17 15:17:19.195,406.7914097156166,999
2024-09-17 15:17:19.213,406.8573113390229,9
2024-09-17 15:17:19.224,406.8565070470045,97
2024-09-17 15:17:19.348,406.8165823133164,100
2024-09-17 15:17:19.444,406.829400481754,100
2024-09-17 15:17:19.472,406.8578303912775,101
2024-09-17 15:17:19.529,406.84762743514136,97
2024-09-17 15:17:19.533,406.80512256766673,102
2024-09-17 15:17:19.543,406.8587222138596,102
2024-09-17 15:17:19.564,406.8104373205639,13
2024-09-17 15:17:19.655,406.7945401501643,10
2024-09-17 15:17:19.683,406.8124449191174,99
2024-09-17 15:17:19.710,406.8011163987133,1003
2024-09-17 15:17:19.735,406.7997318400705,14
2024-09-17 15:17:19.735,,5
2024-09-17 15:17:19.778,406.84133539946833,1002
2024-09-17 15:17:19.841,406.802373531144,11
2024-09-17 15:17:19.864,406.8146705035258,996
2024-09-17 15:17:19.892,-406.84044992847305,1003
2024-09-17 15:17:19.936,406.8655813307241,101
2024-09-17 15:17:19.970,406.8021611663904,5
2024-09-17 15:17:19.992,406.86924206462106,13
2024-09-17 15:17:21.097,406.87908335213234,99
2024-09-17 15:17:21.117,406.83251037354887,998
2024-09-17 15:17:21.265,406.85753449787416,1000
2024-09-17 15:17:21.329,406.846307871193,15
2024-09-17 15:17:21.512,406.8555817345273,11
2024-09-17 15:17:21.621,406.86801560958656,7
2024-09-17 15:17:21.634,406.8219763195202,101
2024-09-17 15:17:21.636,406.8879560016676,101
2024-09-17 15:17:21.653,406.8158870904304,104
2024-09-17 15:17:21.705,406.814279921322,95
2024-09-17 15:17:21.706,406.8125443153381,1000
2024-09-17 15:17:21.792,406.8483565805723,997
2024-09-17 15:17:21.814,406.8449617268153,1003
2024-09-17 15:17:21.832,406.8552333018868,5
2024-09-17 15:17:21.972,406.84682767292304,14
2024-09-17 15:17:22.191,406.7903404371518,12
2024-09-17 15:17:22.224,406.8036115859288,100
2024-09-17 15:17:22.255,406.8332266574053,97
2024-09-17 15:17:22.309,406.8002444053496,96
2024-09-17 15:17:22.340,406.8216652754244,98
2024-09-17 15:17:22.479,406.82365994233663,7
2024-09-17 15:17:22.565,406.7965510643602,104
2024-09-17 15:17:22.659,406.8120166426746,1001
2024-09-17 15:17:22.663,406.8116151256959,998
2024-09-17 15:17:22.703,406.8012164264436,1005
2024-09-17 15:17:22.802,406.825713140404,11
2024-09-17 15:17:22.824,406.8339779274402,95
2024-09-17 15:17:22.857,406.8069226220661,98
2024-09-17 15:17:22.910,406.8021101879026,101
2024-09-17 15:17:22.912,406.8032315420793,101
2024-09-17 15:17:22.957,406.83413777929377,1000
2024-09-17 15:17:24.044,406.8557316607812,9
2024-09-17 15:17:24.253,406.78106323302256,8
2024-09-17 15:17:24.264,406.7656742286024,1001
2024-09-17 15:17:24.274,406.77089038514464,6
2024-09-17 15:17:24.279,406.8048444894379,995
2024-09-17 15:17:24.301,406.7968344355695,104
2024-09-17 15:17:24.316,406.7871159047291,11
2024-09-17 15:17:24.321,406.735466998729,14
2024-09-17 15:17:24.396,406.8002018404137,103
2024-09-17 15:17:24.400,406.7667468600577,8
2024-09-17 15:17:24.402,406.7985762060002,8
2024-09-17 15:17:24.404,406.854577126448,105
2024-09-17 15:17:24.449,406.7609251852058,13
2024-09-17 15:17:24.472,406.7586676172446,7
2024-09-17 15:17:24.507,406.7444889282951,1002
2024-09-17 15:17:24.536,406.7679546042788,102
2024-09-17 15:17:24.547,406.7814286903685,1002
2024-09-17 15:17:24.562,406.73329228177096,9
2024-09-17 15:17:24.605,406.7952782929821,14
2024-09-17 15:17:24.664,406.7856597900371,103
2024-09-17 15:17:24.753,406.7797753998064,12
2024-09-17 15:17:24.889,406.7347874358586,8
2024-09-17 15:17:24.907,406.7782856654037,1005
2024-09-17 15:17:24.943,406.8308027413446,8
2024-09-17 15:17:26.090,406.84654948226574,97
2024-09-17 15:17:26.096,406.8723833533045,9
2024-09-17 15:17:26.112,406.8207060806686,999
2024-09-17 15:17:26.175,,102
2024-09-17 15:17:26.307,406.8143827915312,105
2024-09-17 15:17:26.320,406.8422271209491,998
2024-09-17 15:17:26.332,406.8640910391484,1004
2024-09-17 15:17:26.390,406.8571952833012,102
2024-09-17 15:17:26.525,406.8582439105291,96
2024-09-17 15:17:26.530,406.8437926538597,95
2024-09-17 15:17:26.534,406.8679390247279,8
2024-09-17 15:17:26.624,406.8264549314771,1002
2024-09-17 15:17:26.630,406.8051456175077,1001
2024-09-17 15:17:26.642,406.896540018594,99
2024-09-17 15:17:26.660,406.80213245563385,1001
2024-09-17 15:17:26.715,406.8553051393487,1002
2024-09-17 15:17:26.754,406.8609447411173,8
2024-09-17 15:17:26.869,40.68328926139809,104
2024-09-17 15:17:26.905,406.8711124996074,1004
2024-09-17 15:17:26.907,406.8178415521666,101
2024-09-17 15:17:26.942,,10
2024-09-17 15:17:26.973,406.8502160384976,102
2024-09-17 15:17:27.081,406.8284775532501,95
2024-09-17 15:17:27.147,406.8169866850868,98
2024-09-17 15:17:27.219,406.8618991407996,100
2024-09-17 15:17:27.250,406.8677641141554,1004
2024-09-17 15:17:27.294,406.8216672173156,99
2024-09-17 15:17:27.327,406.8344471028465,1005
2024-09-17 15:17:27.331,406.8136559524149,99
2024-09-17 15:17:27.466,406.8037613203307,13
2024-09-17 15:17:27.606,406.8392553639079,999
2024-09-17 15:17:27.631,406.8142313686188,1003
2024-09-17 15:17:27.701,406.8588499354417,100
2024-09-17 15:17:27.730,406.8214119101404,96
2024-09-17 15:17:27.788,406.8286635156646,998
2024-09-17 15:17:27.795,406.8449005654994,15
2024-09-17 15:17:27.896,406.8470017490564,998
2024-09-17 15:17:27.900,406.84689769935,7
2024-09-17 15:17:27.923,406.8304496633897,97
2024-09-17 15:17:27.932,406.834752896488,10
2024-09-17 15:17:27.939,406.8652029113966,6
2024-09-17 15:17:27.968,406.8455125080128,103
2024-09-17 15:17:28.031,406.8483487904746,15
2024-09-17 15:17:28.069,406.8841523862284,7
2024-09-17 15:17:28.093,406.8471038436224,104
2024-09-17 15:17:28.414,406.8770712847988,1003
2024-09-17 15:17:28.679,406.84156606162907,103
2024-09-17 15:17:28.812,406.8500847725979,96
2024-09-17 15:17:28.895,406.8773662470692,14
2024-09-17 15:17:28.936,406.8707121619318,999
2024-09-17 15:17:29.002,406.85950790452273,10
2024-09-17 15:17:29.016,406.90925257057023,13
2024-09-17 15:17:29.018,406.8417617503759,8
2024-09-17 15:17:29.023,406.8726897039648,104
2024-09-17 15:17:29.183,406.8666152646734,11
2024-09-17 15:17:29.237,406.9104463714213,95
2024-09-17 15:17:29.238,406.9222461823073,10
2024-09-17 15:17:29.263,406.8682515366019,997
2024-09-17 15:17:29.285,406.8561072702775,9
2024-09-17 15:17:29.319,406.84226631277215,11
2024-09-17 15:17:29.320,406.8693153825348,11
2024-09-17 15:17:29.331,406.8897983306488,13
2024-09-17 15:17:29.371,406.8705422763564,1003
2024-09-17 15:17:29.434,406.9012239011981,998
2024-09-17 15:17:29.481,406.89229590660574,100
2024-09-17 15:17:29.631,406.8880081526679,12
2024-09-17 15:17:29.640,406.8287065873856,102
2024-09-17 15:17:29.733,406.8941949560687,999
2024-09-17 15:17:29.778,406.9163639355706,13
2024-09-17 15:17:29.780,406.85260983166114,98
2024-09-17 15:17:29.852,406.8566692358453,997
2024-09-17 15:17:29.880,406.9001901003286,1003
2024-09-17 15:17:29.896,406.85638816870426,1000
2024-09-17 15:17:29.920,406.8677218349118,100
2024-09-17 15:17:29.945,406.87840764295805,1001
2024-09-17 15:17:29.985,406.8718217145673,1004
2024-09-17 15:17:30.074,406.9254270666759,13
2024-09-17 15:17:30.078,406.9258926019521,1004
2024-09-17 15:17:30.120,406.9105466762712,105
2024-09-17 15:17:30.126,406.9289843091643,13
2024-09-17 15:17:30.160,406.9307146982043,995
2024-09-17 15:17:30.162,406.8967736412444,1000
2024-09-17 15:17:30.242,406.91747146693393,6
2024-09-17 15:17:30.265,406.9256850479894,1002
2024-09-17 15:17:30.290,406.9365923141983,997
2024-09-17 15:17:30.318,406.89685488072695,9
2024-09-17 15:17:30.365,406.91143203272185,14
2024-09-17 15:17:30.478,406.87245067358174,1001
2024-09-17 15:17:30.482,406.91016421116217,95
2024-09-17 15:17:30.493,406.8954915160375,12
2024-09-17 15:17:30.494,406.8809116703346,15
2024-09-17 15:17:30.503,406.9265070683216,97
2024-09-17 15:17:30.567,406.9253452744072,96
2024-09-17 15:17:30.656,406.9100044280157,100
2024-09-17 15:17:30.815,406.9119362821175,1002
2024-09-17 15:17:30.857,406.90384243964087,10
2024-09-17 15:17:30.913,406.8780232591988,6
2024-09-17 15:17:30.949,406.8705549772925,105
2024-09-17 15:17:30.960,406.9082036153625,999
2024-09-17 15:17:30.995,406.870784779511,97
2024-09-17 15:17:31.125,406.9238390195061,999
2024-09-17 15:17:31.597,406.9125612775428,12
2024-09-17 15:17:31.632,406.9043409135314,997
2024-09-17 15:17:32.035,406.8964393926312,1003
2024-09-17 15:17:32.066,406.89988430962586,14
2024-09-17 15:17:32.077,406.8895923859933,103
2024-09-17 15:17:32.365,406.8736148938089,10
2024-09-17 15:17:32.402,406.9316968582298,97
2024-09-17 15:17:32.483,406.874322173789,103
2024-09-17 15:17:32.753,406.9244730993891,8
2024-09-17 15:17:32.816,406.90629794341146,12
2024-09-17 15:17:33.047,406.88578897766666,998
2024-09-17 15:17:33.088,406.885881881284,997
2024-09-17 15:17:33.148,406.90520182329055,9
2024-09-17 15:17:33.153,406.9112815958258,1001
2024-09-17 15:17:33.337,406.9014031335925,13
2024-09-17 15:17:33.360,406.8944665757144,101
2024-09-17 15:17:33.454,406.9151559380293,999
2024-09-17 15:17:33.523,406.88006266576656,9
2024-09-17 15:17:33.666,406.907136682307,7
2024-09-17 15:17:33.794,406.9124843474298,98
2024-09-17 15:17:33.805,406.9119207925496,99
2024-09-17 15:17:33.894,406.9109515629781,10
2024-09-17 15:17:34.025,406.9163567778477,103
2024-09-17 15:17:34.052,406.94536713623233,1005
2024-09-17 15:17:34.057,406.9525141359793,998
2024-09-17 15:17:34.113,406.9244075539076,1002
2024-09-17 15:17:34.258,406.93013589847646,1000
2024-09-17 15:17:34.312,406.96733254063855,1003
2024-09-17 15:17:34.451,406.9300856590295,10
2024-09-17 15:17:34.482,413.9344845600344,5
2024-09-17 15:17:34.645,406.97409906781496,97
2024-09-17 15:17:34.713,406.9256589227824,13
2024-09-17 15:17:34.721,406.972796975746,998
2024-09-17 15:17:34.764,406.9202484374105,995
2024-09-17 15:17:34.781,406.94560445720265,9
2024-09-17 15:17:34.887,406.9871972208731,96
2024-09-17 15:17:34.937,406.9558553960747,11
2024-09-17 15:17:35.132,406.93636548447626,99
2024-09-17 15:17:35.172,406.96911338794496,98
2024-09-17 15:17:35.206,406.9460027046597,1002
2024-09-17 15:17:35.259,406.9288094704692,10
2024-09-17 15:17:35.458,406.9547287226784,1003
2024-09-17 15:17:35.523,406.9284954087536,9
2024-09-17 15:17:35.560,-406.9299553218126,1004
2024-09-17 15:17:35.598,406.93550008874433,97
2024-09-17 15:17:35.629,406.9349436956952,12
2024-09-17 15:17:35.736,406.9363912827141,1000
2024-09-17 15:17:35.747,406.95414627684295,97
2024-09-17 15:17:35.814,406.9468447582855,15
2024-09-17 15:17:35.926,406.92137323032006,99
2024-09-17 15:17:35.945,406.94373670320783,15
2024-09-17 15:17:35.950,406.96356323152366,998
2024-09-17 15:17:36.002,406.9491945788048,996
2024-09-17 15:17:36.016,406.934051376436,12
2024-09-17 15:17:36.288,406.92576385598073,7
2024-09-17 15:17:36.298,406.9371433635043,1001
2024-09-17 15:17:36.367,406.93971142341593,5
2024-09-17 15:17:36.372,406.94081728675513,1001
2024-09-17 15:17:36.422,406.9233288867986,6
2024-09-17 15:17:36.429,406.9360698586528,8
2024-09-17 15:17:36.461,406.94800985391055,1005
2024-09-17 15:17:36.483,406.9480327696976,11
2024-09-17 15:17:36.647,406.93879114159193,11
2024-09-17 15:17:36.684,406.9357033438509,1001
2024-09-17 15:17:36.851,406.92748135135633,5
2024-09-17 15:17:36.854,406.92372887550187,1002
2024-09-17 15:17:36.860,406.9551313755389,14
2024-09-17 15:17:37.027,406.9354062337061,102
2024-09-17 15:17:37.061,406.9117235587889,101
2024-09-17 15:17:37.141,406.9306560227323,9
2024-09-17 15:17:37.156,406.9305886664152,998
2024-09-17 15:17:37.196,406.9095631903679,102
2024-09-17 15:17:37.203,406.92178442323353,9
2024-09-17 15:17:37.550,406.943363210611,998
2024-09-17 15:17:37.578,406.9187201254493,101
2024-09-17 15:17:37.798,406.9365134392811,105
2024-09-17 15:17:37.812,406.909847167249,11
2024-09-17 15:17:37.884,406.9217991889184,99
2024-09-17 15:17:37.918,40.69192462771579,995
2024-09-17 15:17:38.194,406.84481272138447,104
2024-09-17 15:17:38.324,406.90470342498,996
2024-09-17 15:17:38.371,406.8707035626436,96
2024-09-17 15:17:38.396,406.86063621452735,13
2024-09-17 15:17:38.415,406.8936878546944,1000
2024-09-17 15:17:38.531,406.8930916533177,998
2024-09-17 15:17:38.557,406.9175335982711,10
2024-09-17 15:17:38.582,406.90354884378166,1005
2024-09-17 15:17:38.649,406.92445243775234,1004
2024-09-17 15:17:38.723,406.8790537155212,1003
2024-09-17 15:17:38.797,406.9048859900363,97
2024-09-17 15:17:38.801,,102
2024-09-17 15:17:38.966,406.92433062445855,12
2024-09-17 15:17:39.102,406.850871133974,1005
2024-09-17 15:17:39.124,406.851356361526,997
2024-09-17 15:17:39.146,406.7545572633098,104
2024-09-17 15:17:39.174,406.8347649908194,96
2024-09-17 15:17:39.192,406.82784662663136,1001
2024-09-17 15:17:39.224,406.82793455614967,11
2024-09-17 15:17:39.321,406.75032140683606,1000
2024-09-17 15:17:39.369,406.812609459097,1003
2024-09-17 15:17:39.381,406.7905554287977,1002
2024-09-17 15:17:39.382,406.8222755092454,13
2024-09-17 15:17:39.449,406.8113500466732,14
2024-09-17 15:17:39.497,406.8309930468615,11
2024-09-17 15:17:39.558,406.835149149849,998
2024-09-17 15:17:39.621,406.8370867949776,15
2024-09-17 15:17:39.782,406.8271631200652,1001
2024-09-17 15:17:39.811,406.80389938399946,998
2024-09-17 15:17:39.867,406.8348838597894,14
2024-09-17 15:17:39.892,406.8141224068048,6
2024-09-17 15:17:39.926,406.82892582105984,1003
2024-09-17 15:17:39.940,406.84579020946455,996
2024-09-17 15:17:39.986,406.83002071358135,105
2024-09-17 15:17:40.109,406.7422715680363,12
2024-09-17 15:17:40.116,406.75817306792186,995
2024-09-17 15:17:40.140,406.7236658710855,11
2024-09-17 15:17:40.179,406.7486028350731,9
2024-09-17 15:17:40.217,406.7318701061755,95
2024-09-17 15:17:40.227,406.73175948663504,996
2024-09-17 15:17:40.288,406.7413743322886,996
2024-09-17 15:17:40.294,406.7448993741845,14
2024-09-17 15:17:40.298,406.7265394093391,997
2024-09-17 15:17:40.305,406.7030666918898,95
2024-09-17 15:17:40.326,406.70656544532426,1002
2024-09-17 15:17:40.347,406.7229204402584,998
2024-09-17 15:17:40.376,406.7234659310735,5
2024-09-17 15:17:40.376,406.7251782015712,7
2024-09-17 15:17:40.428,406.7197837939896,12
2024-09-17 15:17:40.438,-406.74946963631,999
2024-09-17 15:17:40.585,406.7506840490386,98
2024-09-17 15:17:40.605,406.7473361293371,10
2024-09-17 15:17:40.609,414.1757752964607,105
2024-09-17 15:17:40.851,406.7479050717593,98
2024-09-17 15:17:40.947,406.70258970731226,103
2024-09-17 15:17:41.044,406.6909789772518,99
2024-09-17 15:17:41.072,406.7326940487597,101
2024-09-17 15:17:41.165,406.72581336031806,6
2024-09-17 15:17:41.389,406.7144936126202,997
2024-09-17 15:17:41.448,406.7338606455124,15
2024-09-17 15:17:41.496,414.1816643030595,1004
2024-09-17 15:17:41.595,406.7209166652663,8
2024-09-17 15:17:41.841,406.7014015968117,1002
2024-09-17 15:17:41.867,406.72034195873744,1005
2024-09-17 15:17:42.058,406.7197556139132,1000
2024-09-17 15:17:42.094,406.68243395577207,1001
2024-09-17 15:17:42.133,406.6974515845078,104
2024-09-17 15:17:42.140,406.68265460488095,95
2024-09-17 15:17:42.334,406.69205584195225,5
2024-09-17 15:17:42.343,406.67898254676845,12
2024-09-17 15:17:42.343,406.69235285604736,1005
2024-09-17 15:17:42.369,406.7136712766283,97
2024-09-17 15:17:42.432,406.71541260746943,998
2024-09-17 15:17:42.466,406.7188537744859,1004
2024-09-17 15:17:42.501,406.6936773150773,15
2024-09-17 15:17:42.625,406.7008913884984,9
2024-09-17 15:17:42.626,406.6982277899979,105
2024-09-17 15:17:42.664,406.70054680126594,13
2024-09-17 15:17:42.681,406.71347896540334,5
2024-09-17 15:17:42.748,406.7268520949795,1005
2024-09-17 15:17:42.752,406.6925802858779,9
2024-09-17 15:17:42.788,406.6615685931821,996
2024-09-17 15:17:42.840,406.66592972434216,96
2024-09-17 15:17:42.862,406.67572720980206,6
2024-09-17 15:17:42.884,406.6826863197668,1004
2024-09-17 15:17:42.893,406.67464725161767,11
2024-09-17 15:17:42.915,406.6805472867561,104
2024-09-17 15:17:42.924,406.67590231431103,999
2024-09-17 15:17:42.944,406.6813968342635,997
2024-09-17 15:17:42.959,406.7011562263032,97
2024-09-17 15:17:42.960,406.7127695365221,96
2024-09-17 15:17:42.995,406.7147934841604,96
2024-09-17 15:17:43.047,406.68070526951175,95
2024-09-17 15:17:43.071,406.6802014721746,5
2024-09-17 15:17:43.122,406.698424200284,102
2024-09-17 15:17:43.171,-406.7425562626046,14
2024-09-17 15:17:43.177,406.70628634185147,8
2024-09-17 15:17:43.179,406.7456381557192,95
2024-09-17 15:17:43.206,406.7468557639775,101
2024-09-17 15:17:43.217,406.7194140045941,8
2024-09-17 15:17:43.221,406.7213407176,1000
2024-09-17 15:17:43.251,406.75875075768175,1002
2024-09-17 15:17:43.328,406.7349282625593,95
2024-09-17 15:17:43.353,406.7281247617154,1002
2024-09-17 15:17:43.392,406.74048131419966,1002
2024-09-17 15:17:43.426,406.7345657488148,9
2024-09-17 15:17:43.437,406.7308577493142,14
2024-09-17 15:17:43.463,406.7329242547252,13
2024-09-17 15:17:43.473,406.6953254668136,1004
2024-09-17 15:17:43.812,406.7168010918496,1001
2024-09-17 15:17:43.832,406.7362735174822,10
2024-09-17 15:17:43.880,406.7046738015515,104
2024-09-17 15:17:43.972,406.6826260582605,101
2024-09-17 15:17:43.993,406.7305070225414,101
2024-09-17 15:17:44.349,406.7286975677028,1003
2024-09-17 15:17:44.397,406.71709653665727,9
2024-09-17 15:17:44.703,406.69720627505086,7
2024-09-17 15:17:44.710,406.69310005555656,1003
2024-09-17 15:17:44.732,406.69493448921577,998
2024-09-17 15:17:44.819,406.6936550557885,6
2024-09-17 15:17:44.847,406.695157990761,14
2024-09-17 15:17:44.928,406.7037547655379,13
2024-09-17 15:17:45.026,406.658645289657,999
2024-09-17 15:17:45.152,406.6884128969753,99
2024-09-17 15:17:45.196,406.70771242210407,1000
2024-09-17 15:17:45.212,406.687687221212,104
2024-09-17 15:17:45.248,406.71589523995294,995
2024-09-17 15:17:45.308,406.6708677401645,105
2024-09-17 15:17:45.405,406.6637465179968,103
2024-09-17 15:17:45.408,406.6753021438196,11
2024-09-17 15:17:45.642,406.7063205010166,1001
2024-09-17 15:17:45.646,406.673039062719,1005
2024-09-17 15:17:45.675,406.7248630864162,97
2024-09-17 15:17:45.696,406.7012232253612,9
2024-09-17 15:17:45.698,406.70401049387647,1000
2024-09-17 15:17:45.699,406.6911041782102,1004
2024-09-17 15:17:45.766,406.6919945812984,102
2024-09-17 15:17:45.857,406.6653251451812,105
2024-09-17 15:17:45.884,406.6710037354648,12
2024-09-17 15:17:45.927,406.70254870791297,999
2024-09-17 15:17:45.940,406.7185303012938,997
2024-09-17 15:17:45.999,406.7091634901017,1000
2024-09-17 15:17:46.018,406.6845202252984,1003
2024-09-17 15:17:46.291,406.6850694634261,97
2024-09-17 15:17:46.841,406.6889270391503,14
2024-09-17 15:17:47.120,406.7068502674561,6
2024-09-17 15:17:47.269,,998
2024-09-17 15:17:47.279,406.70051442380026,15
2024-09-17 15:17:47.352,406.7166695894764,14
2024-09-17 15:17:47.440,406.69086435876176,10
2024-09-17 15:17:47.480,406.7144227655472,995
2024-09-17 15:17:47.529,406.710697008942,1003
2024-09-17 15:17:47.588,406.67742256422014,995
2024-09-17 15:17:47.608,406.7077452326293,12
2024-09-17 15:17:48.516,406.70035567504647,14
2024-09-17 15:17:48.574,406.7052515325033,1002
2024-09-17 15:17:49.002,406.6378546778524,103
2024-09-17 15:17:49.064,406.6641503082493,96
2024-09-17 15:17:49.106,406.6639105128088,98
2024-09-17 15:17:49.135,406.6691627176991,1005
2024-09-17 15:17:49.159,406.6642007044996,13
2024-09-17 15:17:49.163,406.67109270003374,6
2024-09-17 15:17:49.174,40.66952136320921,8
2024-09-17 15:17:49.279,406.6548875029161,101
2024-09-17 15:17:49.408,406.6415992478062,1003
2024-09-17 15:17:49.592,406.6743682152213,1000
2024-09-17 15:17:49.710,406.66532335802,96
2024-09-17 15:17:49.722,406.66833871653887,7
2024-09-17 15:17:49.734,406.685874625395,999
2024-09-17 15:17:49.773,406.66517718755927,98
2024-09-17 15:17:49.785,406.6583066911887,9
2024-09-17 15:17:49.835,406.6794621650032,13
2024-09-17 15:17:49.835,40.66366035156792,104
2024-09-17 15:17:49.839,406.6482906830623,999
2024-09-17 15:17:49.859,406.66833837203865,102
2024-09-17 15:17:49.868,406.6853684215855,9
2024-09-17 15:17:50.029,414.2491666876773,9
2024-09-17 15:17:50.228,406.694983897308,1003
2024-09-17 15:17:50.262,406.6883780009479,12
2024-09-17 15:17:50.333,406.6779232368611,8
2024-09-17 15:17:50.462,406.7055143331131,99
2024-09-17 15:17:50.541,406.6862754237476,1001
2024-09-17 15:17:50.557,406.6862595661107,999
2024-09-17 15:17:50.764,406.6795056032213,1005
2024-09-17 15:17:50.873,406.681703833297,5
2024-09-17 15:17:51.024,406.759399279915,1000
2024-09-17 15:17:51.170,406.7606951065952,13
2024-09-17 15:17:51.212,406.7530531423778,99
2024-09-17 15:17:51.319,406.7766027278212,95
2024-09-17 15:17:51.364,406.7682612375871,996
2024-09-17 15:17:51.427,406.76772809172536,1000
2024-09-17 15:17:51.437,406.78445566941343,98
2024-09-17 15:17:51.500,406.7841146847317,1004
2024-09-17 15:17:51.534,406.700532575309,98
2024-09-17 15:17:51.617,406.7738100439842,1004
2024-09-17 15:17:51.668,406.7547198295623,998
2024-09-17 15:17:51.689,406.7998424677775,12
2024-09-17 15:17:51.735,406.7826535859946,5
2024-09-17 15:17:51.740,406.6998819298505,13
2024-09-17 15:17:51.827,406.7712271763938,997
2024-09-17 15:17:51.958,406.7826919006576,103
2024-09-17 15:17:51.970,406.7857033358554,1003
2024-09-17 15:17:51.990,406.7322550843695,6
2024-09-17 15:17:52.093,406.81417325062426,98
2024-09-17 15:17:52.190,406.7934833799371,98
2024-09-17 15:17:52.204,406.81024889233584,97
2024-09-17 15:17:52.214,406.8393112439898,11
2024-09-17 15:17:52.294,406.84621223365104,105
2024-09-17 15:17:52.395,406.83774920824055,96
2024-09-17 15:17:52.398,406.84917486864686,104
2024-09-17 15:17:52.400,406.8147700301345,1002
2024-09-17 15:17:52.420,406.8316807899556,99
2024-09-17 15:17:52.447,406.7983125852524,103
2024-09-17 15:17:52.545,406.79418081055786,100
2024-09-17 15:17:52.706,406.8301710509436,98
2024-09-17 15:17:52.737,406.8015363307461,7
2024-09-17 15:17:52.908,406.8018189354842,1004
2024-09-17 15:17:52.953,406.8493470603438,997
2024-09-17 15:17:53.026,40.68057625038984,1003
2024-09-17 15:17:53.041,406.8309505238996,12
2024-09-17 15:17:53.203,406.7765538799503,96
2024-09-17 15:17:53.275,406.833178946244,5
2024-09-17 15:17:53.299,406.78954412926976,14
2024-09-17 15:17:53.304,406.7965141252061,1005
2024-09-17 15:17:53.388,406.79020695691736,995
2024-09-17 15:17:53.438,406.8243987030593,995
2024-09-17 15:17:53.495,406.7804952135074,98
2024-09-17 15:17:53.725,406.7828944589301,1000
2024-09-17 15:17:53.810,406.8046526605431,99
2024-09-17 15:17:53.832,406.8105518368263,998
2024-09-17 15:17:53.859,406.78897332373725,1005
2024-09-17 15:17:53.946,406.7897255630457,102
2024-09-17 15:17:53.988,406.82573867283617,95
2024-09-17 15:17:54.046,406.7966951063663,999
2024-09-17 15:17:54.062,406.7682633524197,6
2024-09-17 15:17:54.097,406.77588764007817,10
2024-09-17 15:17:54.233,406.75799614051147,1001
2024-09-17 15:17:54.249,406.747207407838,102
2024-09-17 15:17:54.331,406.73160357377714,103
2024-09-17 15:17:54.362,406.7519817275741,997
2024-09-17 15:17:54.364,406.7626597476312,14
2024-09-17 15:17:54.411,406.77114784459417,104
2024-09-17 15:17:54.421,406.7426631854959,996
2024-09-17 15:17:54.425,406.7846859962039,996
2024-09-17 15:17:54.517,406.7998022688732,14
2024-09-17 15:17:54.654,406.7609782980273,98
2024-09-17 15:17:54.822,406.7719825138918,103
2024-09-17 15:17:54.879,406.7511979499059,996
2024-09-17 15:17:54.890,406.7593681134403,8
2024-09-17 15:17:55.044,406.7557410841641,13
2024-09-17 15:17:55.129,406.7491479544887,101
2024-09-17 15:17:55.179,406.76349366590415,1004
2024-09-17 15:17:55.203,406.76125937412246,105
2024-09-17 15:17:55.231,406.7581211954061,11
2024-09-17 15:17:55.312,406.7771694844574,8
2024-09-17 15:17:55.401,406.7797737802727,1003
2024-09-17 15:17:55.407,406.7634378993512,97
2024-09-17 15:17:55.476,406.756973420351,100
2024-09-17 15:17:55.530,406.7798784333961,11
2024-09-17 15:17:55.567,406.7671406481108,5
2024-09-17 15:17:55.672,406.7616991438752,7
2024-09-17 15:17:55.787,406.7623472462312,95
2024-09-17 15:17:55.875,406.74878761031147,7
2024-09-17 15:17:55.888,406.7677175440574,98
2024-09-17 15:17:55.911,-406.7524344371933,101
2024-09-17 15:17:55.981,406.7799492805145,100
2024-09-17 15:17:56.069,406.7928566115668,100
2024-09-17 15:17:56.077,406.82690426037857,15
2024-09-17 15:17:56.184,406.8223976005317,995
2024-09-17 15:17:56.233,406.8200170365562,105
2024-09-17 15:17:56.343,406.8502428049706,1004
2024-09-17 15:17:56.749,406.831541215353,12
2024-09-17 15:17:56.778,406.8091836196453,996
2024-09-17 15:17:56.945,406.8404319783206,15
2024-09-17 15:17:56.990,406.76624153013057,105
2024-09-17 15:17:57.016,406.82111290569065,95
2024-09-17 15:17:57.027,406.8396611419829,9
2024-09-17 15:17:57.071,406.8631857662934,97
2024-09-17 15:17:57.110,406.85889256503367,7
2024-09-17 15:17:57.118,406.80761101563456,103
2024-09-17 15:17:57.142,406.8044823438423,7
2024-09-17 15:17:57.191,406.8242479270341,98
2024-09-17 15:17:57.333,406.838917260699,97
2024-09-17 15:17:57.432,406.8412181585814,102
2024-09-17 15:17:57.484,406.84232279946747,995
2024-09-17 15:17:57.486,406.8185082125878,104
2024-09-17 15:17:57.487,406.8379032551427,7
2024-09-17 15:17:57.533,406.8877571394878,9
2024-09-17 15:17:57.648,406.8376379513829,1004
2024-09-17 15:17:57.692,406.80380207380233,997
2024-09-17 15:17:57.703,406.8742035725604,1004
2024-09-17 15:17:57.792,406.82886465383234,1000
2024-09-17 15:17:57.807,406.8308176608314,999
2024-09-17 15:17:57.865,406.8586375427208,996
2024-09-17 15:17:57.934,406.8135789585758,104
2024-09-17 15:17:58.147,406.8064154440559,105
2024-09-17 15:17:58.197,406.79301046452895,1003
2024-09-17 15:17:58.322,406.80372437118274,96
2024-09-17 15:17:58.409,406.811936075382,98
2024-09-17 15:17:58.458,406.8045949679877,97
2024-09-17 15:17:58.459,406.805937031406,101
2024-09-17 15:17:58.471,406.8132491040069,97
2024-09-17 15:17:58.522,406.7900337439164,103
2024-09-17 15:17:58.579,406.8120564548889,996
2024-09-17 15:17:58.593,406.8048810021558,5
2024-09-17 15:17:58.604,406.8181340882828,1001
2024-09-17 15:17:58.680,406.8095002110189,104
2024-09-17 15:17:58.742,406.79502004383806,98
2024-09-17 15:17:58.772,406.792302207686,14
2024-09-17 15:17:58.845,406.8000860358134,999
2024-09-17 15:17:58.911,406.81454846804326,97
2024-09-17 15:17:58.924,406.7892988783757,6
2024-09-17 15:17:58.971,406.7865855756204,9
2024-09-17 15:17:59.034,406.8198643818644,995
2024-09-17 15:17:59.036,406.8428076573804,14
2024-09-17 15:17:59.124,406.8528087755926,12
2024-09-17 15:17:59.172,406.8140830491372,95
2024-09-17 15:17:59.199,406.81146693282153,5
2024-09-17 15:17:59.291,406.8247213515256,999
2024-09-17 15:17:59.360,406.81619824711873,99
2024-09-17 15:17:59.371,406.81719866781367,13
2024-09-17 15:17:59.379,406.8283136601684,102
2024-09-17 15:17:59.411,406.8622887198035,1001
2024-09-17 15:17:59.445,406.8465926708969,996
2024-09-17 15:17:59.455,406.8231984104789,96
2024-09-17 15:17:59.533,406.8109370039714,13
2024-09-17 15:17:59.550,406.8490819347697,6
2024-09-17 15:17:59.580,406.844510433024,105
2024-09-17 15:17:59.615,406.80634990262337,12
2024-09-17 15:17:59.703,406.8045613735785,11
2024-09-17 15:17:59.720,40.68399005891436,98
2024-09-17 15:17:59.828,406.8055631599758,995
2024-09-17 15:17:59.863,406.8597656757202,7
2024-09-17 15:17:59.936,406.8209565751169,1001
