Timestamp,Price,Size
2024-09-19 15:36:00.151,417.9369385525788,1002
2024-09-19 15:36:00.161,417.91381100620407,13
2024-09-19 15:36:00.239,417.9273259147601,13
2024-09-19 15:36:00.290,417.9112326515508,5
2024-09-19 15:36:00.303,417.9412393758765,1005
2024-09-19 15:36:00.314,417.92295772104814,95
2024-09-19 15:36:00.348,417.9467133752578,103
2024-09-19 15:36:00.383,417.9674586390085,999
2024-09-19 15:36:00.485,417.9205192339493,14
2024-09-19 15:36:00.493,417.925043664892,101
2024-09-19 15:36:00.502,417.9218668687455,12
2024-09-19 15:36:00.516,417.929996793792,6
2024-09-19 15:36:00.564,417.9034588348717,998
2024-09-19 15:36:00.607,417.92536088413374,1004
2024-09-19 15:36:00.636,417.9350687480329,101
2024-09-19 15:36:00.644,417.947220158443,1004
2024-09-19 15:36:00.702,417.94735899429895,13
2024-09-19 15:36:00.727,,7
2024-09-19 15:36:00.774,,997
2024-09-19 15:36:00.775,417.93844106577023,995
2024-09-19 15:36:00.847,417.9118764784286,101
2024-09-19 15:36:00.848,417.9195853619862,10
2024-09-19 15:36:00.961,417.9253647477663,13
2024-09-19 15:36:00.979,417.920843719655,102
2024-09-19 15:36:00.998,417.9401939819052,7
2024-09-19 15:36:01.297,417.9581044620722,97
2024-09-19 15:36:01.532,417.9787903389275,12
2024-09-19 15:36:01.760,417.9390628203122,13
2024-09-19 15:36:01.785,417.9232265876543,5
2024-09-19 15:36:01.791,417.93731230180254,1000
2024-09-19 15:36:02.073,418.0018080067411,104
2024-09-19 15:36:02.078,417.9921073214741,98
2024-09-19 15:36:02.087,418.0062694626815,99
2024-09-19 15:36:02.304,417.9921703785729,101
2024-09-19 15:36:02.601,418.0026049924348,999
2024-09-19 15:36:02.693,418.0119082283036,1000
2024-09-19 15:36:03.007,418.006399949388,14
2024-09-19 15:36:03.029,418.01607844165727,1005
2024-09-19 15:36:03.102,417.99819806009816,10
2024-09-19 15:36:03.143,418.0223328555889,96
2024-09-19 15:36:03.271,418.0134496904194,105
2024-09-19 15:36:03.302,418.0427147937432,12
2024-09-19 15:36:03.591,418.0225847808356,99
2024-09-19 15:36:03.654,418.02566359783657,13
2024-09-19 15:36:03.829,-418.03069911529786,996
2024-09-19 15:36:03.846,418.00203571533785,1002
2024-09-19 15:36:03.870,418.039991625363,1001
2024-09-19 15:36:03.985,418.0172507983273,6
2024-09-19 15:36:04.182,418.0107090108363,97
2024-09-19 15:36:04.359,418.01344895387166,13
2024-09-19 15:36:04.513,418.0271842106652,8
2024-09-19 15:36:04.518,418.00279589423167,10
2024-09-19 15:36:04.530,417.99473499873744,12
2024-09-19 15:36:04.533,418.02055085976457,14
2024-09-19 15:36:04.555,418.0216489836057,14
2024-09-19 15:36:04.627,418.0131867800627,5
2024-09-19 15:36:04.647,418.01391217366034,997
2024-09-19 15:36:04.675,418.0324343116857,1002
2024-09-19 15:36:04.777,,101
2024-09-19 15:36:04.816,418.01015669613327,1003
2024-09-19 15:36:04.828,418.0064407747395,6
2024-09-19 15:36:04.926,418.01948793663166,103
2024-09-19 15:36:04.940,417.9941437441956,15
2024-09-19 15:36:04.953,418.0314675484745,1004
2024-09-19 15:36:05.141,-418.0504346904745,102
2024-09-19 15:36:05.169,418.0647140003069,97
2024-09-19 15:36:05.210,418.0922428801449,1000
2024-09-19 15:36:05.242,418.0510826309165,12
2024-09-19 15:36:05.339,418.0940601442268,6
2024-09-19 15:36:05.498,41.80521301799954,996
2024-09-19 15:36:05.732,418.0410354498891,102
2024-09-19 15:36:05.810,418.0926068428308,996
2024-09-19 15:36:05.867,418.1029838224086,1000
2024-09-19 15:36:06.062,418.1883536689787,13
2024-09-19 15:36:06.127,418.14013323691626,98
2024-09-19 15:36:06.261,418.1693534401853,103
2024-09-19 15:36:06.335,418.2021878095105,1005
2024-09-19 15:36:06.471,418.2133457442127,1005
2024-09-19 15:36:06.500,418.16207792796513,996
2024-09-19 15:36:06.592,418.1158293105241,6
2024-09-19 15:36:06.663,418.1719690424934,999
2024-09-19 15:36:06.771,41.81583164844595,1005
2024-09-19 15:36:06.985,418.10375345932056,1005
2024-09-19 15:36:07.090,418.1863845868537,14
2024-09-19 15:36:07.178,418.192228423154,101
2024-09-19 15:36:07.189,418.2246354685116,101
2024-09-19 15:36:07.198,418.2372977268558,1003
2024-09-19 15:36:07.259,41.81812351665727,10
2024-09-19 15:36:07.289,418.21822247296967,101
2024-09-19 15:36:07.355,418.2123853088571,95
2024-09-19 15:36:07.419,418.1896248328257,15
2024-09-19 15:36:07.548,418.1894253734151,11
2024-09-19 15:36:07.599,418.19611079316337,11
2024-09-19 15:36:07.681,418.1816160071202,6
2024-09-19 15:36:07.701,418.1839590609555,9
2024-09-19 15:36:07.937,418.2459289455263,1000
2024-09-19 15:36:08.028,418.1526526781111,995
2024-09-19 15:36:08.104,418.1727727404842,1001
2024-09-19 15:36:08.157,418.16729794297015,7
2024-09-19 15:36:08.274,418.1548769416602,1003
2024-09-19 15:36:08.306,418.2034754027748,99
2024-09-19 15:36:08.333,418.15514848759136,996
2024-09-19 15:36:08.350,418.1891407366408,13
2024-09-19 15:36:08.406,418.1910684583243,1000
2024-09-19 15:36:08.443,418.17953409416606,1002
2024-09-19 15:36:08.548,418.1546405140731,12
2024-09-19 15:36:08.674,418.1757267200386,1000
2024-09-19 15:36:08.688,418.1717403201624,103
2024-09-19 15:36:08.697,418.1732564469781,1003
2024-09-19 15:36:08.720,418.1624329585132,996
2024-09-19 15:36:08.899,419.9850495544259,100
2024-09-19 15:36:08.970,418.1702656718449,12
2024-09-19 15:36:08.997,418.158584128148,97
2024-09-19 15:36:09.025,418.17652261169167,995
2024-09-19 15:36:09.048,418.1443302785771,100
2024-09-19 15:36:09.127,418.1613763127736,995
2024-09-19 15:36:09.127,418.1268257915372,100
2024-09-19 15:36:09.188,418.1456117235738,8
2024-09-19 15:36:09.307,418.11504645587775,14
2024-09-19 15:36:09.322,418.1523766332671,11
2024-09-19 15:36:09.338,418.1001753080432,1004
2024-09-19 15:36:09.347,418.168693206319,101
2024-09-19 15:36:09.454,418.17039219442375,996
2024-09-19 15:36:09.457,418.1539031441077,101
2024-09-19 15:36:09.486,418.1687078715874,9
2024-09-19 15:36:09.506,418.12942176261646,105
2024-09-19 15:36:09.545,418.1430546890687,10
2024-09-19 15:36:09.548,418.1218119971501,1003
2024-09-19 15:36:09.551,418.10885902178273,996
2024-09-19 15:36:09.565,418.1072329026119,10
2024-09-19 15:36:09.595,418.1728810549584,99
2024-09-19 15:36:09.620,418.10928750925495,996
2024-09-19 15:36:09.688,418.1353106034912,5
2024-09-19 15:36:09.775,418.12033794030486,1002
2024-09-19 15:36:09.786,418.1030815909171,1003
2024-09-19 15:36:09.789,418.09122789997406,98
2024-09-19 15:36:09.803,418.1192568861693,6
2024-09-19 15:36:09.812,418.1140187002912,997
2024-09-19 15:36:09.829,418.1322420957723,8
2024-09-19 15:36:09.848,418.142731250421,13
2024-09-19 15:36:09.851,418.1664722054092,105
2024-09-19 15:36:09.964,418.0975039667749,97
2024-09-19 15:36:09.971,418.1522998001665,102
2024-09-19 15:36:10.261,418.09399500550046,97
2024-09-19 15:36:10.303,41.80826163567809,96
2024-09-19 15:36:10.399,418.0764803394271,99
2024-09-19 15:36:10.432,418.09539641399823,96
2024-09-19 15:36:10.457,418.0888334214502,5
2024-09-19 15:36:10.528,418.0958338551101,101
2024-09-19 15:36:10.542,418.096622836117,95
2024-09-19 15:36:10.594,418.0881357980816,101
2024-09-19 15:36:10.607,418.0967024843594,102
2024-09-19 15:36:10.637,418.0938976065167,100
2024-09-19 15:36:10.734,418.1088729681157,5
2024-09-19 15:36:10.848,418.055419181387,12
2024-09-19 15:36:10.941,418.0769201396844,1003
2024-09-19 15:36:10.948,418.08758952466434,104
2024-09-19 15:36:10.989,418.0616515820625,998
2024-09-19 15:36:11.298,418.0539767453643,104
2024-09-19 15:36:11.356,419.98994138833655,104
2024-09-19 15:36:11.377,419.9346760628321,98
2024-09-19 15:36:11.933,418.063055049854,15
2024-09-19 15:36:11.993,418.039392447479,1002
2024-09-19 15:36:11.997,418.07095404808666,102
2024-09-19 15:36:12.086,418.0478134828778,97
2024-09-19 15:36:12.104,418.04401785595024,95
2024-09-19 15:36:12.156,418.0506963491689,8
2024-09-19 15:36:12.206,418.07424202729175,999
2024-09-19 15:36:12.335,418.03960262490216,11
2024-09-19 15:36:12.344,418.0558635889268,6
2024-09-19 15:36:12.365,418.07309945921344,998
2024-09-19 15:36:12.386,418.0617684973604,996
2024-09-19 15:36:12.418,418.06286289732736,105
2024-09-19 15:36:12.481,418.04443791861394,99
2024-09-19 15:36:12.553,418.0530174673362,8
2024-09-19 15:36:12.586,418.077795854742,14
2024-09-19 15:36:12.718,418.0734051539956,1005
2024-09-19 15:36:12.884,418.074513505881,105
2024-09-19 15:36:12.900,418.0642785293925,1000
2024-09-19 15:36:12.952,418.0477244847336,1004
2024-09-19 15:36:12.982,418.0659402727798,1005
2024-09-19 15:36:13.129,418.0179201318432,995
2024-09-19 15:36:13.132,418.03984881073046,101
2024-09-19 15:36:13.135,418.0095405002127,996
2024-09-19 15:36:13.163,418.02786697372966,101
2024-09-19 15:36:13.243,418.0203126489952,101
2024-09-19 15:36:13.318,418.0464080438311,14
2024-09-19 15:36:13.366,418.00823313712914,101
2024-09-19 15:36:13.833,418.0354810861382,996
2024-09-19 15:36:13.854,418.0340769769428,14
2024-09-19 15:36:13.917,418.0401703529236,99
2024-09-19 15:36:14.284,418.0752399434022,1002
2024-09-19 15:36:14.409,418.0468727743265,97
2024-09-19 15:36:14.440,418.0374648918881,13
2024-09-19 15:36:14.476,418.0312863892955,14
2024-09-19 15:36:14.492,418.04407491745246,98
2024-09-19 15:36:14.522,418.072244214128,97
2024-09-19 15:36:14.549,418.03980491886426,997
2024-09-19 15:36:14.984,418.05154083225807,13
2024-09-19 15:36:14.988,418.0796209752971,12
2024-09-19 15:36:15.005,418.0774932883804,1003
2024-09-19 15:36:15.069,418.0849518598069,102
2024-09-19 15:36:15.082,418.08920400902576,12
2024-09-19 15:36:15.096,418.0703095542558,95
2024-09-19 15:36:15.106,418.0390105710768,5
2024-09-19 15:36:15.200,418.0238712785183,1003
2024-09-19 15:36:15.235,418.0264570189125,5
2024-09-19 15:36:15.255,418.07338556113416,98
2024-09-19 15:36:15.266,418.0672348718962,1002
2024-09-19 15:36:15.285,418.0520360870115,999
2024-09-19 15:36:15.321,418.0830964086712,7
2024-09-19 15:36:15.333,418.0807619453816,101
2024-09-19 15:36:15.507,418.11281702421593,7
2024-09-19 15:36:15.584,418.0888766595674,999
2024-09-19 15:36:15.677,418.0458644628079,5
2024-09-19 15:36:15.677,418.0702170198249,9
2024-09-19 15:36:15.702,418.0355840235066,1003
2024-09-19 15:36:15.713,418.04113439997815,101
2024-09-19 15:36:15.723,418.036536328377,99
2024-09-19 15:36:15.732,418.1217733845883,6
2024-09-19 15:36:15.741,418.0727309378783,98
2024-09-19 15:36:15.748,418.0325092564356,98
2024-09-19 15:36:15.833,418.0293277148334,1004
2024-09-19 15:36:15.897,418.041103177753,10
2024-09-19 15:36:15.947,418.0236525956372,998
2024-09-19 15:36:15.969,418.02889807647546,9
2024-09-19 15:36:15.972,418.0169045409327,102
2024-09-19 15:36:16.031,418.0467362261856,14
2024-09-19 15:36:16.146,418.1066942959637,1000
2024-09-19 15:36:16.154,418.068637995246,100
2024-09-19 15:36:16.164,418.1378558242509,1001
2024-09-19 15:36:16.210,418.1268473088439,105
2024-09-19 15:36:16.226,418.0996924524651,7
2024-09-19 15:36:16.299,418.1316164564196,1002
2024-09-19 15:36:16.318,418.14518711089306,102
2024-09-19 15:36:16.329,418.0843363960062,999
2024-09-19 15:36:16.447,418.1496399685518,1000
2024-09-19 15:36:16.455,418.0559370664602,96
2024-09-19 15:36:16.481,418.0469895356756,13
2024-09-19 15:36:16.578,418.1366257147779,104
2024-09-19 15:36:16.717,418.0989994329258,1004
2024-09-19 15:36:16.763,418.0743101088717,6
2024-09-19 15:36:16.765,420.0114355536117,995
2024-09-19 15:36:16.790,418.1261631506114,14
2024-09-19 15:36:16.821,418.0755524865533,15
2024-09-19 15:36:16.925,418.1563002490913,102
2024-09-19 15:36:16.960,418.03918601681227,1002
2024-09-19 15:36:16.972,418.04456603746496,10
2024-09-19 15:36:16.991,420.0386774082096,96
2024-09-19 15:36:17.025,418.06840628124775,99
2024-09-19 15:36:17.045,418.07003738459593,97
2024-09-19 15:36:17.160,418.05864698314366,6
2024-09-19 15:36:17.184,41.80791120912744,99
2024-09-19 15:36:17.293,418.0460392593526,997
2024-09-19 15:36:17.352,418.0433473110338,5
2024-09-19 15:36:17.449,418.06183567916025,5
2024-09-19 15:36:17.460,418.06391074219886,1004
2024-09-19 15:36:17.471,418.0741152621105,15
2024-09-19 15:36:17.482,418.0703089990397,102
2024-09-19 15:36:17.559,418.0684778080112,14
2024-09-19 15:36:17.622,418.0529834881692,9
2024-09-19 15:36:17.655,418.0464937662658,98
2024-09-19 15:36:17.664,418.0500872133289,1005
2024-09-19 15:36:17.721,418.05371515940703,97
2024-09-19 15:36:17.830,418.0622699178262,97
2024-09-19 15:36:17.866,418.0779949181045,995
2024-09-19 15:36:17.938,418.03728915550033,100
2024-09-19 15:36:17.968,418.0655028604015,1003
2024-09-19 15:36:17.991,418.0296258505389,9
2024-09-19 15:36:18.001,418.0301512962613,1002
2024-09-19 15:36:18.034,418.0134141047777,104
2024-09-19 15:36:18.084,418.0367508578497,998
2024-09-19 15:36:18.105,418.03083430189497,5
2024-09-19 15:36:18.113,417.9933116000997,1005
2024-09-19 15:36:18.231,418.0557043509547,6
2024-09-19 15:36:18.281,417.9976209924364,5
2024-09-19 15:36:18.329,418.01704770897504,103
2024-09-19 15:36:18.342,417.9823098759925,15
2024-09-19 15:36:18.357,418.0336273423304,99
2024-09-19 15:36:18.397,418.0000742921574,12
2024-09-19 15:36:18.463,418.0207463590476,1002
2024-09-19 15:36:18.547,417.9868762388321,13
2024-09-19 15:36:18.573,418.0094723461001,8
2024-09-19 15:36:18.643,418.04316582442925,11
2024-09-19 15:36:18.672,418.0382653036495,13
2024-09-19 15:36:18.698,418.01425505383145,998
2024-09-19 15:36:18.830,418.0084436680723,11
2024-09-19 15:36:18.915,418.0108126632573,11
2024-09-19 15:36:18.929,418.02405493633336,8
2024-09-19 15:36:18.942,417.9999308127546,99
2024-09-19 15:36:19.042,417.9986525364534,12
2024-09-19 15:36:19.042,417.9929006019326,995
2024-09-19 15:36:19.058,417.9596793231995,1004
2024-09-19 15:36:19.061,418.0035396455145,999
2024-09-19 15:36:19.134,417.9686923654337,102
2024-09-19 15:36:19.167,417.9942509930064,96
2024-09-19 15:36:19.244,417.99572193433903,1000
2024-09-19 15:36:19.336,417.9778061266394,5
2024-09-19 15:36:19.396,417.95851342989454,101
2024-09-19 15:36:19.409,418.0117710471141,13
2024-09-19 15:36:19.423,418.0106320390186,8
2024-09-19 15:36:19.425,418.0206770876632,15
2024-09-19 15:36:19.431,418.00284302092354,13
2024-09-19 15:36:19.447,417.9951913280425,101
2024-09-19 15:36:19.462,417.9702465303841,995
2024-09-19 15:36:19.532,417.9620328467942,996
2024-09-19 15:36:19.587,418.012522215715,102
2024-09-19 15:36:19.643,417.9939718496757,995
2024-09-19 15:36:19.775,418.0009842958494,5
2024-09-19 15:36:19.852,417.99356878795896,1002
2024-09-19 15:36:19.878,417.9933715810019,11
2024-09-19 15:36:19.908,418.0002097105097,11
2024-09-19 15:36:19.932,418.0169935165656,1005
2024-09-19 15:36:19.976,418.0218555538643,96
2024-09-19 15:36:20.185,417.9745247751629,14
2024-09-19 15:36:20.219,417.9620027519872,996
2024-09-19 15:36:20.654,417.9526801485095,10
2024-09-19 15:36:20.746,417.955241337709,102
2024-09-19 15:36:20.907,417.9565755476047,9
2024-09-19 15:36:21.153,417.9444811990562,1002
2024-09-19 15:36:21.418,417.9786880584456,95
2024-09-19 15:36:21.501,417.9624204089325,97
2024-09-19 15:36:21.508,417.9254159623102,1002
2024-09-19 15:36:21.508,417.96694226993344,1002
2024-09-19 15:36:21.554,417.9625812714812,1001
2024-09-19 15:36:21.592,417.9651120606583,8
2024-09-19 15:36:21.593,417.958526094081,15
2024-09-19 15:36:21.991,417.9408452700701,102
2024-09-19 15:36:22.036,417.9699384516285,6
2024-09-19 15:36:22.127,417.9634862137505,996
2024-09-19 15:36:22.163,417.95977179032826,100
2024-09-19 15:36:22.168,417.938759486997,1005
2024-09-19 15:36:22.354,417.9557122782877,104
2024-09-19 15:36:22.424,417.9335984987405,1003
2024-09-19 15:36:22.596,417.972658248686,11
2024-09-19 15:36:22.607,417.9642884002481,9
2024-09-19 15:36:22.626,417.9507107236269,95
2024-09-19 15:36:22.840,417.9558336242061,103
2024-09-19 15:36:23.300,419.9975731764859,15
2024-09-19 15:36:24.054,417.9786062114565,1004
2024-09-19 15:36:24.193,,96
2024-09-19 15:36:24.414,417.9692019452035,8
2024-09-19 15:36:24.739,417.9638695978408,995
2024-09-19 15:36:25.668,417.9678956884719,1004
2024-09-19 15:36:26.052,417.9713098045056,13
2024-09-19 15:36:26.054,417.9732383751905,12
2024-09-19 15:36:26.428,417.9359174427636,14
2024-09-19 15:36:26.441,417.9674610801877,998
2024-09-19 15:36:26.589,417.93849308687663,1004
2024-09-19 15:36:26.610,417.9429535121704,7
2024-09-19 15:36:26.657,417.9698969769465,98
2024-09-19 15:36:26.725,417.9572527313737,101
2024-09-19 15:36:26.771,417.9409177766659,15
2024-09-19 15:36:27.027,417.91682073723183,11
2024-09-19 15:36:27.130,417.90512939841096,15
2024-09-19 15:36:27.147,417.91947943633056,10
2024-09-19 15:36:27.226,417.9109340053033,999
2024-09-19 15:36:27.421,417.9419798017392,14
2024-09-19 15:36:27.550,417.91715060474974,97
2024-09-19 15:36:27.622,417.9154977238441,101
2024-09-19 15:36:27.734,417.9186260346491,1004
2024-09-19 15:36:27.829,417.9135400684479,1002
2024-09-19 15:36:27.846,417.91588360937817,9
2024-09-19 15:36:27.872,417.92072878720217,103
2024-09-19 15:36:27.984,417.9149449156026,99
2024-09-19 15:36:27.994,417.9214013272922,12
2024-09-19 15:36:28.021,417.8894713611805,97
2024-09-19 15:36:28.087,417.84331018804966,6
2024-09-19 15:36:28.088,417.8866063802055,11
2024-09-19 15:36:28.131,417.8945140769201,1001
2024-09-19 15:36:28.165,417.92687639505215,13
2024-09-19 15:36:28.186,417.8958041862511,10
2024-09-19 15:36:28.192,417.8958243282767,8
2024-09-19 15:36:28.196,-417.9238454122169,9
2024-09-19 15:36:28.265,417.8500960290154,104
2024-09-19 15:36:28.317,417.8354989275388,103
2024-09-19 15:36:28.333,417.8797199632038,5
2024-09-19 15:36:28.374,417.8525002996731,98
2024-09-19 15:36:28.389,417.9125414357696,998
2024-09-19 15:36:28.510,417.88489685147454,99
2024-09-19 15:36:28.535,417.8632719564405,98
2024-09-19 15:36:28.557,417.8940506122895,97
2024-09-19 15:36:28.563,417.8863254372317,11
2024-09-19 15:36:28.624,417.8351637423589,7
2024-09-19 15:36:28.625,417.82543389622657,100
2024-09-19 15:36:28.735,417.88241142533406,1005
2024-09-19 15:36:28.907,417.9048340244132,995
2024-09-19 15:36:28.982,417.87630557037926,12
2024-09-19 15:36:29.013,417.9009163174034,1002
2024-09-19 15:36:29.031,417.8705836099679,1001
2024-09-19 15:36:29.068,417.8680202227579,995
2024-09-19 15:36:29.179,417.8585204708248,1004
2024-09-19 15:36:29.209,417.87893655081047,101
2024-09-19 15:36:29.259,417.8813673340827,6
2024-09-19 15:36:29.328,417.90613188339466,98
2024-09-19 15:36:29.677,417.88250999190336,14
2024-09-19 15:36:29.731,,96
2024-09-19 15:36:29.779,417.8588407002808,15
2024-09-19 15:36:29.800,417.8670791304583,6
2024-09-19 15:36:29.897,417.8496455837223,9
2024-09-19 15:36:30.014,419.9849096657961,11
2024-09-19 15:36:30.026,417.87189364277936,104
2024-09-19 15:36:30.188,417.8731549447928,1003
2024-09-19 15:36:30.223,417.87655141032735,15
2024-09-19 15:36:30.270,417.86371008421145,1004
2024-09-19 15:36:30.295,417.8885562886512,102
2024-09-19 15:36:30.466,417.8540348466752,996
2024-09-19 15:36:30.538,417.8860246219432,8
2024-09-19 15:36:30.572,417.87374851321886,8
2024-09-19 15:36:30.583,417.8831200724797,7
2024-09-19 15:36:30.589,417.8611055854944,9
2024-09-19 15:36:30.597,417.8501944790476,103
2024-09-19 15:36:30.626,417.8729345303241,998
2024-09-19 15:36:30.630,417.8423410289536,13
2024-09-19 15:36:30.675,417.8832072639936,99
2024-09-19 15:36:30.680,417.8868462350497,103
2024-09-19 15:36:30.733,417.861094309855,11
2024-09-19 15:36:30.792,417.85475195249774,10
2024-09-19 15:36:30.894,417.85412593297633,1005
2024-09-19 15:36:30.906,-417.8630887744861,1000
2024-09-19 15:36:30.954,41.78703141500889,996
2024-09-19 15:36:30.970,417.8577160061667,101
2024-09-19 15:36:30.997,417.8754790003085,97
2024-09-19 15:36:31.171,417.8026592686601,96
2024-09-19 15:36:31.198,417.81763075126247,998
2024-09-19 15:36:31.295,417.8203477441796,6
2024-09-19 15:36:31.435,417.817030064933,997
2024-09-19 15:36:31.736,417.8304859891083,7
2024-09-19 15:36:31.738,417.8192630746264,1004
2024-09-19 15:36:31.770,417.81600699052734,6
2024-09-19 15:36:31.781,417.8294543968788,995
2024-09-19 15:36:31.845,417.8577624939502,95
2024-09-19 15:36:31.988,417.8229647093773,97
2024-09-19 15:36:32.129,417.8279130847968,6
2024-09-19 15:36:32.187,417.82761162936754,102
2024-09-19 15:36:32.290,417.7926766115207,99
2024-09-19 15:36:32.529,417.8082017684273,998
2024-09-19 15:36:32.744,417.8274449626929,1002
2024-09-19 15:36:33.091,417.82938563727066,105
2024-09-19 15:36:34.008,41.78607890578064,15
2024-09-19 15:36:34.039,417.8203691442858,97
2024-09-19 15:36:34.089,417.83586195242447,12
2024-09-19 15:36:34.096,417.8254944259095,1000
2024-09-19 15:36:34.234,417.82103925645765,1002
2024-09-19 15:36:34.240,417.8329484588633,7
2024-09-19 15:36:34.257,417.8325084252809,95
2024-09-19 15:36:34.297,417.8078493718362,103
2024-09-19 15:36:34.302,417.7923881945589,1005
2024-09-19 15:36:34.354,417.7968689485542,995
2024-09-19 15:36:34.490,417.8246932510045,1004
2024-09-19 15:36:34.609,417.8182723451488,101
2024-09-19 15:36:34.648,417.7869466485273,100
2024-09-19 15:36:34.649,417.8084582279389,95
2024-09-19 15:36:34.887,417.812366965832,5
2024-09-19 15:36:34.967,417.82909566327487,7
2024-09-19 15:36:34.983,417.7984250577027,102
2024-09-19 15:36:34.995,417.8490399381749,997
2024-09-19 15:36:35.027,417.86171360125365,98
2024-09-19 15:36:35.028,417.842136606527,99
2024-09-19 15:36:35.084,417.8012404585263,7
2024-09-19 15:36:35.085,417.9217424780863,11
2024-09-19 15:36:35.121,417.9268792907424,13
2024-09-19 15:36:35.131,417.9138433739985,104
2024-09-19 15:36:35.140,417.8313193218196,10
2024-09-19 15:36:35.208,417.84766038375767,11
2024-09-19 15:36:35.299,417.84145242478655,998
2024-09-19 15:36:35.318,417.7951011473276,9
2024-09-19 15:36:35.361,417.85150815069136,10
2024-09-19 15:36:35.388,417.9139385995367,998
2024-09-19 15:36:35.444,417.80147163125145,997
2024-09-19 15:36:35.444,417.91421644082646,13
2024-09-19 15:36:35.502,417.7878461778518,1005
2024-09-19 15:36:35.531,417.8798351409257,97
2024-09-19 15:36:35.585,417.918145774856,5
2024-09-19 15:36:35.676,417.8153270924233,13
2024-09-19 15:36:35.677,417.89349254215,97
2024-09-19 15:36:35.705,417.922829439446,98
2024-09-19 15:36:35.761,417.7862267728028,9
2024-09-19 15:36:35.825,417.8042129139846,98
2024-09-19 15:36:35.931,417.8452546935421,98
2024-09-19 15:36:35.966,417.8214083217063,99
2024-09-19 15:36:36.027,417.895708714437,12
2024-09-19 15:36:36.069,417.9007794405084,1002
2024-09-19 15:36:36.099,417.8880932329984,999
2024-09-19 15:36:36.189,-417.9078061928439,999
2024-09-19 15:36:36.206,417.8811909902241,9
2024-09-19 15:36:36.347,417.9052783906152,6
2024-09-19 15:36:36.470,417.86443691518,102
2024-09-19 15:36:36.903,417.879942839515,10
2024-09-19 15:36:37.113,417.9174008042962,98
2024-09-19 15:36:37.121,417.8895268339122,15
2024-09-19 15:36:37.196,41.79157207303004,98
2024-09-19 15:36:37.216,417.9055345160154,105
2024-09-19 15:36:37.222,417.9097319535125,99
2024-09-19 15:36:37.240,417.9267993481948,10
2024-09-19 15:36:37.242,417.90595702189,1000
2024-09-19 15:36:37.429,417.9317243961232,1001
2024-09-19 15:36:37.498,417.9036302365148,996
2024-09-19 15:36:37.626,417.9067069942827,12
2024-09-19 15:36:37.656,417.923242854554,96
2024-09-19 15:36:37.686,417.9040227828546,101
2024-09-19 15:36:37.686,417.90546251502576,6
2024-09-19 15:36:37.689,417.8893868652429,102
2024-09-19 15:36:37.740,417.8997973172801,997
2024-09-19 15:36:37.773,417.8956300858285,96
2024-09-19 15:36:37.794,417.9107263277862,103
2024-09-19 15:36:37.796,417.90994712813375,6
2024-09-19 15:36:37.817,417.89909183373067,1004
2024-09-19 15:36:37.902,417.8887437348363,1003
2024-09-19 15:36:37.954,417.8729960316171,99
2024-09-19 15:36:37.981,417.9082006646882,103
2024-09-19 15:36:38.021,417.9030544361279,9
2024-09-19 15:36:38.084,417.8783381758398,104
2024-09-19 15:36:38.139,417.8943762309992,1005
2024-09-19 15:36:38.183,417.8744458901499,1001
2024-09-19 15:36:38.201,417.8966506704983,1001
2024-09-19 15:36:38.281,417.9198028705762,12
2024-09-19 15:36:38.427,417.9010600689005,995
2024-09-19 15:36:38.450,417.9066690795602,1003
2024-09-19 15:36:38.534,417.8918429817965,1003
2024-09-19 15:36:38.545,417.8940782363507,995
2024-09-19 15:36:38.556,417.8801713435113,14
2024-09-19 15:36:38.672,417.8980975597581,7
2024-09-19 15:36:38.734,417.91325900218953,995
2024-09-19 15:36:38.808,417.8678908420003,997
2024-09-19 15:36:38.833,417.9166885015822,1001
2024-09-19 15:36:38.873,417.8758379009067,7
2024-09-19 15:36:38.878,417.8964045229648,8
2024-09-19 15:36:39.104,417.86907961224,101
2024-09-19 15:36:39.177,417.9583862463618,1002
2024-09-19 15:36:39.255,417.9702116535317,9
2024-09-19 15:36:39.279,417.8984960371344,95
2024-09-19 15:36:39.315,417.98911641448206,995
2024-09-19 15:36:39.321,417.8979438869986,102
2024-09-19 15:36:39.378,417.9915433655504,11
2024-09-19 15:36:39.502,417.9426319037346,96
2024-09-19 15:36:39.621,417.99334268577246,9
2024-09-19 15:36:39.659,417.9216290737967,996
2024-09-19 15:36:39.773,417.8925936966367,997
2024-09-19 15:36:39.838,417.98413759237314,95
2024-09-19 15:36:39.840,417.9041369832036,1003
2024-09-19 15:36:40.142,417.9619565169448,1004
2024-09-19 15:36:40.165,417.9887502034597,1000
2024-09-19 15:36:40.185,417.9896128383925,103
2024-09-19 15:36:40.199,417.9857588548903,97
2024-09-19 15:36:40.416,418.00395514124233,7
2024-09-19 15:36:40.444,417.9902690007834,11
2024-09-19 15:36:40.530,417.9424388151507,105
2024-09-19 15:36:40.577,418.0008832056835,95
2024-09-19 15:36:40.623,417.987472649983,95
2024-09-19 15:36:40.729,417.9923492114336,1003
2024-09-19 15:36:40.803,417.9612428381584,1002
2024-09-19 15:36:40.838,417.9971588273125,99
2024-09-19 15:36:41.017,417.962180112786,9
2024-09-19 15:36:41.043,417.93761918259327,8
2024-09-19 15:36:41.047,417.964572130634,98
2024-09-19 15:36:41.052,417.9536891555505,1004
2024-09-19 15:36:41.076,417.99118387948,97
2024-09-19 15:36:41.201,417.9734405527523,7
2024-09-19 15:36:41.275,417.9507320909613,101
2024-09-19 15:36:41.283,417.9868915621199,1001
2024-09-19 15:36:41.284,417.95237181589135,101
2024-09-19 15:36:41.305,417.9398604952832,14
2024-09-19 15:36:41.332,,997
2024-09-19 15:36:41.350,417.9392188699255,996
2024-09-19 15:36:41.353,417.989345544324,95
2024-09-19 15:36:41.477,,6
2024-09-19 15:36:41.524,417.97372558735617,97
2024-09-19 15:36:41.560,417.9638248126785,9
2024-09-19 15:36:41.611,417.95321087018607,1004
2024-09-19 15:36:41.623,417.9389651393211,1002
2024-09-19 15:36:41.646,417.9810761743354,6
2024-09-19 15:36:41.802,417.9836474158936,102
2024-09-19 15:36:41.831,417.9678699720945,98
2024-09-19 15:36:41.855,417.9576530971792,105
2024-09-19 15:36:41.856,417.95062301277113,1000
2024-09-19 15:36:41.860,417.96221133967896,1000
2024-09-19 15:36:41.928,417.9484881626777,1000
2024-09-19 15:36:41.961,417.9548071148611,996
2024-09-19 15:36:42.058,417.9765265824069,997
2024-09-19 15:36:42.171,418.02706216409774,1001
2024-09-19 15:36:42.458,417.99953661866647,6
2024-09-19 15:36:42.469,417.9810451367378,103
2024-09-19 15:36:42.507,418.033167481702,996
2024-09-19 15:36:42.574,418.0163186579213,9
2024-09-19 15:36:42.574,417.9872103213855,11
2024-09-19 15:36:42.634,417.9830885429703,104
2024-09-19 15:36:42.767,418.0105336390861,96
2024-09-19 15:36:42.959,418.0075505145514,998
2024-09-19 15:36:42.991,417.9701197299962,15
2024-09-19 15:36:43.237,418.04111057362167,997
2024-09-19 15:36:43.268,418.0151844305192,12
2024-09-19 15:36:43.286,418.0834266821833,13
2024-09-19 15:36:43.336,418.0669740128884,14
2024-09-19 15:36:43.434,418.0356532996989,13
2024-09-19 15:36:43.588,418.0338641973669,96
2024-09-19 15:36:43.642,418.030172396733,1005
2024-09-19 15:36:43.694,418.02316059239433,1005
2024-09-19 15:36:43.883,418.01595732444974,6
2024-09-19 15:36:43.893,418.0216974325852,99
2024-09-19 15:36:43.978,418.0424034800932,11
2024-09-19 15:36:44.009,418.0945039044696,13
2024-09-19 15:36:44.057,418.1048727520693,97
2024-09-19 15:36:44.410,418.0916206061381,5
2024-09-19 15:36:44.426,418.0891660313512,995
2024-09-19 15:36:44.493,418.12012934047056,96
2024-09-19 15:36:44.595,418.1021645297478,5
2024-09-19 15:36:44.631,418.0859744226437,1000
2024-09-19 15:36:44.802,418.0677294357344,15
2024-09-19 15:36:44.816,418.0985119453048,102
2024-09-19 15:36:44.852,418.1283433770914,995
2024-09-19 15:36:44.958,418.1085415495684,15
2024-09-19 15:36:44.994,418.0855914009777,6
2024-09-19 15:36:45.056,418.14044612545,995
2024-09-19 15:36:45.195,418.1299134721292,96
2024-09-19 15:36:45.234,418.1345314695856,7
2024-09-19 15:36:45.412,418.1170891771332,99
2024-09-19 15:36:45.543,420.01522251708576,15
2024-09-19 15:36:45.931,418.14635492817087,102
2024-09-19 15:36:45.938,418.09953459102417,104
2024-09-19 15:36:46.082,418.13505893840806,13
2024-09-19 15:36:46.148,418.1552080795487,999
2024-09-19 15:36:46.242,418.1165951526131,13
2024-09-19 15:36:46.350,418.1692906169368,98
2024-09-19 15:36:46.439,418.1773034157939,9
2024-09-19 15:36:46.639,418.1574741081273,998
2024-09-19 15:36:46.646,418.157052381692,10
2024-09-19 15:36:46.691,418.14662743033546,1004
2024-09-19 15:36:46.735,418.1582338169548,1001
2024-09-19 15:36:46.736,418.1556237554079,11
2024-09-19 15:36:46.834,418.1528922374409,9
2024-09-19 15:36:46.842,418.1490158445841,7
2024-09-19 15:36:46.865,418.144073083209,97
2024-09-19 15:36:46.917,418.1538282279884,105
2024-09-19 15:36:46.966,418.16114022301616,6
2024-09-19 15:36:47.004,418.162919915645,9
2024-09-19 15:36:47.032,418.1930544017428,9
2024-09-19 15:36:47.041,418.2012082544056,100
2024-09-19 15:36:47.067,418.18502807022486,97
2024-09-19 15:36:47.126,418.17653312808335,15
2024-09-19 15:36:47.235,418.1877503468483,103
2024-09-19 15:36:47.255,418.1633654965171,97
2024-09-19 15:36:47.557,418.1939667251434,100
2024-09-19 15:36:47.566,418.1736777447244,996
2024-09-19 15:36:47.641,418.1635207160692,11
2024-09-19 15:36:47.729,418.17288047200736,101
2024-09-19 15:36:47.829,418.1667729184069,998
2024-09-19 15:36:47.857,418.1693934984592,14
2024-09-19 15:36:47.881,418.1860199885785,10
2024-09-19 15:36:47.932,418.1834855578472,8
2024-09-19 15:36:47.978,418.16795936615085,102
2024-09-19 15:36:48.083,418.2714138671107,103
2024-09-19 15:36:48.086,418.2360178757991,102
2024-09-19 15:36:48.376,418.2560330382343,995
2024-09-19 15:36:48.752,418.263389477457,15
2024-09-19 15:36:48.842,418.2663533620192,105
2024-09-19 15:36:48.889,418.2269478543151,9
2024-09-19 15:36:48.893,418.20190626720887,95
2024-09-19 15:36:49.106,418.2573203034679,999
2024-09-19 15:36:49.221,418.27488178596445,1001
2024-09-19 15:36:49.332,418.2627821724384,11
2024-09-19 15:36:49.362,418.2759806527917,9
2024-09-19 15:36:49.500,418.2758878993724,12
2024-09-19 15:36:49.503,418.26274025845805,5
2024-09-19 15:36:49.515,418.2655225309787,996
2024-09-19 15:36:49.550,418.2674598582422,995
2024-09-19 15:36:49.591,418.2873613315047,101
2024-09-19 15:36:49.654,418.2559086100512,104
2024-09-19 15:36:49.665,418.256945135902,1005
2024-09-19 15:36:49.703,418.271915804729,10
2024-09-19 15:36:49.930,418.25587929239424,1001
2024-09-19 15:36:50.069,418.3021374150701,6
2024-09-19 15:36:50.122,418.3006931347524,1004
2024-09-19 15:36:50.124,418.3358154946232,101
2024-09-19 15:36:50.143,418.3522143743762,95
2024-09-19 15:36:50.193,418.34113225830606,11
2024-09-19 15:36:50.196,418.30332816981127,7
2024-09-19 15:36:50.283,418.3444146416093,12
2024-09-19 15:36:50.323,418.2907985809467,1005
2024-09-19 15:36:50.415,418.3495994758768,1005
2024-09-19 15:36:50.419,418.32976717814927,11
2024-09-19 15:36:50.420,418.3443699411442,103
2024-09-19 15:36:50.425,418.3257665294344,996
2024-09-19 15:36:50.432,418.28900277392825,1004
2024-09-19 15:36:50.460,418.3597670071249,5
2024-09-19 15:36:50.473,418.3018692899845,1005
2024-09-19 15:36:50.484,418.3015741236854,1005
2024-09-19 15:36:50.502,418.3528756917486,1001
2024-09-19 15:36:50.529,418.3426055302627,996
2024-09-19 15:36:50.568,418.327163442208,1005
2024-09-19 15:36:50.640,418.3235498264984,998
2024-09-19 15:36:50.659,418.30209642653415,10
2024-09-19 15:36:50.673,418.30045994434585,96
2024-09-19 15:36:50.688,418.3157668977799,100
2024-09-19 15:36:50.738,418.3004842446735,7
2024-09-19 15:36:50.763,418.3471778372139,11
2024-09-19 15:36:50.837,,13
2024-09-19 15:36:50.930,418.31876009688966,998
2024-09-19 15:36:50.947,418.3242459396265,1003
2024-09-19 15:36:51.025,418.3375051794461,104
2024-09-19 15:36:51.086,418.293861419584,998
2024-09-19 15:36:51.088,418.3186978351525,6
2024-09-19 15:36:51.294,418.3272573420765,5
2024-09-19 15:36:51.555,418.330497755209,102
2024-09-19 15:36:51.562,418.270921298138,97
2024-09-19 15:36:51.620,418.3126386228812,7
2024-09-19 15:36:51.622,418.2788514976251,1003
2024-09-19 15:36:52.103,418.2727248760239,105
2024-09-19 15:36:52.119,418.29035186722206,1005
2024-09-19 15:36:52.456,418.286615556292,8
2024-09-19 15:36:52.831,418.2892131690252,101
2024-09-19 15:36:52.920,418.29049014752377,1004
2024-09-19 15:36:53.003,418.2628593252848,104
2024-09-19 15:36:53.070,,999
2024-09-19 15:36:53.086,418.3196316092706,100
2024-09-19 15:36:53.107,418.2735797880966,6
2024-09-19 15:36:53.108,418.2668487108059,105
2024-09-19 15:36:53.130,418.3120100065288,1002
2024-09-19 15:36:53.163,,102
2024-09-19 15:36:53.183,418.2578495456314,98
2024-09-19 15:36:53.209,418.2514175698351,996
2024-09-19 15:36:53.212,418.2832120590567,98
2024-09-19 15:36:53.229,418.3132003122295,9
2024-09-19 15:36:53.259,-418.2832868957817,996
2024-09-19 15:36:53.314,418.31460670002105,96
2024-09-19 15:36:53.334,418.29218293650285,15
2024-09-19 15:36:53.385,418.2712338053374,13
2024-09-19 15:36:53.449,418.2793315292677,97
2024-09-19 15:36:53.469,418.2892264806193,1001
2024-09-19 15:36:53.486,418.2806625506706,997
2024-09-19 15:36:53.499,418.2853227526976,15
2024-09-19 15:36:53.592,418.3316410480031,9
2024-09-19 15:36:53.654,418.3031904929698,10
2024-09-19 15:36:53.817,418.24737590407926,102
2024-09-19 15:36:53.867,418.2647836247932,102
2024-09-19 15:36:53.954,418.2603603434887,96
2024-09-19 15:36:54.016,418.24202875407326,1000
2024-09-19 15:36:54.028,418.2311348100065,1001
2024-09-19 15:36:54.129,418.1744587614365,7
2024-09-19 15:36:54.152,418.1766130226183,15
2024-09-19 15:36:54.321,418.2624024781586,7
2024-09-19 15:36:54.378,418.2060293359588,7
2024-09-19 15:36:54.440,418.2068311556686,1005
2024-09-19 15:36:54.461,418.2132621790121,103
2024-09-19 15:36:54.468,418.2205569415464,999
2024-09-19 15:36:54.476,418.26781628527374,11
2024-09-19 15:36:54.500,418.1915403194022,98
2024-09-19 15:36:54.502,418.21813555753664,103
2024-09-19 15:36:54.519,418.2360749916639,9
2024-09-19 15:36:54.528,418.2471712460559,8
2024-09-19 15:36:54.555,418.1965239203478,102
2024-09-19 15:36:54.597,418.2069266638174,7
2024-09-19 15:36:54.607,418.2595541665572,98
2024-09-19 15:36:54.665,418.2546764096368,95
2024-09-19 15:36:54.713,418.2346352403015,6
2024-09-19 15:36:54.732,418.24503351434464,12
2024-09-19 15:36:54.805,418.18446706058114,999
2024-09-19 15:36:54.806,418.2160766495409,100
2024-09-19 15:36:54.909,418.1880924722259,15
2024-09-19 15:36:54.930,418.2691336224072,98
2024-09-19 15:36:54.943,418.2048951249226,1004
2024-09-19 15:36:54.966,418.218132850868,1000
2024-09-19 15:36:54.972,418.2181462132171,1001
2024-09-19 15:36:54.983,418.2657323782898,97
2024-09-19 15:36:55.928,419.86679135952494,1004
2024-09-19 15:36:56.006,418.1593036385793,6
2024-09-19 15:36:56.122,419.873899664731,11
2024-09-19 15:36:56.302,418.19606895276246,995
2024-09-19 15:36:56.302,418.20168048058,8
2024-09-19 15:36:56.313,418.2069169744645,5
2024-09-19 15:36:56.406,-418.2087518067696,996
2024-09-19 15:36:56.457,418.1442733306792,7
2024-09-19 15:36:56.469,418.205219302768,999
2024-09-19 15:36:56.528,419.8611577526232,6
2024-09-19 15:36:56.542,418.2071304177081,105
2024-09-19 15:36:56.551,418.2355607121659,103
2024-09-19 15:36:56.575,418.1869030783789,105
2024-09-19 15:36:56.610,418.1896723067752,105
2024-09-19 15:36:56.621,418.1521318811877,97
2024-09-19 15:36:56.639,418.1367047242984,5
2024-09-19 15:36:56.644,418.1947314561628,9
2024-09-19 15:36:56.648,418.1272203560142,997
2024-09-19 15:36:56.670,418.1991225038191,97
2024-09-19 15:36:56.685,418.150793367005,1005
2024-09-19 15:36:56.704,418.2145158157038,999
2024-09-19 15:36:56.815,418.1906549795928,1002
2024-09-19 15:36:56.835,418.159180247645,1000
2024-09-19 15:36:56.869,418.1987689460772,14
2024-09-19 15:36:56.876,418.1497404878811,995
2024-09-19 15:36:56.945,418.1703049639527,7
2024-09-19 15:36:57.013,418.2229790602386,14
2024-09-19 15:36:57.038,418.20451257193935,1003
2024-09-19 15:36:57.053,418.1847039249208,105
2024-09-19 15:36:57.053,418.1442992598608,999
2024-09-19 15:36:57.076,418.2061065071263,100
2024-09-19 15:36:57.207,418.18207374729343,102
2024-09-19 15:36:57.274,418.2409282412871,7
2024-09-19 15:36:57.334,418.17561683266433,996
2024-09-19 15:36:57.384,418.1495391061008,96
2024-09-19 15:36:57.416,418.21491867986526,95
2024-09-19 15:36:57.523,418.1788073705122,103
2024-09-19 15:36:57.539,418.1288119242917,1005
2024-09-19 15:36:57.584,418.22387907491407,996
2024-09-19 15:36:57.609,418.200920551264,1001
2024-09-19 15:36:57.630,418.1817764918838,5
2024-09-19 15:36:57.647,418.1968147498081,98
2024-09-19 15:36:57.680,418.2173480681226,98
2024-09-19 15:36:57.704,418.21769424026166,1002
2024-09-19 15:36:57.720,418.2298420584062,5
2024-09-19 15:36:57.892,418.10913919151,13
2024-09-19 15:36:57.910,41.81020010314992,105
2024-09-19 15:36:58.032,418.099514433801,6
2024-09-19 15:36:58.080,418.1178280364704,997
2024-09-19 15:36:58.098,418.1150797702857,999
2024-09-19 15:36:58.162,418.1131154005123,1005
2024-09-19 15:36:58.199,,5
2024-09-19 15:36:58.257,418.1243969020725,998
2024-09-19 15:36:58.361,418.1429656296967,1005
2024-09-19 15:36:58.414,418.12683398450974,104
2024-09-19 15:36:58.418,418.1095239351618,102
2024-09-19 15:36:58.447,418.1179181308766,12
2024-09-19 15:36:58.474,418.1267432884748,105
2024-09-19 15:36:58.532,418.1170575767368,101
2024-09-19 15:36:58.551,418.1303436138981,12
2024-09-19 15:36:58.713,418.1238088291177,15
2024-09-19 15:36:58.730,418.1326813657839,1004
2024-09-19 15:36:58.731,418.1231062980706,13
2024-09-19 15:36:58.775,418.1181711210982,998
2024-09-19 15:36:58.789,418.1332335959684,96
2024-09-19 15:36:58.801,418.1276671709138,1004
2024-09-19 15:36:58.847,418.1411161635059,11
2024-09-19 15:36:58.897,418.1286854414411,1001
2024-09-19 15:36:58.902,418.1418351177572,102
2024-09-19 15:36:58.903,418.114777793542,100
2024-09-19 15:36:58.928,418.1115550679491,99
2024-09-19 15:36:59.077,418.15052879179126,5
2024-09-19 15:36:59.122,418.23912008780746,1002
2024-09-19 15:36:59.232,418.1697443076652,95
2024-09-19 15:36:59.266,418.1636192548827,101
2024-09-19 15:36:59.378,418.20360277259925,1004
2024-09-19 15:36:59.391,418.23090609039343,998
2024-09-19 15:36:59.421,418.2466343577928,998
2024-09-19 15:36:59.493,418.1759901919757,14
2024-09-19 15:36:59.537,,1003
2024-09-19 15:36:59.547,418.1861739385036,8
2024-09-19 15:36:59.558,418.2251142710805,100
2024-09-19 15:36:59.579,418.1472572235331,1003
2024-09-19 15:36:59.593,418.162677800524,11
2024-09-19 15:36:59.607,418.16879472570105,103
2024-09-19 15:36:59.638,418.23931905676216,14
2024-09-19 15:36:59.670,418.24426625353306,5
2024-09-19 15:36:59.712,418.2303705725578,11
2024-09-19 15:36:59.723,418.2443918977032,7
2024-09-19 15:36:59.728,418.20647643042537,1000
2024-09-19 15:36:59.753,418.1368978126144,8
2024-09-19 15:36:59.769,418.2341655705915,1000
2024-09-19 15:36:59.901,418.1668789698676,995
2024-09-19 15:36:59.942,418.14955280809465,13
2024-09-19 15:36:59.984,418.1940356094237,98
