Timestamp,Price,Size
2024-09-19 10:33:00.056,-420.093627025964,998
2024-09-19 10:33:00.162,419.9894969369469,7
2024-09-19 10:33:00.185,420.0915219326381,5
2024-09-19 10:33:00.240,420.022202717169,103
2024-09-19 10:33:00.452,420.0247468085033,1005
2024-09-19 10:33:00.493,420.00984238855614,7
2024-09-19 10:33:00.498,420.06686020734736,999
2024-09-19 10:33:00.499,420.0577889086336,11
2024-09-19 10:33:00.527,420.0090868123688,15
2024-09-19 10:33:00.532,420.0656584814459,5
2024-09-19 10:33:00.614,420.03297658410986,1002
2024-09-19 10:33:00.618,420.02012627341,13
2024-09-19 10:33:00.718,420.01784310473306,100
2024-09-19 10:33:00.726,420.0046796997894,997
2024-09-19 10:33:00.859,420.07467358082965,14
2024-09-19 10:33:00.878,420.0128385667709,8
2024-09-19 10:33:00.914,420.0347125786624,102
2024-09-19 10:33:00.945,420.0064228769335,99
2024-09-19 10:33:01.081,420.03137286337983,10
2024-09-19 10:33:01.146,-420.06622598794434,1001
2024-09-19 10:33:01.158,420.036376079383,10
2024-09-19 10:33:01.265,420.0194761093693,10
2024-09-19 10:33:01.366,420.0767519696277,6
2024-09-19 10:33:01.373,420.0339241782888,13
2024-09-19 10:33:01.408,420.0158996855477,1004
2024-09-19 10:33:01.418,420.0400621154102,102
2024-09-19 10:33:01.508,42.00364181836781,999
2024-09-19 10:33:01.512,420.03145115749504,1004
2024-09-19 10:33:01.539,420.0534042202562,1005
2024-09-19 10:33:01.544,420.0328772472227,998
2024-09-19 10:33:01.622,420.046702173145,6
2024-09-19 10:33:01.638,420.06837923293904,12
2024-09-19 10:33:01.656,420.03101098357206,102
2024-09-19 10:33:01.660,420.07181624931246,9
2024-09-19 10:33:01.733,420.0429005511841,7
2024-09-19 10:33:01.735,420.0247354451116,999
2024-09-19 10:33:01.744,420.0240866844615,1005
2024-09-19 10:33:01.772,420.0833087395,7
2024-09-19 10:33:01.834,420.0617197350797,14
2024-09-19 10:33:01.889,420.0575895508391,101
2024-09-19 10:33:01.906,420.0181476003435,1000
2024-09-19 10:33:01.915,420.0275806931277,1000
2024-09-19 10:33:01.922,420.0104119222506,97
2024-09-19 10:33:01.935,420.02364518948144,97
2024-09-19 10:33:02.090,420.0117786635142,10
2024-09-19 10:33:02.118,420.0658911931016,13
2024-09-19 10:33:02.166,420.0974972680363,102
2024-09-19 10:33:02.179,420.0128885210212,7
2024-09-19 10:33:02.234,420.07583517466594,6
2024-09-19 10:33:02.255,420.0824396696533,997
2024-09-19 10:33:02.285,420.0603189934172,999
2024-09-19 10:33:02.291,420.0474295099359,105
2024-09-19 10:33:02.394,420.06908019322526,95
2024-09-19 10:33:02.432,420.10319078923646,15
2024-09-19 10:33:02.432,420.0345492188286,105
2024-09-19 10:33:02.455,420.0803610910817,1003
2024-09-19 10:33:02.461,420.1076519960563,102
2024-09-19 10:33:02.518,420.06956836731314,11
2024-09-19 10:33:02.519,420.082344542125,5
2024-09-19 10:33:02.538,420.0310920109145,15
2024-09-19 10:33:02.549,420.0814067466098,98
2024-09-19 10:33:02.552,420.057319364188,5
2024-09-19 10:33:02.556,420.0294176255023,10
2024-09-19 10:33:02.658,420.11298895779447,96
2024-09-19 10:33:02.764,420.08002326710096,95
2024-09-19 10:33:02.777,420.0661270672857,6
2024-09-19 10:33:02.816,420.1066037238946,14
2024-09-19 10:33:02.841,420.01744669115146,1001
2024-09-19 10:33:02.849,420.0497782323429,15
2024-09-19 10:33:02.913,-420.06113752747785,997
2024-09-19 10:33:02.956,420.0989035610916,1003
2024-09-19 10:33:02.984,420.0579840302483,14
2024-09-19 10:33:02.997,420.0397884404865,10
2024-09-19 10:33:03.007,420.07700966618495,6
2024-09-19 10:33:03.056,420.052421696396,14
2024-09-19 10:33:03.120,420.0434748588256,998
2024-09-19 10:33:03.121,420.0588767294776,101
2024-09-19 10:33:03.318,420.0279754498282,10
2024-09-19 10:33:03.322,420.0748734992771,1001
2024-09-19 10:33:03.365,420.06852015058496,98
2024-09-19 10:33:03.567,420.04499314981945,10
2024-09-19 10:33:03.611,420.0946449992268,104
2024-09-19 10:33:03.758,420.0476563630465,1001
2024-09-19 10:33:03.826,420.0851983147329,99
2024-09-19 10:33:03.970,420.0432796182936,997
2024-09-19 10:33:03.990,420.0314525851192,996
2024-09-19 10:33:04.014,420.1031253980966,1002
2024-09-19 10:33:04.039,,95
2024-09-19 10:33:04.051,420.09932282756057,105
2024-09-19 10:33:04.065,420.0777978250808,1000
2024-09-19 10:33:04.075,420.0809821926492,995
2024-09-19 10:33:04.297,420.08486123081343,11
2024-09-19 10:33:04.302,420.0808032418837,98
2024-09-19 10:33:04.314,420.07289534347257,104
2024-09-19 10:33:04.361,420.08258915844937,101
2024-09-19 10:33:04.639,420.0437552310007,104
2024-09-19 10:33:04.639,420.02302873631936,100
2024-09-19 10:33:04.663,420.1289319040738,998
2024-09-19 10:33:04.699,420.0946347923088,97
2024-09-19 10:33:04.735,420.0905039137316,100
2024-09-19 10:33:04.759,420.1445505382549,998
2024-09-19 10:33:04.787,420.1437237512917,1005
2024-09-19 10:33:04.891,420.0883375462472,8
2024-09-19 10:33:04.961,420.0189728159653,1000
2024-09-19 10:33:05.594,420.14167046790607,1002
2024-09-19 10:33:05.715,420.1524391372437,12
2024-09-19 10:33:06.025,420.0906424140848,15
2024-09-19 10:33:06.057,420.14635104599415,14
2024-09-19 10:33:06.082,420.1249200007053,13
2024-09-19 10:33:06.083,420.1377701106986,6
2024-09-19 10:33:06.149,420.1239919274385,1002
2024-09-19 10:33:06.307,420.1284540074836,999
2024-09-19 10:33:06.308,420.0975221668492,1003
2024-09-19 10:33:06.353,420.1096989079872,997
2024-09-19 10:33:06.381,420.1178714728629,999
2024-09-19 10:33:06.424,420.1312834620956,995
2024-09-19 10:33:06.456,420.1389683229031,10
2024-09-19 10:33:06.486,420.1201145384829,996
2024-09-19 10:33:06.501,420.1329172602949,5
2024-09-19 10:33:06.586,420.11627375485153,999
2024-09-19 10:33:06.634,420.12869836152345,13
2024-09-19 10:33:06.692,420.12534703550654,8
2024-09-19 10:33:06.733,420.1237146479807,995
2024-09-19 10:33:06.838,420.1188190922626,101
2024-09-19 10:33:06.866,420.1274643086311,995
2024-09-19 10:33:07.048,420.11351984429245,98
2024-09-19 10:33:07.083,420.1332109655448,14
2024-09-19 10:33:07.167,420.1136088031013,8
2024-09-19 10:33:07.183,420.11228451084975,13
2024-09-19 10:33:07.184,420.1397499439529,1005
2024-09-19 10:33:07.230,420.13010403288143,96
2024-09-19 10:33:07.364,420.1311008426092,997
2024-09-19 10:33:07.443,420.1175991195629,996
2024-09-19 10:33:07.701,420.1330513999931,100
2024-09-19 10:33:07.738,420.124635299052,6
2024-09-19 10:33:07.780,-420.11078568692,996
2024-09-19 10:33:07.786,420.10302958542354,14
2024-09-19 10:33:07.794,420.1238225534899,1000
2024-09-19 10:33:07.796,420.1339380112264,102
2024-09-19 10:33:07.901,420.1030964863852,101
2024-09-19 10:33:07.915,420.0902349311995,8
2024-09-19 10:33:07.991,420.1425790623731,15
2024-09-19 10:33:07.994,420.1275144148216,98
2024-09-19 10:33:08.008,420.0875284904493,1004
2024-09-19 10:33:08.023,420.1263161288564,9
2024-09-19 10:33:08.296,420.05561945526233,998
2024-09-19 10:33:08.363,420.07023256225904,998
2024-09-19 10:33:08.370,420.1187288444179,8
2024-09-19 10:33:08.428,420.11738531127935,13
2024-09-19 10:33:08.478,420.0886736705402,997
2024-09-19 10:33:08.484,420.05689122239744,8
2024-09-19 10:33:08.485,420.13900317149535,5
2024-09-19 10:33:08.535,420.10412804021087,12
2024-09-19 10:33:08.681,420.129484134856,998
2024-09-19 10:33:08.728,420.14600178054377,14
2024-09-19 10:33:08.740,420.1129981126412,1000
2024-09-19 10:33:08.786,420.1228693840066,102
2024-09-19 10:33:08.859,420.10322388600827,99
2024-09-19 10:33:09.032,420.131722108282,9
2024-09-19 10:33:09.056,420.10667142494697,105
2024-09-19 10:33:09.083,42.0095955271718,6
2024-09-19 10:33:09.091,420.1415567746682,99
2024-09-19 10:33:09.160,420.0728105611575,995
2024-09-19 10:33:09.166,420.0531124661039,105
2024-09-19 10:33:09.214,420.1200767644,7
2024-09-19 10:33:09.312,420.1331805025405,11
2024-09-19 10:33:09.428,420.0737856989914,14
2024-09-19 10:33:09.497,420.1080539743394,6
2024-09-19 10:33:09.585,420.125403726475,11
2024-09-19 10:33:09.621,420.0180326972159,996
2024-09-19 10:33:09.658,420.1304843859288,1000
2024-09-19 10:33:09.670,420.1297923043285,997
2024-09-19 10:33:09.731,420.1271629818998,95
2024-09-19 10:33:09.762,420.1175184129941,99
2024-09-19 10:33:09.796,420.0992849852326,105
2024-09-19 10:33:09.802,420.109327747962,101
2024-09-19 10:33:09.805,420.0972028366308,95
2024-09-19 10:33:09.808,420.10975664250384,10
2024-09-19 10:33:09.834,420.0700270275279,96
2024-09-19 10:33:09.854,420.1207262251113,998
2024-09-19 10:33:09.875,420.07963688689983,999
2024-09-19 10:33:10.007,420.0472980323733,1005
2024-09-19 10:33:10.106,420.0353786443875,14
2024-09-19 10:33:10.136,420.0393870806655,8
2024-09-19 10:33:10.184,420.0622420484754,1003
2024-09-19 10:33:10.243,420.03783988650974,100
2024-09-19 10:33:10.293,,13
2024-09-19 10:33:10.363,420.01220110157954,5
2024-09-19 10:33:10.384,420.0366825734918,1001
2024-09-19 10:33:10.475,420.0613088482524,6
2024-09-19 10:33:10.485,420.0385045894926,6
2024-09-19 10:33:10.501,420.0777350479511,998
2024-09-19 10:33:10.511,420.0376523081617,12
2024-09-19 10:33:10.544,420.0154266099056,997
2024-09-19 10:33:10.569,420.0279835524621,1004
2024-09-19 10:33:10.584,420.037182893822,102
2024-09-19 10:33:10.596,420.07425829164816,1005
2024-09-19 10:33:10.606,420.0336175150227,5
2024-09-19 10:33:10.655,420.0886454733442,998
2024-09-19 10:33:10.665,420.0481264117852,9
2024-09-19 10:33:10.669,420.0530759919486,105
2024-09-19 10:33:10.714,420.0661970110353,995
2024-09-19 10:33:10.750,420.0658758966054,8
2024-09-19 10:33:10.758,420.0310189606043,98
2024-09-19 10:33:10.759,420.0760699299818,1001
2024-09-19 10:33:10.790,420.052682741674,6
2024-09-19 10:33:10.814,420.049030173106,996
2024-09-19 10:33:10.826,420.05981058065146,999
2024-09-19 10:33:10.848,420.0635270887996,1003
2024-09-19 10:33:10.856,420.0726276939191,101
2024-09-19 10:33:10.888,420.0110429284517,13
2024-09-19 10:33:11.081,420.0888751125842,1000
2024-09-19 10:33:11.130,420.1104639096769,999
2024-09-19 10:33:11.223,420.1035821801512,1000
2024-09-19 10:33:11.769,-420.0767419235659,104
2024-09-19 10:33:11.849,420.0975483935832,1001
2024-09-19 10:33:11.924,420.0689094196482,1005
2024-09-19 10:33:12.004,420.1111066204358,101
2024-09-19 10:33:12.015,42.01223662984077,95
2024-09-19 10:33:12.022,420.1643347998154,105
2024-09-19 10:33:12.120,420.1216837679551,1002
2024-09-19 10:33:12.197,420.1670912828391,6
2024-09-19 10:33:12.357,420.12452189471423,105
2024-09-19 10:33:12.377,420.153357487225,103
2024-09-19 10:33:12.544,420.1412863480174,1003
2024-09-19 10:33:12.626,42.012126517866335,105
2024-09-19 10:33:12.656,420.1275750556214,103
2024-09-19 10:33:12.741,420.1668051713439,102
2024-09-19 10:33:12.761,420.14434273523045,96
2024-09-19 10:33:12.842,420.1146438021904,1001
2024-09-19 10:33:12.847,420.1145203597716,1000
2024-09-19 10:33:12.862,420.1094173476029,101
2024-09-19 10:33:12.897,420.11927127525536,97
2024-09-19 10:33:13.075,420.1237041576076,102
2024-09-19 10:33:13.082,420.1385346108317,1001
2024-09-19 10:33:13.429,420.1343470530044,996
2024-09-19 10:33:13.493,42.01451249919109,96
2024-09-19 10:33:13.673,420.1412396323476,101
2024-09-19 10:33:13.716,,1005
2024-09-19 10:33:13.848,420.1513399050339,5
2024-09-19 10:33:14.002,420.1558737516668,10
2024-09-19 10:33:14.088,420.1653183669307,1001
2024-09-19 10:33:14.139,420.1641088277136,10
2024-09-19 10:33:14.171,420.1766084437795,996
2024-09-19 10:33:14.198,420.16732637946376,8
2024-09-19 10:33:14.258,420.1487980412402,9
2024-09-19 10:33:14.277,420.1546858917187,10
2024-09-19 10:33:14.289,420.16467094476224,105
2024-09-19 10:33:14.339,420.1857891893491,14
2024-09-19 10:33:14.362,420.13447047018695,1002
2024-09-19 10:33:14.418,420.1634647615872,1002
2024-09-19 10:33:14.483,420.1398320923645,999
2024-09-19 10:33:14.588,420.15936453249606,9
2024-09-19 10:33:14.589,420.1723557676719,995
2024-09-19 10:33:14.730,420.1704029832771,95
2024-09-19 10:33:14.742,420.1607330017599,102
2024-09-19 10:33:14.765,420.159463042409,999
2024-09-19 10:33:14.817,420.1372193001597,10
2024-09-19 10:33:14.824,420.1570181306505,1005
2024-09-19 10:33:14.855,420.1820116380058,997
2024-09-19 10:33:14.895,420.1762219351268,1005
2024-09-19 10:33:14.909,420.1481213469998,1001
2024-09-19 10:33:14.911,420.1574211803287,14
2024-09-19 10:33:14.925,420.17249706107975,105
2024-09-19 10:33:14.927,420.13431314878846,997
2024-09-19 10:33:14.963,420.1664800670397,100
2024-09-19 10:33:15.018,420.19237358760506,7
2024-09-19 10:33:15.145,420.2180597236563,999
2024-09-19 10:33:15.198,420.16893027660126,10
2024-09-19 10:33:15.202,420.1494985101306,996
2024-09-19 10:33:15.213,420.1696147388139,998
2024-09-19 10:33:15.353,,996
2024-09-19 10:33:15.513,420.1717351590098,1005
2024-09-19 10:33:15.551,420.1627287912272,998
2024-09-19 10:33:15.783,420.168287747405,999
2024-09-19 10:33:15.821,420.1701593564411,95
2024-09-19 10:33:15.831,420.18717706446176,997
2024-09-19 10:33:15.876,420.1614093100313,6
2024-09-19 10:33:16.073,420.1858101762548,998
2024-09-19 10:33:16.150,420.189542568196,1003
2024-09-19 10:33:16.152,420.21068498821296,996
2024-09-19 10:33:16.176,420.2031333273808,8
2024-09-19 10:33:16.190,420.2187113287684,11
2024-09-19 10:33:16.291,420.18505923029625,1004
2024-09-19 10:33:16.334,420.19237938633165,15
2024-09-19 10:33:16.446,420.2076457143512,104
2024-09-19 10:33:16.447,420.2231550394122,1005
2024-09-19 10:33:16.463,420.17429808688246,97
2024-09-19 10:33:16.482,420.20813141005,12
2024-09-19 10:33:16.617,420.1832099994066,996
2024-09-19 10:33:16.647,420.18235414268696,15
2024-09-19 10:33:16.661,420.2162106641396,105
2024-09-19 10:33:16.668,420.21391008376514,1004
2024-09-19 10:33:16.743,420.22594091167366,13
2024-09-19 10:33:16.912,420.201807117139,1002
2024-09-19 10:33:18.035,420.3117374484797,1001
2024-09-19 10:33:18.093,420.2531253382659,95
2024-09-19 10:33:18.119,420.3250940725295,97
2024-09-19 10:33:18.135,420.22427234942944,9
2024-09-19 10:33:18.135,420.2440979328334,997
2024-09-19 10:33:18.155,420.26866355342617,102
2024-09-19 10:33:18.217,420.2992066018207,14
2024-09-19 10:33:18.249,420.2049501057119,8
2024-09-19 10:33:18.293,420.21464518127823,5
2024-09-19 10:33:18.412,420.3227363250948,6
2024-09-19 10:33:18.424,420.3331697578197,95
2024-09-19 10:33:18.507,420.3987631762386,9
2024-09-19 10:33:18.528,420.33332705649207,100
2024-09-19 10:33:18.538,420.2929807538148,6
2024-09-19 10:33:18.594,420.3051138245761,1002
2024-09-19 10:33:18.764,420.2617196270907,13
2024-09-19 10:33:18.774,420.19718181497694,15
2024-09-19 10:33:18.798,420.3363377235371,97
2024-09-19 10:33:18.832,420.3901768958127,104
2024-09-19 10:33:18.849,420.3888791997389,1002
2024-09-19 10:33:18.894,420.38290126934095,7
2024-09-19 10:33:18.957,420.2853003978912,6
2024-09-19 10:33:19.016,420.3577047760619,10
2024-09-19 10:33:19.064,420.3675330338404,8
2024-09-19 10:33:19.080,420.3562645723017,1005
2024-09-19 10:33:19.090,420.3483448127935,995
2024-09-19 10:33:19.105,420.34556547893175,6
2024-09-19 10:33:19.114,420.34032975823294,98
2024-09-19 10:33:19.173,420.34823696739625,1001
2024-09-19 10:33:19.213,420.3457857908639,9
2024-09-19 10:33:19.256,420.3466261165131,1004
2024-09-19 10:33:19.307,420.33864397850937,5
2024-09-19 10:33:19.321,420.3611371914927,95
2024-09-19 10:33:19.327,420.3791956536523,98
2024-09-19 10:33:19.372,420.351924765858,1005
2024-09-19 10:33:19.393,420.3760993350514,99
2024-09-19 10:33:19.417,420.3705986612005,1005
2024-09-19 10:33:19.423,420.3794878108284,98
2024-09-19 10:33:19.569,420.3928606626059,1005
2024-09-19 10:33:19.656,-420.3635526499232,5
2024-09-19 10:33:19.703,420.3591188163218,105
2024-09-19 10:33:19.715,420.3754839261507,95
2024-09-19 10:33:19.759,420.3599658659946,5
2024-09-19 10:33:19.805,420.3510578271176,6
2024-09-19 10:33:19.823,420.37080525421874,998
2024-09-19 10:33:19.858,420.34767890899207,1005
2024-09-19 10:33:19.865,420.3395332877591,97
2024-09-19 10:33:19.870,,5
2024-09-19 10:33:19.871,420.36438304944375,97
2024-09-19 10:33:19.881,420.3800521687166,105
2024-09-19 10:33:19.887,420.3389421097776,11
2024-09-19 10:33:19.988,420.3335169303018,9
2024-09-19 10:33:20.049,420.3178417507485,96
2024-09-19 10:33:20.145,420.3028198077634,10
2024-09-19 10:33:20.148,420.2771767471595,13
2024-09-19 10:33:20.256,420.2824199578155,97
2024-09-19 10:33:20.257,420.2831558247849,1005
2024-09-19 10:33:20.270,42.02788423961452,14
2024-09-19 10:33:20.339,420.2634847512292,1005
2024-09-19 10:33:20.362,420.2717762951194,7
2024-09-19 10:33:20.383,420.296024565624,99
2024-09-19 10:33:20.418,420.33128302940594,97
2024-09-19 10:33:20.449,420.25885017840943,11
2024-09-19 10:33:20.506,420.2882106655255,101
2024-09-19 10:33:20.648,420.26390211950775,100
2024-09-19 10:33:20.672,420.2531042988588,998
2024-09-19 10:33:20.675,420.2908848544178,96
2024-09-19 10:33:20.754,420.2881626830867,9
2024-09-19 10:33:20.828,420.2826825988319,1000
2024-09-19 10:33:20.956,420.2774992795592,1005
2024-09-19 10:33:20.960,420.2618446496233,99
2024-09-19 10:33:21.240,420.2641183968208,6
2024-09-19 10:33:21.361,420.29422472990086,100
2024-09-19 10:33:21.412,420.276115606992,1003
2024-09-19 10:33:21.536,420.2532697692977,98
2024-09-19 10:33:21.806,420.2565620948001,6
2024-09-19 10:33:22.021,420.2564752826672,1005
2024-09-19 10:33:22.028,420.2221425382147,998
2024-09-19 10:33:22.069,420.260672858786,995
2024-09-19 10:33:22.158,420.2522322247871,96
2024-09-19 10:33:22.393,420.2648291566112,12
2024-09-19 10:33:22.531,420.245614301298,11
2024-09-19 10:33:22.569,420.2620942871288,1002
2024-09-19 10:33:22.591,420.2349715165001,999
2024-09-19 10:33:22.643,420.2822343401016,96
2024-09-19 10:33:22.742,420.2392254938069,95
2024-09-19 10:33:22.872,420.2477332452032,95
2024-09-19 10:33:22.955,420.2473254225956,96
2024-09-19 10:33:24.033,420.1075764561605,98
2024-09-19 10:33:24.065,420.17849636884415,97
2024-09-19 10:33:24.078,420.22266798606034,7
2024-09-19 10:33:24.090,420.13728521462446,12
2024-09-19 10:33:24.140,420.0648584965406,5
2024-09-19 10:33:24.160,420.1218414903337,1004
2024-09-19 10:33:24.166,420.209495362809,101
2024-09-19 10:33:24.376,420.1051894984299,1005
2024-09-19 10:33:24.414,420.1196658243401,1003
2024-09-19 10:33:24.494,420.141218006926,15
2024-09-19 10:33:24.593,420.2260574057457,105
2024-09-19 10:33:24.632,420.1950410661928,12
2024-09-19 10:33:24.649,420.1343681132379,6
2024-09-19 10:33:24.658,420.13377771708326,999
2024-09-19 10:33:24.680,420.09707478590434,104
2024-09-19 10:33:24.706,420.1287659306848,103
2024-09-19 10:33:24.794,420.1930970018743,997
2024-09-19 10:33:24.854,420.0400794718332,12
2024-09-19 10:33:25.107,420.0432386698213,104
2024-09-19 10:33:25.306,420.0530728453667,1000
2024-09-19 10:33:25.414,420.0334403634643,10
2024-09-19 10:33:25.530,420.0172912531883,9
2024-09-19 10:33:25.751,420.0089625161074,99
2024-09-19 10:33:25.889,420.0247029432093,6
2024-09-19 10:33:26.072,420.0498960375936,13
2024-09-19 10:33:26.095,420.0362945937336,7
2024-09-19 10:33:26.152,420.0398072182395,14
2024-09-19 10:33:26.181,419.9924649870679,13
2024-09-19 10:33:26.189,420.0403900853934,6
2024-09-19 10:33:26.282,420.0022951566475,104
2024-09-19 10:33:26.313,420.0111475851693,12
2024-09-19 10:33:26.334,420.006694582115,1003
2024-09-19 10:33:26.358,420.0557335407244,9
2024-09-19 10:33:26.362,419.9945311209152,101
2024-09-19 10:33:26.386,420.0177563360031,99
2024-09-19 10:33:26.396,419.9856354774054,100
2024-09-19 10:33:26.404,419.9968322146052,100
2024-09-19 10:33:26.418,420.00698893090754,995
2024-09-19 10:33:26.466,419.9930308295242,1005
2024-09-19 10:33:26.580,420.025261886002,6
2024-09-19 10:33:26.581,420.0039958426728,999
2024-09-19 10:33:26.645,420.0147449285181,100
2024-09-19 10:33:26.829,419.996206266317,1003
2024-09-19 10:33:26.947,420.0582923711792,1000
2024-09-19 10:33:26.948,420.0510680471028,99
2024-09-19 10:33:26.964,420.074563005494,96
2024-09-19 10:33:27.000,419.9545959596565,101
2024-09-19 10:33:27.009,419.983196662712,998
2024-09-19 10:33:27.010,419.9874768994483,103
2024-09-19 10:33:27.010,419.9545903627395,97
2024-09-19 10:33:27.072,419.9086704740946,9
2024-09-19 10:33:27.102,419.9975942628111,97
2024-09-19 10:33:27.171,419.9620212726276,1002
2024-09-19 10:33:27.219,419.9464256863561,100
2024-09-19 10:33:27.236,419.9734665100317,104
2024-09-19 10:33:27.256,419.99196145893546,1001
2024-09-19 10:33:27.310,420.00128660131867,995
2024-09-19 10:33:27.415,419.9870121175728,96
2024-09-19 10:33:27.491,419.9277260220752,996
2024-09-19 10:33:27.520,,998
2024-09-19 10:33:27.535,419.9496865691232,5
2024-09-19 10:33:27.567,419.9522244663206,1001
2024-09-19 10:33:27.638,419.9568701423629,10
2024-09-19 10:33:27.716,419.9584811411434,102
2024-09-19 10:33:27.754,419.8768639741668,999
2024-09-19 10:33:27.785,419.95149552546326,12
2024-09-19 10:33:27.805,419.89358542750927,15
2024-09-19 10:33:27.831,419.9371771447644,11
2024-09-19 10:33:27.865,419.9675530109672,1001
2024-09-19 10:33:27.880,419.9773559576818,96
2024-09-19 10:33:27.899,419.8718674955101,999
2024-09-19 10:33:27.910,419.9553935105109,9
2024-09-19 10:33:28.012,419.897084249099,998
2024-09-19 10:33:28.022,,12
2024-09-19 10:33:28.029,419.8874056610607,96
2024-09-19 10:33:28.052,419.90655800985513,1002
2024-09-19 10:33:28.084,419.895090772434,7
2024-09-19 10:33:28.231,419.8982614684153,105
2024-09-19 10:33:28.267,419.8982385091796,998
2024-09-19 10:33:28.417,419.91528142632455,995
2024-09-19 10:33:28.436,419.89654404619984,13
2024-09-19 10:33:28.451,419.8943600027706,96
2024-09-19 10:33:28.490,419.9188202932282,10
2024-09-19 10:33:28.502,419.8760956036721,105
2024-09-19 10:33:28.529,419.8950559359483,1002
2024-09-19 10:33:28.602,419.9190586569319,1002
2024-09-19 10:33:28.602,419.8674097039441,1003
2024-09-19 10:33:28.703,419.9113009624591,5
2024-09-19 10:33:28.790,419.9101357177785,995
2024-09-19 10:33:28.839,419.8898262698924,996
2024-09-19 10:33:28.845,419.903901319354,12
2024-09-19 10:33:28.885,419.87915776647054,103
2024-09-19 10:33:28.914,419.8990610825814,103
2024-09-19 10:33:28.986,419.9032719578873,5
2024-09-19 10:33:28.993,419.9053287979893,9
2024-09-19 10:33:29.023,419.951601411524,1003
2024-09-19 10:33:29.068,419.90558236269584,12
2024-09-19 10:33:29.173,419.9479351806668,102
2024-09-19 10:33:29.320,419.9368794400094,10
2024-09-19 10:33:29.332,419.9467229667388,102
2024-09-19 10:33:29.339,419.9541776909479,13
2024-09-19 10:33:29.413,419.9187489541371,98
2024-09-19 10:33:29.450,419.9425410540413,97
2024-09-19 10:33:29.499,419.91096590720537,1004
2024-09-19 10:33:29.729,419.9552071734865,1001
2024-09-19 10:33:29.884,419.9207117952234,14
2024-09-19 10:33:29.904,419.9387058221909,103
2024-09-19 10:33:29.918,419.9255504326854,7
2024-09-19 10:33:29.949,419.917782261724,12
2024-09-19 10:33:29.958,419.9466812134563,1005
2024-09-19 10:33:30.048,420.01809234275095,998
2024-09-19 10:33:30.054,419.9824714235821,12
2024-09-19 10:33:30.084,419.97725983871146,101
2024-09-19 10:33:30.101,419.9903016894247,10
2024-09-19 10:33:30.116,419.9393459042696,5
2024-09-19 10:33:30.376,420.006919301947,99
2024-09-19 10:33:30.459,419.99964160948633,104
2024-09-19 10:33:30.551,419.9495925668843,1004
2024-09-19 10:33:30.602,419.9451159148628,103
2024-09-19 10:33:30.776,420.00910947981424,104
2024-09-19 10:33:30.891,419.941907195891,1001
2024-09-19 10:33:30.895,419.9622816360831,13
2024-09-19 10:33:30.971,420.0015045828146,102
2024-09-19 10:33:31.669,419.923187337054,997
2024-09-19 10:33:32.152,419.9094873991056,5
2024-09-19 10:33:32.163,419.88451734328765,1002
2024-09-19 10:33:32.419,419.9016148214172,999
2024-09-19 10:33:32.564,419.87184839902784,14
2024-09-19 10:33:32.731,419.86958064155726,105
2024-09-19 10:33:32.799,419.9098448503808,998
2024-09-19 10:33:33.020,419.8746954257304,998
2024-09-19 10:33:33.145,419.807995634944,105
2024-09-19 10:33:33.181,419.7705136482944,996
2024-09-19 10:33:33.248,419.8241173712094,97
2024-09-19 10:33:33.276,419.7781772893231,102
2024-09-19 10:33:33.325,419.870474693922,9
2024-09-19 10:33:33.414,419.8553457429679,13
2024-09-19 10:33:33.454,419.8431069547652,998
2024-09-19 10:33:33.527,419.8424839827932,995
2024-09-19 10:33:33.623,419.7827308346684,103
2024-09-19 10:33:33.650,419.85833632100463,100
2024-09-19 10:33:33.656,419.8547431584381,99
2024-09-19 10:33:33.682,419.84716195733046,12
2024-09-19 10:33:33.798,419.8290909911603,13
2024-09-19 10:33:33.813,419.8874502288373,99
2024-09-19 10:33:33.827,419.7870629879732,7
2024-09-19 10:33:33.847,419.8481082195636,14
2024-09-19 10:33:33.901,419.83282183382505,105
2024-09-19 10:33:33.973,419.8558299466042,999
2024-09-19 10:33:34.050,419.79292474701015,105
2024-09-19 10:33:34.054,419.7350783530786,105
2024-09-19 10:33:34.081,419.7239138797168,102
2024-09-19 10:33:34.167,419.704551253184,11
2024-09-19 10:33:34.178,419.7039735882469,12
2024-09-19 10:33:34.178,419.7068444079485,995
2024-09-19 10:33:34.189,419.7372623693653,97
2024-09-19 10:33:34.268,419.7632066990559,996
2024-09-19 10:33:34.306,419.7291157478694,102
2024-09-19 10:33:34.319,419.7162044228508,997
2024-09-19 10:33:34.335,419.726354275081,95
2024-09-19 10:33:34.357,419.73688394248376,15
2024-09-19 10:33:34.370,419.765918887236,1003
2024-09-19 10:33:34.386,419.74372765183335,95
2024-09-19 10:33:34.391,419.7045271955428,97
2024-09-19 10:33:34.393,419.74253172156233,996
2024-09-19 10:33:34.406,419.7141318485107,100
2024-09-19 10:33:34.462,419.7258441922622,10
2024-09-19 10:33:34.471,419.748051281269,997
2024-09-19 10:33:34.511,419.7257032561704,1003
2024-09-19 10:33:34.518,419.7409503747085,11
2024-09-19 10:33:34.616,419.72012751330834,5
2024-09-19 10:33:34.663,419.72492102857655,10
2024-09-19 10:33:34.777,419.7302984982924,95
2024-09-19 10:33:34.802,419.7290562811079,9
2024-09-19 10:33:34.814,419.7072320331374,1004
2024-09-19 10:33:34.830,419.7511814490844,1003
2024-09-19 10:33:34.891,419.7318963230616,9
2024-09-19 10:33:34.919,419.7866479695929,996
2024-09-19 10:33:34.926,41.97476222485848,1001
2024-09-19 10:33:35.011,419.7520447006787,98
2024-09-19 10:33:35.025,419.728865501419,1001
2024-09-19 10:33:35.090,419.7768950864348,9
2024-09-19 10:33:35.151,419.7466213894986,998
2024-09-19 10:33:35.151,419.7487172443088,95
2024-09-19 10:33:35.156,419.7512165084681,995
2024-09-19 10:33:35.179,419.7334831400205,98
2024-09-19 10:33:35.244,419.7511865299415,97
2024-09-19 10:33:35.435,419.7770654339804,102
2024-09-19 10:33:35.490,419.755747151218,997
2024-09-19 10:33:35.618,419.7674610513525,105
2024-09-19 10:33:35.642,419.75231956398767,100
2024-09-19 10:33:35.689,419.7426199861461,95
2024-09-19 10:33:35.734,419.7617064913168,998
2024-09-19 10:33:35.845,,5
2024-09-19 10:33:35.854,419.7105461566846,98
2024-09-19 10:33:35.854,419.7646722555321,1004
2024-09-19 10:33:35.922,419.7271488305029,10
2024-09-19 10:33:35.954,419.73830189090313,95
2024-09-19 10:33:35.990,419.74990860033216,12
2024-09-19 10:33:36.010,419.6730108894428,1001
2024-09-19 10:33:36.021,419.7474163727987,100
2024-09-19 10:33:36.048,419.74904468315407,15
2024-09-19 10:33:36.221,419.6885341882792,1005
2024-09-19 10:33:36.365,419.7165599490282,98
2024-09-19 10:33:36.375,419.7154091260635,1001
2024-09-19 10:33:36.499,419.7512237055112,105
2024-09-19 10:33:36.546,419.732416242894,95
2024-09-19 10:33:36.548,419.6864476012082,105
2024-09-19 10:33:36.556,419.6979633911779,10
2024-09-19 10:33:36.626,419.7320030972902,12
2024-09-19 10:33:36.727,419.7340788389516,6
2024-09-19 10:33:36.732,419.72272092425845,100
2024-09-19 10:33:36.753,419.7298597610944,6
2024-09-19 10:33:36.853,419.7385090465099,6
2024-09-19 10:33:36.879,419.6741821203847,1001
2024-09-19 10:33:36.912,419.6830352875844,14
2024-09-19 10:33:36.944,419.6739667505928,104
2024-09-19 10:33:37.027,419.6641638911015,995
2024-09-19 10:33:37.053,419.6676868535813,1001
2024-09-19 10:33:37.057,419.6964245381857,999
2024-09-19 10:33:37.075,419.6748724579325,999
2024-09-19 10:33:37.129,419.67386551027766,104
2024-09-19 10:33:37.183,419.6765207410594,1004
2024-09-19 10:33:37.373,419.675013808278,100
2024-09-19 10:33:37.443,419.6812301395486,997
2024-09-19 10:33:37.446,419.6795751776212,999
2024-09-19 10:33:37.486,419.6699224493124,14
2024-09-19 10:33:37.519,419.6622235772893,15
2024-09-19 10:33:37.565,419.6925248944387,103
2024-09-19 10:33:37.858,419.67301923358576,1004
2024-09-19 10:33:37.937,419.6620405285879,98
2024-09-19 10:33:38.037,419.7125075708863,96
2024-09-19 10:33:38.040,419.6928528162294,12
2024-09-19 10:33:38.081,419.6980672361117,15
2024-09-19 10:33:38.087,419.6875006553972,8
2024-09-19 10:33:38.306,419.692662884271,1003
2024-09-19 10:33:38.322,419.7077542280216,101
2024-09-19 10:33:38.337,419.74542583805487,12
2024-09-19 10:33:38.343,419.70004669462736,998
2024-09-19 10:33:38.344,419.75871750592034,9
2024-09-19 10:33:38.366,419.71112020076,997
2024-09-19 10:33:38.372,419.6784408263112,11
2024-09-19 10:33:38.378,419.6990526468848,104
2024-09-19 10:33:38.404,419.7139277812566,14
2024-09-19 10:33:38.454,419.6880041313812,1000
2024-09-19 10:33:38.474,419.7026541534778,998
2024-09-19 10:33:38.500,419.6937557214744,1002
2024-09-19 10:33:38.624,419.7102146185775,96
2024-09-19 10:33:38.684,419.7419618097982,11
2024-09-19 10:33:38.789,419.7299798075858,15
2024-09-19 10:33:38.814,419.6892271632649,13
2024-09-19 10:33:38.848,419.7104809375756,997
2024-09-19 10:33:38.871,419.6809682051468,11
2024-09-19 10:33:38.920,419.73804008775977,1005
2024-09-19 10:33:38.945,419.6869062350776,998
2024-09-19 10:33:39.053,419.6916010804804,96
2024-09-19 10:33:39.113,419.7127349582841,1003
2024-09-19 10:33:39.116,419.7069464918948,14
2024-09-19 10:33:39.257,419.66552145799113,1000
2024-09-19 10:33:39.268,419.6836972320463,100
2024-09-19 10:33:39.332,419.7356196765695,97
2024-09-19 10:33:39.374,419.7022987486025,95
2024-09-19 10:33:39.495,419.704576299302,8
2024-09-19 10:33:39.733,419.6998372302308,5
2024-09-19 10:33:39.785,419.7124129745999,997
2024-09-19 10:33:39.908,419.7387676511351,997
2024-09-19 10:33:39.949,419.7009350887348,1002
2024-09-19 10:33:39.964,419.70473772205736,1005
2024-09-19 10:33:41.041,419.6727984867931,1004
2024-09-19 10:33:41.073,419.68860660932586,1000
2024-09-19 10:33:41.116,419.7009505035571,12
2024-09-19 10:33:41.274,419.6487086879856,101
2024-09-19 10:33:41.277,419.6546461701796,99
2024-09-19 10:33:41.357,419.6733108714596,1001
2024-09-19 10:33:41.373,419.6872173433662,13
2024-09-19 10:33:41.390,419.6518121545748,13
2024-09-19 10:33:41.392,419.6530043011618,97
2024-09-19 10:33:41.559,419.6894742899072,1001
2024-09-19 10:33:41.627,419.6611824208953,97
2024-09-19 10:33:41.682,419.6680012811666,102
2024-09-19 10:33:41.792,419.6833073738302,1005
2024-09-19 10:33:41.801,419.6726556930616,9
2024-09-19 10:33:41.919,419.6502005283128,6
2024-09-19 10:33:41.992,419.65620148078017,8
2024-09-19 10:33:42.234,419.7005414362037,1003
2024-09-19 10:33:42.248,419.7137825607831,996
2024-09-19 10:33:42.263,419.6759109022159,1001
2024-09-19 10:33:42.279,419.7079611296516,5
2024-09-19 10:33:42.304,419.6857339871604,105
2024-09-19 10:33:42.359,419.6807018178444,10
2024-09-19 10:33:42.460,419.7091301686776,11
2024-09-19 10:33:42.526,419.68810373977294,1002
2024-09-19 10:33:42.614,419.7000216745131,13
2024-09-19 10:33:42.684,419.7074540037389,1001
2024-09-19 10:33:42.691,419.6950260409941,996
2024-09-19 10:33:42.692,419.6680221569635,105
2024-09-19 10:33:42.813,419.7039407273069,5
2024-09-19 10:33:42.825,419.7025953886448,996
2024-09-19 10:33:42.997,419.7116632172782,995
2024-09-19 10:33:43.180,419.7140888893468,103
2024-09-19 10:33:43.554,419.710628691044,998
2024-09-19 10:33:43.740,419.71854099229176,10
2024-09-19 10:33:43.901,419.7022035603398,1004
2024-09-19 10:33:44.305,419.69657863154174,6
2024-09-19 10:33:44.381,419.719819431824,997
2024-09-19 10:33:44.389,419.7298555264989,15
2024-09-19 10:33:44.467,419.74319562662765,11
2024-09-19 10:33:44.509,419.7464631525385,101
2024-09-19 10:33:44.529,419.7492297444442,1002
2024-09-19 10:33:44.578,419.71531610731824,12
2024-09-19 10:33:44.618,419.7106105074251,1005
2024-09-19 10:33:44.625,419.7274797374528,98
2024-09-19 10:33:44.650,419.7401440221967,95
2024-09-19 10:33:44.657,419.7541808667745,95
2024-09-19 10:33:44.703,419.7738364773732,13
2024-09-19 10:33:44.776,419.7276185793167,7
2024-09-19 10:33:44.785,419.7104638531602,1002
2024-09-19 10:33:44.796,419.74815314927486,998
2024-09-19 10:33:44.796,419.70478517058166,8
2024-09-19 10:33:44.880,419.7649572699703,13
2024-09-19 10:33:44.886,419.7195535093825,105
2024-09-19 10:33:44.904,419.7726301242664,104
2024-09-19 10:33:44.947,419.735150877762,995
2024-09-19 10:33:45.036,419.700100910873,1004
2024-09-19 10:33:45.038,419.6919078672509,105
2024-09-19 10:33:45.077,419.7446970787642,996
2024-09-19 10:33:45.085,419.7476267983868,15
2024-09-19 10:33:45.114,419.6852363676658,12
2024-09-19 10:33:45.126,419.7319810318133,99
2024-09-19 10:33:45.137,419.66898727369846,997
2024-09-19 10:33:45.146,419.6711763003307,9
2024-09-19 10:33:45.213,419.6725305400641,14
2024-09-19 10:33:45.245,419.6434114946645,96
2024-09-19 10:33:45.278,419.6721902336353,9
2024-09-19 10:33:45.278,419.6716216125389,1003
2024-09-19 10:33:45.301,-419.7511813251797,7
2024-09-19 10:33:45.301,419.6545787300204,11
2024-09-19 10:33:45.309,419.6554910193197,10
2024-09-19 10:33:45.316,419.7038756754553,6
2024-09-19 10:33:45.570,419.75975702602176,12
2024-09-19 10:33:45.603,419.7019152932646,10
2024-09-19 10:33:45.658,419.73813307104297,997
2024-09-19 10:33:45.683,419.72028103742485,996
2024-09-19 10:33:45.697,419.7130144070133,100
2024-09-19 10:33:45.759,419.675605772501,998
2024-09-19 10:33:45.877,419.7068606363348,997
2024-09-19 10:33:45.901,419.7302283825855,1002
2024-09-19 10:33:45.903,419.6999988013257,101
2024-09-19 10:33:45.904,,13
2024-09-19 10:33:46.060,41.96184710440977,999
2024-09-19 10:33:46.175,419.63023444695233,995
2024-09-19 10:33:46.232,419.6271463659921,10
2024-09-19 10:33:46.238,419.6721564093243,5
2024-09-19 10:33:46.241,419.62695823364106,104
2024-09-19 10:33:46.253,419.626986884245,998
2024-09-19 10:33:46.255,419.6580266144218,103
2024-09-19 10:33:46.294,419.5974267458309,998
2024-09-19 10:33:46.325,419.63667294378007,96
2024-09-19 10:33:46.339,419.63264489480446,1004
2024-09-19 10:33:46.348,419.6076348395384,997
2024-09-19 10:33:46.350,419.660894291884,10
2024-09-19 10:33:46.411,419.61524331039055,98
2024-09-19 10:33:46.431,419.6366383031663,98
2024-09-19 10:33:46.446,419.65375380548096,95
2024-09-19 10:33:46.450,419.6218551807222,103
2024-09-19 10:33:46.551,419.6301427783551,8
2024-09-19 10:33:46.605,419.6643635481216,95
2024-09-19 10:33:46.618,419.638152628042,103
2024-09-19 10:33:46.681,419.6148544551527,998
2024-09-19 10:33:46.713,419.6300844259134,97
2024-09-19 10:33:46.870,41.96596931872653,96
2024-09-19 10:33:46.879,419.6235492158523,12
2024-09-19 10:33:47.211,419.606535840517,99
2024-09-19 10:33:47.238,419.6162498358591,99
2024-09-19 10:33:47.245,419.6122709170622,6
2024-09-19 10:33:47.390,419.60871608041,11
2024-09-19 10:33:47.419,419.6357091258771,15
2024-09-19 10:33:47.495,419.6485338443936,5
2024-09-19 10:33:47.496,419.65727501390927,1005
2024-09-19 10:33:47.512,419.6417138712637,105
2024-09-19 10:33:47.542,419.63596730632327,999
2024-09-19 10:33:47.549,419.6246874206921,12
2024-09-19 10:33:47.554,419.6141143075151,103
2024-09-19 10:33:47.613,419.6521478758489,99
2024-09-19 10:33:47.614,419.6397374854745,11
2024-09-19 10:33:47.683,41.9666611619904,95
2024-09-19 10:33:47.745,419.65724068512174,1004
2024-09-19 10:33:47.781,419.6347403511941,12
2024-09-19 10:33:47.805,419.6429570771152,99
2024-09-19 10:33:47.827,419.61437160573627,1003
2024-09-19 10:33:47.880,419.625644987852,1005
2024-09-19 10:33:47.921,419.61897038958784,5
2024-09-19 10:33:47.948,419.6620150051458,11
2024-09-19 10:33:47.993,419.65451244423934,101
2024-09-19 10:33:48.092,419.6894638581,5
2024-09-19 10:33:48.119,419.65624109836887,98
2024-09-19 10:33:48.144,419.6074819505101,13
2024-09-19 10:33:48.149,419.65988772915193,1005
2024-09-19 10:33:48.206,419.61105831551527,1000
2024-09-19 10:33:48.211,419.6767345360367,5
2024-09-19 10:33:48.212,419.6704475382311,5
2024-09-19 10:33:48.310,419.663306280855,1005
2024-09-19 10:33:48.310,419.6896294296525,1003
2024-09-19 10:33:48.339,419.69486347566425,1001
2024-09-19 10:33:48.425,419.5877007238525,1004
2024-09-19 10:33:48.446,419.6787798489856,14
2024-09-19 10:33:48.468,41.96700259948371,998
2024-09-19 10:33:48.513,419.6816048664158,98
2024-09-19 10:33:48.598,419.6646144257274,103
2024-09-19 10:33:48.614,419.6848466168264,999
2024-09-19 10:33:48.694,419.6178713542504,995
2024-09-19 10:33:48.778,419.6773813073157,103
2024-09-19 10:33:48.813,419.7021085965603,97
2024-09-19 10:33:48.814,419.6714483278165,14
2024-09-19 10:33:48.838,419.6390851865818,1000
2024-09-19 10:33:48.865,419.6917903215878,98
2024-09-19 10:33:48.875,419.6868002033446,7
2024-09-19 10:33:48.918,419.6645774122072,104
2024-09-19 10:33:48.931,419.6100173487901,998
2024-09-19 10:33:48.952,419.69662856006335,11
2024-09-19 10:33:49.407,419.63755381524567,95
2024-09-19 10:33:49.465,419.64748782829656,1001
2024-09-19 10:33:50.055,419.6682968315038,105
2024-09-19 10:33:50.095,419.6540969003513,997
2024-09-19 10:33:50.118,419.64472589231576,95
2024-09-19 10:33:50.119,419.65481975178056,1003
2024-09-19 10:33:50.135,419.6569500554724,1000
2024-09-19 10:33:50.176,419.6411588719301,102
2024-09-19 10:33:50.182,419.6606476224525,14
2024-09-19 10:33:50.203,419.6225074961974,5
2024-09-19 10:33:50.206,419.6539981703574,1002
2024-09-19 10:33:50.257,419.6089678728633,6
2024-09-19 10:33:50.267,419.62685059680126,998
2024-09-19 10:33:50.358,419.62385655794986,13
2024-09-19 10:33:50.401,419.66820609623176,1004
2024-09-19 10:33:50.485,419.6641661088996,6
2024-09-19 10:33:50.517,419.6476419182516,998
2024-09-19 10:33:50.521,419.6687095314001,998
2024-09-19 10:33:50.529,419.6543878415845,7
2024-09-19 10:33:50.567,419.6546662134991,1000
2024-09-19 10:33:50.569,419.6748828765608,999
2024-09-19 10:33:50.572,419.660068532625,997
2024-09-19 10:33:50.698,419.6591087430533,9
2024-09-19 10:33:50.727,419.61723051178944,98
2024-09-19 10:33:50.819,419.6594341759168,11
2024-09-19 10:33:51.028,419.7275041793925,10
2024-09-19 10:33:51.149,419.6969023174567,997
2024-09-19 10:33:51.167,419.6901243766271,6
2024-09-19 10:33:51.214,419.6748739080105,1000
2024-09-19 10:33:51.228,419.74629321095904,14
2024-09-19 10:33:51.286,419.7176212150308,99
2024-09-19 10:33:51.309,419.7297798847048,996
2024-09-19 10:33:51.312,419.6900018538233,8
2024-09-19 10:33:51.389,41.96944242859966,996
2024-09-19 10:33:51.452,419.6861392992984,101
2024-09-19 10:33:51.534,419.67971383586666,1000
2024-09-19 10:33:51.561,419.7034466348393,105
2024-09-19 10:33:51.679,419.674743070378,101
2024-09-19 10:33:51.701,419.6863352253729,1005
2024-09-19 10:33:51.729,419.6773866252773,100
2024-09-19 10:33:51.747,419.72279796164696,100
2024-09-19 10:33:51.787,419.6618633765177,96
2024-09-19 10:33:51.789,419.6874950628427,15
2024-09-19 10:33:51.794,419.7185904906903,102
2024-09-19 10:33:51.801,419.6958233834369,10
2024-09-19 10:33:51.828,419.7459070275957,996
2024-09-19 10:33:51.828,419.7118211827981,15
2024-09-19 10:33:51.907,419.6786388674892,997
2024-09-19 10:33:51.908,419.6552221307486,13
2024-09-19 10:33:51.912,419.6683336190214,101
2024-09-19 10:33:51.913,419.7283667743168,99
2024-09-19 10:33:51.982,419.67259289738007,998
2024-09-19 10:33:51.991,419.67616412795496,100
2024-09-19 10:33:51.997,419.732613775084,997
2024-09-19 10:33:52.027,419.673896306892,1004
2024-09-19 10:33:52.092,419.6509038209166,105
2024-09-19 10:33:52.111,419.6725555777607,999
2024-09-19 10:33:52.120,419.686505257095,105
2024-09-19 10:33:52.268,419.68607767911215,996
2024-09-19 10:33:52.346,419.6551549499532,101
2024-09-19 10:33:52.393,419.660891296473,1003
2024-09-19 10:33:52.407,419.6781858499638,1005
2024-09-19 10:33:52.413,419.6767326430162,15
2024-09-19 10:33:52.474,419.6705989259047,998
2024-09-19 10:33:52.483,419.6576076398469,996
2024-09-19 10:33:52.489,419.6903864734458,98
2024-09-19 10:33:52.528,419.6895072060149,95
2024-09-19 10:33:52.692,419.6712671237492,5
2024-09-19 10:33:52.731,419.6907500829879,15
2024-09-19 10:33:52.753,419.68546549888833,98
2024-09-19 10:33:52.794,419.6954173489469,1001
2024-09-19 10:33:52.975,419.6852971925132,1005
2024-09-19 10:33:52.989,419.6649895005056,997
2024-09-19 10:33:53.058,419.707550463604,999
2024-09-19 10:33:53.067,419.652151047727,11
2024-09-19 10:33:53.082,419.70055578267744,10
2024-09-19 10:33:53.126,419.6593790836348,10
2024-09-19 10:33:53.132,419.65582969724886,7
2024-09-19 10:33:53.230,419.6906041548416,5
2024-09-19 10:33:53.270,419.698039528669,1001
2024-09-19 10:33:53.433,419.7099787011663,995
2024-09-19 10:33:53.446,-419.68982900410754,102
2024-09-19 10:33:53.499,419.6319490648572,100
2024-09-19 10:33:53.646,419.6512239939194,98
2024-09-19 10:33:53.657,419.6513885033253,999
2024-09-19 10:33:53.684,419.7156345213047,11
2024-09-19 10:33:53.751,419.681499626581,12
2024-09-19 10:33:53.757,419.65861765331874,99
2024-09-19 10:33:53.861,419.6973134921597,98
2024-09-19 10:33:53.881,419.7142974257215,1001
2024-09-19 10:33:53.986,419.70655062387584,5
2024-09-19 10:33:54.095,-419.6250665137398,103
2024-09-19 10:33:55.002,419.6749236088028,1003
2024-09-19 10:33:55.030,419.6565677103317,95
2024-09-19 10:33:55.122,419.6644733335329,997
2024-09-19 10:33:55.198,419.6354099010864,105
2024-09-19 10:33:55.203,419.6665651329197,1004
2024-09-19 10:33:55.243,419.64850671588783,1000
2024-09-19 10:33:55.277,419.6304638611406,1000
2024-09-19 10:33:55.351,419.6680514695315,105
2024-09-19 10:33:55.413,419.652186305868,103
2024-09-19 10:33:55.457,419.66091760024005,15
2024-09-19 10:33:55.469,419.6232158403752,98
2024-09-19 10:33:55.522,419.6437286682449,997
2024-09-19 10:33:55.524,419.6336136914939,1000
2024-09-19 10:33:55.536,419.6105894720213,102
2024-09-19 10:33:55.541,419.6166882084988,100
2024-09-19 10:33:55.623,419.62119669681306,99
2024-09-19 10:33:55.686,419.6436446098064,14
2024-09-19 10:33:55.699,419.65211974422095,1002
2024-09-19 10:33:55.717,419.6698712901198,995
2024-09-19 10:33:55.766,419.6583569880676,11
2024-09-19 10:33:55.836,419.6793540570933,99
2024-09-19 10:33:55.847,419.6493408627175,1005
2024-09-19 10:33:55.913,419.6371420080577,100
2024-09-19 10:33:55.988,419.649858803773,102
2024-09-19 10:33:56.004,41.96583639651215,104
2024-09-19 10:33:56.274,419.7198781997176,96
2024-09-19 10:33:56.397,419.7161941380167,102
2024-09-19 10:33:56.399,419.6653410081458,103
2024-09-19 10:33:56.418,419.72418836776734,13
2024-09-19 10:33:56.426,419.70580607184695,996
2024-09-19 10:33:56.437,419.6975172741785,102
2024-09-19 10:33:56.454,419.6797948678168,1001
2024-09-19 10:33:56.490,419.68086793372,98
2024-09-19 10:33:56.545,419.67863425887776,101
2024-09-19 10:33:56.680,419.7118953044632,1005
2024-09-19 10:33:56.859,419.7109332391493,999
2024-09-19 10:33:56.867,419.7158260144718,995
2024-09-19 10:33:57.046,419.6212850032512,995
2024-09-19 10:33:57.092,419.7074656841247,995
2024-09-19 10:33:57.149,419.66268873499234,99
2024-09-19 10:33:57.266,419.68994420303545,95
2024-09-19 10:33:57.276,419.6587571526487,1000
2024-09-19 10:33:57.277,419.6081207451661,1005
2024-09-19 10:33:57.360,419.7191840302266,99
2024-09-19 10:33:57.470,419.6393445308712,9
2024-09-19 10:33:57.493,419.718564654395,102
2024-09-19 10:33:57.495,419.6202019119811,1002
2024-09-19 10:33:57.498,419.66831981796673,1003
2024-09-19 10:33:57.521,419.6270103028867,1000
2024-09-19 10:33:57.569,419.6167259186204,1003
2024-09-19 10:33:57.580,419.6084951980297,102
2024-09-19 10:33:57.584,419.6516477158861,99
2024-09-19 10:33:57.637,419.6880558762581,1001
2024-09-19 10:33:57.638,419.6788182948206,96
2024-09-19 10:33:57.661,419.6858606667984,996
2024-09-19 10:33:57.693,419.6598040228176,103
2024-09-19 10:33:57.787,419.6101978197964,1001
2024-09-19 10:33:57.849,419.6680252613088,1000
2024-09-19 10:33:57.850,419.6132104166771,103
2024-09-19 10:33:57.906,419.7002756202433,101
2024-09-19 10:33:57.939,419.6604114681593,105
2024-09-19 10:33:57.962,419.6065515167664,103
2024-09-19 10:33:57.970,419.6206160103101,1005
2024-09-19 10:33:57.988,419.63123040840543,7
2024-09-19 10:33:58.024,419.6348895798248,9
2024-09-19 10:33:58.070,,100
2024-09-19 10:33:58.145,419.6669656455866,96
2024-09-19 10:33:58.367,419.6324778275941,1002
2024-09-19 10:33:58.481,419.6545041926351,999
2024-09-19 10:33:58.484,419.6319235498468,95
2024-09-19 10:33:58.506,419.66840809403504,995
2024-09-19 10:33:58.534,419.6448745512607,14
2024-09-19 10:33:58.553,419.6376036297195,7
2024-09-19 10:33:58.614,419.647801759459,999
2024-09-19 10:33:58.619,419.61607819381175,6
2024-09-19 10:33:58.700,,9
2024-09-19 10:33:58.782,419.6302512537696,12
2024-09-19 10:33:58.855,419.6403819511924,998
2024-09-19 10:33:58.862,419.6210691447183,104
2024-09-19 10:33:58.872,419.6397592497872,8
2024-09-19 10:33:58.895,419.6274336840915,102
2024-09-19 10:33:58.925,419.6454005712671,999
2024-09-19 10:33:58.960,419.6412076039428,995
2024-09-19 10:33:58.998,419.6368386846508,98
2024-09-19 10:33:59.009,419.7078211697461,96
2024-09-19 10:33:59.053,419.6407836036696,1005
2024-09-19 10:33:59.082,419.6668247384646,15
2024-09-19 10:33:59.125,419.6658170283249,102
2024-09-19 10:33:59.138,419.6509710523842,1001
2024-09-19 10:33:59.172,419.6569823625069,1005
2024-09-19 10:33:59.180,419.6502464322936,999
2024-09-19 10:33:59.302,419.64750618838536,105
2024-09-19 10:33:59.364,419.6436690062629,14
2024-09-19 10:33:59.369,419.6650530720708,97
2024-09-19 10:33:59.516,419.6948389076293,104
2024-09-19 10:33:59.522,419.6645105214585,10
2024-09-19 10:33:59.531,419.629886536229,105
2024-09-19 10:33:59.542,419.6514044692105,12
2024-09-19 10:33:59.691,419.69384427502376,1004
2024-09-19 10:33:59.708,419.6651202424367,997
2024-09-19 10:33:59.866,419.7003315780414,998
2024-09-19 10:33:59.955,419.63446014749087,6
2024-09-19 10:33:59.955,41.96792170754408,999
2024-09-19 10:33:59.968,419.6554662140051,95
