Timestamp,Price,Size
2024-09-20 13:50:00.031,430.56163308527096,10
2024-09-20 13:50:00.073,430.5605310246973,13
2024-09-20 13:50:00.152,430.6058202873474,11
2024-09-20 13:50:00.310,430.5898722081088,5
2024-09-20 13:50:00.357,430.5806007056638,999
2024-09-20 13:50:00.360,430.5826162530865,998
2024-09-20 13:50:00.416,430.5353474678098,100
2024-09-20 13:50:00.523,430.5984251762228,999
2024-09-20 13:50:00.529,430.5782712461673,1004
2024-09-20 13:50:00.531,430.6093701081911,8
2024-09-20 13:50:00.601,430.55689188299,102
2024-09-20 13:50:00.616,430.5791125769308,104
2024-09-20 13:50:00.628,430.5697038536326,1003
2024-09-20 13:50:00.656,430.58121754559954,996
2024-09-20 13:50:00.675,430.5708250532789,105
2024-09-20 13:50:00.677,430.5997640670956,11
2024-09-20 13:50:00.773,430.58922328217375,14
2024-09-20 13:50:00.807,430.5887986763037,97
2024-09-20 13:50:00.832,430.5649135966023,999
2024-09-20 13:50:00.842,430.5672401678722,9
2024-09-20 13:50:00.853,430.5717957839048,98
2024-09-20 13:50:00.892,430.57463459212266,1005
2024-09-20 13:50:00.892,430.55976403984295,995
2024-09-20 13:50:00.897,430.5980176544036,1002
2024-09-20 13:50:00.899,430.5621534997013,105
2024-09-20 13:50:00.900,430.5606586016854,995
2024-09-20 13:50:01.055,-430.573914367025,105
2024-09-20 13:50:01.101,430.5639123953441,1004
2024-09-20 13:50:01.107,430.56345557613673,13
2024-09-20 13:50:01.127,430.57702398550646,997
2024-09-20 13:50:01.203,430.56498830354144,13
2024-09-20 13:50:01.379,430.55605536126507,98
2024-09-20 13:50:01.404,430.57420571394,14
2024-09-20 13:50:01.441,430.4937768351472,98
2024-09-20 13:50:01.442,430.5061082053451,5
2024-09-20 13:50:01.500,430.50860894044274,102
2024-09-20 13:50:01.582,430.4872818803549,97
2024-09-20 13:50:01.700,430.5530529759895,1001
2024-09-20 13:50:01.719,430.521903414804,10
2024-09-20 13:50:01.775,430.5711736048745,97
2024-09-20 13:50:01.992,430.5599416576631,14
2024-09-20 13:50:02.168,430.496940248854,98
2024-09-20 13:50:02.199,430.4435353055739,995
2024-09-20 13:50:02.220,430.4884504846192,10
2024-09-20 13:50:02.250,430.4959107857778,104
2024-09-20 13:50:02.256,430.4824115665796,101
2024-09-20 13:50:02.305,430.50019953477965,1000
2024-09-20 13:50:02.311,430.4730953496094,997
2024-09-20 13:50:02.367,430.4368776235112,9
2024-09-20 13:50:02.429,430.50208567944526,103
2024-09-20 13:50:02.481,430.4593142149971,999
2024-09-20 13:50:02.562,430.47482214512377,105
2024-09-20 13:50:02.625,430.4878612537425,102
2024-09-20 13:50:02.646,430.4744371559215,15
2024-09-20 13:50:02.821,430.444437656739,998
2024-09-20 13:50:02.886,430.4495016585513,995
2024-09-20 13:50:02.947,,995
2024-09-20 13:50:03.056,430.505972937999,15
2024-09-20 13:50:03.104,430.5003972921796,9
2024-09-20 13:50:03.156,430.5230164983461,7
2024-09-20 13:50:03.299,430.51131592671857,103
2024-09-20 13:50:03.332,430.4717521322896,12
2024-09-20 13:50:03.341,430.5162277453181,1003
2024-09-20 13:50:03.355,430.50270221116006,96
2024-09-20 13:50:03.381,430.46785996870426,95
2024-09-20 13:50:03.409,430.44733228940464,103
2024-09-20 13:50:03.411,430.4807568992589,6
2024-09-20 13:50:03.446,430.4519222806693,101
2024-09-20 13:50:03.459,430.5102037818443,998
2024-09-20 13:50:03.467,430.47210418926096,13
2024-09-20 13:50:03.510,430.5034391961893,996
2024-09-20 13:50:03.537,430.4992448662611,96
2024-09-20 13:50:03.546,430.5092372408646,1002
2024-09-20 13:50:03.559,430.4597307172462,11
2024-09-20 13:50:03.560,430.5019806939573,1002
2024-09-20 13:50:03.665,430.4885574564253,995
2024-09-20 13:50:03.759,430.49071081103807,995
2024-09-20 13:50:03.789,430.4912407856453,1000
2024-09-20 13:50:03.818,430.5014571356683,96
2024-09-20 13:50:03.882,430.47751835832736,103
2024-09-20 13:50:03.932,430.45535824869694,97
2024-09-20 13:50:04.315,430.49536429846967,95
2024-09-20 13:50:04.482,430.5122149012177,6
2024-09-20 13:50:04.777,430.5168218806087,9
2024-09-20 13:50:04.835,430.5029842811487,97
2024-09-20 13:50:04.853,430.5119340718914,995
2024-09-20 13:50:05.001,430.4966146858642,105
2024-09-20 13:50:05.008,430.4900503261906,98
2024-09-20 13:50:05.102,430.4643458168893,105
2024-09-20 13:50:05.136,430.3979373188266,6
2024-09-20 13:50:05.154,430.4819617188975,5
2024-09-20 13:50:05.229,430.48722648138624,102
2024-09-20 13:50:05.326,430.44974658436087,6
2024-09-20 13:50:05.343,430.4494691331858,999
2024-09-20 13:50:05.363,430.50307976290446,102
2024-09-20 13:50:05.385,430.4970106801557,12
2024-09-20 13:50:05.410,430.40252868763,102
2024-09-20 13:50:05.438,430.4193591613891,99
2024-09-20 13:50:05.449,430.45402727863456,9
2024-09-20 13:50:05.483,430.3927417648626,1001
2024-09-20 13:50:05.517,430.4342004994929,95
2024-09-20 13:50:05.519,430.49407549559066,1001
2024-09-20 13:50:05.530,430.49545505206777,5
2024-09-20 13:50:05.579,430.4543217144141,995
2024-09-20 13:50:05.760,430.4231514230784,102
2024-09-20 13:50:05.852,430.42428313752873,999
2024-09-20 13:50:05.893,430.4582225779948,1001
2024-09-20 13:50:05.900,430.507913777616,997
2024-09-20 13:50:06.095,430.4047875406934,98
2024-09-20 13:50:06.122,430.3694391846751,1000
2024-09-20 13:50:06.217,430.300930426829,998
2024-09-20 13:50:06.294,430.29541721113,9
2024-09-20 13:50:06.302,430.42157970130745,10
2024-09-20 13:50:06.312,430.2967119449341,7
2024-09-20 13:50:06.375,-430.40422186214965,97
2024-09-20 13:50:06.527,430.3472217372161,96
2024-09-20 13:50:06.580,430.4057781928987,996
2024-09-20 13:50:06.587,430.3121723307525,103
2024-09-20 13:50:06.728,430.4034516083336,97
2024-09-20 13:50:06.728,430.4144125210378,101
2024-09-20 13:50:06.798,430.3140740697323,105
2024-09-20 13:50:06.832,430.3341240599243,102
2024-09-20 13:50:06.927,430.3546442758989,1000
2024-09-20 13:50:06.950,430.4206951349676,8
2024-09-20 13:50:06.952,430.4061263935587,15
2024-09-20 13:50:07.166,430.3169187467202,97
2024-09-20 13:50:07.308,430.29352555575775,1005
2024-09-20 13:50:07.402,430.3185351173393,102
2024-09-20 13:50:07.477,430.3138421167868,995
2024-09-20 13:50:07.515,430.3115788111337,997
2024-09-20 13:50:07.522,430.3106514015365,996
2024-09-20 13:50:07.547,430.2933199990031,98
2024-09-20 13:50:07.557,430.313499486381,96
2024-09-20 13:50:07.609,430.31882048057713,11
2024-09-20 13:50:07.712,430.3153512798749,999
2024-09-20 13:50:08.001,430.3047549877565,1002
2024-09-20 13:50:08.011,430.2534320687316,96
2024-09-20 13:50:08.024,430.32097169968966,102
2024-09-20 13:50:08.062,430.2542769370624,1000
2024-09-20 13:50:08.066,430.25838927161885,11
2024-09-20 13:50:08.071,430.323545124209,101
2024-09-20 13:50:08.077,430.2904485426642,101
2024-09-20 13:50:08.095,430.299834213476,96
2024-09-20 13:50:08.127,430.24520305682495,15
2024-09-20 13:50:08.166,430.2819339162904,998
2024-09-20 13:50:08.167,430.2459047969962,7
2024-09-20 13:50:08.220,430.2634713206306,104
2024-09-20 13:50:08.237,430.251184741647,1002
2024-09-20 13:50:08.321,430.29584775578365,1000
2024-09-20 13:50:08.344,430.2384497338072,100
2024-09-20 13:50:08.377,430.3240274653426,99
2024-09-20 13:50:08.389,430.2978835912447,9
2024-09-20 13:50:08.403,430.30716755252,1003
2024-09-20 13:50:08.418,430.27733974897103,1002
2024-09-20 13:50:08.433,430.314760700649,96
2024-09-20 13:50:08.513,430.2786456194322,14
2024-09-20 13:50:08.759,430.334427251796,104
2024-09-20 13:50:08.850,430.2648062192587,5
2024-09-20 13:50:08.874,430.30485899737135,6
2024-09-20 13:50:08.904,430.2995376973353,103
2024-09-20 13:50:08.921,430.2486283861296,11
2024-09-20 13:50:08.938,430.29256436777126,1002
2024-09-20 13:50:08.973,430.3041564396893,1005
2024-09-20 13:50:08.979,430.2597323450773,96
2024-09-20 13:50:09.002,430.2807649842456,1005
2024-09-20 13:50:09.038,430.2337532868389,999
2024-09-20 13:50:09.387,430.2436710081112,995
2024-09-20 13:50:09.432,430.230658202897,1001
2024-09-20 13:50:09.548,430.25232878180526,103
2024-09-20 13:50:09.559,430.26602173333566,104
2024-09-20 13:50:09.581,430.2442603098202,95
2024-09-20 13:50:09.622,430.2637849746261,6
2024-09-20 13:50:09.634,430.2303274149429,1000
2024-09-20 13:50:09.705,430.2685591018444,1003
2024-09-20 13:50:09.961,430.2555473060458,98
2024-09-20 13:50:10.070,430.315296824402,101
2024-09-20 13:50:10.111,430.2925219529599,1004
2024-09-20 13:50:10.147,430.3427531421546,95
2024-09-20 13:50:10.241,430.3218176187869,1001
2024-09-20 13:50:10.384,430.3107890017914,1000
2024-09-20 13:50:10.392,430.2966399061455,8
2024-09-20 13:50:10.443,430.2767981478885,102
2024-09-20 13:50:10.466,430.2736962487783,98
2024-09-20 13:50:10.466,430.30219082698034,103
2024-09-20 13:50:10.564,430.30394894891714,1003
2024-09-20 13:50:10.683,430.3133557127806,8
2024-09-20 13:50:10.748,430.2809080635966,999
2024-09-20 13:50:10.812,430.2891850246139,101
2024-09-20 13:50:10.827,43.02852005484564,99
2024-09-20 13:50:10.873,430.32125071467874,98
2024-09-20 13:50:10.988,430.2926982827423,104
2024-09-20 13:50:11.566,430.32564343535,7
2024-09-20 13:50:12.029,430.3436121296272,995
2024-09-20 13:50:12.080,430.3365322186032,1002
2024-09-20 13:50:12.128,430.3164521861928,98
2024-09-20 13:50:12.141,430.3534285191177,97
2024-09-20 13:50:12.290,430.3368487011542,998
2024-09-20 13:50:12.307,430.33103036338713,103
2024-09-20 13:50:12.440,430.328594189274,98
2024-09-20 13:50:12.520,430.3309666599414,98
2024-09-20 13:50:12.556,430.3327501214986,1001
2024-09-20 13:50:12.611,430.3258760212813,1003
2024-09-20 13:50:12.688,430.3722584988347,995
2024-09-20 13:50:12.820,430.3391814102536,996
2024-09-20 13:50:13.038,430.3927937652402,1000
2024-09-20 13:50:13.257,430.3556262559767,96
2024-09-20 13:50:13.293,430.3788464469085,97
2024-09-20 13:50:13.333,430.37523275578656,1005
2024-09-20 13:50:13.362,430.31696534901545,104
2024-09-20 13:50:13.380,430.2802137842904,9
2024-09-20 13:50:13.393,430.25942594094977,15
2024-09-20 13:50:13.459,430.261884185261,99
2024-09-20 13:50:13.558,430.3275588401775,11
2024-09-20 13:50:13.598,430.36899120062594,10
2024-09-20 13:50:13.642,430.2591472634752,1000
2024-09-20 13:50:13.650,-430.3970051065237,10
2024-09-20 13:50:13.683,430.2574957434586,102
2024-09-20 13:50:13.719,430.25623521476285,101
2024-09-20 13:50:13.798,430.25359357908,104
2024-09-20 13:50:13.802,430.2915398085384,995
2024-09-20 13:50:13.879,430.2573495028408,9
2024-09-20 13:50:13.896,430.2665326090099,1004
2024-09-20 13:50:14.066,430.1816114179509,1005
2024-09-20 13:50:14.178,430.2579370811934,101
2024-09-20 13:50:14.210,430.20410100692976,1001
2024-09-20 13:50:14.219,430.27922704972406,101
2024-09-20 13:50:14.285,,14
2024-09-20 13:50:14.301,430.1904842196549,15
2024-09-20 13:50:14.308,430.27867553826735,98
2024-09-20 13:50:14.463,430.27742651343016,12
2024-09-20 13:50:14.534,430.2829821812623,998
2024-09-20 13:50:14.543,430.2071131704712,1001
2024-09-20 13:50:14.543,430.2928687921293,12
2024-09-20 13:50:14.679,-430.26064475607234,998
2024-09-20 13:50:14.715,430.2586848415999,13
2024-09-20 13:50:14.746,430.27747763814335,95
2024-09-20 13:50:14.840,430.2293787060176,13
2024-09-20 13:50:14.840,430.182406734766,101
2024-09-20 13:50:14.878,-430.2115225661357,9
2024-09-20 13:50:14.922,430.2427081734771,101
2024-09-20 13:50:15.024,430.18673988870336,1001
2024-09-20 13:50:15.027,430.18097493160906,100
2024-09-20 13:50:15.037,430.18803212067206,5
2024-09-20 13:50:15.180,430.22997296952303,13
2024-09-20 13:50:15.185,430.2317893820007,1004
2024-09-20 13:50:15.319,430.17629525140205,104
2024-09-20 13:50:15.333,430.18626994965854,995
2024-09-20 13:50:15.362,430.2217553985837,105
2024-09-20 13:50:15.413,430.19602914112295,13
2024-09-20 13:50:15.455,430.20579603114567,5
2024-09-20 13:50:15.495,430.21669424505154,1005
2024-09-20 13:50:15.501,430.18576513154113,9
2024-09-20 13:50:15.570,430.219827934647,1000
2024-09-20 13:50:15.648,430.2442717179273,999
2024-09-20 13:50:15.678,430.1828789780298,103
2024-09-20 13:50:15.722,430.1828528135662,8
2024-09-20 13:50:15.798,430.2157145697889,103
2024-09-20 13:50:15.844,430.1952681452576,98
2024-09-20 13:50:15.879,430.2165183592547,995
2024-09-20 13:50:15.881,430.2442040401514,97
2024-09-20 13:50:15.946,430.20706937584487,96
2024-09-20 13:50:15.947,430.2140567363062,999
2024-09-20 13:50:15.978,430.2220687109529,999
2024-09-20 13:50:16.857,430.28970832071536,1000
2024-09-20 13:50:16.891,430.2457069549496,997
2024-09-20 13:50:16.987,430.2692426319185,14
2024-09-20 13:50:18.957,430.2921241721343,13
2024-09-20 13:50:19.073,430.3214595827821,9
2024-09-20 13:50:19.121,430.319564472377,95
2024-09-20 13:50:19.138,430.3431778509948,105
2024-09-20 13:50:19.140,430.34333542361856,6
2024-09-20 13:50:19.187,430.3395108527144,996
2024-09-20 13:50:19.190,430.33029313735045,1001
2024-09-20 13:50:19.320,430.3196270978174,996
2024-09-20 13:50:19.320,430.3449894031696,97
2024-09-20 13:50:19.377,430.32180698753785,1002
2024-09-20 13:50:19.408,430.3243582609865,14
2024-09-20 13:50:19.411,430.3192223342333,12
2024-09-20 13:50:19.478,430.302242601972,1004
2024-09-20 13:50:19.557,430.3284288834648,13
2024-09-20 13:50:19.584,430.3112294806687,12
2024-09-20 13:50:19.622,430.3195580484997,1004
2024-09-20 13:50:19.627,430.3052970019209,5
2024-09-20 13:50:19.640,430.3341977513302,1005
2024-09-20 13:50:19.712,430.309426237583,6
2024-09-20 13:50:19.814,430.3225424038474,999
2024-09-20 13:50:19.923,430.32500485724034,998
2024-09-20 13:50:19.926,430.333383534738,95
2024-09-20 13:50:19.962,430.3110820131267,998
2024-09-20 13:50:19.966,43.03440004010916,13
2024-09-20 13:50:19.997,430.3169791328139,105
2024-09-20 13:50:20.020,430.3411129914086,5
2024-09-20 13:50:20.029,430.3531890416834,99
2024-09-20 13:50:20.150,430.40897363239793,11
2024-09-20 13:50:20.305,430.3811519412917,1004
2024-09-20 13:50:20.305,430.3990096598701,102
2024-09-20 13:50:20.411,430.4001170073011,1000
2024-09-20 13:50:20.415,430.3974563872276,8
2024-09-20 13:50:20.458,430.39308386869794,1003
2024-09-20 13:50:20.570,430.3430224995832,1000
2024-09-20 13:50:20.597,430.355333092776,105
2024-09-20 13:50:20.607,430.4009836980785,1001
2024-09-20 13:50:20.630,430.3725356953525,997
2024-09-20 13:50:20.692,430.4186654291346,105
2024-09-20 13:50:20.734,430.3399168043336,95
2024-09-20 13:50:20.772,430.32586746245465,1000
2024-09-20 13:50:20.948,430.3522215853788,7
2024-09-20 13:50:21.009,430.3804523348229,997
2024-09-20 13:50:21.080,430.3789345575365,1001
2024-09-20 13:50:21.128,430.4156579091937,9
2024-09-20 13:50:21.209,430.3795789277439,103
2024-09-20 13:50:21.290,430.40696413294177,101
2024-09-20 13:50:21.496,430.4091864675934,97
2024-09-20 13:50:21.619,430.4198007567435,97
2024-09-20 13:50:21.764,430.4068750087272,105
2024-09-20 13:50:21.878,430.41579801566576,13
2024-09-20 13:50:21.892,430.402509851054,998
2024-09-20 13:50:21.962,430.39548822925474,1001
2024-09-20 13:50:22.043,430.4452854903438,9
2024-09-20 13:50:22.745,430.4631651823986,104
2024-09-20 13:50:22.788,430.4162592975728,7
2024-09-20 13:50:22.800,430.4259557365455,11
2024-09-20 13:50:22.803,430.4324159451053,95
2024-09-20 13:50:22.913,430.4436367797452,102
2024-09-20 13:50:22.931,430.4378767458101,103
2024-09-20 13:50:22.939,430.4464733731348,98
2024-09-20 13:50:23.089,430.4326579244106,998
2024-09-20 13:50:23.681,430.4132833863603,998
2024-09-20 13:50:23.724,430.42816737418696,14
2024-09-20 13:50:23.728,430.4308339357544,103
2024-09-20 13:50:24.023,430.44418433914814,1000
2024-09-20 13:50:24.164,430.4350327220166,102
2024-09-20 13:50:24.325,430.45503395146346,10
2024-09-20 13:50:24.329,430.4962250435644,98
2024-09-20 13:50:24.537,430.4867678430456,103
2024-09-20 13:50:24.584,430.4409223525928,97
2024-09-20 13:50:24.641,430.45261111339846,98
2024-09-20 13:50:24.647,430.4927453663465,102
2024-09-20 13:50:24.677,430.5039924293515,100
2024-09-20 13:50:24.772,430.5067811697573,102
2024-09-20 13:50:24.778,430.48614404261457,1001
2024-09-20 13:50:24.833,430.4988866846194,1003
2024-09-20 13:50:24.839,430.44351624320734,97
2024-09-20 13:50:24.930,430.4811021191158,14
2024-09-20 13:50:24.939,430.50169628990375,6
2024-09-20 13:50:25.032,430.4769291962506,96
2024-09-20 13:50:25.564,430.46525796480176,995
2024-09-20 13:50:25.594,430.49036403499616,12
2024-09-20 13:50:26.023,430.4643234384242,12
2024-09-20 13:50:26.032,430.42739730777424,13
2024-09-20 13:50:26.041,430.4821103624552,997
2024-09-20 13:50:26.173,430.4619995193081,1004
2024-09-20 13:50:26.177,430.4588504429134,1004
2024-09-20 13:50:26.247,430.4824404364401,6
2024-09-20 13:50:26.278,430.4757443462198,1002
2024-09-20 13:50:26.350,430.4888072066023,9
2024-09-20 13:50:26.396,430.5003685968477,14
2024-09-20 13:50:26.424,430.4432600114588,101
2024-09-20 13:50:26.478,430.4896636155906,97
2024-09-20 13:50:26.530,-430.47519479308784,98
2024-09-20 13:50:26.573,430.4522349852157,101
2024-09-20 13:50:26.594,430.5007294273437,998
2024-09-20 13:50:26.791,430.5014878009082,996
2024-09-20 13:50:26.794,430.4791893329734,96
2024-09-20 13:50:26.805,430.46507716487486,999
2024-09-20 13:50:26.869,430.4830257687816,999
2024-09-20 13:50:26.982,430.4889685084114,6
2024-09-20 13:50:27.306,430.4605064247834,995
2024-09-20 13:50:27.741,430.48554814851866,7
2024-09-20 13:50:28.044,430.4341720544683,995
2024-09-20 13:50:28.062,430.454266330427,102
2024-09-20 13:50:28.184,430.44084639622577,1000
2024-09-20 13:50:28.318,430.44199207187694,995
2024-09-20 13:50:28.472,430.4493517344357,7
2024-09-20 13:50:28.478,430.44948337026176,12
2024-09-20 13:50:28.484,430.4496756120445,104
2024-09-20 13:50:28.544,430.4330384420147,104
2024-09-20 13:50:28.557,,996
2024-09-20 13:50:28.557,430.4073036622564,1001
2024-09-20 13:50:28.602,430.4506815842388,6
2024-09-20 13:50:28.633,430.44325996293554,102
2024-09-20 13:50:28.671,430.4253448056751,13
2024-09-20 13:50:28.686,430.43836671185096,10
2024-09-20 13:50:28.762,430.4592769604043,99
2024-09-20 13:50:28.827,430.4306883270632,103
2024-09-20 13:50:28.841,430.4377608265649,15
2024-09-20 13:50:29.186,430.4498094922067,99
2024-09-20 13:50:29.272,430.4620522728173,6
2024-09-20 13:50:29.488,430.4701814837901,98
2024-09-20 13:50:29.533,430.47098337109645,1004
2024-09-20 13:50:29.703,430.45132756303207,104
2024-09-20 13:50:29.839,430.44624258709166,9
2024-09-20 13:50:29.849,430.43821593785816,1002
2024-09-20 13:50:30.013,430.457489939904,1004
2024-09-20 13:50:30.067,430.51546970634166,997
2024-09-20 13:50:30.310,430.5013709142817,7
2024-09-20 13:50:30.324,430.5114034825762,998
2024-09-20 13:50:30.346,430.5098683810818,10
2024-09-20 13:50:30.414,430.4766064453453,1001
2024-09-20 13:50:30.417,430.4979899853359,7
2024-09-20 13:50:30.445,430.4700396546716,8
2024-09-20 13:50:30.486,430.5018339884722,101
2024-09-20 13:50:30.491,430.47341827671846,15
2024-09-20 13:50:30.500,430.4637822520047,1002
2024-09-20 13:50:30.559,430.50431568879446,5
2024-09-20 13:50:30.567,430.4893866489625,1005
2024-09-20 13:50:30.679,430.4765941280147,102
2024-09-20 13:50:30.690,430.46944513187935,98
2024-09-20 13:50:30.776,430.49684296152384,99
2024-09-20 13:50:30.842,430.4948204104649,8
2024-09-20 13:50:30.865,430.4742644515256,5
2024-09-20 13:50:30.867,430.5178724031315,1000
2024-09-20 13:50:30.892,430.45882895836405,6
2024-09-20 13:50:30.936,430.49738717083926,10
2024-09-20 13:50:31.012,430.5226030798586,997
2024-09-20 13:50:31.020,430.5359049333902,1002
2024-09-20 13:50:31.072,430.495909148888,997
2024-09-20 13:50:31.082,430.5226156033425,999
2024-09-20 13:50:31.158,430.5112164243873,101
2024-09-20 13:50:31.179,430.50966266595714,96
2024-09-20 13:50:31.275,430.5145147961498,15
2024-09-20 13:50:31.319,430.520326348809,1002
2024-09-20 13:50:31.356,430.525887668094,96
2024-09-20 13:50:31.391,430.5094254212184,998
2024-09-20 13:50:31.412,430.5333714197382,98
2024-09-20 13:50:31.443,430.5077793796672,998
2024-09-20 13:50:31.534,430.4952849139249,103
2024-09-20 13:50:31.537,430.4790086777222,8
2024-09-20 13:50:31.572,-430.5238752514768,102
2024-09-20 13:50:31.689,430.4813679816581,100
2024-09-20 13:50:31.698,430.4947004558973,95
2024-09-20 13:50:31.718,430.4807109335296,10
2024-09-20 13:50:31.774,430.5191730830656,9
2024-09-20 13:50:31.802,430.4766818127863,11
2024-09-20 13:50:31.833,-430.4991059388544,1001
2024-09-20 13:50:31.881,430.4999575526056,8
2024-09-20 13:50:31.895,430.4816136084503,996
2024-09-20 13:50:31.921,430.5122304028291,1002
2024-09-20 13:50:32.731,430.5006091976775,997
2024-09-20 13:50:33.008,430.5114615361725,997
2024-09-20 13:50:33.098,430.5275511417034,102
2024-09-20 13:50:33.173,430.5260677655175,9
2024-09-20 13:50:33.257,430.5074232414813,1005
2024-09-20 13:50:33.258,430.5175350163229,12
2024-09-20 13:50:33.398,430.49657297161446,102
2024-09-20 13:50:33.554,430.51928638057416,15
2024-09-20 13:50:33.605,430.4999870203518,100
2024-09-20 13:50:33.666,430.4897106271587,102
2024-09-20 13:50:33.867,430.490767782581,995
2024-09-20 13:50:33.920,430.49608984236806,996
2024-09-20 13:50:35.055,430.5209820699965,997
2024-09-20 13:50:35.066,430.5385433437726,104
2024-09-20 13:50:35.111,430.5781311479566,1005
2024-09-20 13:50:35.222,430.5407672657376,105
2024-09-20 13:50:35.259,430.5350744298794,10
2024-09-20 13:50:35.344,430.5558330014643,95
2024-09-20 13:50:35.345,430.5411293290877,12
2024-09-20 13:50:35.456,430.5615865903465,6
2024-09-20 13:50:35.495,430.53545015009433,1005
2024-09-20 13:50:35.532,430.5438704725397,1003
2024-09-20 13:50:35.552,430.5249855873104,98
2024-09-20 13:50:35.554,430.5494975627592,96
2024-09-20 13:50:35.583,430.5302269977139,14
2024-09-20 13:50:35.624,430.5375364720164,999
2024-09-20 13:50:35.727,430.5324126643925,101
2024-09-20 13:50:35.740,430.5559866449129,5
2024-09-20 13:50:35.741,430.521304078652,101
2024-09-20 13:50:35.819,430.5503016539468,1005
2024-09-20 13:50:35.837,430.5188889330232,102
2024-09-20 13:50:35.877,430.5184280798515,12
2024-09-20 13:50:35.887,430.56456814059067,1001
2024-09-20 13:50:35.913,430.5425808367168,999
2024-09-20 13:50:36.055,430.4862136949818,102
2024-09-20 13:50:36.155,430.5099688642886,1000
2024-09-20 13:50:36.174,-430.4872962956353,12
2024-09-20 13:50:36.244,430.5113150203112,1005
2024-09-20 13:50:36.255,430.4787193014101,102
2024-09-20 13:50:36.306,430.525989683654,1005
2024-09-20 13:50:36.316,430.4861305872679,12
2024-09-20 13:50:36.319,430.5116172767448,101
2024-09-20 13:50:36.327,430.4915712561732,1001
2024-09-20 13:50:36.356,430.4785809850226,14
2024-09-20 13:50:36.363,430.50115619409314,999
2024-09-20 13:50:36.380,430.506690072896,12
2024-09-20 13:50:36.383,430.50650979460704,97
2024-09-20 13:50:36.384,430.4989152174261,102
2024-09-20 13:50:36.452,430.50100577526456,8
2024-09-20 13:50:36.497,430.5134045248406,11
2024-09-20 13:50:36.584,430.466650097186,14
2024-09-20 13:50:36.586,430.48431341358656,97
2024-09-20 13:50:36.636,430.4960283062733,6
2024-09-20 13:50:36.759,430.4822321797943,95
2024-09-20 13:50:36.893,430.4875261924233,1005
2024-09-20 13:50:36.949,430.4875911145438,1001
2024-09-20 13:50:37.064,430.4977845005896,998
2024-09-20 13:50:37.064,430.51670431606726,1004
2024-09-20 13:50:37.112,430.5143479615557,103
2024-09-20 13:50:37.191,430.5082813909879,104
2024-09-20 13:50:37.197,430.5161581115282,100
2024-09-20 13:50:37.276,430.526360762924,15
2024-09-20 13:50:37.276,430.509685517452,999
2024-09-20 13:50:37.289,430.5178204812768,7
2024-09-20 13:50:37.405,430.5234518833085,104
2024-09-20 13:50:37.405,430.5207295106633,1003
2024-09-20 13:50:37.470,430.5253583393017,999
2024-09-20 13:50:37.501,430.5046137285437,998
2024-09-20 13:50:37.516,430.4995615570694,98
2024-09-20 13:50:37.611,430.51865057966506,5
2024-09-20 13:50:37.612,430.5065763373861,1002
2024-09-20 13:50:37.614,430.5038420673529,8
2024-09-20 13:50:37.753,430.52145187010166,998
2024-09-20 13:50:37.819,430.50106626569857,11
2024-09-20 13:50:37.914,430.51111685866977,105
2024-09-20 13:50:37.951,430.5203972532879,10
2024-09-20 13:50:38.158,430.5135785214915,96
2024-09-20 13:50:38.162,430.503858402134,1004
2024-09-20 13:50:38.199,430.4814212278091,98
2024-09-20 13:50:38.252,430.52826243491,9
2024-09-20 13:50:38.275,430.5186837320301,13
2024-09-20 13:50:38.282,430.4914383082919,96
2024-09-20 13:50:38.303,430.4688526846167,10
2024-09-20 13:50:38.314,430.51159258535466,995
2024-09-20 13:50:38.338,430.50171658356055,8
2024-09-20 13:50:38.534,430.4872123798442,1002
2024-09-20 13:50:38.651,430.4735427809015,8
2024-09-20 13:50:38.702,430.5208519624431,1001
2024-09-20 13:50:38.785,430.515067488869,1002
2024-09-20 13:50:38.809,430.50185856411485,11
2024-09-20 13:50:38.814,430.5066000959927,104
2024-09-20 13:50:38.873,430.4980014520887,12
2024-09-20 13:50:38.978,430.5124267913735,15
2024-09-20 13:50:39.077,430.509745193928,100
2024-09-20 13:50:39.282,430.5286835774497,7
2024-09-20 13:50:39.355,430.4913308864323,996
2024-09-20 13:50:39.593,430.5020623917295,1000
2024-09-20 13:50:39.603,430.5317121140813,13
2024-09-20 13:50:39.717,430.5156357509623,1005
2024-09-20 13:50:39.742,430.5111074093432,11
2024-09-20 13:50:39.971,430.4993616519668,998
2024-09-20 13:50:40.049,430.5086724709991,98
2024-09-20 13:50:40.068,430.4768581238176,997
2024-09-20 13:50:40.087,430.4760352962315,997
2024-09-20 13:50:40.093,430.49599102628855,1005
2024-09-20 13:50:40.340,430.4937642849809,13
2024-09-20 13:50:40.349,430.5099566069489,6
2024-09-20 13:50:40.438,430.4904527404136,8
2024-09-20 13:50:40.467,430.4888403310404,100
2024-09-20 13:50:40.521,430.5267789260299,98
2024-09-20 13:50:40.559,430.4994379860841,10
2024-09-20 13:50:40.560,430.48788335292255,1005
2024-09-20 13:50:40.662,430.4988162997727,1003
2024-09-20 13:50:40.663,430.521373167326,11
2024-09-20 13:50:40.664,430.5192008558601,97
2024-09-20 13:50:40.754,430.5104918568916,995
2024-09-20 13:50:40.790,430.5102344763929,100
2024-09-20 13:50:40.825,430.4907502994512,11
2024-09-20 13:50:40.848,430.5148984210102,95
2024-09-20 13:50:40.860,430.57544613867606,6
2024-09-20 13:50:40.965,430.4938368748067,999
2024-09-20 13:50:41.042,430.5825761164261,101
2024-09-20 13:50:41.200,430.5797643453245,103
2024-09-20 13:50:41.291,430.5828961381705,15
2024-09-20 13:50:41.448,430.5870316774124,15
2024-09-20 13:50:41.548,430.599607802848,104
2024-09-20 13:50:41.827,430.5784735921488,13
2024-09-20 13:50:41.856,430.5955530319296,9
2024-09-20 13:50:42.059,430.48347865332175,15
2024-09-20 13:50:42.097,430.5303211235433,995
2024-09-20 13:50:42.113,430.5593206328699,103
2024-09-20 13:50:42.158,430.5179430070183,100
2024-09-20 13:50:42.226,430.5865613716483,103
2024-09-20 13:50:42.303,430.52182490500815,6
2024-09-20 13:50:42.326,430.5129954542924,1005
2024-09-20 13:50:42.327,430.4898903415354,103
2024-09-20 13:50:42.388,430.51824119077054,101
2024-09-20 13:50:42.404,430.5071073287602,8
2024-09-20 13:50:42.422,430.56287372744623,103
2024-09-20 13:50:42.445,430.570760619741,10
2024-09-20 13:50:42.481,430.53764866729057,5
2024-09-20 13:50:42.489,430.5988646068468,13
2024-09-20 13:50:42.548,430.5740275058973,105
2024-09-20 13:50:42.559,430.5177401783823,11
2024-09-20 13:50:42.630,430.5494976101656,996
2024-09-20 13:50:42.701,430.5054106819202,99
2024-09-20 13:50:42.733,430.4946832713285,1005
2024-09-20 13:50:42.738,430.4987865183128,11
2024-09-20 13:50:42.752,430.5712853621728,12
2024-09-20 13:50:42.768,430.5890512866568,1003
2024-09-20 13:50:42.782,430.5569745187393,98
2024-09-20 13:50:42.799,430.5604239423735,11
2024-09-20 13:50:42.813,430.5161252524658,1004
2024-09-20 13:50:42.826,430.567613071712,1001
2024-09-20 13:50:42.840,430.5531959432288,1001
2024-09-20 13:50:42.885,430.5167079987263,998
2024-09-20 13:50:42.919,430.5419171131567,102
2024-09-20 13:50:43.049,430.5621692296224,15
2024-09-20 13:50:43.062,430.517197887004,98
2024-09-20 13:50:43.137,430.4976922518861,96
2024-09-20 13:50:43.162,430.5346168083179,997
2024-09-20 13:50:43.169,430.51497654360656,101
2024-09-20 13:50:43.238,430.5125418037648,97
2024-09-20 13:50:43.247,430.50946214860136,998
2024-09-20 13:50:43.274,430.5205182817349,1000
2024-09-20 13:50:43.293,430.5370664572211,998
2024-09-20 13:50:43.374,430.5009115328171,1005
2024-09-20 13:50:43.400,430.51494334572936,996
2024-09-20 13:50:43.411,430.51674196896334,101
2024-09-20 13:50:43.432,430.5198710145985,105
2024-09-20 13:50:43.446,43.05302152872071,1004
2024-09-20 13:50:43.453,430.4944388143052,9
2024-09-20 13:50:43.491,430.5332603585488,96
2024-09-20 13:50:43.530,430.52410621567503,100
2024-09-20 13:50:43.541,430.5529444964196,999
2024-09-20 13:50:43.559,430.5463499189653,7
2024-09-20 13:50:43.586,430.5498902598272,95
2024-09-20 13:50:43.732,430.5648797276946,100
2024-09-20 13:50:43.747,430.5041965852907,999
2024-09-20 13:50:43.764,430.52716019552986,13
2024-09-20 13:50:43.782,430.5242241097114,15
2024-09-20 13:50:43.821,,101
2024-09-20 13:50:43.917,430.504118696489,1004
2024-09-20 13:50:43.925,430.5384527370618,1001
2024-09-20 13:50:43.949,430.49809938123394,104
2024-09-20 13:50:43.972,430.5307558057473,15
2024-09-20 13:50:44.189,430.4988384754573,100
2024-09-20 13:50:44.360,430.5094666594568,998
2024-09-20 13:50:44.445,430.4962685680743,103
2024-09-20 13:50:45.028,430.5121879835173,11
2024-09-20 13:50:45.055,430.5137457468773,12
2024-09-20 13:50:45.099,430.4863436645843,12
2024-09-20 13:50:45.100,430.5094836214773,996
2024-09-20 13:50:45.124,430.5094303912532,995
2024-09-20 13:50:45.149,430.50028195476426,999
2024-09-20 13:50:45.182,430.51449507513627,103
2024-09-20 13:50:45.222,430.4917895534573,104
2024-09-20 13:50:45.285,430.52138815309166,1003
2024-09-20 13:50:45.301,430.5026664428767,6
2024-09-20 13:50:45.326,430.5028815341467,1002
2024-09-20 13:50:45.426,430.49313114275657,1001
2024-09-20 13:50:45.454,430.49069420489576,997
2024-09-20 13:50:45.518,430.4888054903729,997
2024-09-20 13:50:45.550,430.51654697467234,14
2024-09-20 13:50:45.594,430.5202580257888,105
2024-09-20 13:50:45.614,430.5149839661472,6
2024-09-20 13:50:45.626,430.472401923331,102
2024-09-20 13:50:45.633,430.4981533440762,10
2024-09-20 13:50:45.635,430.4703364650025,12
2024-09-20 13:50:45.652,430.5185120447669,1001
2024-09-20 13:50:45.660,430.48435263661,95
2024-09-20 13:50:45.699,430.500201641731,1002
2024-09-20 13:50:45.715,430.5052029183381,7
2024-09-20 13:50:45.720,430.5061691425829,97
2024-09-20 13:50:45.901,430.4884893809197,100
2024-09-20 13:50:45.903,430.504393697896,1003
2024-09-20 13:50:45.919,430.48960973945145,10
2024-09-20 13:50:45.981,430.5156341048303,10
2024-09-20 13:50:46.046,430.4621947911256,101
2024-09-20 13:50:46.084,430.51216139126905,1002
2024-09-20 13:50:46.269,430.4664353159341,1001
2024-09-20 13:50:46.394,430.5363008559636,1000
2024-09-20 13:50:46.404,430.5385319645652,12
2024-09-20 13:50:46.405,430.4590789859362,11
2024-09-20 13:50:46.461,43.05205944486989,999
2024-09-20 13:50:46.463,430.5196159758595,104
2024-09-20 13:50:46.482,430.482970770969,11
2024-09-20 13:50:46.751,430.5116454057441,10
2024-09-20 13:50:46.778,430.5109125511692,12
2024-09-20 13:50:46.794,430.49723376175183,11
2024-09-20 13:50:46.882,430.4821427177118,7
2024-09-20 13:50:46.887,430.5128463852405,102
2024-09-20 13:50:46.906,430.4709589576656,103
2024-09-20 13:50:46.993,430.5238939440071,96
2024-09-20 13:50:47.743,430.4935687336926,1003
2024-09-20 13:50:47.942,430.4766353593224,998
2024-09-20 13:50:48.235,430.49640899218457,104
2024-09-20 13:50:48.994,430.50916865396033,6
2024-09-20 13:50:49.036,430.4325440044948,96
2024-09-20 13:50:49.049,430.4351652338779,5
2024-09-20 13:50:49.053,430.4745819680702,103
2024-09-20 13:50:49.071,430.3909499248375,999
2024-09-20 13:50:49.097,430.4695730942731,5
2024-09-20 13:50:49.117,430.41330099420657,1004
2024-09-20 13:50:49.214,430.3952209672546,101
2024-09-20 13:50:49.240,430.43274676131887,998
2024-09-20 13:50:49.256,430.4012706640368,99
2024-09-20 13:50:49.279,430.4904785819084,105
2024-09-20 13:50:49.304,430.4321562240955,99
2024-09-20 13:50:49.336,430.43395560904656,15
2024-09-20 13:50:49.348,430.3932466898094,100
2024-09-20 13:50:49.361,430.4069712402686,9
2024-09-20 13:50:49.513,430.43840369840274,101
2024-09-20 13:50:49.599,430.3980766892914,7
2024-09-20 13:50:49.672,430.3950617796706,1003
2024-09-20 13:50:49.713,430.443190792569,10
2024-09-20 13:50:49.723,430.407504816376,10
2024-09-20 13:50:49.776,430.4226596787632,997
2024-09-20 13:50:49.874,430.4584502562541,5
2024-09-20 13:50:49.899,430.4210670464379,11
2024-09-20 13:50:49.962,430.4379324723365,11
2024-09-20 13:50:49.965,430.428470503178,996
2024-09-20 13:50:50.016,430.3850589082441,1001
2024-09-20 13:50:50.049,430.4026528224323,99
2024-09-20 13:50:50.086,430.36325838099407,99
2024-09-20 13:50:50.092,430.411485237554,1005
2024-09-20 13:50:50.125,430.400447049048,8
2024-09-20 13:50:50.222,430.3732080744247,995
2024-09-20 13:50:50.283,430.38134163434063,996
2024-09-20 13:50:50.291,430.34970378129606,15
2024-09-20 13:50:50.294,430.35784662223296,995
2024-09-20 13:50:50.372,430.3661564791568,1000
2024-09-20 13:50:50.382,430.3857863748738,10
2024-09-20 13:50:50.391,430.38211450075687,9
2024-09-20 13:50:50.392,430.36364479318894,100
2024-09-20 13:50:50.400,430.35715549207634,101
2024-09-20 13:50:50.486,430.3537772413519,11
2024-09-20 13:50:50.495,430.3623319482468,102
2024-09-20 13:50:50.542,430.3885479473081,98
2024-09-20 13:50:50.581,430.3985954485471,995
2024-09-20 13:50:50.603,430.3761434554312,99
2024-09-20 13:50:50.637,430.3785196798722,5
2024-09-20 13:50:50.671,430.3925631980306,5
2024-09-20 13:50:50.743,430.3711489219176,1004
2024-09-20 13:50:50.753,430.39974489474207,95
2024-09-20 13:50:50.770,430.3690534985622,998
2024-09-20 13:50:50.771,430.3535560229634,997
2024-09-20 13:50:50.855,430.367544301547,999
2024-09-20 13:50:50.899,430.4011263647712,105
2024-09-20 13:50:50.910,430.35302203270334,5
2024-09-20 13:50:51.199,430.3337058625759,997
2024-09-20 13:50:51.224,430.2676557000916,1003
2024-09-20 13:50:51.269,430.334455570286,96
2024-09-20 13:50:51.296,430.336048829006,15
2024-09-20 13:50:51.392,430.3357758412254,100
2024-09-20 13:50:51.495,430.3443865247172,105
2024-09-20 13:50:51.501,430.2604227070537,98
2024-09-20 13:50:51.681,430.3307457428643,11
2024-09-20 13:50:51.871,430.2944725588836,13
2024-09-20 13:50:51.962,430.3335124954832,998
2024-09-20 13:50:51.979,430.3153760416002,10
2024-09-20 13:50:52.016,430.200793375796,102
2024-09-20 13:50:52.040,430.17958190973326,96
2024-09-20 13:50:52.045,430.2643049160004,1000
2024-09-20 13:50:52.128,430.2162018884443,98
2024-09-20 13:50:52.147,430.19086942190887,11
2024-09-20 13:50:52.153,430.2604532693713,1004
2024-09-20 13:50:52.247,430.1883664368052,6
2024-09-20 13:50:52.308,430.2441655171645,99
2024-09-20 13:50:52.329,430.2320237575698,96
2024-09-20 13:50:52.635,430.2215718054199,1004
2024-09-20 13:50:52.668,430.2280883212897,999
2024-09-20 13:50:52.718,430.25863677200704,103
2024-09-20 13:50:52.789,430.2241399920389,6
2024-09-20 13:50:52.836,430.2430795462796,103
2024-09-20 13:50:52.919,430.2221288266056,997
2024-09-20 13:50:52.967,430.2426517996173,96
2024-09-20 13:50:52.983,430.2417029163832,98
2024-09-20 13:50:53.004,430.141110608456,6
2024-09-20 13:50:53.009,430.1108686745671,6
2024-09-20 13:50:53.170,430.1121838748208,15
2024-09-20 13:50:53.171,430.14832514355146,998
2024-09-20 13:50:53.208,430.1579785432731,12
2024-09-20 13:50:53.216,430.1245888258523,999
2024-09-20 13:50:53.279,430.1156797322829,11
2024-09-20 13:50:53.423,430.1488395531503,999
2024-09-20 13:50:53.461,430.1528213924052,99
2024-09-20 13:50:53.531,430.0970309259644,1005
2024-09-20 13:50:53.578,430.1251667291169,101
2024-09-20 13:50:53.586,430.1113784955737,105
2024-09-20 13:50:53.599,430.1410606796071,98
2024-09-20 13:50:53.643,430.15770147322,996
2024-09-20 13:50:53.665,430.146046669199,1005
2024-09-20 13:50:53.903,430.1788302824756,12
2024-09-20 13:50:54.019,430.1563646897045,1002
2024-09-20 13:50:54.075,430.1148389671285,14
2024-09-20 13:50:54.116,430.1199237890655,995
2024-09-20 13:50:54.146,430.1494432115183,995
2024-09-20 13:50:54.176,430.1212448663974,998
2024-09-20 13:50:54.181,430.1154079626826,103
2024-09-20 13:50:54.224,430.1496395938234,1001
2024-09-20 13:50:54.229,430.1502098207032,995
2024-09-20 13:50:54.275,430.11156354629287,97
2024-09-20 13:50:54.342,430.1203670226689,1005
2024-09-20 13:50:54.406,430.1590233526626,11
2024-09-20 13:50:54.425,430.1577125552403,998
2024-09-20 13:50:54.428,430.1623836044054,997
2024-09-20 13:50:54.472,430.1399436479832,1002
2024-09-20 13:50:54.541,430.1136883980396,1000
2024-09-20 13:50:54.602,430.1414466951416,15
2024-09-20 13:50:54.738,430.10579515972086,9
2024-09-20 13:50:54.802,430.1031726460848,6
2024-09-20 13:50:54.845,430.1723082581991,1004
2024-09-20 13:50:54.849,430.11026211759946,1001
2024-09-20 13:50:54.928,430.1175777409388,104
2024-09-20 13:50:54.928,430.1165114662396,997
2024-09-20 13:50:55.060,430.1238905035903,11
2024-09-20 13:50:55.065,430.1151417912282,105
2024-09-20 13:50:55.110,430.1472729335922,5
2024-09-20 13:50:55.173,430.15064681338976,104
2024-09-20 13:50:55.249,430.1338048206503,1001
2024-09-20 13:50:55.306,430.1259430787134,15
2024-09-20 13:50:55.416,430.1420762883921,7
2024-09-20 13:50:55.510,430.1727525742341,96
2024-09-20 13:50:55.577,430.1387478378847,96
2024-09-20 13:50:55.717,430.151406984122,7
2024-09-20 13:50:55.738,430.16959276819233,1004
2024-09-20 13:50:55.809,430.1489238856179,8
2024-09-20 13:50:55.817,430.1700957550101,103
2024-09-20 13:50:55.831,430.1390027251269,1001
2024-09-20 13:50:55.964,430.1264660244814,6
2024-09-20 13:50:56.058,430.1554854373607,15
2024-09-20 13:50:56.123,430.1415594914866,995
2024-09-20 13:50:56.128,430.1953418890141,8
2024-09-20 13:50:56.133,43.01573837343857,7
2024-09-20 13:50:56.147,430.1830152091522,104
2024-09-20 13:50:56.165,430.14146302047857,104
2024-09-20 13:50:56.194,430.1277123324517,99
2024-09-20 13:50:56.234,430.1475770907569,1001
2024-09-20 13:50:56.241,430.1404680010257,997
2024-09-20 13:50:56.285,430.1795103969966,99
2024-09-20 13:50:56.300,430.1390119964049,996
2024-09-20 13:50:56.523,430.1952602900605,105
2024-09-20 13:50:56.528,430.13565573983504,99
2024-09-20 13:50:56.539,430.1330159425223,101
2024-09-20 13:50:56.636,430.1407092398777,1002
2024-09-20 13:50:56.682,430.1454838453826,95
2024-09-20 13:50:56.743,430.200378166103,996
2024-09-20 13:50:56.885,430.2063575885802,100
2024-09-20 13:50:56.891,430.12978700185255,995
2024-09-20 13:50:56.904,430.20199673269343,101
2024-09-20 13:50:56.982,430.1441772137622,103
2024-09-20 13:50:57.013,430.139069524094,1003
2024-09-20 13:50:57.084,430.1363870797919,104
2024-09-20 13:50:57.204,430.1430286983791,997
2024-09-20 13:50:57.216,430.1320309647202,5
2024-09-20 13:50:57.222,430.1711449123705,1001
2024-09-20 13:50:57.249,430.13639393928815,101
2024-09-20 13:50:57.307,430.13486416735566,10
2024-09-20 13:50:57.320,430.1593983430941,105
2024-09-20 13:50:57.323,430.1159673280377,95
2024-09-20 13:50:57.360,430.1505706342217,99
2024-09-20 13:50:57.424,430.142041516218,105
2024-09-20 13:50:57.498,430.1467397488,12
2024-09-20 13:50:57.503,430.1239399926192,1002
2024-09-20 13:50:57.547,430.1208977285275,9
2024-09-20 13:50:57.561,430.1220905995741,12
2024-09-20 13:50:57.605,430.1249633715203,11
2024-09-20 13:50:57.653,430.1313084253164,13
2024-09-20 13:50:57.669,430.1371935569657,15
2024-09-20 13:50:57.827,430.1129037734229,99
2024-09-20 13:50:57.840,430.1220651471027,999
2024-09-20 13:50:57.841,430.13125082299536,995
2024-09-20 13:50:57.884,430.1203286965052,13
2024-09-20 13:50:57.956,43.01377366058014,6
2024-09-20 13:50:57.965,430.1259118067137,11
2024-09-20 13:50:58.132,430.1308401728914,5
2024-09-20 13:50:58.457,430.1265948027779,1003
2024-09-20 13:50:58.980,430.1078655980125,100
2024-09-20 13:50:59.055,430.13392336586975,104
2024-09-20 13:50:59.217,430.1243905208725,100
2024-09-20 13:50:59.282,430.1135768047941,103
2024-09-20 13:50:59.578,430.1086418702815,11
2024-09-20 13:50:59.771,430.1162083897218,8
2024-09-20 13:50:59.919,430.12711355599816,1002
