Timestamp,Price,Size
2024-09-18 14:26:01.188,412.9954634594237,1001
2024-09-18 14:26:01.231,413.02953515136335,5
2024-09-18 14:26:01.306,412.9998101470093,6
2024-09-18 14:26:01.307,413.0037066168935,101
2024-09-18 14:26:01.556,413.0026462508634,1004
2024-09-18 14:26:01.773,413.0300824306726,104
2024-09-18 14:26:02.118,412.98436062426015,14
2024-09-18 14:26:02.204,412.97144545076753,11
2024-09-18 14:26:02.246,412.9915043027942,9
2024-09-18 14:26:02.343,413.00954567345866,1000
2024-09-18 14:26:02.583,412.990726232337,15
2024-09-18 14:26:02.618,412.97520872495664,101
2024-09-18 14:26:02.634,412.9868606105543,96
2024-09-18 14:26:02.701,412.98858899352473,12
2024-09-18 14:26:02.933,412.97585913104376,98
2024-09-18 14:26:03.032,412.9990043752605,99
2024-09-18 14:26:03.068,,1001
2024-09-18 14:26:03.117,412.9951565435851,6
2024-09-18 14:26:03.186,413.03739583481325,104
2024-09-18 14:26:03.186,413.0090302358994,10
2024-09-18 14:26:03.187,412.9918942430256,105
2024-09-18 14:26:03.192,412.9791288218673,7
2024-09-18 14:26:03.245,-412.95211976907007,8
2024-09-18 14:26:03.256,413.0467375830429,102
2024-09-18 14:26:03.299,413.0231426549981,1005
2024-09-18 14:26:03.399,413.024232001914,10
2024-09-18 14:26:03.408,413.0090474155462,99
2024-09-18 14:26:03.436,41.29706358646618,7
2024-09-18 14:26:03.439,413.04582653254073,98
2024-09-18 14:26:03.443,413.0383864255216,97
2024-09-18 14:26:03.443,413.042583771423,103
2024-09-18 14:26:03.447,413.0404327983622,12
2024-09-18 14:26:03.493,413.02936882080496,10
2024-09-18 14:26:03.509,413.01936281627366,103
2024-09-18 14:26:03.554,413.0374398982195,98
2024-09-18 14:26:03.559,412.9753624441592,10
2024-09-18 14:26:03.600,,10
2024-09-18 14:26:03.702,412.9546145275493,995
2024-09-18 14:26:03.736,413.003196305721,97
2024-09-18 14:26:03.763,413.01241079988,1005
2024-09-18 14:26:03.792,412.9923655785559,1002
2024-09-18 14:26:03.903,413.0595772561396,104
2024-09-18 14:26:03.935,413.0219938790994,11
2024-09-18 14:26:03.949,412.9680249722184,1004
2024-09-18 14:26:03.953,413.0182538976968,5
2024-09-18 14:26:04.010,413.0606013288861,997
2024-09-18 14:26:04.056,413.04785630429984,1003
2024-09-18 14:26:04.104,413.0258129001574,1004
2024-09-18 14:26:04.110,413.0477859665052,13
2024-09-18 14:26:04.113,413.0496053061094,15
2024-09-18 14:26:04.171,413.0503802602785,102
2024-09-18 14:26:04.223,413.0440506274082,1004
2024-09-18 14:26:04.227,413.0240071943502,13
2024-09-18 14:26:04.420,413.04054393680633,13
2024-09-18 14:26:04.433,413.0782741437639,102
2024-09-18 14:26:04.464,413.041392992411,6
2024-09-18 14:26:04.531,413.04684908929977,11
2024-09-18 14:26:04.545,413.07488827066106,9
2024-09-18 14:26:04.630,413.0319972861104,12
2024-09-18 14:26:04.631,413.055317965008,100
2024-09-18 14:26:04.658,413.0423769116097,13
2024-09-18 14:26:04.778,413.0466347870897,1005
2024-09-18 14:26:04.830,413.02291559752274,999
2024-09-18 14:26:04.859,413.05660489252057,105
2024-09-18 14:26:05.000,41.301733393383415,8
2024-09-18 14:26:05.013,413.002043671061,99
2024-09-18 14:26:05.230,413.0019566612796,997
2024-09-18 14:26:05.262,413.01585404175705,12
2024-09-18 14:26:05.304,413.0061779350592,5
2024-09-18 14:26:05.348,413.00378146121767,1002
2024-09-18 14:26:05.469,413.0210235593452,8
2024-09-18 14:26:05.481,413.0202616062177,5
2024-09-18 14:26:05.584,413.0358543915008,10
2024-09-18 14:26:05.645,413.0271911060774,100
2024-09-18 14:26:05.695,413.0324943914804,10
2024-09-18 14:26:05.734,413.0239312252037,11
2024-09-18 14:26:05.767,413.01612935083074,105
2024-09-18 14:26:05.794,413.0062052394789,97
2024-09-18 14:26:05.816,413.0011368184269,1000
2024-09-18 14:26:05.942,41.29993774449586,97
2024-09-18 14:26:05.994,413.0363315261861,1004
2024-09-18 14:26:06.047,413.011327455525,1003
2024-09-18 14:26:06.148,412.9996278724199,1005
2024-09-18 14:26:06.187,413.0018490966048,12
2024-09-18 14:26:06.266,413.0182962411019,99
2024-09-18 14:26:06.364,412.9995364540296,1002
2024-09-18 14:26:06.408,413.0108042734757,1004
2024-09-18 14:26:06.415,412.9917246264599,7
2024-09-18 14:26:06.544,412.9869666884034,5
2024-09-18 14:26:06.563,413.0106415934872,1003
2024-09-18 14:26:06.689,413.0169498743596,1001
2024-09-18 14:26:06.700,413.01201752402767,11
2024-09-18 14:26:06.750,413.0073310717156,98
2024-09-18 14:26:06.767,412.9997155591051,95
2024-09-18 14:26:06.833,413.0037751557229,7
2024-09-18 14:26:06.848,413.01646945356873,10
2024-09-18 14:26:06.893,413.0139115134669,13
2024-09-18 14:26:06.960,413.00883875361865,6
2024-09-18 14:26:06.991,413.01736097949146,10
2024-09-18 14:26:07.008,412.9752467632741,1005
2024-09-18 14:26:07.049,412.9917376563818,104
2024-09-18 14:26:07.113,413.01635048143856,105
2024-09-18 14:26:07.243,412.98166376024506,96
2024-09-18 14:26:07.244,413.0060996753999,7
2024-09-18 14:26:07.284,413.0090634481948,1005
2024-09-18 14:26:07.672,413.0031655931568,998
2024-09-18 14:26:07.780,412.9878403164506,99
2024-09-18 14:26:07.888,412.9960600943144,6
2024-09-18 14:26:07.954,412.9882551960736,6
2024-09-18 14:26:08.035,413.0082231158128,101
2024-09-18 14:26:08.193,413.0694730537013,999
2024-09-18 14:26:08.219,413.039335556405,96
2024-09-18 14:26:08.332,412.9959588267226,995
2024-09-18 14:26:08.341,413.000893998666,10
2024-09-18 14:26:08.363,41.30730754603254,100
2024-09-18 14:26:08.468,413.065234937045,10
2024-09-18 14:26:08.565,413.0949189763254,1001
2024-09-18 14:26:08.614,413.07181558231525,98
2024-09-18 14:26:08.659,413.0916840904746,101
2024-09-18 14:26:08.707,413.0644781284993,95
2024-09-18 14:26:08.708,413.048095985175,105
2024-09-18 14:26:08.814,413.0690639057461,12
2024-09-18 14:26:08.837,413.0701606602396,15
2024-09-18 14:26:08.879,413.0593722380922,97
2024-09-18 14:26:08.925,413.06286844023936,1001
2024-09-18 14:26:08.963,413.0768537527547,97
2024-09-18 14:26:09.007,413.1446118605338,998
2024-09-18 14:26:09.065,413.1474832744515,1001
2024-09-18 14:26:09.069,413.1331118392014,7
2024-09-18 14:26:09.112,413.1361551240284,1001
2024-09-18 14:26:09.118,41.31342370264544,9
2024-09-18 14:26:09.128,413.1520682470208,104
2024-09-18 14:26:09.147,413.12778427776254,9
2024-09-18 14:26:09.377,413.113878293399,103
2024-09-18 14:26:09.402,,1002
2024-09-18 14:26:09.430,413.116764491768,1004
2024-09-18 14:26:09.450,413.1599417959093,95
2024-09-18 14:26:09.525,413.1270902774823,1001
2024-09-18 14:26:09.635,413.1251194451852,5
2024-09-18 14:26:09.664,413.1331711459442,8
2024-09-18 14:26:09.665,413.1269716410839,7
2024-09-18 14:26:09.715,413.110801741351,15
2024-09-18 14:26:09.764,413.0683584857826,95
2024-09-18 14:26:09.829,413.0856093960771,1001
2024-09-18 14:26:09.831,413.1497000179117,105
2024-09-18 14:26:09.839,413.122624180106,12
2024-09-18 14:26:09.906,413.0933518680852,103
2024-09-18 14:26:09.909,413.10201210701393,995
2024-09-18 14:26:09.910,413.0997268233143,15
2024-09-18 14:26:09.959,413.13603118637366,6
2024-09-18 14:26:09.966,413.1078244417059,12
2024-09-18 14:26:10.028,413.15482174514807,7
2024-09-18 14:26:10.082,413.1636787400481,1004
2024-09-18 14:26:10.088,413.1511154510958,14
2024-09-18 14:26:10.266,413.1325196229727,13
2024-09-18 14:26:10.345,413.1536638632917,996
2024-09-18 14:26:10.370,413.1621264570615,8
2024-09-18 14:26:10.404,413.18359588461465,14
2024-09-18 14:26:10.541,413.16180964466486,99
2024-09-18 14:26:10.577,413.14950182299776,1002
2024-09-18 14:26:10.593,413.1389714924412,997
2024-09-18 14:26:10.774,413.1535507461997,995
2024-09-18 14:26:10.779,413.1641257175418,1001
2024-09-18 14:26:10.804,413.1516642493451,1003
2024-09-18 14:26:10.949,413.151064353213,6
2024-09-18 14:26:10.967,413.151688431732,1000
2024-09-18 14:26:11.034,413.1677950807227,995
2024-09-18 14:26:11.177,413.1594311296459,6
2024-09-18 14:26:11.279,413.1830071119155,98
2024-09-18 14:26:11.884,413.1624115371788,997
2024-09-18 14:26:12.007,413.1697851576748,100
2024-09-18 14:26:12.013,413.1416546242503,9
2024-09-18 14:26:12.326,413.1186194601221,1002
2024-09-18 14:26:12.713,413.1622157809634,13
2024-09-18 14:26:12.840,413.1421593003445,1004
2024-09-18 14:26:12.864,413.1367849844981,102
2024-09-18 14:26:13.044,413.1045342978984,9
2024-09-18 14:26:13.158,413.1233789757063,97
2024-09-18 14:26:13.217,413.04260114608746,9
2024-09-18 14:26:13.228,413.0451586621726,999
2024-09-18 14:26:13.247,412.9975683601861,11
2024-09-18 14:26:13.345,413.0470543859553,7
2024-09-18 14:26:13.365,413.0839802455488,98
2024-09-18 14:26:13.407,413.10262763314273,8
2024-09-18 14:26:13.415,413.0383414647478,1005
2024-09-18 14:26:13.480,413.1375752900675,102
2024-09-18 14:26:13.537,413.10585231379696,1004
2024-09-18 14:26:13.675,413.079701856595,104
2024-09-18 14:26:13.757,413.13365074380295,10
2024-09-18 14:26:13.758,413.0815106658652,98
2024-09-18 14:26:13.778,413.04488649234855,104
2024-09-18 14:26:13.820,413.09003392684417,1002
2024-09-18 14:26:13.842,413.0509773906148,12
2024-09-18 14:26:13.852,413.1307654083906,1005
2024-09-18 14:26:13.904,413.0182584454646,11
2024-09-18 14:26:13.907,413.1311262597118,1003
2024-09-18 14:26:14.691,412.9860607414228,12
2024-09-18 14:26:15.116,412.9135740156702,11
2024-09-18 14:26:15.352,412.9620822568297,14
2024-09-18 14:26:15.569,412.93085233493696,7
2024-09-18 14:26:15.601,41.29363746544978,97
2024-09-18 14:26:15.746,412.9310830267793,103
2024-09-18 14:26:15.773,412.927927365624,12
2024-09-18 14:26:15.852,412.97241345891854,1000
2024-09-18 14:26:15.855,412.9349626675414,11
2024-09-18 14:26:15.883,412.9526552381944,999
2024-09-18 14:26:15.942,412.9784978577114,11
2024-09-18 14:26:16.088,412.9215877695297,95
2024-09-18 14:26:16.336,412.9656452488464,100
2024-09-18 14:26:16.336,412.93895023911097,1001
2024-09-18 14:26:16.445,412.9672291045328,997
2024-09-18 14:26:16.552,412.92485101020304,10
2024-09-18 14:26:16.567,412.8996227448609,998
2024-09-18 14:26:16.589,412.952142342602,5
2024-09-18 14:26:16.659,412.9052736306825,10
2024-09-18 14:26:16.694,412.9290966864916,996
2024-09-18 14:26:16.698,412.9166563876584,999
2024-09-18 14:26:16.777,412.93842600158615,96
2024-09-18 14:26:16.891,412.902070145441,95
2024-09-18 14:26:17.010,412.8924281585943,98
2024-09-18 14:26:17.017,412.8652615003799,1002
2024-09-18 14:26:17.068,412.90657620153786,98
2024-09-18 14:26:17.086,412.86647246192064,995
2024-09-18 14:26:17.157,412.8879735474141,1004
2024-09-18 14:26:17.234,412.8891957865396,6
2024-09-18 14:26:17.243,412.8994781695714,100
2024-09-18 14:26:17.267,412.9163940260277,13
2024-09-18 14:26:17.309,412.8873978530009,103
2024-09-18 14:26:17.318,412.8990634901923,12
2024-09-18 14:26:17.541,412.8770502961303,5
2024-09-18 14:26:17.589,412.8586667488848,11
2024-09-18 14:26:17.657,412.8954798442076,96
2024-09-18 14:26:17.694,412.8976265520573,1005
2024-09-18 14:26:17.717,412.8576833386005,102
2024-09-18 14:26:17.828,412.90869174005945,99
2024-09-18 14:26:17.876,412.91213391782304,1002
2024-09-18 14:26:17.909,412.8644075207866,14
2024-09-18 14:26:17.984,412.8938961908591,8
2024-09-18 14:26:18.018,412.9590124705853,999
2024-09-18 14:26:18.173,412.90695716585,97
2024-09-18 14:26:18.183,412.8702455897702,1001
2024-09-18 14:26:18.195,412.9017208162276,12
2024-09-18 14:26:18.261,412.8862018393452,105
2024-09-18 14:26:18.273,412.9183718261714,1002
2024-09-18 14:26:18.275,412.94517423637313,5
2024-09-18 14:26:18.407,412.8885329366963,104
2024-09-18 14:26:18.501,412.91399835962017,102
2024-09-18 14:26:18.512,412.9390944230775,1002
2024-09-18 14:26:18.570,412.9270899245746,101
2024-09-18 14:26:18.611,412.8485115926295,997
2024-09-18 14:26:18.662,412.930660353234,105
2024-09-18 14:26:18.714,412.9575238879785,95
2024-09-18 14:26:18.732,-412.93051957268926,99
2024-09-18 14:26:18.739,412.9700103325847,7
2024-09-18 14:26:18.766,412.9261845107938,5
2024-09-18 14:26:18.782,412.9534016209929,102
2024-09-18 14:26:18.816,412.88809153136697,103
2024-09-18 14:26:18.843,412.8824977083145,99
2024-09-18 14:26:18.905,412.90087105275086,104
2024-09-18 14:26:18.970,412.9218360569766,105
2024-09-18 14:26:19.058,412.8416222039672,98
2024-09-18 14:26:19.163,412.8201852867573,995
2024-09-18 14:26:19.246,412.9302161843984,1004
2024-09-18 14:26:19.258,412.9289860400766,1001
2024-09-18 14:26:19.294,412.94211143138926,98
2024-09-18 14:26:19.310,412.9217600025103,96
2024-09-18 14:26:19.367,412.8084242043559,6
2024-09-18 14:26:19.404,412.84059933987066,95
2024-09-18 14:26:19.437,412.8685019510357,9
2024-09-18 14:26:19.442,412.9150248859938,995
2024-09-18 14:26:19.447,412.86070589466857,100
2024-09-18 14:26:19.467,412.93315499747575,1000
2024-09-18 14:26:19.472,412.8657122022584,99
2024-09-18 14:26:19.475,412.9367393273464,1004
2024-09-18 14:26:19.535,412.9111438534311,14
2024-09-18 14:26:19.585,412.8246265400333,996
2024-09-18 14:26:19.608,412.8943006854135,14
2024-09-18 14:26:19.655,412.8332255843076,5
2024-09-18 14:26:19.664,412.8595794651067,104
2024-09-18 14:26:19.784,412.8649664859504,104
2024-09-18 14:26:19.823,412.8455862834796,1002
2024-09-18 14:26:19.901,412.8293459136016,8
2024-09-18 14:26:19.910,412.87057768047146,1005
2024-09-18 14:26:19.966,412.8870461308102,12
2024-09-18 14:26:19.994,412.9122295766752,98
2024-09-18 14:26:20.047,412.9350712928625,10
2024-09-18 14:26:20.055,412.9478460810268,999
2024-09-18 14:26:20.185,412.9523878077241,14
2024-09-18 14:26:20.196,412.9457522264669,8
2024-09-18 14:26:20.210,,96
2024-09-18 14:26:20.217,412.9322269482792,1000
2024-09-18 14:26:20.266,412.9397990625009,8
2024-09-18 14:26:20.283,412.95090840953225,99
2024-09-18 14:26:20.293,412.9335199160096,10
2024-09-18 14:26:20.381,412.9318117885535,103
2024-09-18 14:26:20.445,412.9580442828428,95
2024-09-18 14:26:20.652,412.9499636308135,1003
2024-09-18 14:26:20.815,412.9311659927852,1002
2024-09-18 14:26:20.889,412.9418999268418,100
2024-09-18 14:26:20.969,412.926405499514,11
2024-09-18 14:26:21.064,412.9252030419069,1000
2024-09-18 14:26:21.175,412.8828884236888,14
2024-09-18 14:26:21.180,412.9159289348776,101
2024-09-18 14:26:21.185,412.911154479749,14
2024-09-18 14:26:21.226,412.906683742192,995
2024-09-18 14:26:21.239,412.9250896427311,998
2024-09-18 14:26:21.268,412.8890264883127,97
2024-09-18 14:26:21.314,412.8999861043186,995
2024-09-18 14:26:21.354,412.888354941916,103
2024-09-18 14:26:21.389,412.8917505086758,1002
2024-09-18 14:26:21.437,412.9064322186801,8
2024-09-18 14:26:21.516,412.911297114555,1000
2024-09-18 14:26:21.520,412.9161760179538,12
2024-09-18 14:26:21.569,412.9031048761956,15
2024-09-18 14:26:21.581,412.9060099403853,13
2024-09-18 14:26:21.596,412.8874658230059,999
2024-09-18 14:26:21.602,412.9123420997728,13
2024-09-18 14:26:21.651,412.9276162841253,105
2024-09-18 14:26:21.694,412.9116519953952,1003
2024-09-18 14:26:21.706,412.87452544373184,98
2024-09-18 14:26:21.724,412.9070503995474,996
2024-09-18 14:26:21.734,412.8925729939856,15
2024-09-18 14:26:21.810,412.89219576874063,95
2024-09-18 14:26:21.813,412.9021284224137,995
2024-09-18 14:26:21.830,412.9133741736266,998
2024-09-18 14:26:21.835,412.9304675451551,6
2024-09-18 14:26:21.962,412.91797250012615,995
2024-09-18 14:26:21.971,412.9188320372896,9
2024-09-18 14:26:21.993,412.876646454294,100
2024-09-18 14:26:22.067,412.8839599499772,98
2024-09-18 14:26:22.080,412.9074671417903,11
2024-09-18 14:26:22.123,412.90006472575743,1005
2024-09-18 14:26:22.167,412.8814444717668,105
2024-09-18 14:26:22.202,412.8951712706111,8
2024-09-18 14:26:22.207,412.9031333766508,998
2024-09-18 14:26:22.384,412.90636076160246,9
2024-09-18 14:26:22.415,412.88646129985887,997
2024-09-18 14:26:22.468,412.8989258659389,999
2024-09-18 14:26:22.568,412.8840535977327,12
2024-09-18 14:26:22.582,412.89868062218255,95
2024-09-18 14:26:22.930,41.28868316055704,105
2024-09-18 14:26:23.038,412.91643855003935,1003
2024-09-18 14:26:23.058,412.9323639256895,1005
2024-09-18 14:26:23.233,412.9310064219889,13
2024-09-18 14:26:23.365,412.92394351295474,8
2024-09-18 14:26:23.745,412.9263372020636,13
2024-09-18 14:26:23.912,412.9209141077437,13
2024-09-18 14:26:24.052,412.9269745605868,9
2024-09-18 14:26:24.262,412.9538894243127,8
2024-09-18 14:26:24.669,412.95079816888114,99
2024-09-18 14:26:24.821,412.94718829811313,14
2024-09-18 14:26:24.906,412.9272459353393,1004
2024-09-18 14:26:24.985,412.9334433584693,15
2024-09-18 14:26:25.066,412.9443055907077,5
2024-09-18 14:26:25.080,412.9312665488944,1001
2024-09-18 14:26:25.302,412.9206965587822,10
2024-09-18 14:26:25.605,412.93273191382,14
2024-09-18 14:26:25.829,412.9264434150914,9
2024-09-18 14:26:25.865,412.9380699112149,15
2024-09-18 14:26:25.908,412.9584256674834,10
2024-09-18 14:26:25.918,412.94614071246144,98
2024-09-18 14:26:25.937,412.9442384984247,10
2024-09-18 14:26:25.969,412.9351556839176,98
2024-09-18 14:26:26.081,412.927732946,10
2024-09-18 14:26:26.177,412.8898006366848,98
2024-09-18 14:26:26.240,412.89979097921446,98
2024-09-18 14:26:26.450,412.8904569486306,101
2024-09-18 14:26:26.507,412.9146391355909,1000
2024-09-18 14:26:26.617,412.9010536719611,996
2024-09-18 14:26:26.685,412.92324419303134,99
2024-09-18 14:26:26.695,412.9140856748923,12
2024-09-18 14:26:26.733,412.9055765075018,98
2024-09-18 14:26:26.939,412.9109185826463,8
2024-09-18 14:26:26.950,412.8934069960576,7
2024-09-18 14:26:27.050,412.88556991101393,11
2024-09-18 14:26:27.072,412.9016689669816,1002
2024-09-18 14:26:27.117,412.8572974854111,5
2024-09-18 14:26:27.175,412.8396243411194,100
2024-09-18 14:26:27.311,412.84780043190847,997
2024-09-18 14:26:27.320,412.887141959313,1004
2024-09-18 14:26:27.372,412.84911964256713,1003
2024-09-18 14:26:27.380,412.9090707050881,999
2024-09-18 14:26:27.457,412.8552272629571,97
2024-09-18 14:26:27.573,412.8207015829311,10
2024-09-18 14:26:27.620,412.8139804487985,999
2024-09-18 14:26:27.675,412.8206508817944,98
2024-09-18 14:26:27.743,412.834840092656,99
2024-09-18 14:26:27.769,412.8279810202438,999
2024-09-18 14:26:27.813,412.8514580736024,105
2024-09-18 14:26:27.820,412.8318101295914,1003
2024-09-18 14:26:27.883,412.903086692768,105
2024-09-18 14:26:27.891,412.8170746497025,7
2024-09-18 14:26:27.958,412.847391193748,995
2024-09-18 14:26:29.042,412.8372675880239,8
2024-09-18 14:26:29.068,412.83109116586513,1001
2024-09-18 14:26:29.207,412.8580195761609,15
2024-09-18 14:26:29.222,412.877821234638,5
2024-09-18 14:26:29.225,412.8828312395315,103
2024-09-18 14:26:29.228,412.8288549170119,7
2024-09-18 14:26:29.229,412.82359818897606,15
2024-09-18 14:26:29.246,412.8215036944477,10
2024-09-18 14:26:29.267,412.8568202559368,95
2024-09-18 14:26:29.309,412.84066867438935,7
2024-09-18 14:26:29.364,412.85596529708056,105
2024-09-18 14:26:29.570,412.84042758349136,995
2024-09-18 14:26:29.581,412.87058547487175,15
2024-09-18 14:26:29.614,412.85094969364144,12
2024-09-18 14:26:29.662,412.8364763722225,8
2024-09-18 14:26:29.670,412.8275788572763,98
2024-09-18 14:26:29.717,412.87357688241264,13
2024-09-18 14:26:29.785,412.8388776800276,1003
2024-09-18 14:26:29.789,412.8270222048137,105
2024-09-18 14:26:29.866,412.8401882935177,1001
2024-09-18 14:26:29.882,412.8525837772904,998
2024-09-18 14:26:29.960,412.8623783672624,99
2024-09-18 14:26:30.239,412.8410175201854,102
2024-09-18 14:26:30.248,412.8739413118012,97
2024-09-18 14:26:30.305,412.8704851120968,1000
2024-09-18 14:26:30.526,412.8378869806885,996
2024-09-18 14:26:30.916,412.85290198255694,999
2024-09-18 14:26:31.039,412.9137292448949,102
2024-09-18 14:26:31.060,412.9179374269239,102
2024-09-18 14:26:31.232,412.9092836224149,7
2024-09-18 14:26:31.558,412.8980813377746,9
2024-09-18 14:26:31.812,412.8966102285112,96
2024-09-18 14:26:31.825,412.8793817820733,1005
2024-09-18 14:26:31.835,412.8710579369812,996
2024-09-18 14:26:32.000,412.9086317030429,105
2024-09-18 14:26:32.063,412.8864572226776,9
2024-09-18 14:26:32.094,412.8294289107272,100
2024-09-18 14:26:32.198,412.8539950216479,1002
2024-09-18 14:26:32.202,412.87385182858014,103
2024-09-18 14:26:32.217,412.8332401333389,96
2024-09-18 14:26:32.227,412.8310443397384,1001
2024-09-18 14:26:32.338,412.8173896250215,96
2024-09-18 14:26:32.344,412.95564866322377,7
2024-09-18 14:26:32.367,412.8856441014463,104
2024-09-18 14:26:32.487,412.9155039664634,1004
2024-09-18 14:26:32.495,412.8355386776712,1005
2024-09-18 14:26:32.506,412.9372739805573,100
2024-09-18 14:26:32.513,412.9341679724673,14
2024-09-18 14:26:32.518,412.83828965139554,1001
2024-09-18 14:26:32.574,412.9165797552513,98
2024-09-18 14:26:32.638,412.8152309911189,997
2024-09-18 14:26:32.721,412.8532190943778,13
2024-09-18 14:26:32.769,412.8616785093159,1004
2024-09-18 14:26:32.773,412.8829180943852,103
2024-09-18 14:26:32.822,412.9223668155294,98
2024-09-18 14:26:32.846,412.9098479803073,105
2024-09-18 14:26:32.899,412.84845954025855,9
2024-09-18 14:26:32.927,412.9451296191397,103
2024-09-18 14:26:32.938,412.85125433289954,1002
2024-09-18 14:26:33.058,412.95798917852494,1000
2024-09-18 14:26:33.244,412.9491989079089,7
2024-09-18 14:26:33.281,412.9350443510077,15
2024-09-18 14:26:33.406,412.9384667344693,1001
2024-09-18 14:26:33.461,412.9360284398072,1001
2024-09-18 14:26:33.470,412.9402711151835,1001
2024-09-18 14:26:33.595,412.9562759408578,12
2024-09-18 14:26:33.612,412.9378495625896,8
2024-09-18 14:26:33.690,412.94559555098033,1001
2024-09-18 14:26:33.757,412.9237261559056,99
2024-09-18 14:26:33.765,412.9577121660527,98
2024-09-18 14:26:33.875,412.9408547216332,6
2024-09-18 14:26:34.008,412.9438628101083,104
2024-09-18 14:26:34.115,412.92996027659177,98
2024-09-18 14:26:34.174,412.9212501696858,102
2024-09-18 14:26:34.394,412.9312352375383,105
2024-09-18 14:26:35.002,412.8892322524828,13
2024-09-18 14:26:35.039,412.9038844935546,997
2024-09-18 14:26:35.132,412.8615727919212,1003
2024-09-18 14:26:35.175,412.8907294878187,999
2024-09-18 14:26:35.204,412.9345949679847,1004
2024-09-18 14:26:35.205,412.8684081475768,995
2024-09-18 14:26:35.399,412.880000147679,1004
2024-09-18 14:26:35.402,,7
2024-09-18 14:26:35.465,412.9541361969395,5
2024-09-18 14:26:35.499,412.8553536705608,9
2024-09-18 14:26:35.529,412.84522723879184,1004
2024-09-18 14:26:35.531,412.8491893884724,14
2024-09-18 14:26:35.555,412.95061977245246,98
2024-09-18 14:26:35.630,412.939884284244,10
2024-09-18 14:26:35.760,412.90638068482224,101
2024-09-18 14:26:35.836,412.8963581499944,5
2024-09-18 14:26:35.839,412.8716636651385,998
2024-09-18 14:26:35.839,412.9409929521305,995
2024-09-18 14:26:35.859,412.9025080655391,103
2024-09-18 14:26:35.901,412.90326966517085,11
2024-09-18 14:26:35.967,412.8622655478636,1003
2024-09-18 14:26:35.984,412.8731270930377,999
2024-09-18 14:26:35.997,412.8752688713768,5
2024-09-18 14:26:36.171,412.88711551552063,103
2024-09-18 14:26:36.408,412.85670650236847,999
2024-09-18 14:26:36.480,412.8503006746973,9
2024-09-18 14:26:36.516,412.8630793187815,100
2024-09-18 14:26:36.646,412.8467872213414,15
2024-09-18 14:26:36.839,412.8640685358567,1005
2024-09-18 14:26:36.967,412.8523866449191,1002
2024-09-18 14:26:36.972,412.884891459047,10
2024-09-18 14:26:36.979,41.28648498226672,1002
2024-09-18 14:26:37.007,412.89166645071975,15
2024-09-18 14:26:37.057,412.9543274542935,14
2024-09-18 14:26:37.080,412.9077880535932,999
2024-09-18 14:26:37.144,412.9296716071973,96
2024-09-18 14:26:37.155,412.9622713478973,105
2024-09-18 14:26:37.186,412.9402266087306,9
2024-09-18 14:26:37.213,412.95855560274896,1003
2024-09-18 14:26:37.338,412.9046278225277,102
2024-09-18 14:26:37.381,412.9147763617074,97
2024-09-18 14:26:37.399,412.9028875320265,1003
2024-09-18 14:26:37.404,412.90755902411007,1002
2024-09-18 14:26:37.424,412.9098325077184,995
2024-09-18 14:26:37.479,412.95656215121335,99
2024-09-18 14:26:37.569,412.8875135383119,11
2024-09-18 14:26:37.603,412.8996239515705,102
2024-09-18 14:26:37.694,412.91835473858765,998
2024-09-18 14:26:37.706,412.9612352606693,95
2024-09-18 14:26:37.706,412.89958017261455,998
2024-09-18 14:26:37.747,412.9401284602503,15
2024-09-18 14:26:37.774,412.89990153678366,9
2024-09-18 14:26:37.787,412.9101473280586,12
2024-09-18 14:26:37.823,412.9580261273971,97
2024-09-18 14:26:37.849,412.9477165716913,1001
2024-09-18 14:26:37.896,412.87319279367904,103
2024-09-18 14:26:37.934,412.93659184513655,1000
2024-09-18 14:26:37.939,412.9452931649925,11
2024-09-18 14:26:38.050,412.921578020386,9
2024-09-18 14:26:38.115,412.9358327758364,1001
2024-09-18 14:26:38.260,412.9364995343586,1004
2024-09-18 14:26:38.268,412.9426035520065,105
2024-09-18 14:26:38.299,412.9136771614703,11
2024-09-18 14:26:38.324,412.9395848164989,1002
2024-09-18 14:26:38.521,412.9256035485794,7
2024-09-18 14:26:38.668,412.9510545831033,103
2024-09-18 14:26:38.730,412.9390258907671,14
2024-09-18 14:26:38.738,412.9447020919122,102
2024-09-18 14:26:38.749,412.9298672861588,14
2024-09-18 14:26:38.769,412.9425435000665,1002
2024-09-18 14:26:38.944,412.9275934675987,6
2024-09-18 14:26:39.012,412.876097349289,11
2024-09-18 14:26:39.050,412.8563242369624,1002
2024-09-18 14:26:39.066,412.8626257204738,995
2024-09-18 14:26:39.116,412.8604574312672,10
2024-09-18 14:26:39.197,412.9043979011769,9
2024-09-18 14:26:39.223,412.8539653549377,7
2024-09-18 14:26:39.350,412.8685076377682,9
2024-09-18 14:26:39.369,412.8472953718755,96
2024-09-18 14:26:39.414,412.88635226349095,1003
2024-09-18 14:26:39.447,,11
2024-09-18 14:26:39.452,412.910608879496,102
2024-09-18 14:26:39.554,412.8376760346963,999
2024-09-18 14:26:39.576,-412.88810320494366,998
2024-09-18 14:26:39.600,412.9147397595349,999
2024-09-18 14:26:39.607,412.8364931677095,1002
2024-09-18 14:26:39.613,412.8598827959361,97
2024-09-18 14:26:39.817,412.885744263698,995
2024-09-18 14:26:39.822,412.86450950628944,6
2024-09-18 14:26:39.933,412.8468394524152,5
2024-09-18 14:26:39.935,412.8395561937268,996
2024-09-18 14:26:39.963,412.8372156140226,9
2024-09-18 14:26:39.970,412.9125054985583,98
2024-09-18 14:26:39.998,412.8482632324708,95
2024-09-18 14:26:40.176,412.90072728989895,9
2024-09-18 14:26:40.340,412.9344231405797,1001
2024-09-18 14:26:40.376,412.924496260256,104
2024-09-18 14:26:40.510,412.8850528174213,997
2024-09-18 14:26:40.604,412.8864208243328,995
2024-09-18 14:26:40.894,412.9125542864696,997
2024-09-18 14:26:40.927,41.29022679148507,14
2024-09-18 14:26:40.950,412.8957435544701,100
2024-09-18 14:26:41.072,412.9181641312657,9
2024-09-18 14:26:41.113,41.29052716863444,995
2024-09-18 14:26:41.140,412.9025772691142,12
2024-09-18 14:26:41.186,412.9190146902433,998
2024-09-18 14:26:41.282,412.90431055093234,6
2024-09-18 14:26:41.353,412.90970150943656,6
2024-09-18 14:26:41.447,412.91634015238463,1004
2024-09-18 14:26:41.512,412.9309828463821,101
2024-09-18 14:26:41.523,412.9159176283075,103
2024-09-18 14:26:41.564,412.9203248869473,97
2024-09-18 14:26:41.670,412.9215821036915,103
2024-09-18 14:26:41.714,,5
2024-09-18 14:26:41.756,412.89364933836674,98
2024-09-18 14:26:41.937,412.93180432135466,1004
2024-09-18 14:26:41.945,412.92490253882096,96
2024-09-18 14:26:41.971,412.9260303089959,9
2024-09-18 14:26:42.175,412.9231412398386,996
2024-09-18 14:26:42.453,412.9245497999129,5
2024-09-18 14:26:43.053,412.9347718198849,998
2024-09-18 14:26:43.143,412.9270634927769,97
2024-09-18 14:26:43.254,412.934066951716,10
2024-09-18 14:26:43.597,412.9321958742056,98
2024-09-18 14:26:43.613,412.9252367996276,7
2024-09-18 14:26:43.670,412.9224502491237,999
2024-09-18 14:26:43.718,412.9075211772048,6
2024-09-18 14:26:43.957,412.9349730595668,7
2024-09-18 14:26:43.958,412.9210082804773,103
2024-09-18 14:26:43.963,412.9289509650594,997
2024-09-18 14:26:44.005,412.9535668487315,11
2024-09-18 14:26:44.011,412.95188898925966,998
2024-09-18 14:26:44.023,412.92297405071474,95
2024-09-18 14:26:44.351,412.9386819907447,9
2024-09-18 14:26:44.356,412.9628977270416,1002
2024-09-18 14:26:44.549,412.939337209212,1003
2024-09-18 14:26:44.558,412.9522490917321,1005
2024-09-18 14:26:44.669,412.9493554877564,1003
2024-09-18 14:26:44.753,412.94411213080906,5
2024-09-18 14:26:44.815,412.9453641853217,1005
2024-09-18 14:26:44.963,412.9261783658895,998
2024-09-18 14:26:45.015,412.9104218836055,997
2024-09-18 14:26:45.045,412.9392375504772,1004
2024-09-18 14:26:45.103,412.8936899532927,995
2024-09-18 14:26:45.401,412.92477383189913,96
2024-09-18 14:26:45.416,412.92929930971343,14
2024-09-18 14:26:45.440,412.91046725738767,6
2024-09-18 14:26:45.492,412.9331135957964,100
2024-09-18 14:26:45.657,412.9295302432555,102
2024-09-18 14:26:45.852,412.90901078897167,102
2024-09-18 14:26:45.996,412.887565766419,102
2024-09-18 14:26:46.016,412.9141779085925,13
2024-09-18 14:26:46.130,412.91572799119433,101
2024-09-18 14:26:46.161,412.93501145868737,101
2024-09-18 14:26:46.277,412.90777078043874,1003
2024-09-18 14:26:46.341,412.9374805652223,999
2024-09-18 14:26:46.353,412.93831340569903,1003
2024-09-18 14:26:46.366,412.93874622386096,6
2024-09-18 14:26:46.448,,103
2024-09-18 14:26:46.506,412.9364310787655,14
2024-09-18 14:26:46.576,412.9207185522341,98
2024-09-18 14:26:46.620,412.9094764443363,12
2024-09-18 14:26:46.688,412.92798760084605,1000
2024-09-18 14:26:46.759,412.9220654593656,101
2024-09-18 14:26:46.775,412.920277496544,12
2024-09-18 14:26:46.795,412.9280395105633,105
2024-09-18 14:26:46.799,412.9199095201424,1001
2024-09-18 14:26:46.836,412.9270281679699,100
2024-09-18 14:26:46.854,412.9294707610787,10
2024-09-18 14:26:46.890,412.9229644274282,11
2024-09-18 14:26:46.908,412.93386555102,8
2024-09-18 14:26:46.996,412.93859592801607,7
2024-09-18 14:26:47.015,412.86328871526206,995
2024-09-18 14:26:47.070,412.8897759821272,103
2024-09-18 14:26:47.074,412.925571583503,12
2024-09-18 14:26:47.116,412.9437820476256,997
2024-09-18 14:26:47.163,412.84320400191297,15
2024-09-18 14:26:47.207,412.8607763537942,105
2024-09-18 14:26:47.248,412.92935163119535,97
2024-09-18 14:26:47.253,412.86706260732205,103
2024-09-18 14:26:47.272,412.8717219696454,13
2024-09-18 14:26:47.295,412.8490998689699,1005
2024-09-18 14:26:47.304,412.8810018681146,102
2024-09-18 14:26:47.315,412.8934135608448,7
2024-09-18 14:26:47.378,412.8687808088989,10
2024-09-18 14:26:47.497,412.8876590678372,96
2024-09-18 14:26:47.620,412.850786515334,1005
2024-09-18 14:26:47.648,412.86213325561306,15
2024-09-18 14:26:47.654,412.8513863237116,8
2024-09-18 14:26:47.704,412.9022852669683,103
2024-09-18 14:26:47.707,412.9339988911856,998
2024-09-18 14:26:47.709,412.9136571237331,7
2024-09-18 14:26:47.727,412.9367823576228,998
2024-09-18 14:26:47.842,412.8915421622788,7
2024-09-18 14:26:47.852,412.8554088485125,105
2024-09-18 14:26:47.859,412.8754730540567,9
2024-09-18 14:26:47.906,412.8546234790068,14
2024-09-18 14:26:47.933,412.8704613945165,6
2024-09-18 14:26:47.993,412.878588872624,104
2024-09-18 14:26:48.050,412.81747581700506,1003
2024-09-18 14:26:48.835,412.8175121395443,998
2024-09-18 14:26:48.987,412.8311274710198,15
2024-09-18 14:26:49.028,412.8196146032296,95
2024-09-18 14:26:49.139,412.8372676359583,1005
2024-09-18 14:26:49.266,412.8171046740769,100
2024-09-18 14:26:49.632,412.84418501022816,999
2024-09-18 14:26:49.653,412.8450471005304,13
2024-09-18 14:26:49.906,412.8469880785035,997
2024-09-18 14:26:49.976,412.83246655260496,11
2024-09-18 14:26:50.124,412.79453660361565,9
2024-09-18 14:26:50.231,412.79632860013214,1002
2024-09-18 14:26:50.237,412.81315475153696,1004
2024-09-18 14:26:50.237,412.79632869033634,1003
2024-09-18 14:26:50.518,,102
2024-09-18 14:26:50.621,412.83028648805697,1005
2024-09-18 14:26:50.683,412.8102562972345,11
2024-09-18 14:26:50.804,412.8291536881296,6
2024-09-18 14:26:50.943,412.8278334046552,1001
2024-09-18 14:26:51.055,412.80264066140415,95
2024-09-18 14:26:51.107,412.8980003066114,998
2024-09-18 14:26:51.126,412.8399733492628,8
2024-09-18 14:26:51.171,412.8945875961392,98
2024-09-18 14:26:51.196,412.8838038042477,7
2024-09-18 14:26:51.207,412.8225232006799,96
2024-09-18 14:26:51.502,412.82929283359147,100
2024-09-18 14:26:51.512,412.8214391304584,5
2024-09-18 14:26:51.519,412.8884295846024,97
2024-09-18 14:26:51.696,412.8511271821915,995
2024-09-18 14:26:51.735,412.9000570512698,98
2024-09-18 14:26:51.835,412.8845360601929,13
2024-09-18 14:26:51.909,412.8562554380336,103
2024-09-18 14:26:52.005,412.8873626490316,97
2024-09-18 14:26:52.010,412.8523401012391,1003
2024-09-18 14:26:52.038,412.8323723009303,11
2024-09-18 14:26:52.051,412.838547190393,1005
2024-09-18 14:26:52.114,412.8469099432096,10
2024-09-18 14:26:52.124,412.8239481181941,8
2024-09-18 14:26:52.286,412.8554228219963,98
2024-09-18 14:26:52.296,412.8815436467675,995
2024-09-18 14:26:52.321,412.8341825336954,1000
2024-09-18 14:26:52.355,412.8755251120537,11
2024-09-18 14:26:52.403,412.8491549989125,5
2024-09-18 14:26:52.544,412.82516427608135,9
2024-09-18 14:26:52.569,412.86305919545663,1003
2024-09-18 14:26:52.651,412.87020424446047,100
2024-09-18 14:26:52.711,412.8505258723678,1002
2024-09-18 14:26:52.720,-412.872618523677,10
2024-09-18 14:26:52.731,412.8482694422126,14
2024-09-18 14:26:52.760,412.85757161588094,11
2024-09-18 14:26:52.765,412.861711763963,98
2024-09-18 14:26:52.767,412.8466557018705,102
2024-09-18 14:26:52.802,412.8752612561439,1005
2024-09-18 14:26:52.806,412.8816554003051,102
2024-09-18 14:26:52.807,412.86832989005313,102
2024-09-18 14:26:52.834,412.8573811326637,105
2024-09-18 14:26:52.861,41.28463880793112,1000
2024-09-18 14:26:52.866,412.8402347801256,5
2024-09-18 14:26:52.947,412.8566603569548,95
2024-09-18 14:26:52.971,412.8490823430867,5
2024-09-18 14:26:52.976,412.8761807229616,1002
2024-09-18 14:26:54.016,412.9241359159863,95
2024-09-18 14:26:54.017,412.9035048557249,100
2024-09-18 14:26:54.091,412.9046665656345,1000
2024-09-18 14:26:54.129,412.89319062790287,1005
2024-09-18 14:26:54.138,412.8650626103438,1003
2024-09-18 14:26:54.181,412.9161746983889,99
2024-09-18 14:26:54.183,412.91253661351504,98
2024-09-18 14:26:54.192,412.91152906627633,8
2024-09-18 14:26:54.215,412.8710156761006,6
2024-09-18 14:26:54.289,412.9107255446824,102
2024-09-18 14:26:54.382,412.9207748924474,13
2024-09-18 14:26:54.467,412.88084351719823,13
2024-09-18 14:26:54.490,412.9136566564358,100
2024-09-18 14:26:54.496,412.9165960491354,97
2024-09-18 14:26:54.519,412.9163380541824,10
2024-09-18 14:26:54.522,412.8964106236462,995
2024-09-18 14:26:54.528,412.897873191308,14
2024-09-18 14:26:54.542,412.8865670166296,1005
2024-09-18 14:26:54.554,412.887916173256,15
2024-09-18 14:26:54.563,412.9086686179192,101
2024-09-18 14:26:54.662,412.9068685796761,105
2024-09-18 14:26:54.701,412.87239430434016,13
2024-09-18 14:26:54.740,412.871570413706,11
2024-09-18 14:26:54.754,412.85946076934624,1003
2024-09-18 14:26:54.764,412.8826835632272,95
2024-09-18 14:26:54.832,412.9060549826152,99
2024-09-18 14:26:54.866,412.8668072016022,9
2024-09-18 14:26:54.893,412.8667763357635,99
2024-09-18 14:26:54.944,412.87168530747294,1001
2024-09-18 14:26:54.978,412.87237805380704,12
2024-09-18 14:26:55.038,412.9214213256068,101
2024-09-18 14:26:55.218,412.9334391857832,95
2024-09-18 14:26:55.251,412.926564541013,7
2024-09-18 14:26:55.292,412.9092274069232,10
2024-09-18 14:26:55.344,412.9489197102072,99
2024-09-18 14:26:55.527,412.9280364127809,995
2024-09-18 14:26:55.550,412.9339314881588,999
2024-09-18 14:26:55.724,412.93993914422873,95
2024-09-18 14:26:55.944,412.9382007529855,97
2024-09-18 14:26:55.946,412.9252037221763,104
2024-09-18 14:26:55.983,412.9259451866348,98
2024-09-18 14:26:56.244,412.9787658221112,7
2024-09-18 14:26:56.342,412.9533157561412,100
2024-09-18 14:26:56.680,412.9719040582234,11
2024-09-18 14:26:56.861,-412.96622515897246,1005
2024-09-18 14:26:57.120,412.96881937011176,14
2024-09-18 14:26:57.131,412.9648711617237,101
2024-09-18 14:26:57.150,412.9654428018842,98
2024-09-18 14:26:57.154,412.9692430980277,998
2024-09-18 14:26:57.339,412.9702430715944,996
2024-09-18 14:26:57.351,412.97810307487055,997
2024-09-18 14:26:57.530,412.9736746084585,995
2024-09-18 14:26:57.590,412.9499654304449,11
2024-09-18 14:26:57.661,412.9673729026123,12
2024-09-18 14:26:57.725,412.9993599859868,12
2024-09-18 14:26:57.727,412.9844150273213,999
2024-09-18 14:26:57.899,412.9573573871107,14
2024-09-18 14:26:57.913,412.9638395090814,5
2024-09-18 14:26:58.321,412.92045902506703,1001
2024-09-18 14:26:58.447,412.9441102319503,98
2024-09-18 14:26:58.845,412.935918456088,9
2024-09-18 14:26:59.077,412.8618056709947,996
2024-09-18 14:26:59.108,412.89716899637386,9
2024-09-18 14:26:59.129,412.8799808718692,995
2024-09-18 14:26:59.134,412.8764611665112,997
2024-09-18 14:26:59.181,412.8500401177903,5
2024-09-18 14:26:59.227,412.86991245511774,12
2024-09-18 14:26:59.231,412.8675590879689,96
2024-09-18 14:26:59.325,412.83892848099794,11
2024-09-18 14:26:59.332,412.8845911973423,5
2024-09-18 14:26:59.394,412.8828743394833,95
2024-09-18 14:26:59.405,412.8787152726752,11
2024-09-18 14:26:59.405,412.8431925473141,11
2024-09-18 14:26:59.410,412.906804956046,996
2024-09-18 14:26:59.424,412.9339260727002,997
2024-09-18 14:26:59.551,412.8722852782341,1002
2024-09-18 14:26:59.570,412.9099111675378,104
2024-09-18 14:26:59.595,412.8519274263639,1003
2024-09-18 14:26:59.604,412.8363072674764,100
2024-09-18 14:26:59.644,412.89955390363576,13
2024-09-18 14:26:59.701,412.8721129923168,7
2024-09-18 14:26:59.715,412.88937395479326,100
2024-09-18 14:26:59.764,412.8877953025825,1004
2024-09-18 14:26:59.777,412.8481329678501,998
2024-09-18 14:26:59.815,412.8683893666762,1001
2024-09-18 14:26:59.870,412.8741711789366,9
2024-09-18 14:26:59.904,412.8716118783464,15
2024-09-18 14:26:59.910,412.85421349925855,7
