Timestamp,Price,Size
2024-09-18 13:39:00.077,415.5619892313172,1003
2024-09-18 13:39:01.036,41.54958385416916,1001
2024-09-18 13:39:01.128,415.5319077233201,1005
2024-09-18 13:39:01.130,415.6054177633535,1004
2024-09-18 13:39:01.154,415.6136021803328,8
2024-09-18 13:39:01.219,415.5138233482057,5
2024-09-18 13:39:01.242,415.5284582599349,102
2024-09-18 13:39:01.244,415.5347881696456,105
2024-09-18 13:39:01.326,415.5491629773677,6
2024-09-18 13:39:01.352,415.5796885913272,8
2024-09-18 13:39:01.368,415.5294762752666,104
2024-09-18 13:39:01.387,415.6063033531815,10
2024-09-18 13:39:01.392,415.5266766591022,1005
2024-09-18 13:39:01.407,415.5297884993203,1000
2024-09-18 13:39:01.442,415.5154435740346,1002
2024-09-18 13:39:01.459,415.52551609699015,1001
2024-09-18 13:39:01.505,415.5136198075241,1000
2024-09-18 13:39:01.508,415.5192436931121,101
2024-09-18 13:39:01.519,415.5261935747581,5
2024-09-18 13:39:01.530,415.5198155163349,1004
2024-09-18 13:39:01.559,415.5245886139432,996
2024-09-18 13:39:01.573,415.5141370760285,104
2024-09-18 13:39:01.579,415.5338612431515,1003
2024-09-18 13:39:01.596,415.5480465311878,999
2024-09-18 13:39:01.675,415.5471105977896,6
2024-09-18 13:39:01.678,415.5971871047793,8
2024-09-18 13:39:01.759,415.5314941305039,99
2024-09-18 13:39:01.777,415.5331575622903,9
2024-09-18 13:39:01.908,415.5416977465657,15
2024-09-18 13:39:01.915,415.5445503780896,11
2024-09-18 13:39:01.960,415.58082532551526,10
2024-09-18 13:39:02.074,415.6168538681148,7
2024-09-18 13:39:02.183,415.6216396017426,1000
2024-09-18 13:39:02.318,415.6077894680491,6
2024-09-18 13:39:02.414,415.5982548633749,95
2024-09-18 13:39:02.619,415.6120670497596,1000
2024-09-18 13:39:02.716,415.6125944164564,103
2024-09-18 13:39:02.746,415.618871508398,999
2024-09-18 13:39:02.980,415.5937362676109,11
2024-09-18 13:39:03.081,415.56385937932464,97
2024-09-18 13:39:03.115,41.56031163113383,10
2024-09-18 13:39:03.122,415.5760891987134,12
2024-09-18 13:39:03.201,415.6019581348794,104
2024-09-18 13:39:03.316,415.57326691419473,8
2024-09-18 13:39:03.544,415.5772709299448,12
2024-09-18 13:39:03.742,415.5643386468658,1005
2024-09-18 13:39:03.917,415.5925350700915,12
2024-09-18 13:39:04.003,415.5744679049173,96
2024-09-18 13:39:04.035,415.5955357437644,9
2024-09-18 13:39:04.215,415.59765079191374,13
2024-09-18 13:39:04.303,415.6211097471989,998
2024-09-18 13:39:04.420,415.58116038191184,14
2024-09-18 13:39:04.513,415.6184627783406,102
2024-09-18 13:39:04.584,415.5689438991138,12
2024-09-18 13:39:04.584,415.62231923440174,104
2024-09-18 13:39:04.664,415.6203929561769,104
2024-09-18 13:39:04.701,415.59793226337314,102
2024-09-18 13:39:04.717,415.57309613645344,103
2024-09-18 13:39:04.734,415.58363373663207,101
2024-09-18 13:39:04.742,415.5835738629407,9
2024-09-18 13:39:04.964,415.5934802949282,5
2024-09-18 13:39:04.969,415.59168330635976,102
2024-09-18 13:39:05.089,415.6068642698442,997
2024-09-18 13:39:05.097,415.556593719689,12
2024-09-18 13:39:05.106,415.6095240454589,102
2024-09-18 13:39:05.148,415.603273805225,997
2024-09-18 13:39:05.150,415.58590481313706,98
2024-09-18 13:39:05.168,415.5758077537475,98
2024-09-18 13:39:05.180,415.6032781167494,14
2024-09-18 13:39:05.239,,10
2024-09-18 13:39:05.294,415.5817807557089,996
2024-09-18 13:39:05.319,415.6251572670061,97
2024-09-18 13:39:05.327,415.6129592219031,100
2024-09-18 13:39:05.387,415.5718716218101,101
2024-09-18 13:39:05.487,415.5984683620255,9
2024-09-18 13:39:05.489,415.5509682641559,14
2024-09-18 13:39:05.539,415.63305897500857,14
2024-09-18 13:39:05.612,415.55791022046384,996
2024-09-18 13:39:05.613,415.6145772380583,101
2024-09-18 13:39:05.627,415.5405555247491,1005
2024-09-18 13:39:05.634,415.5547932332994,6
2024-09-18 13:39:05.659,415.5546981599935,10
2024-09-18 13:39:05.683,415.63000618323633,6
2024-09-18 13:39:05.801,415.5690198193537,10
2024-09-18 13:39:05.815,415.58847591881215,14
2024-09-18 13:39:05.946,415.5690163446289,1001
2024-09-18 13:39:05.967,415.56933559641976,1003
2024-09-18 13:39:05.986,415.62796432040295,995
2024-09-18 13:39:05.992,415.5955346834349,1003
2024-09-18 13:39:07.012,415.6632534129639,10
2024-09-18 13:39:07.089,415.6160725210869,998
2024-09-18 13:39:07.090,415.6586724375313,8
2024-09-18 13:39:07.110,415.6622170521748,996
2024-09-18 13:39:07.151,415.6687781270585,1004
2024-09-18 13:39:07.193,415.6294596897127,12
2024-09-18 13:39:07.196,415.6607295497301,101
2024-09-18 13:39:07.200,415.6214102581196,11
2024-09-18 13:39:07.223,415.61780859135166,995
2024-09-18 13:39:07.224,415.651413679747,6
2024-09-18 13:39:07.235,415.61409787985065,5
2024-09-18 13:39:07.329,415.6585288735224,100
2024-09-18 13:39:07.332,415.6127607682648,10
2024-09-18 13:39:07.425,415.6332623094041,998
2024-09-18 13:39:07.480,415.60899980163,105
2024-09-18 13:39:07.509,,99
2024-09-18 13:39:07.616,415.63871899651207,100
2024-09-18 13:39:07.630,415.6401471090589,996
2024-09-18 13:39:07.633,415.6082403971037,15
2024-09-18 13:39:07.670,415.6525347346422,1004
2024-09-18 13:39:07.685,415.63335356346056,15
2024-09-18 13:39:07.755,415.647186478701,102
2024-09-18 13:39:07.859,415.67115909557,97
2024-09-18 13:39:07.884,415.6368645277712,1004
2024-09-18 13:39:08.083,415.6055713583182,10
2024-09-18 13:39:08.309,415.6237221810184,10
2024-09-18 13:39:08.323,415.6279239322552,15
2024-09-18 13:39:08.335,415.5793243652097,97
2024-09-18 13:39:08.344,415.61585224758966,8
2024-09-18 13:39:08.354,415.6095596829338,1005
2024-09-18 13:39:08.498,415.6232817272256,105
2024-09-18 13:39:08.524,415.6329184946549,12
2024-09-18 13:39:08.601,415.6440453107908,1004
2024-09-18 13:39:08.624,415.64953892281216,1003
2024-09-18 13:39:08.662,415.6160315732896,13
2024-09-18 13:39:08.744,415.62230746990537,997
2024-09-18 13:39:08.791,415.60783463916704,13
2024-09-18 13:39:08.834,415.5874763835281,98
2024-09-18 13:39:08.838,415.650145892905,103
2024-09-18 13:39:08.842,415.6190241991711,98
2024-09-18 13:39:09.082,415.5984670049162,96
2024-09-18 13:39:09.144,415.5920367362594,7
2024-09-18 13:39:09.299,415.5935614501607,15
2024-09-18 13:39:09.427,415.5886956023923,15
2024-09-18 13:39:09.620,415.5998731228222,5
2024-09-18 13:39:09.763,415.5917366678406,102
2024-09-18 13:39:09.872,415.5981889669669,97
2024-09-18 13:39:09.952,415.5936703425215,95
2024-09-18 13:39:09.995,415.59312687080654,14
2024-09-18 13:39:10.042,415.609579740255,996
2024-09-18 13:39:10.062,415.6150920016133,97
2024-09-18 13:39:10.087,415.61343429961937,103
2024-09-18 13:39:10.093,415.6151832723209,13
2024-09-18 13:39:10.136,415.6163118946339,104
2024-09-18 13:39:10.151,415.6222451749674,96
2024-09-18 13:39:10.258,415.60208502600335,104
2024-09-18 13:39:10.325,415.6125348732863,97
2024-09-18 13:39:10.384,415.6126693471176,13
2024-09-18 13:39:10.417,415.6173870530104,6
2024-09-18 13:39:10.499,415.58554465951903,1001
2024-09-18 13:39:10.634,415.5939059170626,8
2024-09-18 13:39:10.700,415.6233986544085,101
2024-09-18 13:39:10.827,415.62495157361616,998
2024-09-18 13:39:10.867,415.58085351374905,997
2024-09-18 13:39:10.872,415.6234399285965,8
2024-09-18 13:39:10.878,41.563345992367495,995
2024-09-18 13:39:10.940,415.6151973846606,1005
2024-09-18 13:39:11.205,415.6399597092435,102
2024-09-18 13:39:11.411,415.6427608646902,12
2024-09-18 13:39:11.563,415.6299924054839,104
2024-09-18 13:39:11.772,415.6419982165055,998
2024-09-18 13:39:12.118,415.6246313969025,11
2024-09-18 13:39:12.215,415.5887142980961,999
2024-09-18 13:39:12.352,415.56372196477895,5
2024-09-18 13:39:12.363,415.616017294826,103
2024-09-18 13:39:12.440,415.5710050676696,7
2024-09-18 13:39:12.522,415.6000981073906,100
2024-09-18 13:39:12.604,415.6291319298885,11
2024-09-18 13:39:13.039,415.6181163749267,13
2024-09-18 13:39:13.081,415.6025776925799,100
2024-09-18 13:39:13.104,415.610277490588,104
2024-09-18 13:39:13.122,415.62229624217787,15
2024-09-18 13:39:13.174,415.6446552484544,103
2024-09-18 13:39:13.247,415.6144482315605,15
2024-09-18 13:39:13.523,415.6372567418371,1002
2024-09-18 13:39:13.575,415.6420461646697,5
2024-09-18 13:39:13.613,415.6385099315882,997
2024-09-18 13:39:13.849,415.5792604921292,1000
2024-09-18 13:39:13.904,41.56561455121194,998
2024-09-18 13:39:13.936,415.61451200908334,8
2024-09-18 13:39:14.001,415.6326843509559,9
2024-09-18 13:39:14.021,415.62590841639343,999
2024-09-18 13:39:14.026,415.6001943872945,105
2024-09-18 13:39:14.077,415.600039262511,103
2024-09-18 13:39:14.166,415.6469147585468,1003
2024-09-18 13:39:14.182,,1005
2024-09-18 13:39:14.360,415.6362766252426,101
2024-09-18 13:39:14.422,415.61711906317447,1005
2024-09-18 13:39:14.496,415.6145991911369,8
2024-09-18 13:39:14.511,415.60664866279046,96
2024-09-18 13:39:14.684,415.6390306192888,7
2024-09-18 13:39:14.701,415.6076395693246,1000
2024-09-18 13:39:14.704,415.5956922197827,10
2024-09-18 13:39:14.800,415.6304358416614,6
2024-09-18 13:39:14.800,415.6164147606078,96
2024-09-18 13:39:14.808,415.6578356721849,7
2024-09-18 13:39:14.830,415.595371945501,1001
2024-09-18 13:39:14.831,415.6058079628856,14
2024-09-18 13:39:14.849,415.6553095530571,998
2024-09-18 13:39:14.898,415.6222429988155,6
2024-09-18 13:39:15.266,415.62477764222047,5
2024-09-18 13:39:15.644,415.60499076305206,1003
2024-09-18 13:39:15.760,,1003
2024-09-18 13:39:15.792,415.6212891778118,104
2024-09-18 13:39:16.568,415.60306006418585,105
2024-09-18 13:39:16.622,415.5995510838556,101
2024-09-18 13:39:16.932,415.6060509761359,1002
2024-09-18 13:39:17.114,415.6581686800338,1001
2024-09-18 13:39:17.128,415.664839454032,1004
2024-09-18 13:39:17.129,415.6436816565365,1004
2024-09-18 13:39:17.141,415.6291067591029,99
2024-09-18 13:39:17.185,415.643237940726,8
2024-09-18 13:39:17.222,41.56660855306523,101
2024-09-18 13:39:17.232,415.6781856120663,998
2024-09-18 13:39:17.375,415.6570790082366,95
2024-09-18 13:39:17.499,415.6572702630267,96
2024-09-18 13:39:17.527,415.6479614352023,998
2024-09-18 13:39:17.608,415.6533886585104,1002
2024-09-18 13:39:17.610,415.63815691129497,95
2024-09-18 13:39:17.659,415.6928545561291,6
2024-09-18 13:39:17.669,415.6324593081952,99
2024-09-18 13:39:17.776,,12
2024-09-18 13:39:17.792,415.6608761896265,6
2024-09-18 13:39:17.793,415.6619801853669,997
2024-09-18 13:39:17.802,415.6643127744164,999
2024-09-18 13:39:17.811,415.6771594592004,998
2024-09-18 13:39:17.812,415.6257824331551,97
2024-09-18 13:39:17.826,415.6550245782396,14
2024-09-18 13:39:17.848,415.6376082168913,101
2024-09-18 13:39:17.861,415.6555081473151,99
2024-09-18 13:39:17.903,415.6689113764211,1000
2024-09-18 13:39:18.056,415.6496911733415,10
2024-09-18 13:39:18.062,415.6732648683062,1003
2024-09-18 13:39:18.114,415.6557482796137,999
2024-09-18 13:39:18.122,415.6605643834248,95
2024-09-18 13:39:18.148,415.6174039348929,1005
2024-09-18 13:39:18.215,415.6501554901634,15
2024-09-18 13:39:18.231,415.60728288795326,96
2024-09-18 13:39:18.334,415.6561836206439,6
2024-09-18 13:39:18.357,415.657456496487,998
2024-09-18 13:39:18.374,415.6535414458927,9
2024-09-18 13:39:18.397,415.6389958105518,15
2024-09-18 13:39:18.417,415.62217121499856,14
2024-09-18 13:39:18.422,415.6615719326284,11
2024-09-18 13:39:18.446,415.6539906260915,996
2024-09-18 13:39:18.486,415.6428624488012,10
2024-09-18 13:39:18.506,415.6696564288888,5
2024-09-18 13:39:18.517,415.58411883591134,1002
2024-09-18 13:39:18.611,415.6339349026887,96
2024-09-18 13:39:18.612,415.5989879334928,99
2024-09-18 13:39:18.649,41.56494049740469,6
2024-09-18 13:39:18.666,415.6721911606021,95
2024-09-18 13:39:18.703,415.6528764978745,12
2024-09-18 13:39:18.738,415.6804649375599,1005
2024-09-18 13:39:18.762,-415.6620131273705,998
2024-09-18 13:39:18.796,415.6365760503512,997
2024-09-18 13:39:18.875,415.6311891921376,104
2024-09-18 13:39:18.935,415.66252007334936,99
2024-09-18 13:39:19.311,415.68288713110337,1005
2024-09-18 13:39:19.348,415.6765076458765,995
2024-09-18 13:39:19.380,415.6902159149291,103
2024-09-18 13:39:19.802,415.7028949581062,13
2024-09-18 13:39:19.934,415.675788571904,6
2024-09-18 13:39:19.989,415.6951135376228,5
2024-09-18 13:39:19.991,415.6882115144394,10
2024-09-18 13:39:20.034,415.6706054936107,996
2024-09-18 13:39:20.081,415.663186403734,1002
2024-09-18 13:39:20.100,415.64592637699246,98
2024-09-18 13:39:20.219,415.6010216970312,5
2024-09-18 13:39:20.231,415.59367201040175,8
2024-09-18 13:39:20.234,415.6734385655396,1001
2024-09-18 13:39:20.280,415.6315090460568,97
2024-09-18 13:39:20.407,415.6027822890112,13
2024-09-18 13:39:20.502,415.5898690574384,997
2024-09-18 13:39:20.509,415.6060317483552,100
2024-09-18 13:39:20.538,415.58406675998566,11
2024-09-18 13:39:20.550,415.6123355902574,999
2024-09-18 13:39:20.634,415.6804219291956,11
2024-09-18 13:39:20.674,415.6532781192262,997
2024-09-18 13:39:20.711,415.6824489828789,96
2024-09-18 13:39:20.720,415.58500359009565,98
2024-09-18 13:39:20.725,415.6645027507086,7
2024-09-18 13:39:20.741,415.5808638236626,100
2024-09-18 13:39:20.830,415.6323455302336,997
2024-09-18 13:39:20.921,415.6729727629893,98
2024-09-18 13:39:20.936,415.6688317586824,14
2024-09-18 13:39:20.943,415.6869149878961,1003
2024-09-18 13:39:20.951,415.6063522787128,995
2024-09-18 13:39:20.972,415.6565816347885,98
2024-09-18 13:39:21.146,415.6917553643841,98
2024-09-18 13:39:21.196,415.6892494911341,13
2024-09-18 13:39:21.249,415.6912481139207,1005
2024-09-18 13:39:21.258,415.6704054351261,100
2024-09-18 13:39:21.287,415.67095304494126,996
2024-09-18 13:39:21.322,415.709104363988,98
2024-09-18 13:39:21.430,-415.6894354440554,103
2024-09-18 13:39:21.444,-415.69347453479406,1001
2024-09-18 13:39:21.473,415.676837599081,998
2024-09-18 13:39:21.564,415.7105317290186,997
2024-09-18 13:39:21.607,415.65255536385,1004
2024-09-18 13:39:21.616,415.687727626613,10
2024-09-18 13:39:21.697,415.66520865168206,14
2024-09-18 13:39:21.700,415.6679039088543,995
2024-09-18 13:39:21.772,415.7292464167053,9
2024-09-18 13:39:21.849,415.70216026460383,996
2024-09-18 13:39:21.894,415.6620094533435,998
2024-09-18 13:39:21.900,415.6798562108505,9
2024-09-18 13:39:21.910,415.7369571180212,105
2024-09-18 13:39:21.960,415.6625433359084,997
2024-09-18 13:39:21.961,415.6737673714963,998
2024-09-18 13:39:21.994,415.68606049507366,998
2024-09-18 13:39:22.103,415.7443364711664,103
2024-09-18 13:39:22.352,415.7424838879549,95
2024-09-18 13:39:22.454,415.7443536896756,104
2024-09-18 13:39:22.662,415.725505547135,10
2024-09-18 13:39:22.707,415.7428333676398,96
2024-09-18 13:39:22.962,415.7374576302872,100
2024-09-18 13:39:23.215,415.7115632355151,99
2024-09-18 13:39:23.317,415.6909325833646,15
2024-09-18 13:39:23.766,415.71750297752783,9
2024-09-18 13:39:23.927,415.6869403741277,103
2024-09-18 13:39:24.340,415.6508872600325,9
2024-09-18 13:39:24.365,415.6641879774155,9
2024-09-18 13:39:24.530,415.70775293132505,1005
2024-09-18 13:39:24.568,415.6436023398603,1005
2024-09-18 13:39:24.629,415.69987937924265,98
2024-09-18 13:39:24.640,415.7157041165513,7
2024-09-18 13:39:24.649,415.6703624442875,97
2024-09-18 13:39:24.958,415.6604250373798,104
2024-09-18 13:39:24.986,415.6890229723331,6
2024-09-18 13:39:25.001,415.5783601479168,10
2024-09-18 13:39:25.028,415.6255032563412,13
2024-09-18 13:39:25.079,415.5518736488011,1003
2024-09-18 13:39:25.338,415.57648940965385,10
2024-09-18 13:39:25.377,415.6228554424929,103
2024-09-18 13:39:25.425,415.6307497881526,14
2024-09-18 13:39:25.582,415.56140374023903,104
2024-09-18 13:39:25.587,-415.55240804826246,9
2024-09-18 13:39:25.619,415.6289967274184,12
2024-09-18 13:39:25.682,415.6382170726036,95
2024-09-18 13:39:25.738,415.6342146118369,95
2024-09-18 13:39:25.831,415.5651638486735,102
2024-09-18 13:39:25.835,415.55824728331214,6
2024-09-18 13:39:25.915,415.6102585354269,15
2024-09-18 13:39:25.928,415.5909708511476,5
2024-09-18 13:39:25.948,415.580146355483,997
2024-09-18 13:39:26.030,415.5279932182679,1000
2024-09-18 13:39:26.044,415.53341900738735,1002
2024-09-18 13:39:26.056,415.5654589301846,15
2024-09-18 13:39:26.061,415.54505726359895,96
2024-09-18 13:39:26.134,-415.5386063375561,9
2024-09-18 13:39:26.137,415.54778789673975,998
2024-09-18 13:39:26.232,415.52213347382,102
2024-09-18 13:39:26.275,415.5480252128447,1000
2024-09-18 13:39:26.305,415.57106747018224,996
2024-09-18 13:39:26.306,,97
2024-09-18 13:39:26.437,415.5579064783434,104
2024-09-18 13:39:26.486,415.5136257424284,7
2024-09-18 13:39:26.499,415.5251636667553,995
2024-09-18 13:39:26.552,415.57492441453206,15
2024-09-18 13:39:26.558,415.56278825749,1000
2024-09-18 13:39:26.567,415.521062583744,1005
2024-09-18 13:39:26.670,415.5200371658568,997
2024-09-18 13:39:26.710,415.5488066092308,95
2024-09-18 13:39:26.721,415.5312232455118,97
2024-09-18 13:39:26.765,415.5373916031088,6
2024-09-18 13:39:26.844,415.5384653781471,105
2024-09-18 13:39:26.898,415.52486205634585,14
2024-09-18 13:39:26.912,415.5282099917784,105
2024-09-18 13:39:26.976,415.5398126330776,7
2024-09-18 13:39:26.980,41.553500071678734,12
2024-09-18 13:39:26.995,415.5274111199156,1003
2024-09-18 13:39:27.005,415.6126200138364,8
2024-09-18 13:39:27.352,415.59804343813454,99
2024-09-18 13:39:27.567,415.6077847072966,12
2024-09-18 13:39:27.668,415.5812221377316,999
2024-09-18 13:39:27.745,415.6190202724863,998
2024-09-18 13:39:28.063,415.5946964581603,105
2024-09-18 13:39:28.209,415.5895848322776,1002
2024-09-18 13:39:28.224,415.5788331904754,5
2024-09-18 13:39:28.294,415.5766967395513,1000
2024-09-18 13:39:28.399,415.5851950783071,1001
2024-09-18 13:39:28.477,415.5982965864216,99
2024-09-18 13:39:28.490,415.599788474369,98
2024-09-18 13:39:28.683,415.5776442167317,1001
2024-09-18 13:39:28.771,415.61389263399167,97
2024-09-18 13:39:29.016,415.5810261939303,15
2024-09-18 13:39:29.032,415.5720352911992,1002
2024-09-18 13:39:29.083,415.6033607517292,9
2024-09-18 13:39:29.196,415.60079447270346,98
2024-09-18 13:39:29.306,415.59409298263455,1003
2024-09-18 13:39:29.428,415.576029328904,96
2024-09-18 13:39:29.603,415.6101052717006,995
2024-09-18 13:39:29.691,415.5792326380287,97
2024-09-18 13:39:29.695,415.6230342352826,999
2024-09-18 13:39:29.717,415.5942684946265,13
2024-09-18 13:39:29.787,415.5648684618216,1004
2024-09-18 13:39:29.789,415.5823763222641,104
2024-09-18 13:39:29.795,415.59616905654497,13
2024-09-18 13:39:29.941,415.60568411549815,999
2024-09-18 13:39:29.944,415.59402348481774,1003
2024-09-18 13:39:30.020,415.6395376135768,100
2024-09-18 13:39:30.028,415.63533512005296,10
2024-09-18 13:39:30.068,415.55794898645865,104
2024-09-18 13:39:30.083,415.6477858085666,996
2024-09-18 13:39:30.108,415.6041200182701,1002
2024-09-18 13:39:30.119,415.54331546576446,15
2024-09-18 13:39:30.186,415.560718738386,101
2024-09-18 13:39:30.226,415.5780858865842,5
2024-09-18 13:39:30.236,415.5591763412378,104
2024-09-18 13:39:30.584,415.5360023137929,8
2024-09-18 13:39:30.614,415.62003366862297,14
2024-09-18 13:39:30.703,415.5586809632349,102
2024-09-18 13:39:30.790,41.55604078660759,99
2024-09-18 13:39:30.804,415.5820288953751,1002
2024-09-18 13:39:30.812,415.5315813455184,9
2024-09-18 13:39:30.828,415.5458439931724,98
2024-09-18 13:39:30.842,415.6346132784146,99
2024-09-18 13:39:30.848,415.56129571231975,96
2024-09-18 13:39:30.880,415.6350118040395,5
2024-09-18 13:39:30.928,415.6464547607454,997
2024-09-18 13:39:31.105,41.57037276406509,98
2024-09-18 13:39:31.272,415.6804118339216,997
2024-09-18 13:39:31.327,415.68293382409496,998
2024-09-18 13:39:31.448,415.6908973380978,997
2024-09-18 13:39:31.475,415.652380433644,7
2024-09-18 13:39:31.619,415.677408666008,8
2024-09-18 13:39:31.710,415.6708115848446,104
2024-09-18 13:39:31.801,415.6822892301865,1004
2024-09-18 13:39:31.896,415.6449539732128,1004
2024-09-18 13:39:32.546,415.66605341568345,104
2024-09-18 13:39:32.773,415.6705792842444,5
2024-09-18 13:39:32.889,415.6446628107345,103
2024-09-18 13:39:33.513,415.6905992400912,15
2024-09-18 13:39:34.048,415.730625040259,1004
2024-09-18 13:39:34.121,415.6895641795829,6
2024-09-18 13:39:34.217,415.6852641742535,1000
2024-09-18 13:39:34.295,415.69107281854497,99
2024-09-18 13:39:34.321,415.7127713576217,996
2024-09-18 13:39:34.328,415.7391501883302,995
2024-09-18 13:39:34.332,415.6786052151757,96
2024-09-18 13:39:34.339,415.6782427313793,1004
2024-09-18 13:39:34.365,415.6877558104711,7
2024-09-18 13:39:34.377,415.6846646874824,1000
2024-09-18 13:39:34.406,415.678848347311,7
2024-09-18 13:39:34.445,415.7027862017633,10
2024-09-18 13:39:34.568,415.7058097914542,1005
2024-09-18 13:39:34.600,415.67577049242107,997
2024-09-18 13:39:34.648,415.6891942095931,98
2024-09-18 13:39:34.667,415.7195384606243,1002
2024-09-18 13:39:34.687,415.68468974332455,1001
2024-09-18 13:39:34.734,415.7041255982666,1004
2024-09-18 13:39:34.734,415.692917187645,98
2024-09-18 13:39:34.747,415.6742292481812,9
2024-09-18 13:39:34.756,415.6841573073953,995
2024-09-18 13:39:34.765,415.6988418461448,101
2024-09-18 13:39:34.769,415.6975590868797,996
2024-09-18 13:39:34.807,415.6949464243479,7
2024-09-18 13:39:34.859,415.6829867840771,995
2024-09-18 13:39:34.859,415.7233091065089,95
2024-09-18 13:39:34.872,415.6733869604253,1004
2024-09-18 13:39:34.880,415.685498140724,1005
2024-09-18 13:39:34.903,415.7009127990976,97
2024-09-18 13:39:36.209,415.7081313692241,995
2024-09-18 13:39:36.583,415.7217380633026,102
2024-09-18 13:39:37.001,415.7367790215544,7
2024-09-18 13:39:37.033,415.7960800832653,102
2024-09-18 13:39:37.047,415.8317575814093,100
2024-09-18 13:39:37.084,415.6967213043344,102
2024-09-18 13:39:37.096,415.8283270399121,10
2024-09-18 13:39:37.155,415.7350636092178,7
2024-09-18 13:39:37.156,415.75449989817486,105
2024-09-18 13:39:37.183,415.756462082806,8
2024-09-18 13:39:37.226,-415.810618546249,6
2024-09-18 13:39:37.319,415.7310757945531,5
2024-09-18 13:39:37.323,415.7279801649264,1005
2024-09-18 13:39:37.341,415.7617537643886,98
2024-09-18 13:39:37.402,415.8330588845885,97
2024-09-18 13:39:37.431,415.7593925670195,1004
2024-09-18 13:39:37.462,415.7124859122831,1001
2024-09-18 13:39:37.518,415.7224811474508,14
2024-09-18 13:39:37.602,415.8392816501089,95
2024-09-18 13:39:37.656,415.8212108928864,104
2024-09-18 13:39:37.669,415.6970901841206,97
2024-09-18 13:39:37.819,415.70791873599137,14
2024-09-18 13:39:37.863,415.8302968248501,100
2024-09-18 13:39:37.874,415.78217286319824,1005
2024-09-18 13:39:37.921,415.83902189128935,6
2024-09-18 13:39:37.931,415.7477944331512,999
2024-09-18 13:39:37.935,415.7376560939556,999
2024-09-18 13:39:37.953,415.7026365295978,1004
2024-09-18 13:39:38.179,415.83303572177255,100
2024-09-18 13:39:38.186,415.8296857588775,11
2024-09-18 13:39:38.235,415.8500063609101,99
2024-09-18 13:39:38.298,415.8112601777832,99
2024-09-18 13:39:38.312,415.8390839019439,102
2024-09-18 13:39:38.361,415.8244169135232,14
2024-09-18 13:39:38.440,415.8182858731312,5
2024-09-18 13:39:38.468,415.82733839123904,7
2024-09-18 13:39:38.810,415.81853719772016,1000
2024-09-18 13:39:38.816,415.8241471948635,9
2024-09-18 13:39:38.939,415.84885917870224,996
2024-09-18 13:39:38.962,415.8305145491612,15
2024-09-18 13:39:39.002,415.8612575647503,97
2024-09-18 13:39:39.003,415.9039863014319,7
2024-09-18 13:39:39.032,415.9052528203166,995
2024-09-18 13:39:39.054,415.8939216821434,100
2024-09-18 13:39:39.056,415.82628033534354,1003
2024-09-18 13:39:39.104,415.8915854179708,6
2024-09-18 13:39:39.111,415.8953246920863,996
2024-09-18 13:39:39.113,415.89374040830427,99
2024-09-18 13:39:39.114,415.910519304614,8
2024-09-18 13:39:39.152,415.8902971456053,7
2024-09-18 13:39:39.303,415.8946912239503,998
2024-09-18 13:39:39.358,415.8213840129616,996
2024-09-18 13:39:39.467,415.8862146836706,1002
2024-09-18 13:39:39.520,415.9007190541771,1002
2024-09-18 13:39:39.531,415.86015685992544,105
2024-09-18 13:39:39.541,415.8573876019081,9
2024-09-18 13:39:39.546,415.8440583730968,8
2024-09-18 13:39:39.577,415.9007639950856,105
2024-09-18 13:39:39.642,415.8611882483586,9
2024-09-18 13:39:39.659,415.87093766209273,99
2024-09-18 13:39:39.660,415.8866653521135,1004
2024-09-18 13:39:39.685,415.84639038564535,10
2024-09-18 13:39:39.695,415.8999422248084,95
2024-09-18 13:39:39.742,415.8187167829829,95
2024-09-18 13:39:39.753,415.8809169635329,995
2024-09-18 13:39:39.780,415.8565903033248,996
2024-09-18 13:39:39.833,415.88799847892096,1004
2024-09-18 13:39:39.864,415.889674949424,13
2024-09-18 13:39:39.908,415.8814227957451,102
2024-09-18 13:39:39.973,415.8963163522485,98
2024-09-18 13:39:40.033,415.8663846901063,999
2024-09-18 13:39:40.035,415.8634177593512,999
2024-09-18 13:39:40.043,415.890525660032,12
2024-09-18 13:39:40.069,415.8698117532784,998
2024-09-18 13:39:40.126,415.87813790786186,15
2024-09-18 13:39:40.247,415.8836207669285,12
2024-09-18 13:39:40.291,415.8512150284821,102
2024-09-18 13:39:40.326,415.8494047541705,13
2024-09-18 13:39:40.333,415.87249679072806,102
2024-09-18 13:39:40.340,415.8226152744773,995
2024-09-18 13:39:40.341,415.8414128263628,10
2024-09-18 13:39:40.390,415.850833335647,15
2024-09-18 13:39:40.419,415.8457524994536,1001
2024-09-18 13:39:40.425,415.86070297346953,97
2024-09-18 13:39:40.438,415.8403897903869,1000
2024-09-18 13:39:40.479,415.8712982174204,7
2024-09-18 13:39:40.624,415.8507666320214,5
2024-09-18 13:39:40.650,415.8921153739941,98
2024-09-18 13:39:40.697,415.8689576973306,12
2024-09-18 13:39:40.703,415.8512229405249,98
2024-09-18 13:39:40.705,415.8837537499169,10
2024-09-18 13:39:40.731,415.86383877258817,8
2024-09-18 13:39:40.833,415.877987102686,12
2024-09-18 13:39:40.857,415.86277381831616,99
2024-09-18 13:39:40.884,415.8604344881191,14
2024-09-18 13:39:40.956,415.9068207088703,14
2024-09-18 13:39:40.976,415.8803037276482,6
2024-09-18 13:39:40.984,415.8883124442735,14
2024-09-18 13:39:41.008,415.8486535933218,8
2024-09-18 13:39:41.142,415.8897483381589,12
2024-09-18 13:39:41.195,415.8369061561007,100
2024-09-18 13:39:41.217,415.889139618746,100
2024-09-18 13:39:41.245,415.8481552857263,5
2024-09-18 13:39:41.261,415.9170150667955,96
2024-09-18 13:39:41.265,415.8458328442384,1002
2024-09-18 13:39:41.386,415.8835682388518,5
2024-09-18 13:39:41.407,415.88046833869953,6
2024-09-18 13:39:41.426,415.8434459114832,101
2024-09-18 13:39:41.471,415.8990976381139,10
2024-09-18 13:39:41.532,415.8595083157739,1004
2024-09-18 13:39:41.553,415.8387417698032,1000
2024-09-18 13:39:41.572,415.88125498088215,6
2024-09-18 13:39:41.607,415.8427839344625,101
2024-09-18 13:39:41.661,415.8632542840888,998
2024-09-18 13:39:41.691,415.9222032951655,99
2024-09-18 13:39:41.700,415.8865003011365,7
2024-09-18 13:39:41.818,415.8411288395525,1005
2024-09-18 13:39:41.833,415.8969962255857,14
2024-09-18 13:39:41.838,415.83794855852034,998
2024-09-18 13:39:41.920,415.90549818048135,997
2024-09-18 13:39:41.923,415.8598767068253,1002
2024-09-18 13:39:41.955,415.89150637119775,95
2024-09-18 13:39:42.021,415.90144976056575,15
2024-09-18 13:39:42.287,415.901113918319,1005
2024-09-18 13:39:42.292,-415.9379151046555,1002
2024-09-18 13:39:42.324,415.914214300264,9
2024-09-18 13:39:42.329,415.940934766935,98
2024-09-18 13:39:42.363,415.93150787259714,1000
2024-09-18 13:39:42.603,415.8963897670955,100
2024-09-18 13:39:42.637,415.925594637628,996
2024-09-18 13:39:42.641,415.9244424578644,14
2024-09-18 13:39:42.686,415.9075445184844,103
2024-09-18 13:39:42.998,415.9073983376481,104
2024-09-18 13:39:44.064,415.9224791700704,101
2024-09-18 13:39:44.065,415.9486104765356,102
2024-09-18 13:39:44.078,415.93020247828633,12
2024-09-18 13:39:44.109,415.9152315366575,98
2024-09-18 13:39:44.127,415.9155108423994,12
2024-09-18 13:39:44.200,415.94315315185486,10
2024-09-18 13:39:44.216,415.9408102145069,15
2024-09-18 13:39:44.280,415.94720333586594,102
2024-09-18 13:39:44.429,415.9382950160531,8
2024-09-18 13:39:44.505,415.9228731990695,98
2024-09-18 13:39:44.535,415.94715548622185,95
2024-09-18 13:39:44.574,415.92597896510864,99
2024-09-18 13:39:44.608,415.9513789513837,1002
2024-09-18 13:39:44.659,415.93897088686856,96
2024-09-18 13:39:44.699,415.919176772748,13
2024-09-18 13:39:44.718,415.94999689920326,102
2024-09-18 13:39:44.751,415.9369721275635,11
2024-09-18 13:39:44.846,415.9273436667241,1000
2024-09-18 13:39:44.905,415.9328102148656,101
2024-09-18 13:39:44.999,415.9598809494853,105
2024-09-18 13:39:45.097,415.9323192504772,1002
2024-09-18 13:39:45.212,415.9351677862505,1003
2024-09-18 13:39:45.300,415.9389003637886,1004
2024-09-18 13:39:45.441,,99
2024-09-18 13:39:45.442,415.913035877957,101
2024-09-18 13:39:45.634,415.9311927536832,6
2024-09-18 13:39:45.819,415.94148219224985,104
2024-09-18 13:39:45.904,415.9252341363848,13
2024-09-18 13:39:45.998,415.9218392043607,103
2024-09-18 13:39:46.090,415.9030527818021,10
2024-09-18 13:39:46.316,415.8952542382016,12
2024-09-18 13:39:46.345,415.9194649339369,9
2024-09-18 13:39:46.367,415.8983309859908,1005
2024-09-18 13:39:46.387,415.9074916014063,13
2024-09-18 13:39:47.025,415.868297069452,1004
2024-09-18 13:39:47.047,415.89036037042473,96
2024-09-18 13:39:47.072,415.796355481963,1003
2024-09-18 13:39:47.133,415.82023842403504,103
2024-09-18 13:39:47.174,415.8631667761688,5
2024-09-18 13:39:47.187,415.8399486509607,8
2024-09-18 13:39:47.237,415.8343362845841,8
2024-09-18 13:39:47.285,415.8221556728745,103
2024-09-18 13:39:47.331,415.81241207695285,12
2024-09-18 13:39:47.412,415.7816921403019,5
2024-09-18 13:39:47.429,415.8019522442327,1000
2024-09-18 13:39:47.489,415.8066638148193,9
2024-09-18 13:39:47.501,415.8145688103683,996
2024-09-18 13:39:47.501,415.8465872264858,14
2024-09-18 13:39:47.503,415.817875361976,15
2024-09-18 13:39:47.509,415.8436262811262,1005
2024-09-18 13:39:47.536,415.8231329576845,7
2024-09-18 13:39:47.554,415.92162059030863,105
2024-09-18 13:39:47.563,415.8107575604842,996
2024-09-18 13:39:47.580,415.83671899863486,98
2024-09-18 13:39:47.604,415.8244930788197,104
2024-09-18 13:39:47.677,415.8397800408623,995
2024-09-18 13:39:47.767,415.8440623591179,14
2024-09-18 13:39:47.846,415.82610024812567,10
2024-09-18 13:39:47.895,415.7985253732656,1001
2024-09-18 13:39:47.899,415.8263452201845,998
2024-09-18 13:39:47.932,415.83270337810745,996
2024-09-18 13:39:47.949,415.80311040358015,105
2024-09-18 13:39:47.951,415.8142979141045,996
2024-09-18 13:39:47.991,415.81045188091286,9
2024-09-18 13:39:48.197,415.80484406095854,97
2024-09-18 13:39:48.236,415.8252022900047,9
2024-09-18 13:39:48.292,415.8225687337862,104
2024-09-18 13:39:48.362,415.80682412653294,102
2024-09-18 13:39:48.368,415.80977328313736,9
2024-09-18 13:39:48.675,415.8300786882969,1002
2024-09-18 13:39:48.686,415.8168889880537,101
2024-09-18 13:39:48.873,415.7939684956316,996
2024-09-18 13:39:50.195,415.8403806118752,8
2024-09-18 13:39:50.246,415.8291828513465,9
2024-09-18 13:39:50.388,415.82634714249264,5
2024-09-18 13:39:50.411,415.8267754608478,102
2024-09-18 13:39:50.477,415.84098593167073,10
2024-09-18 13:39:50.537,415.83669331874233,12
2024-09-18 13:39:50.544,415.8209230883106,12
2024-09-18 13:39:50.644,415.8375988799869,14
2024-09-18 13:39:50.665,415.8150121226885,101
2024-09-18 13:39:50.851,415.8302553281639,100
2024-09-18 13:39:50.961,415.8418797011056,97
2024-09-18 13:39:51.073,415.8045601656473,98
2024-09-18 13:39:51.179,415.79623314905496,1004
2024-09-18 13:39:51.244,415.8250255130328,7
2024-09-18 13:39:51.745,415.8375573769837,98
2024-09-18 13:39:53.393,415.797497327445,103
2024-09-18 13:39:54.051,415.855190957434,15
2024-09-18 13:39:54.175,415.8027155980597,997
2024-09-18 13:39:54.256,415.8424452048122,995
2024-09-18 13:39:54.259,415.8663160169202,1000
2024-09-18 13:39:54.384,415.7964474496342,10
2024-09-18 13:39:54.397,415.8551672084224,5
2024-09-18 13:39:54.479,415.8613367955182,1000
2024-09-18 13:39:54.611,415.8497563835392,104
2024-09-18 13:39:54.655,415.8242214635564,15
2024-09-18 13:39:54.658,415.8394507945961,1005
2024-09-18 13:39:54.746,415.8698230057914,1002
2024-09-18 13:39:54.876,415.842692995561,98
2024-09-18 13:39:54.953,415.82206496610615,998
2024-09-18 13:39:55.619,415.8217993148811,999
2024-09-18 13:39:56.020,415.87146421777646,996
2024-09-18 13:39:56.069,415.86735546449273,101
2024-09-18 13:39:56.076,415.8312996561746,1003
2024-09-18 13:39:56.114,-41.589322381094654,6
2024-09-18 13:39:56.189,415.82360952478587,98
2024-09-18 13:39:56.208,415.8376639128507,999
2024-09-18 13:39:56.345,415.8171125859205,11
2024-09-18 13:39:56.400,415.8511382709124,15
2024-09-18 13:39:56.481,415.8600362261298,6
2024-09-18 13:39:56.508,415.8820845415461,11
2024-09-18 13:39:56.532,415.8823358138444,95
2024-09-18 13:39:56.586,415.8647261677107,95
2024-09-18 13:39:56.586,415.8674064325541,8
2024-09-18 13:39:56.610,415.83323386910166,5
2024-09-18 13:39:56.622,415.8408871152464,105
2024-09-18 13:39:56.624,415.8592564394927,104
2024-09-18 13:39:56.706,415.8539785779135,999
2024-09-18 13:39:56.722,415.8498737831959,96
2024-09-18 13:39:56.726,415.8491984603624,999
2024-09-18 13:39:56.738,415.8235292458962,1003
2024-09-18 13:39:56.785,415.8233127752956,7
2024-09-18 13:39:56.807,415.8302514281855,8
2024-09-18 13:39:56.817,415.88193132875176,999
2024-09-18 13:39:56.843,415.817139947407,8
2024-09-18 13:39:56.857,415.87133395438633,5
2024-09-18 13:39:56.972,415.8696011593912,1000
2024-09-18 13:39:57.201,415.8239501427425,14
2024-09-18 13:39:57.249,415.831607363342,995
2024-09-18 13:39:57.664,415.82648283789456,998
2024-09-18 13:39:57.770,415.8132195240761,102
2024-09-18 13:39:58.021,415.8279406085253,5
2024-09-18 13:39:58.103,41.5827101938068,1005
2024-09-18 13:39:58.169,415.8460102663404,999
2024-09-18 13:39:58.204,415.8134436654976,105
2024-09-18 13:39:58.248,415.8005976198139,1002
2024-09-18 13:39:58.457,415.82972538998206,995
2024-09-18 13:39:58.668,415.8085281352713,14
2024-09-18 13:39:58.673,415.82945315704166,99
2024-09-18 13:39:58.914,415.8081503136487,10
2024-09-18 13:39:59.060,415.84247830069614,6
2024-09-18 13:39:59.102,415.8606938157499,999
2024-09-18 13:39:59.152,415.8224039008074,96
2024-09-18 13:39:59.217,415.8550669873487,1003
2024-09-18 13:39:59.223,415.86223627893486,10
2024-09-18 13:39:59.232,415.8723285573337,998
2024-09-18 13:39:59.239,415.8606620042488,15
2024-09-18 13:39:59.249,415.833467884143,11
2024-09-18 13:39:59.296,415.8688767339943,97
2024-09-18 13:39:59.299,415.8775198089079,1004
2024-09-18 13:39:59.411,415.8746177720399,14
2024-09-18 13:39:59.620,415.8569651496975,100
2024-09-18 13:39:59.634,415.85246665332846,97
2024-09-18 13:39:59.709,415.8489213732774,10
2024-09-18 13:39:59.750,415.8509632480547,9
2024-09-18 13:39:59.768,415.8674845028215,1003
2024-09-18 13:39:59.769,415.84696838637785,103
2024-09-18 13:39:59.893,415.83124878478793,103
2024-09-18 13:39:59.928,415.8553072435898,998
