Timestamp,Price,Size
2024-09-18 10:00:00.249,408.1590935966488,1003
2024-09-18 10:00:00.262,408.1763124997215,9
2024-09-18 10:00:00.455,408.1449930438823,11
2024-09-18 10:00:00.525,408.1846299839581,1000
2024-09-18 10:00:00.586,408.1680270210652,7
2024-09-18 10:00:00.590,408.1929134298016,103
2024-09-18 10:00:00.713,408.1388889326991,102
2024-09-18 10:00:00.782,408.1479209968455,11
2024-09-18 10:00:00.829,,13
2024-09-18 10:00:00.845,408.1746181759981,97
2024-09-18 10:00:00.848,408.1691817810389,9
2024-09-18 10:00:00.904,408.1538726600908,1000
2024-09-18 10:00:01.441,408.143919194006,995
2024-09-18 10:00:01.966,408.1491714266448,97
2024-09-18 10:00:02.033,408.16703134273,101
2024-09-18 10:00:02.042,408.2166457417304,5
2024-09-18 10:00:02.086,408.2374117712422,100
2024-09-18 10:00:02.104,408.2321510901422,1001
2024-09-18 10:00:02.161,408.2085177219016,12
2024-09-18 10:00:02.199,408.2198101067624,1003
2024-09-18 10:00:02.254,408.18687531762606,103
2024-09-18 10:00:02.281,408.1980688962912,105
2024-09-18 10:00:02.456,,99
2024-09-18 10:00:02.480,408.20522923678993,5
2024-09-18 10:00:02.492,408.1783530105184,1005
2024-09-18 10:00:02.536,408.17670640494055,98
2024-09-18 10:00:02.539,408.2515459518247,14
2024-09-18 10:00:02.551,408.1854288285527,99
2024-09-18 10:00:02.580,408.2631541297832,104
2024-09-18 10:00:02.697,408.2407765103492,999
2024-09-18 10:00:02.702,408.2177290691621,95
2024-09-18 10:00:02.703,408.2510031401932,105
2024-09-18 10:00:02.738,408.24053079085536,101
2024-09-18 10:00:02.770,408.1342138700865,9
2024-09-18 10:00:02.836,408.1923970602385,1004
2024-09-18 10:00:02.844,408.2285882364072,99
2024-09-18 10:00:02.854,408.2327289333939,999
2024-09-18 10:00:02.890,408.2420631289729,8
2024-09-18 10:00:02.924,408.1576721746004,5
2024-09-18 10:00:02.975,408.25037205621896,1003
2024-09-18 10:00:02.984,408.2364469105055,98
2024-09-18 10:00:03.071,408.015570227269,11
2024-09-18 10:00:03.214,408.0200536013847,95
2024-09-18 10:00:03.254,408.0645906596956,97
2024-09-18 10:00:03.272,408.04017883429776,11
2024-09-18 10:00:03.292,408.0601426522822,997
2024-09-18 10:00:03.361,408.0333765439298,95
2024-09-18 10:00:03.388,408.0336274520747,1004
2024-09-18 10:00:03.393,408.0508557882399,97
2024-09-18 10:00:03.527,408.10613117306207,103
2024-09-18 10:00:03.540,408.0816635626476,996
2024-09-18 10:00:03.555,408.11496401312303,105
2024-09-18 10:00:03.669,408.0586120411029,102
2024-09-18 10:00:03.699,408.029677148039,103
2024-09-18 10:00:03.703,40.80540257876958,1003
2024-09-18 10:00:03.727,408.0677638297608,996
2024-09-18 10:00:03.832,408.0403503486824,1003
2024-09-18 10:00:03.884,408.0227783722802,14
2024-09-18 10:00:03.926,408.0450638523619,999
2024-09-18 10:00:03.940,408.0227653776982,102
2024-09-18 10:00:04.018,407.9248613804962,13
2024-09-18 10:00:04.018,407.9139166284192,9
2024-09-18 10:00:04.089,407.9973629277589,7
2024-09-18 10:00:04.095,407.9506373463287,98
2024-09-18 10:00:04.125,407.96916715367325,6
2024-09-18 10:00:04.130,407.9412847618696,104
2024-09-18 10:00:04.228,407.9468514143727,97
2024-09-18 10:00:04.251,407.9676546963671,995
2024-09-18 10:00:04.274,407.94653298307645,102
2024-09-18 10:00:04.308,407.93100935061,10
2024-09-18 10:00:04.346,407.9592898380469,15
2024-09-18 10:00:04.388,-407.9341810608634,9
2024-09-18 10:00:04.397,407.98373469853374,1000
2024-09-18 10:00:04.500,407.9172366564461,1001
2024-09-18 10:00:04.538,407.9805277925348,100
2024-09-18 10:00:04.574,407.9628029529863,100
2024-09-18 10:00:04.594,407.9840222767944,1000
2024-09-18 10:00:04.624,407.9349501216431,10
2024-09-18 10:00:04.672,407.95227314974056,999
2024-09-18 10:00:04.702,407.9609952732548,996
2024-09-18 10:00:04.719,407.93272427454247,6
2024-09-18 10:00:04.722,407.96687223701525,95
2024-09-18 10:00:04.763,407.9857205820352,13
2024-09-18 10:00:04.768,408.0058329006049,103
2024-09-18 10:00:04.775,407.981129712126,95
2024-09-18 10:00:04.811,407.9893844773447,97
2024-09-18 10:00:04.871,407.9698396585041,104
2024-09-18 10:00:04.882,407.92678532294207,996
2024-09-18 10:00:05.081,407.975261511642,15
2024-09-18 10:00:05.189,408.0006211001705,1002
2024-09-18 10:00:05.211,408.0075925533925,995
2024-09-18 10:00:05.250,408.0212330029548,103
2024-09-18 10:00:05.251,407.97558577147606,95
2024-09-18 10:00:05.387,408.0309639328432,103
2024-09-18 10:00:05.398,408.0301768077679,9
2024-09-18 10:00:05.438,407.9954064952906,1002
2024-09-18 10:00:05.449,,1001
2024-09-18 10:00:05.583,408.0138014275765,100
2024-09-18 10:00:05.686,408.0071319067088,1004
2024-09-18 10:00:05.916,408.005034863307,97
2024-09-18 10:00:06.009,408.0550164871392,102
2024-09-18 10:00:06.013,408.04832009347126,103
2024-09-18 10:00:06.027,407.994502099354,98
2024-09-18 10:00:06.063,408.0163613225007,996
2024-09-18 10:00:06.080,408.0650856560889,10
2024-09-18 10:00:06.193,408.04083657389504,103
2024-09-18 10:00:06.358,408.0634373318885,104
2024-09-18 10:00:06.367,407.9991018538679,105
2024-09-18 10:00:06.419,407.99112499266937,103
2024-09-18 10:00:06.422,408.04118105510776,5
2024-09-18 10:00:06.444,408.0667212852534,95
2024-09-18 10:00:06.608,408.0541118239544,9
2024-09-18 10:00:06.687,408.0151775222555,11
2024-09-18 10:00:06.689,408.0173799771077,11
2024-09-18 10:00:06.736,408.0118515087721,996
2024-09-18 10:00:06.763,408.0196902422941,12
2024-09-18 10:00:06.858,407.9984067607036,98
2024-09-18 10:00:06.864,408.0139868988914,1001
2024-09-18 10:00:06.868,408.03201929864935,105
2024-09-18 10:00:06.883,408.0165825792291,11
2024-09-18 10:00:06.939,407.9767609848984,1004
2024-09-18 10:00:07.006,408.039848848001,1005
2024-09-18 10:00:07.018,408.0480104897719,8
2024-09-18 10:00:07.043,408.04171943683673,1005
2024-09-18 10:00:07.056,408.0665112981495,998
2024-09-18 10:00:07.063,408.0534920611721,998
2024-09-18 10:00:07.177,408.0643790842077,102
2024-09-18 10:00:07.202,408.0620378035415,95
2024-09-18 10:00:07.344,408.04390139438914,11
2024-09-18 10:00:07.425,408.0422085126585,14
2024-09-18 10:00:07.494,408.0472126177413,15
2024-09-18 10:00:07.576,408.0590272325265,98
2024-09-18 10:00:07.629,408.04718274564686,995
2024-09-18 10:00:07.759,408.0241285124766,6
2024-09-18 10:00:07.772,408.02925761508897,11
2024-09-18 10:00:07.795,408.03100726864494,1002
2024-09-18 10:00:07.797,408.06614978388046,12
2024-09-18 10:00:07.847,408.0442024830634,1000
2024-09-18 10:00:07.875,408.03602907372016,1005
2024-09-18 10:00:07.896,408.04349126817306,1002
2024-09-18 10:00:07.896,408.0388190714508,10
2024-09-18 10:00:07.956,408.041609254438,97
2024-09-18 10:00:07.975,408.05629327645386,6
2024-09-18 10:00:08.199,408.0777866989889,998
2024-09-18 10:00:08.213,408.0648451528033,102
2024-09-18 10:00:08.258,408.0273471936791,96
2024-09-18 10:00:08.266,408.04393005280747,999
2024-09-18 10:00:08.405,408.08714514696845,6
2024-09-18 10:00:08.518,408.1001889503258,1000
2024-09-18 10:00:08.523,408.07777850296026,995
2024-09-18 10:00:08.605,408.0613851304772,998
2024-09-18 10:00:08.623,408.087390604328,101
2024-09-18 10:00:08.632,408.1068525791626,7
2024-09-18 10:00:08.647,408.0382326878078,996
2024-09-18 10:00:08.682,408.0892954444587,99
2024-09-18 10:00:08.701,408.0572872478841,9
2024-09-18 10:00:08.723,408.030743953105,95
2024-09-18 10:00:08.726,408.0821946372749,15
2024-09-18 10:00:08.779,408.0831113193185,103
2024-09-18 10:00:08.834,408.0841415054763,15
2024-09-18 10:00:08.871,408.0910806629127,12
2024-09-18 10:00:09.034,408.16994984178575,1001
2024-09-18 10:00:09.058,408.1049833310014,1003
2024-09-18 10:00:09.105,408.11702492234224,999
2024-09-18 10:00:09.211,408.133408013698,95
2024-09-18 10:00:09.356,408.1558453173637,999
2024-09-18 10:00:09.529,408.1392605044016,997
2024-09-18 10:00:09.582,408.12208012745776,11
2024-09-18 10:00:09.699,408.104558072806,98
2024-09-18 10:00:09.717,408.1556120536108,1002
2024-09-18 10:00:09.812,408.14675020743135,1005
2024-09-18 10:00:09.819,408.1303891792906,997
2024-09-18 10:00:09.890,,998
2024-09-18 10:00:09.892,408.1566049541949,1002
2024-09-18 10:00:09.909,408.1061416905139,14
2024-09-18 10:00:09.957,408.1441257451934,105
2024-09-18 10:00:10.205,408.17844151859873,1005
2024-09-18 10:00:10.442,408.1868236640792,102
2024-09-18 10:00:10.974,408.1851975849816,1001
2024-09-18 10:00:11.706,408.1850557857353,103
2024-09-18 10:00:11.719,408.1952685107919,995
2024-09-18 10:00:12.025,-40.81996423146084,1000
2024-09-18 10:00:12.247,408.1990360186817,98
2024-09-18 10:00:12.300,408.21074401412,997
2024-09-18 10:00:12.365,408.1897174737446,6
2024-09-18 10:00:12.476,408.1796791085392,95
2024-09-18 10:00:12.783,408.2010792442183,5
2024-09-18 10:00:12.848,408.1766116877111,99
2024-09-18 10:00:12.895,408.20410817957423,6
2024-09-18 10:00:12.932,408.18001557906047,102
2024-09-18 10:00:12.937,-408.1686843805483,15
2024-09-18 10:00:12.951,408.1707570848684,105
2024-09-18 10:00:12.964,408.16348172063584,8
2024-09-18 10:00:12.994,408.159259015928,9
2024-09-18 10:00:13.114,408.1505488678296,14
2024-09-18 10:00:13.192,408.16663808510486,7
2024-09-18 10:00:13.329,408.1179139096516,103
2024-09-18 10:00:13.392,408.1530454924706,8
2024-09-18 10:00:13.484,408.1560454013232,995
2024-09-18 10:00:13.551,408.1677467265639,1003
2024-09-18 10:00:13.609,408.18250644112817,15
2024-09-18 10:00:13.631,408.1581095427578,105
2024-09-18 10:00:13.673,408.1438507368531,97
2024-09-18 10:00:13.726,408.1950158845905,998
2024-09-18 10:00:13.740,408.14160611951496,6
2024-09-18 10:00:13.761,40.81653094995461,11
2024-09-18 10:00:13.777,408.1627502468557,7
2024-09-18 10:00:13.947,408.1317428820832,9
2024-09-18 10:00:14.052,408.1515398055929,96
2024-09-18 10:00:14.200,408.1605316348953,1001
2024-09-18 10:00:14.268,408.1622653011704,6
2024-09-18 10:00:14.288,408.1471791655624,97
2024-09-18 10:00:14.296,408.1604491743953,1005
2024-09-18 10:00:14.306,408.1394717180848,97
2024-09-18 10:00:14.357,408.1619075685384,97
2024-09-18 10:00:14.424,408.1591049280413,1002
2024-09-18 10:00:14.449,408.1550524393166,100
2024-09-18 10:00:14.592,408.15763100353,95
2024-09-18 10:00:14.622,408.13924100057017,999
2024-09-18 10:00:14.625,408.1406978561291,997
2024-09-18 10:00:14.678,408.151840521403,13
2024-09-18 10:00:14.789,408.1471368332097,7
2024-09-18 10:00:14.816,-408.168481509761,998
2024-09-18 10:00:14.890,408.1463821780733,998
2024-09-18 10:00:14.980,408.150993812631,1000
2024-09-18 10:00:15.022,408.0770028122399,7
2024-09-18 10:00:15.066,407.9863941703947,11
2024-09-18 10:00:15.140,407.9964179740556,105
2024-09-18 10:00:15.177,408.0926526430118,104
2024-09-18 10:00:15.198,408.0899456794549,995
2024-09-18 10:00:15.218,407.9779673264777,999
2024-09-18 10:00:15.222,408.00994653364745,1004
2024-09-18 10:00:15.262,408.137567935129,5
2024-09-18 10:00:15.271,407.9705466529456,1002
2024-09-18 10:00:15.288,408.100695658376,99
2024-09-18 10:00:15.320,407.97447748702285,8
2024-09-18 10:00:15.342,408.06816450759976,10
2024-09-18 10:00:15.500,408.0995614991781,1003
2024-09-18 10:00:15.510,408.0504038312828,15
2024-09-18 10:00:15.641,407.9846827831981,997
2024-09-18 10:00:15.652,407.9713848860791,1003
2024-09-18 10:00:15.685,407.99031027867386,95
2024-09-18 10:00:15.758,407.9697059799706,99
2024-09-18 10:00:15.826,408.0229559238252,8
2024-09-18 10:00:15.863,408.05666799152846,1005
2024-09-18 10:00:15.919,408.117115090693,999
2024-09-18 10:00:16.031,407.9525465965197,11
2024-09-18 10:00:16.051,407.95235509904086,97
2024-09-18 10:00:16.073,407.9459699260148,104
2024-09-18 10:00:16.083,407.97211160085175,1003
2024-09-18 10:00:16.168,407.98211611767846,1000
2024-09-18 10:00:16.824,407.95467679244285,995
2024-09-18 10:00:17.072,407.9050337740552,9
2024-09-18 10:00:17.112,407.9091124000017,1004
2024-09-18 10:00:17.121,407.9397143403007,98
2024-09-18 10:00:17.132,407.90345470227805,998
2024-09-18 10:00:17.150,407.9027126881135,14
2024-09-18 10:00:17.165,407.902886265896,105
2024-09-18 10:00:17.224,407.903966413693,14
2024-09-18 10:00:17.290,407.8995900299001,14
2024-09-18 10:00:17.325,407.9314484475791,12
2024-09-18 10:00:17.345,407.9245809618882,104
2024-09-18 10:00:17.417,407.9108691082491,102
2024-09-18 10:00:17.433,407.9212273130044,5
2024-09-18 10:00:17.584,407.9385202656359,100
2024-09-18 10:00:17.637,407.9344748620989,14
2024-09-18 10:00:17.643,407.9392821404694,10
2024-09-18 10:00:17.747,407.925157300436,7
2024-09-18 10:00:17.759,407.9121233362488,104
2024-09-18 10:00:17.825,407.89447375744896,1000
2024-09-18 10:00:17.992,407.9090001860384,1005
2024-09-18 10:00:18.184,407.9493376371863,101
2024-09-18 10:00:18.271,407.9457552664179,100
2024-09-18 10:00:18.520,407.9295457731634,102
2024-09-18 10:00:18.670,407.9306082982624,1005
2024-09-18 10:00:19.020,407.9514455182744,105
2024-09-18 10:00:19.324,407.9597346865588,1001
2024-09-18 10:00:19.492,407.9590748458644,95
2024-09-18 10:00:19.554,407.9595289328954,103
2024-09-18 10:00:19.660,407.9550445425661,1003
2024-09-18 10:00:19.749,407.9625520373415,995
2024-09-18 10:00:19.953,407.9495076676049,7
2024-09-18 10:00:20.015,407.9840791023344,99
2024-09-18 10:00:20.107,408.01348826598735,14
2024-09-18 10:00:20.126,407.9942474646953,10
2024-09-18 10:00:20.128,407.96549020842167,102
2024-09-18 10:00:20.152,408.00647332207234,13
2024-09-18 10:00:20.160,407.9570848278584,998
2024-09-18 10:00:20.190,407.9645746594121,1003
2024-09-18 10:00:20.215,407.9613738918886,97
2024-09-18 10:00:20.244,408.02715289603856,1000
2024-09-18 10:00:20.298,407.95829328298805,995
2024-09-18 10:00:20.308,407.99963096350285,1003
2024-09-18 10:00:20.327,408.0121202446424,100
2024-09-18 10:00:20.340,408.02853153601455,13
2024-09-18 10:00:20.359,408.0216654688285,1002
2024-09-18 10:00:20.383,408.0062470008267,105
2024-09-18 10:00:20.496,407.97056288505695,1001
2024-09-18 10:00:20.511,407.9618609174248,1002
2024-09-18 10:00:20.533,407.9601245577828,7
2024-09-18 10:00:20.567,407.9833590969367,105
2024-09-18 10:00:20.650,407.97847839012326,7
2024-09-18 10:00:20.772,408.0203198774264,96
2024-09-18 10:00:20.777,407.9586241600175,997
2024-09-18 10:00:20.787,407.96771691632586,100
2024-09-18 10:00:20.944,407.9923911401167,98
2024-09-18 10:00:21.007,408.0377223959704,105
2024-09-18 10:00:21.037,408.0087261711278,99
2024-09-18 10:00:21.103,408.0398904018045,5
2024-09-18 10:00:21.172,408.0329540843351,15
2024-09-18 10:00:21.207,408.059181069761,1001
2024-09-18 10:00:21.240,408.0090402566839,10
2024-09-18 10:00:21.315,408.0572010765451,8
2024-09-18 10:00:21.342,408.0482063776242,96
2024-09-18 10:00:21.357,408.0411068498152,9
2024-09-18 10:00:21.404,408.0193418359081,1003
2024-09-18 10:00:21.430,408.0082189792727,105
2024-09-18 10:00:21.479,408.0564898562817,97
2024-09-18 10:00:21.527,408.0054185459497,1002
2024-09-18 10:00:21.567,,103
2024-09-18 10:00:21.674,40.80480295342258,12
2024-09-18 10:00:21.736,408.0440585996766,10
2024-09-18 10:00:21.782,408.00947193374384,14
2024-09-18 10:00:21.843,408.0140133829261,1000
2024-09-18 10:00:21.927,408.0178769359366,14
2024-09-18 10:00:21.978,408.0555603042539,1005
2024-09-18 10:00:21.984,408.0026411422653,99
2024-09-18 10:00:22.141,408.0028363722643,97
2024-09-18 10:00:22.302,408.059697613142,96
2024-09-18 10:00:22.426,408.02084016519655,15
2024-09-18 10:00:22.572,408.05696941989015,998
2024-09-18 10:00:22.726,408.0546348872426,5
2024-09-18 10:00:22.733,408.0142054333705,10
2024-09-18 10:00:22.829,408.0493406095833,15
2024-09-18 10:00:22.830,408.0429446559957,99
2024-09-18 10:00:22.873,408.04700031374574,98
2024-09-18 10:00:23.052,408.0167742487061,98
2024-09-18 10:00:23.065,408.0255867584828,999
2024-09-18 10:00:23.083,408.0543137450479,15
2024-09-18 10:00:23.095,408.0321969560679,105
2024-09-18 10:00:23.108,408.05298526047744,999
2024-09-18 10:00:23.172,408.05675665231166,9
2024-09-18 10:00:23.174,408.0258955214132,96
2024-09-18 10:00:23.185,408.0042204956312,996
2024-09-18 10:00:23.206,408.0471064180474,14
2024-09-18 10:00:23.219,408.0414623392256,1001
2024-09-18 10:00:23.238,408.00167586353774,100
2024-09-18 10:00:23.281,408.0256395161599,96
2024-09-18 10:00:23.322,407.9982877401837,102
2024-09-18 10:00:23.336,408.053262811058,95
2024-09-18 10:00:23.374,40.80582226444723,1005
2024-09-18 10:00:23.381,408.0374738546404,104
2024-09-18 10:00:23.512,408.0487897491065,13
2024-09-18 10:00:23.557,408.0104415085685,11
2024-09-18 10:00:23.578,408.0002028691303,101
2024-09-18 10:00:23.591,408.04422231417,100
2024-09-18 10:00:23.600,407.9944964269029,11
2024-09-18 10:00:23.851,408.0026764495895,14
2024-09-18 10:00:23.865,408.0430989343443,1005
2024-09-18 10:00:23.879,408.03146116108985,105
2024-09-18 10:00:23.901,408.0031618387836,1000
2024-09-18 10:00:23.919,408.02435353825393,6
2024-09-18 10:00:23.946,408.0317256957552,98
2024-09-18 10:00:23.990,408.0003913231316,14
2024-09-18 10:00:23.994,408.0504168863784,95
2024-09-18 10:00:25.070,408.10907061242017,1002
2024-09-18 10:00:25.073,408.0955144726828,7
2024-09-18 10:00:25.310,408.0763506718944,101
2024-09-18 10:00:25.424,408.05895292492687,999
2024-09-18 10:00:25.514,408.1119102450926,10
2024-09-18 10:00:25.519,408.09462831467937,6
2024-09-18 10:00:25.674,408.1008833298489,5
2024-09-18 10:00:25.679,408.0659852252264,999
2024-09-18 10:00:25.869,408.1335967464429,95
2024-09-18 10:00:25.944,408.1013545497149,15
2024-09-18 10:00:26.007,408.0965958457613,14
2024-09-18 10:00:26.061,408.088768312708,98
2024-09-18 10:00:26.143,,95
2024-09-18 10:00:26.179,408.06204751614433,7
2024-09-18 10:00:26.184,408.1057789904192,10
2024-09-18 10:00:26.217,408.0964712403325,11
2024-09-18 10:00:26.308,408.1507113927552,1000
2024-09-18 10:00:26.325,408.143291225642,8
2024-09-18 10:00:26.338,408.13339295440056,6
2024-09-18 10:00:26.346,408.0712384683104,1000
2024-09-18 10:00:26.349,408.08142203544014,1004
2024-09-18 10:00:26.378,408.0588712613555,103
2024-09-18 10:00:26.393,408.117580997618,12
2024-09-18 10:00:26.461,408.0700519441619,103
2024-09-18 10:00:26.474,408.10959110588055,95
2024-09-18 10:00:26.597,408.11891416442063,1000
2024-09-18 10:00:26.634,408.1056670452905,12
2024-09-18 10:00:26.667,408.1474144629823,1003
2024-09-18 10:00:26.745,408.1227861814161,103
2024-09-18 10:00:26.787,408.11422074775857,15
2024-09-18 10:00:26.883,408.1254048129446,996
2024-09-18 10:00:26.920,408.0973313500144,103
2024-09-18 10:00:26.934,408.0721694888511,96
2024-09-18 10:00:26.959,408.099050507672,95
2024-09-18 10:00:26.961,408.1276561233544,13
2024-09-18 10:00:26.991,408.122595798148,15
2024-09-18 10:00:26.998,408.0950535067337,15
2024-09-18 10:00:27.628,408.0645184464899,12
2024-09-18 10:00:27.913,408.0474272552691,101
2024-09-18 10:00:28.047,408.04936032234826,15
2024-09-18 10:00:28.132,408.0467777654709,8
2024-09-18 10:00:28.150,408.0178354965497,996
2024-09-18 10:00:28.167,408.02262859357546,100
2024-09-18 10:00:28.208,408.040898502536,6
2024-09-18 10:00:28.305,408.0510264698641,1000
2024-09-18 10:00:28.337,408.05757694038414,1004
2024-09-18 10:00:28.388,408.0395862771408,97
2024-09-18 10:00:28.427,408.0654072162656,1003
2024-09-18 10:00:28.438,408.05030212535183,97
2024-09-18 10:00:28.464,408.0662066769637,103
2024-09-18 10:00:28.476,408.0534265013718,99
2024-09-18 10:00:28.516,40.80164452173408,999
2024-09-18 10:00:28.737,-408.02834090599976,1002
2024-09-18 10:00:28.760,408.0319150605123,95
2024-09-18 10:00:28.773,408.0171169955669,1002
2024-09-18 10:00:28.802,408.0814291862351,103
2024-09-18 10:00:28.811,407.99290306991713,99
2024-09-18 10:00:28.816,408.04119247882977,9
2024-09-18 10:00:28.851,408.00520472575846,95
2024-09-18 10:00:28.861,408.007154974857,995
2024-09-18 10:00:28.881,408.03011356466993,102
2024-09-18 10:00:28.883,408.05301543466464,15
2024-09-18 10:00:28.896,,101
2024-09-18 10:00:28.929,408.0419678941139,103
2024-09-18 10:00:28.932,408.0031389073644,995
2024-09-18 10:00:29.046,408.0215031848633,12
2024-09-18 10:00:29.161,407.9562156828476,104
2024-09-18 10:00:29.258,407.9657050581528,103
2024-09-18 10:00:29.419,407.98673549546,101
2024-09-18 10:00:29.436,407.9763289405791,13
2024-09-18 10:00:29.494,407.97601442518527,995
2024-09-18 10:00:29.523,407.9494407487495,105
2024-09-18 10:00:29.576,407.9946504262064,104
2024-09-18 10:00:29.607,407.9534073114833,13
2024-09-18 10:00:29.626,407.95669215038174,7
2024-09-18 10:00:29.640,407.95228115152025,104
2024-09-18 10:00:29.734,,103
2024-09-18 10:00:29.748,407.97431018441983,1002
2024-09-18 10:00:29.777,407.9311221646437,995
2024-09-18 10:00:29.781,407.9590147091468,8
2024-09-18 10:00:29.858,407.9487179566033,5
2024-09-18 10:00:29.872,407.956527930824,99
2024-09-18 10:00:29.887,407.9745374634,7
2024-09-18 10:00:29.905,407.9645258372719,6
2024-09-18 10:00:29.998,407.97537638089767,12
2024-09-18 10:00:30.687,407.93329498082846,9
2024-09-18 10:00:30.873,407.96426434228914,999
2024-09-18 10:00:31.039,,1001
2024-09-18 10:00:31.042,407.8930662531011,15
2024-09-18 10:00:31.086,407.8816607408975,98
2024-09-18 10:00:31.105,407.8956268863368,997
2024-09-18 10:00:31.120,407.90053758023566,9
2024-09-18 10:00:31.133,407.89400702177136,15
2024-09-18 10:00:31.217,407.8816844851543,13
2024-09-18 10:00:31.253,407.8846677704519,1002
2024-09-18 10:00:31.293,407.8830633050009,101
2024-09-18 10:00:31.328,407.885102790971,103
2024-09-18 10:00:31.529,407.88134958948746,105
2024-09-18 10:00:31.651,407.90534155455447,15
2024-09-18 10:00:31.724,407.9301462667688,5
2024-09-18 10:00:31.991,407.897271877495,14
2024-09-18 10:00:32.055,407.8693795755187,1005
2024-09-18 10:00:32.102,407.9612639907213,10
2024-09-18 10:00:32.132,407.8647026272045,995
2024-09-18 10:00:32.134,407.9523437573956,13
2024-09-18 10:00:32.180,407.87477716253386,11
2024-09-18 10:00:32.350,407.960862875377,10
2024-09-18 10:00:32.415,407.8730252252719,1002
2024-09-18 10:00:32.512,407.8764496951092,1003
2024-09-18 10:00:32.531,407.943832940311,10
2024-09-18 10:00:32.591,407.877424412243,8
2024-09-18 10:00:32.615,407.87188368736696,1005
2024-09-18 10:00:32.781,407.9433318563288,1001
2024-09-18 10:00:32.792,407.9074490698028,12
2024-09-18 10:00:32.920,407.8952044077403,15
2024-09-18 10:00:32.949,407.86208512803375,7
2024-09-18 10:00:32.989,407.9503026580295,1005
2024-09-18 10:00:33.120,407.9629529901191,7
2024-09-18 10:00:33.175,407.9622673801501,101
2024-09-18 10:00:33.190,407.9680548655755,8
2024-09-18 10:00:33.203,407.9459840993047,96
2024-09-18 10:00:33.234,407.9738699575988,98
2024-09-18 10:00:33.389,407.9647032606377,8
2024-09-18 10:00:33.415,407.9536271208164,96
2024-09-18 10:00:33.510,407.92673087493466,8
2024-09-18 10:00:33.625,407.95706561715286,1000
2024-09-18 10:00:33.670,407.9681609319813,1005
2024-09-18 10:00:33.691,,104
2024-09-18 10:00:33.752,407.95513958914734,997
2024-09-18 10:00:33.820,407.9437641802477,999
2024-09-18 10:00:33.824,407.9275928965986,8
2024-09-18 10:00:33.928,407.955454167329,9
2024-09-18 10:00:33.961,407.9631131760548,11
2024-09-18 10:00:34.138,407.9120156894716,104
2024-09-18 10:00:34.447,407.92348179746745,96
2024-09-18 10:00:34.746,407.90941607697147,1004
2024-09-18 10:00:34.814,407.9144520241073,1002
2024-09-18 10:00:34.913,407.9456311988813,9
2024-09-18 10:00:34.967,407.9054703729896,98
2024-09-18 10:00:34.968,407.9184611798836,1000
2024-09-18 10:00:35.119,407.855242008973,100
2024-09-18 10:00:35.165,407.8699901687427,103
2024-09-18 10:00:35.177,407.87890691438986,1000
2024-09-18 10:00:35.300,407.8890312854819,95
2024-09-18 10:00:35.388,407.86854740212016,11
2024-09-18 10:00:35.408,407.8619748834195,8
2024-09-18 10:00:35.441,407.925431221376,5
2024-09-18 10:00:35.450,407.8871471604482,1003
2024-09-18 10:00:35.478,407.8658020068544,103
2024-09-18 10:00:35.543,407.8603342640167,10
2024-09-18 10:00:35.544,407.90859814353536,99
2024-09-18 10:00:35.629,407.8801335170261,10
2024-09-18 10:00:35.634,407.8569260813343,104
2024-09-18 10:00:35.678,40.78662906541489,1005
2024-09-18 10:00:35.704,407.8352106272562,995
2024-09-18 10:00:35.707,407.8334945022162,1001
2024-09-18 10:00:35.722,407.8619826438833,1001
2024-09-18 10:00:35.843,407.87256086669294,96
2024-09-18 10:00:35.905,407.86524339936847,1000
2024-09-18 10:00:35.915,407.8845787428188,1001
2024-09-18 10:00:35.923,407.886114487112,6
2024-09-18 10:00:35.970,407.8752691021237,8
2024-09-18 10:00:36.065,407.8760277200856,1002
2024-09-18 10:00:36.133,407.9011360435798,10
2024-09-18 10:00:36.213,407.8727299394163,105
2024-09-18 10:00:36.218,407.86453943073377,1002
2024-09-18 10:00:36.251,407.86913823135984,1004
2024-09-18 10:00:36.380,407.87134919596616,99
2024-09-18 10:00:36.396,407.92241181314046,6
2024-09-18 10:00:36.530,407.886452061202,95
2024-09-18 10:00:36.717,407.8668648741529,99
2024-09-18 10:00:36.764,407.8720229681104,95
2024-09-18 10:00:36.804,407.9079868880172,5
2024-09-18 10:00:36.984,407.85837997722047,104
2024-09-18 10:00:37.006,407.8820274443178,99
2024-09-18 10:00:37.054,40.788397449350185,6
2024-09-18 10:00:37.427,407.8777722373664,1004
2024-09-18 10:00:37.491,407.87918359124814,15
2024-09-18 10:00:37.516,407.8617624105141,105
2024-09-18 10:00:37.653,407.8794821301408,104
2024-09-18 10:00:37.866,-407.9034345529682,999
2024-09-18 10:00:37.898,407.9167051156141,101
2024-09-18 10:00:37.929,407.9178024157856,997
2024-09-18 10:00:38.465,407.88306845754647,100
2024-09-18 10:00:38.914,407.8794322039089,5
2024-09-18 10:00:39.020,407.87341791819074,1003
2024-09-18 10:00:39.057,407.9028807699801,13
2024-09-18 10:00:39.083,407.8786382825074,99
2024-09-18 10:00:39.178,407.9065894669428,96
2024-09-18 10:00:39.208,407.92732472446784,14
2024-09-18 10:00:39.243,407.8961825923088,999
2024-09-18 10:00:39.244,407.8734604871485,13
2024-09-18 10:00:39.245,407.8847129304996,96
2024-09-18 10:00:39.275,407.8713156437551,12
2024-09-18 10:00:39.286,407.8878242002781,999
2024-09-18 10:00:39.286,407.88722512001056,11
2024-09-18 10:00:39.297,407.8587198871395,10
2024-09-18 10:00:39.520,407.8574771196412,104
2024-09-18 10:00:39.521,407.8762806494941,9
2024-09-18 10:00:39.538,407.8648431832379,98
2024-09-18 10:00:39.664,407.8846511389354,1001
2024-09-18 10:00:39.733,407.8888360460208,997
2024-09-18 10:00:39.796,407.8524302739498,8
2024-09-18 10:00:39.959,407.8565711185887,10
2024-09-18 10:00:40.121,407.8411676322314,13
2024-09-18 10:00:40.153,407.8661401777954,103
2024-09-18 10:00:40.194,407.8662328848085,6
2024-09-18 10:00:40.311,407.8754569391649,102
2024-09-18 10:00:40.354,407.8646349949861,1000
2024-09-18 10:00:40.375,407.86718593856506,14
2024-09-18 10:00:40.377,407.867193429969,99
2024-09-18 10:00:40.406,407.87937182678894,10
2024-09-18 10:00:40.511,407.8633669884765,1000
2024-09-18 10:00:40.520,407.8499553518084,13
2024-09-18 10:00:40.748,407.8421092924912,102
2024-09-18 10:00:40.777,407.85133972085407,1005
2024-09-18 10:00:40.904,407.86793728709273,98
2024-09-18 10:00:41.024,407.8094674049996,7
2024-09-18 10:00:41.028,407.8412432478498,998
2024-09-18 10:00:41.067,407.8309853336265,998
2024-09-18 10:00:41.125,407.877812691508,7
2024-09-18 10:00:41.363,407.8260624312173,95
2024-09-18 10:00:41.399,407.81651754526985,104
2024-09-18 10:00:41.401,407.8672892791432,995
2024-09-18 10:00:41.438,407.8308205259764,95
2024-09-18 10:00:41.535,407.8202609344741,8
2024-09-18 10:00:41.602,407.8176788612036,15
2024-09-18 10:00:41.628,407.825091245273,10
2024-09-18 10:00:41.986,407.8114160198241,1001
2024-09-18 10:00:42.356,407.8334958680055,999
2024-09-18 10:00:42.895,407.8372194989116,11
2024-09-18 10:00:43.049,407.8139356286819,7
2024-09-18 10:00:43.100,407.77723910559314,102
2024-09-18 10:00:43.173,407.8327489077756,14
2024-09-18 10:00:43.218,407.7986187354144,8
2024-09-18 10:00:43.365,407.7738191703066,7
2024-09-18 10:00:43.676,407.8217747629037,11
2024-09-18 10:00:43.696,,8
2024-09-18 10:00:43.714,407.83629754712126,10
2024-09-18 10:00:43.726,407.77319405781583,999
2024-09-18 10:00:43.810,407.7795637047318,996
2024-09-18 10:00:43.864,407.8276553450897,15
2024-09-18 10:00:43.914,407.8249218354442,15
2024-09-18 10:00:44.056,407.7885288946989,95
2024-09-18 10:00:44.097,407.8034272522368,101
2024-09-18 10:00:44.218,407.8246823472763,11
2024-09-18 10:00:44.219,407.7720968540953,100
2024-09-18 10:00:44.253,407.8187385784729,105
2024-09-18 10:00:44.267,407.8169262796188,995
2024-09-18 10:00:44.279,407.7985898198935,98
2024-09-18 10:00:44.353,407.77243965873015,1004
2024-09-18 10:00:44.393,407.7879943209745,7
2024-09-18 10:00:44.489,407.79932352448975,14
2024-09-18 10:00:44.498,407.80180715145127,6
2024-09-18 10:00:44.544,407.7694623746472,105
2024-09-18 10:00:44.689,407.776175216089,103
2024-09-18 10:00:44.705,407.771884595445,102
2024-09-18 10:00:44.832,407.7893006953472,104
2024-09-18 10:00:44.876,407.81003676975257,96
2024-09-18 10:00:44.899,407.8048885593976,11
2024-09-18 10:00:44.926,407.8214290842331,995
2024-09-18 10:00:44.948,407.8095908060648,997
2024-09-18 10:00:45.085,407.828484489287,13
2024-09-18 10:00:45.129,407.82394978077735,14
2024-09-18 10:00:45.160,407.8235134824697,9
2024-09-18 10:00:45.190,407.8094005249888,97
2024-09-18 10:00:45.213,407.8089920588286,99
2024-09-18 10:00:45.250,407.8767817416717,100
2024-09-18 10:00:45.403,407.8195453530335,1004
2024-09-18 10:00:45.405,407.8418333652754,98
2024-09-18 10:00:45.419,407.8141352250644,104
2024-09-18 10:00:45.468,407.8460367496197,15
2024-09-18 10:00:45.485,407.8603967581864,95
2024-09-18 10:00:45.491,407.8154422712095,995
2024-09-18 10:00:45.539,,97
2024-09-18 10:00:45.540,407.85698029410776,8
2024-09-18 10:00:45.550,407.8346521300153,11
2024-09-18 10:00:45.591,407.8266658915252,11
2024-09-18 10:00:45.671,-407.8516394413998,105
2024-09-18 10:00:45.687,407.7936859576666,98
2024-09-18 10:00:45.789,407.8586092011038,101
2024-09-18 10:00:45.851,407.79983995959947,104
2024-09-18 10:00:45.909,407.8313869195256,6
2024-09-18 10:00:45.958,407.8299906768648,13
2024-09-18 10:00:46.073,407.75819636968686,97
2024-09-18 10:00:46.120,407.7399007481493,101
2024-09-18 10:00:46.127,407.7344825710391,1000
2024-09-18 10:00:46.134,407.6921363051166,1005
2024-09-18 10:00:46.145,407.6961292090138,5
2024-09-18 10:00:46.164,407.7010529591737,97
2024-09-18 10:00:46.213,407.7405003276235,995
2024-09-18 10:00:46.262,407.7839732216621,99
2024-09-18 10:00:46.273,407.7888477927212,103
2024-09-18 10:00:46.338,,14
2024-09-18 10:00:46.359,407.7905415151452,101
2024-09-18 10:00:46.378,407.6989083019794,998
2024-09-18 10:00:46.396,407.78376214504607,101
2024-09-18 10:00:46.444,407.7463198926455,97
2024-09-18 10:00:46.456,407.7183493930629,1004
2024-09-18 10:00:46.536,407.7874379801376,15
2024-09-18 10:00:46.567,407.72921687231417,1004
2024-09-18 10:00:46.686,407.7918544443391,5
2024-09-18 10:00:46.735,407.7311721350809,997
2024-09-18 10:00:46.818,407.79010537545736,96
2024-09-18 10:00:46.880,407.77371003669697,995
2024-09-18 10:00:46.937,407.7599095817798,99
2024-09-18 10:00:46.970,407.7395454311357,102
2024-09-18 10:00:46.992,407.786324414867,96
2024-09-18 10:00:47.030,407.7063051384903,1001
2024-09-18 10:00:47.069,407.6955450620193,104
2024-09-18 10:00:47.098,407.7408736888464,5
2024-09-18 10:00:47.136,407.77178486790245,15
2024-09-18 10:00:47.138,407.7970301616612,5
2024-09-18 10:00:47.229,407.8481697330303,13
2024-09-18 10:00:47.235,407.7710988488464,15
2024-09-18 10:00:47.245,407.8571279902593,1002
2024-09-18 10:00:47.342,407.6783239732175,10
2024-09-18 10:00:47.353,407.8169024566433,10
2024-09-18 10:00:47.383,407.8116748894512,100
2024-09-18 10:00:47.387,407.7552414782105,7
2024-09-18 10:00:47.459,407.8311662745424,104
2024-09-18 10:00:47.493,407.8305362163448,1003
2024-09-18 10:00:47.513,407.8258240573449,15
2024-09-18 10:00:47.627,407.8346591539854,995
2024-09-18 10:00:47.757,407.71736844639287,11
2024-09-18 10:00:47.845,407.7033346896336,1005
2024-09-18 10:00:47.939,407.7038365865175,997
2024-09-18 10:00:47.956,407.7319664140601,15
2024-09-18 10:00:47.961,407.6801971309737,15
2024-09-18 10:00:47.991,407.6861133703807,104
2024-09-18 10:00:48.021,407.8550490661152,9
2024-09-18 10:00:48.045,407.8854448499964,1000
2024-09-18 10:00:48.060,407.9007081870553,1004
2024-09-18 10:00:48.396,407.8556939858569,1003
2024-09-18 10:00:48.427,407.8706045853282,1003
2024-09-18 10:00:48.543,407.8824536286831,11
2024-09-18 10:00:48.947,407.8848065492147,13
2024-09-18 10:00:48.975,407.877076271217,998
2024-09-18 10:00:49.017,407.8755266039499,100
2024-09-18 10:00:49.090,407.88519427566166,104
2024-09-18 10:00:49.108,407.8847455837169,99
2024-09-18 10:00:49.121,407.8548224575961,1002
2024-09-18 10:00:49.143,407.8548492860731,101
2024-09-18 10:00:49.182,407.9659954978593,103
2024-09-18 10:00:49.248,407.9413792242524,95
2024-09-18 10:00:49.262,407.93196086934967,1001
2024-09-18 10:00:49.298,40.78994030898035,5
2024-09-18 10:00:49.353,407.9520141848009,103
2024-09-18 10:00:49.393,407.8491279851011,8
2024-09-18 10:00:49.408,407.8912127693413,6
2024-09-18 10:00:49.443,407.944229081905,1000
2024-09-18 10:00:49.542,407.8697337649952,100
2024-09-18 10:00:49.576,407.85535065649145,12
2024-09-18 10:00:49.596,407.9393409965409,1004
2024-09-18 10:00:49.626,407.8786073730664,998
2024-09-18 10:00:49.733,407.84289765501785,14
2024-09-18 10:00:49.743,407.85985833867073,14
2024-09-18 10:00:49.760,407.8460439293259,1001
2024-09-18 10:00:49.840,407.94751421945847,1004
2024-09-18 10:00:49.843,407.8947250014964,5
2024-09-18 10:00:49.850,407.87009903325503,998
2024-09-18 10:00:49.863,407.9026051270928,13
2024-09-18 10:00:49.866,407.8776075240262,997
2024-09-18 10:00:49.912,407.9261749388321,1002
2024-09-18 10:00:49.973,407.83678094836114,95
2024-09-18 10:00:49.988,407.96367296949234,98
2024-09-18 10:00:50.002,407.9440189431069,1003
2024-09-18 10:00:50.037,407.9552367112136,11
2024-09-18 10:00:50.050,407.9568718016311,99
2024-09-18 10:00:50.090,407.9988645783636,1000
2024-09-18 10:00:50.182,407.96345816658345,1003
2024-09-18 10:00:50.205,407.9947477216871,997
2024-09-18 10:00:50.242,407.9699102460144,15
2024-09-18 10:00:50.249,407.93200948011616,10
2024-09-18 10:00:50.278,407.9678182540975,14
2024-09-18 10:00:50.290,407.9850301007308,101
2024-09-18 10:00:50.316,407.9606582956026,10
2024-09-18 10:00:50.356,407.9204308403003,997
2024-09-18 10:00:50.402,-407.9457201163607,101
2024-09-18 10:00:50.410,407.9691393956232,13
2024-09-18 10:00:50.430,407.9354636509127,15
2024-09-18 10:00:50.576,407.9414452711479,1005
2024-09-18 10:00:50.629,407.9881085956268,105
2024-09-18 10:00:50.759,407.9433845547035,105
2024-09-18 10:00:50.782,407.9435919057096,8
2024-09-18 10:00:50.807,407.9657016125721,95
2024-09-18 10:00:50.812,407.970790537179,999
2024-09-18 10:00:50.852,407.9410744669315,999
2024-09-18 10:00:50.941,407.9534609937514,999
2024-09-18 10:00:50.995,407.983728873326,103
2024-09-18 10:00:51.014,407.9493809916112,97
2024-09-18 10:00:51.078,407.9446095264752,12
2024-09-18 10:00:51.110,407.9371856614939,102
2024-09-18 10:00:51.125,407.9388538534976,97
2024-09-18 10:00:51.164,407.9543219393754,1004
2024-09-18 10:00:51.265,407.9324967806943,102
2024-09-18 10:00:51.402,407.9535072081477,1001
2024-09-18 10:00:51.442,407.9449095699394,98
2024-09-18 10:00:51.513,407.9509028545701,995
2024-09-18 10:00:51.567,407.957036396559,99
2024-09-18 10:00:51.602,407.95743725376536,102
2024-09-18 10:00:51.739,407.9557582098686,8
2024-09-18 10:00:51.853,407.9448426910555,10
2024-09-18 10:00:51.885,407.9405390825974,12
2024-09-18 10:00:51.934,407.93577674288855,13
2024-09-18 10:00:52.097,407.94732343549856,103
2024-09-18 10:00:52.103,407.9747884677552,997
2024-09-18 10:00:52.115,40.79605212262067,103
2024-09-18 10:00:52.170,407.9499758214006,98
2024-09-18 10:00:52.240,407.95773765163005,1003
2024-09-18 10:00:52.252,407.9685695123394,10
2024-09-18 10:00:52.279,407.9634342563583,997
2024-09-18 10:00:52.331,407.9423066410759,105
2024-09-18 10:00:52.390,408.00317629831454,103
2024-09-18 10:00:52.403,407.96926171596016,1003
2024-09-18 10:00:52.433,407.9952518407136,6
2024-09-18 10:00:52.434,407.92652157513226,5
2024-09-18 10:00:52.473,407.9566079364001,7
2024-09-18 10:00:52.538,40.80075503266246,105
2024-09-18 10:00:52.551,407.9534350659971,997
2024-09-18 10:00:52.553,407.9585235218842,12
2024-09-18 10:00:52.607,407.9521103595819,96
2024-09-18 10:00:52.663,407.9741226347244,13
2024-09-18 10:00:52.912,407.9457886933582,102
2024-09-18 10:00:52.931,407.9378032994055,1003
2024-09-18 10:00:52.942,407.9623634342829,105
2024-09-18 10:00:52.987,407.95044175716833,999
2024-09-18 10:00:53.118,408.0307799573486,6
2024-09-18 10:00:53.134,408.05000381387975,96
2024-09-18 10:00:53.140,407.9932034774109,13
2024-09-18 10:00:53.162,408.0687250417128,105
2024-09-18 10:00:53.232,408.03256451264144,1000
2024-09-18 10:00:53.234,408.0028643384604,104
2024-09-18 10:00:53.272,407.9666809000249,13
2024-09-18 10:00:53.316,407.97105094233774,11
2024-09-18 10:00:53.339,408.0443292908224,997
2024-09-18 10:00:53.387,407.9849013537837,1004
2024-09-18 10:00:53.500,408.0565954403387,7
2024-09-18 10:00:53.553,408.019571653644,15
2024-09-18 10:00:53.555,408.0541798733852,10
2024-09-18 10:00:53.556,407.9769915362192,995
2024-09-18 10:00:53.570,,104
2024-09-18 10:00:53.580,408.0599161027788,13
2024-09-18 10:00:53.618,408.0385928776667,999
2024-09-18 10:00:53.640,407.9747425434835,102
2024-09-18 10:00:53.664,408.06832908302346,98
2024-09-18 10:00:53.691,40.79869368476382,1004
2024-09-18 10:00:53.958,408.0485311742964,1001
2024-09-18 10:00:53.999,408.0834343768203,1004
2024-09-18 10:00:54.003,408.0477715805811,999
2024-09-18 10:00:54.023,,9
2024-09-18 10:00:54.163,408.0764294363437,105
2024-09-18 10:00:54.644,408.09549808139,14
2024-09-18 10:00:54.873,408.1204367501238,15
2024-09-18 10:00:54.886,408.05974801429153,105
2024-09-18 10:00:54.991,408.04424667287935,102
2024-09-18 10:00:55.126,408.1382930486749,14
2024-09-18 10:00:55.185,408.1136867598459,995
2024-09-18 10:00:55.239,408.096259368027,996
2024-09-18 10:00:55.305,408.1003558957568,96
2024-09-18 10:00:55.354,408.1250553507238,6
2024-09-18 10:00:55.472,408.121224797455,999
2024-09-18 10:00:55.480,408.1340947395231,8
2024-09-18 10:00:55.503,408.1203061546464,13
2024-09-18 10:00:55.546,408.13346957402905,105
2024-09-18 10:00:55.659,408.13228036210063,996
2024-09-18 10:00:55.888,408.0761842849171,1004
2024-09-18 10:00:56.031,408.1231524741195,96
2024-09-18 10:00:56.051,408.1060361410038,6
2024-09-18 10:00:56.094,408.09898864129127,10
2024-09-18 10:00:56.113,408.08928344505193,98
2024-09-18 10:00:56.166,408.16271459341925,96
2024-09-18 10:00:56.267,408.1608292672413,1000
2024-09-18 10:00:56.277,,103
2024-09-18 10:00:56.327,408.15002633210247,5
2024-09-18 10:00:56.370,408.1529400536359,7
2024-09-18 10:00:56.381,408.0617013886396,995
2024-09-18 10:00:56.427,408.0584157853635,996
2024-09-18 10:00:56.428,408.070745341397,12
2024-09-18 10:00:56.446,408.1651552077865,995
2024-09-18 10:00:56.480,408.119381252435,95
2024-09-18 10:00:56.511,408.1278635495688,6
2024-09-18 10:00:56.535,408.1568012340413,98
2024-09-18 10:00:56.565,408.0898023819867,95
2024-09-18 10:00:56.590,408.1027499584221,1000
2024-09-18 10:00:56.708,408.146544468616,96
2024-09-18 10:00:56.773,408.1054545142316,100
2024-09-18 10:00:56.791,408.0796091239907,12
2024-09-18 10:00:56.819,408.0946347571659,12
2024-09-18 10:00:56.868,408.0760477250856,95
2024-09-18 10:00:56.876,408.1279338177821,1000
2024-09-18 10:00:56.914,408.1343082220362,102
2024-09-18 10:00:57.025,408.17873424799706,12
2024-09-18 10:00:57.038,408.22302543198055,103
2024-09-18 10:00:57.101,408.1882407499092,103
2024-09-18 10:00:57.163,408.1745871058058,103
2024-09-18 10:00:57.165,408.1673049815248,105
2024-09-18 10:00:57.222,408.1729010267764,98
2024-09-18 10:00:57.225,408.1515125497828,1003
2024-09-18 10:00:57.259,408.1929616027617,6
2024-09-18 10:00:57.287,408.2207060347728,1005
2024-09-18 10:00:57.298,408.2048969696908,999
2024-09-18 10:00:57.327,408.21358934992526,998
2024-09-18 10:00:57.339,408.17438256228,101
2024-09-18 10:00:57.386,408.2034875203696,1001
2024-09-18 10:00:57.429,408.2162323652922,1004
2024-09-18 10:00:57.456,408.177143688752,104
2024-09-18 10:00:57.483,408.1844747443806,9
2024-09-18 10:00:57.493,408.1693556110254,995
2024-09-18 10:00:57.503,408.1828122218312,103
2024-09-18 10:00:57.530,408.1834485850874,1005
2024-09-18 10:00:57.540,408.24706165258425,101
2024-09-18 10:00:57.658,408.16604332924777,1000
2024-09-18 10:00:57.685,408.2331857468418,8
2024-09-18 10:00:57.706,,101
2024-09-18 10:00:57.802,408.16957915465264,995
2024-09-18 10:00:57.811,408.1923360341142,95
2024-09-18 10:00:57.881,408.1676457985337,999
2024-09-18 10:00:57.958,408.1829784117487,104
2024-09-18 10:00:58.316,408.2699961356368,98
2024-09-18 10:00:58.385,408.26804476622135,99
2024-09-18 10:00:58.504,408.2387473786537,1004
2024-09-18 10:00:58.507,408.2341574416918,98
2024-09-18 10:00:58.511,408.27659743683984,95
2024-09-18 10:00:58.542,408.2370308391269,8
2024-09-18 10:00:58.628,408.2453236240222,97
2024-09-18 10:00:58.654,408.2829075463424,13
2024-09-18 10:00:58.756,408.232623632674,103
2024-09-18 10:00:58.948,408.24911674071245,96
2024-09-18 10:00:58.983,408.24816768856846,5
2024-09-18 10:00:59.023,408.2615140823898,99
2024-09-18 10:00:59.028,408.2708601902858,11
2024-09-18 10:00:59.100,408.2882684193048,12
2024-09-18 10:00:59.294,408.2759537539384,6
2024-09-18 10:00:59.551,,996
2024-09-18 10:00:59.652,408.2659967341605,996
2024-09-18 10:00:59.655,408.2551762270948,6
2024-09-18 10:00:59.658,408.240525969934,15
2024-09-18 10:00:59.677,408.26108156856736,100
2024-09-18 10:00:59.780,408.2525257857348,97
2024-09-18 10:00:59.833,408.2638621781251,998
2024-09-18 10:00:59.835,408.2563915448889,995
2024-09-18 10:00:59.952,408.2489380102067,5
2024-09-18 10:00:59.962,408.2519807766474,100
2024-09-18 10:00:59.965,408.260140416012,1003
2024-09-18 10:00:59.998,408.2491058257753,1000
2024-09-18 10:00:59.999,408.2653681227591,100
