Timestamp,Price,Size
2024-09-18 12:39:00.001,416.2608660131426,103
2024-09-18 12:39:00.108,416.2617026522691,1000
2024-09-18 12:39:00.112,416.30507018826574,998
2024-09-18 12:39:00.192,416.2472141873208,997
2024-09-18 12:39:00.209,416.2623033376786,1004
2024-09-18 12:39:00.345,,995
2024-09-18 12:39:00.377,416.2817049211232,1003
2024-09-18 12:39:00.400,416.261351068899,12
2024-09-18 12:39:00.433,416.2479716366253,105
2024-09-18 12:39:00.503,416.2668139308713,8
2024-09-18 12:39:00.558,416.2628695378876,98
2024-09-18 12:39:00.588,416.289774008924,13
2024-09-18 12:39:00.589,416.26679260661007,96
2024-09-18 12:39:00.617,416.250690741001,1002
2024-09-18 12:39:00.682,416.2953112983831,1003
2024-09-18 12:39:00.707,416.2686319101465,15
2024-09-18 12:39:00.751,416.2787409257554,997
2024-09-18 12:39:00.773,416.2742912408983,9
2024-09-18 12:39:00.775,416.2821292886588,100
2024-09-18 12:39:00.816,416.301093203164,995
2024-09-18 12:39:00.840,416.26821260529033,1005
2024-09-18 12:39:00.879,416.25123627126914,14
2024-09-18 12:39:00.940,416.25072047739314,97
2024-09-18 12:39:00.956,416.2903089976553,96
2024-09-18 12:39:00.971,416.2656109253585,96
2024-09-18 12:39:00.984,416.28060136058247,1005
2024-09-18 12:39:01.155,416.2355039571197,97
2024-09-18 12:39:01.177,416.2620866178139,97
2024-09-18 12:39:01.442,416.2594372336485,8
2024-09-18 12:39:01.637,416.2224690538948,999
2024-09-18 12:39:01.696,416.215958597856,98
2024-09-18 12:39:02.212,416.232795774664,1001
2024-09-18 12:39:02.221,416.22528402244336,1003
2024-09-18 12:39:02.245,416.2686112109211,95
2024-09-18 12:39:02.277,416.2561619288104,102
2024-09-18 12:39:02.297,416.2541819505758,5
2024-09-18 12:39:02.367,416.2435303254472,101
2024-09-18 12:39:02.420,416.2255438669281,1000
2024-09-18 12:39:02.440,416.2376886988264,105
2024-09-18 12:39:02.467,416.23707069189015,1001
2024-09-18 12:39:02.693,416.2352492228056,9
2024-09-18 12:39:02.736,416.2254155724691,13
2024-09-18 12:39:02.779,416.23529956913615,996
2024-09-18 12:39:02.996,416.2764298927319,1005
2024-09-18 12:39:03.053,416.2778069139595,96
2024-09-18 12:39:03.088,416.3176522651343,999
2024-09-18 12:39:03.098,416.3259705484618,105
2024-09-18 12:39:03.122,,9
2024-09-18 12:39:03.168,416.3089031445556,14
2024-09-18 12:39:03.204,416.2981605388729,11
2024-09-18 12:39:03.446,416.31145485280416,997
2024-09-18 12:39:03.456,416.2502146830518,96
2024-09-18 12:39:03.518,416.2879401120768,95
2024-09-18 12:39:03.537,416.2805691508958,12
2024-09-18 12:39:03.643,416.2941159991744,7
2024-09-18 12:39:03.710,41.62647582985032,103
2024-09-18 12:39:03.804,416.2606080762583,97
2024-09-18 12:39:03.961,416.2956112585503,103
2024-09-18 12:39:04.034,416.3301782030433,15
2024-09-18 12:39:04.126,416.3716418111496,95
2024-09-18 12:39:04.253,416.37966896428674,98
2024-09-18 12:39:04.262,416.4204589173576,96
2024-09-18 12:39:04.316,416.4118652257693,102
2024-09-18 12:39:04.342,416.4132838078954,1001
2024-09-18 12:39:04.371,416.3911095887669,1005
2024-09-18 12:39:04.393,416.337727693142,103
2024-09-18 12:39:04.454,416.362547419259,9
2024-09-18 12:39:04.455,416.3735753988613,96
2024-09-18 12:39:04.460,416.3786907551825,95
2024-09-18 12:39:04.507,416.3873913966924,100
2024-09-18 12:39:04.585,416.3179072163935,15
2024-09-18 12:39:04.587,416.36557775807313,103
2024-09-18 12:39:04.589,416.3490573736944,100
2024-09-18 12:39:04.626,416.346920930202,1002
2024-09-18 12:39:04.632,416.3918592441524,104
2024-09-18 12:39:04.671,416.3329899451016,14
2024-09-18 12:39:04.744,416.35115295221766,1005
2024-09-18 12:39:04.940,416.4149868199223,5
2024-09-18 12:39:05.278,416.4434419560996,15
2024-09-18 12:39:05.290,416.4577725746536,1000
2024-09-18 12:39:05.364,416.43071884655046,104
2024-09-18 12:39:05.402,416.4518667673857,997
2024-09-18 12:39:05.607,416.4522169195612,13
2024-09-18 12:39:05.645,416.4477377320957,14
2024-09-18 12:39:05.970,416.44636549977736,100
2024-09-18 12:39:06.003,-416.4734163415154,995
2024-09-18 12:39:06.024,416.4722515926062,1003
2024-09-18 12:39:06.066,416.46840023959135,104
2024-09-18 12:39:06.168,416.4516106291204,15
2024-09-18 12:39:06.181,416.4597264691632,1002
2024-09-18 12:39:06.200,41.646673541241086,95
2024-09-18 12:39:06.272,416.46917871017246,1002
2024-09-18 12:39:06.315,416.4652948212446,96
2024-09-18 12:39:06.356,416.4648985286822,100
2024-09-18 12:39:06.377,416.4564198926955,95
2024-09-18 12:39:06.436,416.4692375740241,96
2024-09-18 12:39:06.497,416.4625099606171,9
2024-09-18 12:39:06.502,416.47611073392807,10
2024-09-18 12:39:06.538,416.45745900804735,98
2024-09-18 12:39:06.588,416.46256085412847,99
2024-09-18 12:39:06.592,416.47068601466384,1005
2024-09-18 12:39:06.727,416.4828123230005,97
2024-09-18 12:39:06.734,416.4801115691307,95
2024-09-18 12:39:06.765,416.4541829194872,1002
2024-09-18 12:39:06.797,416.4661751902482,13
2024-09-18 12:39:06.873,416.4554541067105,6
2024-09-18 12:39:06.877,416.4437732221118,1005
2024-09-18 12:39:06.976,416.4630540266999,1001
2024-09-18 12:39:07.013,416.44203216166255,996
2024-09-18 12:39:07.022,416.453852215278,7
2024-09-18 12:39:07.053,416.46147113342937,996
2024-09-18 12:39:07.132,416.4917691353584,10
2024-09-18 12:39:07.189,416.47304680906495,1002
2024-09-18 12:39:07.250,416.47975786838697,1001
2024-09-18 12:39:07.334,416.4861170783309,97
2024-09-18 12:39:07.379,416.4555340485322,997
2024-09-18 12:39:07.405,416.47309691375824,97
2024-09-18 12:39:07.431,416.4913298666239,99
2024-09-18 12:39:07.557,416.4547459942576,104
2024-09-18 12:39:07.653,416.4685459340105,105
2024-09-18 12:39:07.662,416.46621486216856,1005
2024-09-18 12:39:07.681,416.47953715016985,11
2024-09-18 12:39:07.696,416.4830163417124,102
2024-09-18 12:39:07.724,416.493586918162,13
2024-09-18 12:39:07.726,416.4846314039436,999
2024-09-18 12:39:07.759,416.4916631540741,7
2024-09-18 12:39:07.796,416.47555559496186,101
2024-09-18 12:39:07.805,416.4842212084757,12
2024-09-18 12:39:07.806,416.48340902653314,5
2024-09-18 12:39:07.823,416.4714864006264,1002
2024-09-18 12:39:07.847,416.4744724064248,12
2024-09-18 12:39:07.866,416.4876153364297,1002
2024-09-18 12:39:07.873,416.489383210594,10
2024-09-18 12:39:07.930,-416.481928408827,12
2024-09-18 12:39:08.074,416.4762213812808,100
2024-09-18 12:39:08.166,416.48163094948393,100
2024-09-18 12:39:08.951,416.4691611222361,15
2024-09-18 12:39:10.027,416.48142562461015,6
2024-09-18 12:39:10.277,416.48761458715535,104
2024-09-18 12:39:10.294,416.46110304485313,8
2024-09-18 12:39:10.425,416.4656344887224,1002
2024-09-18 12:39:10.833,416.4969039677344,1003
2024-09-18 12:39:11.038,416.4594805483088,1002
2024-09-18 12:39:11.076,416.4642888432992,6
2024-09-18 12:39:11.082,416.4732333692864,98
2024-09-18 12:39:11.120,416.4311865229052,1000
2024-09-18 12:39:11.155,416.4633491520319,1004
2024-09-18 12:39:11.315,416.4389639168084,97
2024-09-18 12:39:11.335,416.4677885206707,1001
2024-09-18 12:39:11.400,416.42872508273547,1003
2024-09-18 12:39:11.420,416.4669419650894,999
2024-09-18 12:39:11.501,416.4510573585093,11
2024-09-18 12:39:11.570,416.47661742067805,1000
2024-09-18 12:39:11.628,416.4733830034736,996
2024-09-18 12:39:11.642,41.64265072583851,13
2024-09-18 12:39:11.783,416.475566440756,1003
2024-09-18 12:39:11.791,416.47915198276417,100
2024-09-18 12:39:11.813,416.4317966083625,105
2024-09-18 12:39:11.850,416.4544606965941,11
2024-09-18 12:39:11.857,416.47230411795726,14
2024-09-18 12:39:11.860,416.43961897376073,10
2024-09-18 12:39:11.884,416.4879312026905,104
2024-09-18 12:39:11.888,416.4779667319989,95
2024-09-18 12:39:11.930,416.4509339318792,9
2024-09-18 12:39:11.938,416.4781823104871,1002
2024-09-18 12:39:11.974,416.4650706710822,14
2024-09-18 12:39:12.018,416.3591628087625,101
2024-09-18 12:39:12.055,416.3481781494495,1000
2024-09-18 12:39:12.099,416.3543755987626,12
2024-09-18 12:39:12.104,416.33150847664615,1002
2024-09-18 12:39:12.168,416.3421483368135,105
2024-09-18 12:39:12.195,416.2834661521308,15
2024-09-18 12:39:12.351,416.3744698686552,101
2024-09-18 12:39:12.374,416.3451263887162,105
2024-09-18 12:39:12.397,416.328731208848,996
2024-09-18 12:39:12.429,416.3544124636509,104
2024-09-18 12:39:12.471,416.3960759697557,103
2024-09-18 12:39:12.485,416.4036995552104,1003
2024-09-18 12:39:12.496,416.3062747373144,998
2024-09-18 12:39:12.506,416.3502646085661,7
2024-09-18 12:39:12.517,416.4197451477653,7
2024-09-18 12:39:12.596,41.63571733130857,12
2024-09-18 12:39:12.649,416.30412137658885,101
2024-09-18 12:39:12.650,-416.3554238834188,8
2024-09-18 12:39:12.655,416.3698795496682,10
2024-09-18 12:39:12.672,416.32451628698624,100
2024-09-18 12:39:12.798,416.3671964776286,998
2024-09-18 12:39:12.830,416.3146836444753,102
2024-09-18 12:39:12.837,416.3104013913814,9
2024-09-18 12:39:12.877,416.3157651735355,97
2024-09-18 12:39:12.884,416.3547109149406,10
2024-09-18 12:39:12.888,416.3554039048792,998
2024-09-18 12:39:12.890,416.383721386006,995
2024-09-18 12:39:12.940,416.3461969931893,997
2024-09-18 12:39:12.959,,7
2024-09-18 12:39:12.967,416.3601385125924,1002
2024-09-18 12:39:14.028,416.3502019737469,15
2024-09-18 12:39:14.170,416.2801606865073,98
2024-09-18 12:39:14.192,416.32349809992905,101
2024-09-18 12:39:14.216,416.28313099756167,95
2024-09-18 12:39:14.311,416.2639137192346,105
2024-09-18 12:39:14.376,416.3215502081167,1000
2024-09-18 12:39:14.477,416.3376388720674,996
2024-09-18 12:39:14.539,416.34770713844216,102
2024-09-18 12:39:14.585,416.33527857178655,6
2024-09-18 12:39:14.606,416.2715969524637,12
2024-09-18 12:39:14.615,416.34181769628447,95
2024-09-18 12:39:14.706,416.2906376920252,1002
2024-09-18 12:39:14.723,416.29824910332985,97
2024-09-18 12:39:14.740,416.3605461097788,11
2024-09-18 12:39:14.842,416.31582102148815,9
2024-09-18 12:39:14.889,416.3134504793494,998
2024-09-18 12:39:14.895,416.3564526640711,97
2024-09-18 12:39:14.905,416.3340678080144,1004
2024-09-18 12:39:14.925,416.2817541834044,5
2024-09-18 12:39:14.931,416.35225036951897,95
2024-09-18 12:39:15.000,416.2911474140893,999
2024-09-18 12:39:15.165,416.3134452119357,95
2024-09-18 12:39:15.531,416.2967144673265,12
2024-09-18 12:39:15.908,416.29643234407234,11
2024-09-18 12:39:16.061,416.2651462878199,100
2024-09-18 12:39:16.075,416.30331709956965,12
2024-09-18 12:39:16.209,416.30241946833866,99
2024-09-18 12:39:16.260,416.2906514826007,1004
2024-09-18 12:39:16.265,416.23424592765775,13
2024-09-18 12:39:16.296,416.3134872197812,998
2024-09-18 12:39:16.332,416.2162615467146,1003
2024-09-18 12:39:16.351,416.2766322123635,14
2024-09-18 12:39:16.409,41.62475420858637,5
2024-09-18 12:39:16.450,416.3064267294668,15
2024-09-18 12:39:16.470,416.2842572127457,100
2024-09-18 12:39:16.510,416.3042696960571,1002
2024-09-18 12:39:16.523,416.2997961038631,1000
2024-09-18 12:39:16.531,416.26198227526055,100
2024-09-18 12:39:16.579,416.2892643141191,998
2024-09-18 12:39:16.589,416.3051135243784,96
2024-09-18 12:39:16.740,416.306100164471,98
2024-09-18 12:39:16.831,416.29576776006695,997
2024-09-18 12:39:17.271,416.1913820547064,95
2024-09-18 12:39:17.297,416.1806852898405,997
2024-09-18 12:39:17.366,416.1859733360874,9
2024-09-18 12:39:17.933,416.1822471860308,9
2024-09-18 12:39:18.071,416.20564003450886,1002
2024-09-18 12:39:18.083,416.19189298515823,1003
2024-09-18 12:39:18.121,416.25745334290536,12
2024-09-18 12:39:18.132,416.2382037884668,1000
2024-09-18 12:39:18.154,416.1553880476085,11
2024-09-18 12:39:18.192,416.2120858821663,1002
2024-09-18 12:39:18.217,416.2273457553323,13
2024-09-18 12:39:18.309,416.22210503615366,6
2024-09-18 12:39:18.359,416.22302527304896,13
2024-09-18 12:39:18.371,416.20371307287866,998
2024-09-18 12:39:18.459,416.2306199820858,15
2024-09-18 12:39:18.467,416.1747809342724,999
2024-09-18 12:39:18.468,416.2278242997098,9
2024-09-18 12:39:18.524,416.2403811804476,11
2024-09-18 12:39:18.575,416.2014967536819,95
2024-09-18 12:39:18.649,416.2396403945758,998
2024-09-18 12:39:18.762,416.2649831693474,103
2024-09-18 12:39:18.779,-416.2330358360415,100
2024-09-18 12:39:18.819,416.256623458832,11
2024-09-18 12:39:18.976,416.2262049157631,1000
2024-09-18 12:39:18.999,416.24911043312886,998
2024-09-18 12:39:19.179,416.1961275379721,14
2024-09-18 12:39:19.428,416.2214288054232,999
2024-09-18 12:39:19.491,416.1989082902568,1003
2024-09-18 12:39:19.815,416.2187875412441,11
2024-09-18 12:39:20.084,416.2269598618076,1000
2024-09-18 12:39:20.088,416.19492445971537,1004
2024-09-18 12:39:20.133,416.1991481304629,1001
2024-09-18 12:39:20.181,416.2390335745837,103
2024-09-18 12:39:20.199,416.198700219282,995
2024-09-18 12:39:20.244,416.196441764916,999
2024-09-18 12:39:20.259,416.22415093425855,13
2024-09-18 12:39:20.466,416.2223668833341,1004
2024-09-18 12:39:20.543,416.194110943296,10
2024-09-18 12:39:20.645,416.199504403411,11
2024-09-18 12:39:20.732,416.2079355887721,995
2024-09-18 12:39:20.745,416.1909464839202,1003
2024-09-18 12:39:20.762,416.20753998768976,100
2024-09-18 12:39:20.788,416.2134103776554,10
2024-09-18 12:39:20.846,416.2165686656292,999
2024-09-18 12:39:20.934,416.2198355069562,999
2024-09-18 12:39:21.006,416.2453405579948,1002
2024-09-18 12:39:21.016,416.23944285416457,12
2024-09-18 12:39:21.050,416.22753349008553,1002
2024-09-18 12:39:21.067,416.2445793846999,98
2024-09-18 12:39:21.137,416.2146542640218,1001
2024-09-18 12:39:21.160,416.20850749022526,95
2024-09-18 12:39:21.194,416.2016959470429,8
2024-09-18 12:39:21.363,416.20756651503046,10
2024-09-18 12:39:21.375,416.22053544923705,1000
2024-09-18 12:39:21.438,416.2088783504467,95
2024-09-18 12:39:21.498,416.2280241864242,1005
2024-09-18 12:39:21.515,416.2382147344191,995
2024-09-18 12:39:21.545,416.2192764006088,10
2024-09-18 12:39:21.556,416.2131665080098,15
2024-09-18 12:39:21.570,416.21899255780136,997
2024-09-18 12:39:21.577,416.2348967155983,997
2024-09-18 12:39:21.686,416.1941135774339,97
2024-09-18 12:39:21.704,416.2512594422403,103
2024-09-18 12:39:21.771,416.2315177104056,95
2024-09-18 12:39:21.781,416.2004275344577,1004
2024-09-18 12:39:21.794,416.2194687695649,95
2024-09-18 12:39:21.823,416.2135152147652,996
2024-09-18 12:39:21.874,416.2178104203146,15
2024-09-18 12:39:21.877,416.2482912148945,12
2024-09-18 12:39:21.905,416.236051509876,1000
2024-09-18 12:39:21.950,416.19296707755575,1002
2024-09-18 12:39:21.953,416.22504392808,1001
2024-09-18 12:39:21.953,416.2243887160868,5
2024-09-18 12:39:22.012,416.27074511569504,997
2024-09-18 12:39:22.052,416.2654107209975,996
2024-09-18 12:39:22.089,416.2446620181575,103
2024-09-18 12:39:22.097,416.26592411383206,10
2024-09-18 12:39:22.102,416.2394882522289,105
2024-09-18 12:39:22.168,416.2571606644981,14
2024-09-18 12:39:22.252,416.2255830783892,1002
2024-09-18 12:39:22.313,416.240831074059,103
2024-09-18 12:39:22.325,416.2484863968177,8
2024-09-18 12:39:22.330,416.2819104445997,11
2024-09-18 12:39:22.348,416.2545042136669,1001
2024-09-18 12:39:22.450,416.2234670909745,98
2024-09-18 12:39:22.452,416.2704926754986,995
2024-09-18 12:39:22.481,41.62535965932479,104
2024-09-18 12:39:22.511,416.2490853179523,1000
2024-09-18 12:39:22.515,416.2375452860795,998
2024-09-18 12:39:22.526,416.22949245446887,6
2024-09-18 12:39:22.577,416.26551502824697,998
2024-09-18 12:39:22.598,416.2492509767492,95
2024-09-18 12:39:22.643,416.2530616123963,12
2024-09-18 12:39:22.653,416.2678913720873,1002
2024-09-18 12:39:22.666,416.224747435634,12
2024-09-18 12:39:22.744,416.2291107930132,10
2024-09-18 12:39:22.760,416.2383022573113,1002
2024-09-18 12:39:22.768,416.2422673168967,999
2024-09-18 12:39:22.836,416.2477459933901,96
2024-09-18 12:39:22.933,416.206794232336,8
2024-09-18 12:39:23.145,416.2904526019671,10
2024-09-18 12:39:23.157,416.2747589164138,95
2024-09-18 12:39:23.160,416.2682338063379,103
2024-09-18 12:39:23.326,416.2756092000889,1005
2024-09-18 12:39:23.330,416.2568431736386,14
2024-09-18 12:39:23.347,416.2602602276325,105
2024-09-18 12:39:23.362,416.2774258983224,105
2024-09-18 12:39:23.437,416.25683285353625,95
2024-09-18 12:39:23.489,416.23232507658497,7
2024-09-18 12:39:23.712,416.2428540957293,95
2024-09-18 12:39:23.789,416.24342649581325,997
2024-09-18 12:39:24.009,416.2768375489623,96
2024-09-18 12:39:24.381,416.25426268099096,103
2024-09-18 12:39:24.418,416.2406265092716,999
2024-09-18 12:39:24.558,416.2612992097822,1004
2024-09-18 12:39:24.674,416.2538778951928,998
2024-09-18 12:39:24.813,416.2669877432909,105
2024-09-18 12:39:25.056,416.27474042032185,95
2024-09-18 12:39:25.096,416.2845981512245,997
2024-09-18 12:39:25.294,416.283515897578,6
2024-09-18 12:39:25.337,416.2527766038537,103
2024-09-18 12:39:25.428,416.2627438180208,9
2024-09-18 12:39:25.436,416.2823904941481,15
2024-09-18 12:39:25.535,416.2674189576393,1002
2024-09-18 12:39:25.548,416.28553534559546,12
2024-09-18 12:39:25.603,416.2585659964466,96
2024-09-18 12:39:25.653,416.25658638861154,10
2024-09-18 12:39:25.681,416.2629181553,1002
2024-09-18 12:39:25.735,416.2700704197384,8
2024-09-18 12:39:25.906,416.24599538760754,96
2024-09-18 12:39:25.949,416.24449848311673,1001
2024-09-18 12:39:26.245,416.274726604536,103
2024-09-18 12:39:26.326,416.2794412332896,102
2024-09-18 12:39:26.331,416.2710662054737,12
2024-09-18 12:39:26.338,416.253369984422,9
2024-09-18 12:39:26.348,416.2670974353184,9
2024-09-18 12:39:26.397,416.2626743673016,997
2024-09-18 12:39:26.410,416.2697411924249,1001
2024-09-18 12:39:26.518,416.2640900916332,1000
2024-09-18 12:39:26.520,416.2603223792297,95
2024-09-18 12:39:26.567,416.2598397186722,96
2024-09-18 12:39:26.665,416.2752026390654,98
2024-09-18 12:39:26.707,416.26460567726207,8
2024-09-18 12:39:26.712,416.28052425148815,98
2024-09-18 12:39:26.715,416.2614225497717,99
2024-09-18 12:39:26.769,416.2662974355473,13
2024-09-18 12:39:26.800,416.2565018032688,1005
2024-09-18 12:39:26.817,416.2601782679005,11
2024-09-18 12:39:26.965,416.24933623581256,1003
2024-09-18 12:39:27.020,416.2667979062331,100
2024-09-18 12:39:27.087,416.232553996761,12
2024-09-18 12:39:27.100,416.2734310408531,995
2024-09-18 12:39:27.125,416.2229234919181,1002
2024-09-18 12:39:27.125,416.2488270859769,998
2024-09-18 12:39:27.160,416.25827881264746,95
2024-09-18 12:39:27.177,416.2316869920364,95
2024-09-18 12:39:27.197,416.2449956286965,1003
2024-09-18 12:39:27.246,416.2721339230199,6
2024-09-18 12:39:27.273,416.2251449145492,97
2024-09-18 12:39:27.329,416.2449813607889,1002
2024-09-18 12:39:27.441,416.2464337675181,14
2024-09-18 12:39:27.458,416.22959665177547,1003
2024-09-18 12:39:27.559,416.2349905843199,97
2024-09-18 12:39:27.566,416.273177724702,12
2024-09-18 12:39:27.663,416.2267244741,1000
2024-09-18 12:39:27.698,416.236600822217,96
2024-09-18 12:39:27.777,416.2423753946837,97
2024-09-18 12:39:27.784,416.27139675773793,1005
2024-09-18 12:39:27.800,416.23340538049536,995
2024-09-18 12:39:27.852,416.2710748321132,6
2024-09-18 12:39:27.927,416.2481300605811,998
2024-09-18 12:39:28.000,416.3117284486898,12
2024-09-18 12:39:28.005,416.2529496285672,7
2024-09-18 12:39:28.027,416.24245005138175,9
2024-09-18 12:39:28.035,416.2735567203764,7
2024-09-18 12:39:28.038,416.3198712682403,5
2024-09-18 12:39:28.125,416.3156545033176,98
2024-09-18 12:39:28.189,416.2703498823288,1004
2024-09-18 12:39:28.210,416.2443567644033,103
2024-09-18 12:39:28.270,416.2552706571869,1000
2024-09-18 12:39:28.387,416.2724359753116,15
2024-09-18 12:39:28.481,416.3016940361771,1001
2024-09-18 12:39:28.626,416.2441973685189,96
2024-09-18 12:39:28.720,416.2180159807872,104
2024-09-18 12:39:28.732,416.3198463282961,1001
2024-09-18 12:39:28.765,416.21245871676246,11
2024-09-18 12:39:28.813,416.27467456943344,96
2024-09-18 12:39:28.831,416.2461835851329,99
2024-09-18 12:39:28.854,416.2739352523615,7
2024-09-18 12:39:28.883,416.2433782530842,1005
2024-09-18 12:39:28.960,416.27388632954114,7
2024-09-18 12:39:29.293,416.3287495505933,10
2024-09-18 12:39:29.370,416.3056837042121,999
2024-09-18 12:39:29.486,416.3243934119238,996
2024-09-18 12:39:29.497,416.3254767666476,998
2024-09-18 12:39:29.533,416.3322863544397,996
2024-09-18 12:39:29.590,416.3011973953722,1002
2024-09-18 12:39:29.621,416.32655302829806,102
2024-09-18 12:39:29.651,416.3223724400613,1005
2024-09-18 12:39:29.895,416.3204654535584,9
2024-09-18 12:39:29.930,416.3102251510674,999
2024-09-18 12:39:29.955,416.2969473267236,999
2024-09-18 12:39:29.985,416.31713663676953,97
2024-09-18 12:39:30.000,416.3134254366194,9
2024-09-18 12:39:30.344,416.3162700526344,97
2024-09-18 12:39:30.362,416.2877883631584,99
2024-09-18 12:39:30.420,416.2978339433265,5
2024-09-18 12:39:30.433,416.3061318790979,98
2024-09-18 12:39:30.593,416.3013184856625,1005
2024-09-18 12:39:30.701,416.31216810529867,6
2024-09-18 12:39:30.782,416.3184482563752,7
2024-09-18 12:39:30.783,416.2814640500108,1002
2024-09-18 12:39:30.978,416.3028899128111,96
2024-09-18 12:39:30.980,416.3408216593117,1002
2024-09-18 12:39:31.041,416.342913747888,995
2024-09-18 12:39:31.056,41.63568427624133,103
2024-09-18 12:39:31.116,416.3292685867343,100
2024-09-18 12:39:31.188,416.3327432513667,997
2024-09-18 12:39:31.227,416.3732434633272,99
2024-09-18 12:39:31.244,416.35140479531753,1002
2024-09-18 12:39:31.251,416.3376604171877,8
2024-09-18 12:39:31.265,416.3199626074037,95
2024-09-18 12:39:31.266,416.3281075151583,103
2024-09-18 12:39:31.343,416.28228796696175,1001
2024-09-18 12:39:31.385,416.3462972513519,98
2024-09-18 12:39:31.415,416.3735549681136,5
2024-09-18 12:39:31.440,416.3757764878329,96
2024-09-18 12:39:31.476,416.3744095299149,95
2024-09-18 12:39:31.479,416.3656834435413,10
2024-09-18 12:39:31.584,416.3291129495177,7
2024-09-18 12:39:31.682,416.3822431053188,1005
2024-09-18 12:39:31.701,416.3374325539056,997
2024-09-18 12:39:31.720,416.31421023596505,8
2024-09-18 12:39:31.721,416.3891472597104,7
2024-09-18 12:39:31.724,416.2784880186076,15
2024-09-18 12:39:31.825,416.33015329395903,11
2024-09-18 12:39:31.828,416.342388424603,97
2024-09-18 12:39:31.829,416.3223254705151,996
2024-09-18 12:39:31.840,416.3676550496343,5
2024-09-18 12:39:31.907,416.3169017266205,101
2024-09-18 12:39:31.917,416.3314498589136,103
2024-09-18 12:39:31.949,416.3699721994777,102
2024-09-18 12:39:31.980,416.340492877085,102
2024-09-18 12:39:31.992,416.3411893491382,8
2024-09-18 12:39:32.008,416.2678220219281,1004
2024-09-18 12:39:32.035,416.2610236832207,11
2024-09-18 12:39:32.103,416.2466296877276,104
2024-09-18 12:39:32.185,,103
2024-09-18 12:39:32.214,416.2844438690419,10
2024-09-18 12:39:32.258,416.2713102914032,1000
2024-09-18 12:39:32.461,416.2991579952874,96
2024-09-18 12:39:32.583,416.2692244713753,1004
2024-09-18 12:39:32.624,416.2689534393772,1003
2024-09-18 12:39:32.644,416.2410940424536,98
2024-09-18 12:39:32.649,416.2696277242047,1004
2024-09-18 12:39:32.654,416.27822390064347,100
2024-09-18 12:39:32.668,416.2695347224058,104
2024-09-18 12:39:32.773,416.3006100790931,103
2024-09-18 12:39:32.837,416.2494741626545,98
2024-09-18 12:39:32.937,416.26220813196034,10
2024-09-18 12:39:32.989,416.2543961024341,15
2024-09-18 12:39:33.065,416.2661550795914,105
2024-09-18 12:39:33.092,416.188799257856,14
2024-09-18 12:39:33.168,416.2649930781527,1005
2024-09-18 12:39:33.298,416.255861865196,15
2024-09-18 12:39:33.493,,1003
2024-09-18 12:39:33.545,416.2658172791389,99
2024-09-18 12:39:33.744,416.2560072777408,6
2024-09-18 12:39:33.851,416.1981030807306,1004
2024-09-18 12:39:33.906,416.19665300777126,999
2024-09-18 12:39:33.970,416.2261306885258,10
2024-09-18 12:39:33.981,416.26716632021737,998
2024-09-18 12:39:33.988,416.2204929159104,13
2024-09-18 12:39:34.137,416.2371917634006,9
2024-09-18 12:39:34.142,-416.154938557566,5
2024-09-18 12:39:34.146,416.2266247791896,1000
2024-09-18 12:39:34.262,416.2127199009473,102
2024-09-18 12:39:34.278,416.2174245074899,101
2024-09-18 12:39:34.309,416.13172328860605,5
2024-09-18 12:39:34.369,-416.22232854418274,105
2024-09-18 12:39:34.374,416.1636834843665,104
2024-09-18 12:39:34.402,416.1886723909513,998
2024-09-18 12:39:34.465,416.1208719722872,5
2024-09-18 12:39:34.471,416.2183579630368,5
2024-09-18 12:39:34.513,416.14994329657634,95
2024-09-18 12:39:34.555,416.1252969080657,11
2024-09-18 12:39:34.560,416.1896141208122,12
2024-09-18 12:39:34.654,416.133845756628,15
2024-09-18 12:39:34.686,416.2380953540899,102
2024-09-18 12:39:34.774,416.1967956015129,11
2024-09-18 12:39:34.780,416.1761536360359,1001
2024-09-18 12:39:34.853,416.132359896347,14
2024-09-18 12:39:34.864,416.2039207406272,11
2024-09-18 12:39:34.894,416.19523485465095,998
2024-09-18 12:39:34.929,416.2250777052644,100
2024-09-18 12:39:34.934,416.2317371392137,996
2024-09-18 12:39:34.941,416.1693386523162,103
2024-09-18 12:39:34.944,416.22261232839867,997
2024-09-18 12:39:34.960,416.10593663097046,103
2024-09-18 12:39:35.299,416.184384258139,1001
2024-09-18 12:39:35.323,416.1690190519878,7
2024-09-18 12:39:35.569,416.1815519230234,104
2024-09-18 12:39:35.680,416.1785469660009,101
2024-09-18 12:39:35.893,416.17698792729374,995
2024-09-18 12:39:37.409,416.15420807849216,105
2024-09-18 12:39:37.661,416.1700927704694,7
2024-09-18 12:39:37.845,416.1560768976767,99
2024-09-18 12:39:37.996,416.15849139304913,101
2024-09-18 12:39:38.027,416.22024110258064,996
2024-09-18 12:39:38.166,416.1385783629386,1005
2024-09-18 12:39:38.243,416.1274897797603,996
2024-09-18 12:39:38.319,416.1716602852867,105
2024-09-18 12:39:38.331,416.2344057068995,10
2024-09-18 12:39:38.341,416.1863739491441,1004
2024-09-18 12:39:38.459,416.2660025314141,996
2024-09-18 12:39:38.658,416.14235430132624,99
2024-09-18 12:39:38.701,416.2292618604809,104
2024-09-18 12:39:38.828,416.1751514974858,1002
2024-09-18 12:39:38.901,416.1957156206728,1005
2024-09-18 12:39:38.974,416.1096004222307,104
2024-09-18 12:39:39.080,416.2416810639553,11
2024-09-18 12:39:39.343,416.2255312754025,15
2024-09-18 12:39:39.433,416.2305459837922,7
2024-09-18 12:39:39.581,416.2399661549794,101
2024-09-18 12:39:39.590,416.2559657466097,1002
2024-09-18 12:39:39.602,416.2523983358493,98
2024-09-18 12:39:39.683,416.2356711330697,96
2024-09-18 12:39:39.820,416.2442275962465,997
2024-09-18 12:39:39.837,416.25246175043134,999
2024-09-18 12:39:39.838,416.2436347884397,99
2024-09-18 12:39:39.938,416.2515108752075,7
2024-09-18 12:39:39.976,416.2170932849521,1002
2024-09-18 12:39:40.012,416.2779034524718,13
2024-09-18 12:39:40.075,416.2451097900528,7
2024-09-18 12:39:40.148,416.2341129534189,997
2024-09-18 12:39:40.206,416.2382106310377,1003
2024-09-18 12:39:40.208,416.2951002510617,12
2024-09-18 12:39:40.380,416.2651240997707,998
2024-09-18 12:39:40.431,416.2730128581906,13
2024-09-18 12:39:40.451,416.2533704856077,7
2024-09-18 12:39:40.482,,1001
2024-09-18 12:39:40.641,416.2742137782216,96
2024-09-18 12:39:40.649,,996
2024-09-18 12:39:40.759,416.2326592503106,15
2024-09-18 12:39:41.000,416.3040199110044,14
2024-09-18 12:39:41.141,416.3071079342012,14
2024-09-18 12:39:41.155,416.26272632150585,102
2024-09-18 12:39:41.272,416.284306744185,998
2024-09-18 12:39:41.330,416.2973927960409,11
2024-09-18 12:39:41.362,416.2958104229024,96
2024-09-18 12:39:41.397,416.31038596862896,105
2024-09-18 12:39:41.534,416.2739467711976,1001
2024-09-18 12:39:41.541,416.2920475288848,995
2024-09-18 12:39:41.552,416.29871549933387,95
2024-09-18 12:39:41.563,416.2868064908883,13
2024-09-18 12:39:41.597,416.2945304025756,5
2024-09-18 12:39:41.646,416.2777494699812,101
2024-09-18 12:39:41.670,416.31327993517294,101
2024-09-18 12:39:41.673,416.2826984854281,102
2024-09-18 12:39:41.736,416.2577368586892,104
2024-09-18 12:39:41.797,416.2836994770589,999
2024-09-18 12:39:41.810,416.2934642144852,999
2024-09-18 12:39:41.998,416.2839076001176,9
2024-09-18 12:39:42.006,416.3016303492764,97
2024-09-18 12:39:42.094,416.3095944619987,9
2024-09-18 12:39:42.188,416.2958615107471,11
2024-09-18 12:39:43.066,416.30417473850827,10
2024-09-18 12:39:43.142,,10
2024-09-18 12:39:43.555,416.2744235580296,100
2024-09-18 12:39:43.719,416.2692677105064,15
2024-09-18 12:39:44.035,416.29594354901405,1005
2024-09-18 12:39:44.067,416.2968451974386,98
2024-09-18 12:39:44.633,416.2762845404183,9
2024-09-18 12:39:44.648,416.2894115998212,99
2024-09-18 12:39:44.680,416.2930813333437,9
2024-09-18 12:39:44.704,416.2992909208336,998
2024-09-18 12:39:44.733,416.3102654204599,7
2024-09-18 12:39:44.749,416.2717076376408,97
2024-09-18 12:39:44.794,416.30031334222303,105
2024-09-18 12:39:44.886,416.3075646520138,13
2024-09-18 12:39:44.900,416.2699294597179,7
2024-09-18 12:39:44.907,416.2967683504551,102
2024-09-18 12:39:45.114,416.30057566944464,1004
2024-09-18 12:39:45.119,416.3131590373084,11
2024-09-18 12:39:45.163,416.31026729134686,1001
2024-09-18 12:39:45.486,41.63067972308329,105
2024-09-18 12:39:45.601,416.3210974486759,1004
2024-09-18 12:39:45.883,416.3114403657942,99
2024-09-18 12:39:45.892,416.2914038486694,9
2024-09-18 12:39:46.031,416.29478738430856,1004
2024-09-18 12:39:46.082,416.3048892978581,98
2024-09-18 12:39:46.148,416.3088076498969,997
2024-09-18 12:39:46.154,416.2802682855117,996
2024-09-18 12:39:46.237,416.27810043669393,1000
2024-09-18 12:39:46.377,416.279494338997,5
2024-09-18 12:39:46.402,416.3049605989726,96
2024-09-18 12:39:46.414,416.2870027755589,8
2024-09-18 12:39:46.426,416.2583433494545,13
2024-09-18 12:39:46.437,416.32173808625055,999
2024-09-18 12:39:46.505,,103
2024-09-18 12:39:46.616,416.288649002801,98
2024-09-18 12:39:46.639,416.2609480679875,99
2024-09-18 12:39:46.849,416.2903412923532,999
2024-09-18 12:39:46.895,416.284134166035,97
2024-09-18 12:39:46.962,416.2815613953071,100
2024-09-18 12:39:47.340,416.2680003502187,11
2024-09-18 12:39:47.950,416.27058533442994,6
2024-09-18 12:39:48.026,416.2251699837305,1005
2024-09-18 12:39:48.048,416.1363403527991,1005
2024-09-18 12:39:48.065,416.151745882136,98
2024-09-18 12:39:48.099,416.20543117837263,10
2024-09-18 12:39:48.119,416.2684880277821,10
2024-09-18 12:39:48.196,416.1673659097236,7
2024-09-18 12:39:48.224,416.2720585916267,101
2024-09-18 12:39:48.337,416.1910996608019,14
2024-09-18 12:39:48.388,416.1543764739678,1000
2024-09-18 12:39:48.400,416.2626873800054,999
2024-09-18 12:39:48.462,416.1563679180151,11
2024-09-18 12:39:48.474,416.2205834912947,1002
2024-09-18 12:39:48.529,416.2582924630386,1003
2024-09-18 12:39:48.551,416.19263968074176,995
2024-09-18 12:39:48.584,416.1996839833951,101
2024-09-18 12:39:48.622,416.21058659192073,99
2024-09-18 12:39:48.623,416.2586063122219,995
2024-09-18 12:39:48.626,416.2788155148281,1003
2024-09-18 12:39:48.642,416.2695936348649,102
2024-09-18 12:39:48.760,416.2498042603873,1003
2024-09-18 12:39:48.798,416.13680054013656,1002
2024-09-18 12:39:48.804,,1001
2024-09-18 12:39:48.825,416.125986272407,105
2024-09-18 12:39:48.829,416.2647953102775,98
2024-09-18 12:39:48.830,416.2659652727464,11
2024-09-18 12:39:48.942,416.2501508890593,11
2024-09-18 12:39:48.971,416.1527261738773,101
2024-09-18 12:39:48.976,416.2212273911906,14
2024-09-18 12:39:48.990,416.1821795870062,99
2024-09-18 12:39:49.070,416.15555051301885,999
2024-09-18 12:39:49.106,416.126047941228,15
2024-09-18 12:39:49.111,416.15090767032905,103
2024-09-18 12:39:49.118,416.12579462396553,996
2024-09-18 12:39:49.139,416.1400257803903,1005
2024-09-18 12:39:49.180,416.1364980049641,100
2024-09-18 12:39:49.243,416.14468536111866,10
2024-09-18 12:39:49.280,416.1610446550579,995
2024-09-18 12:39:49.295,416.14200424854766,9
2024-09-18 12:39:49.312,416.14030591231216,1003
2024-09-18 12:39:49.313,416.1494055970486,105
2024-09-18 12:39:49.360,416.1163903260704,101
2024-09-18 12:39:49.361,416.1284872676398,8
2024-09-18 12:39:49.368,416.1341833005383,96
2024-09-18 12:39:49.424,416.1511496848474,102
2024-09-18 12:39:49.487,416.1462572928916,104
2024-09-18 12:39:49.546,416.15961049088935,995
2024-09-18 12:39:49.621,416.1394086146991,1004
2024-09-18 12:39:49.645,416.13967578159406,105
2024-09-18 12:39:49.650,416.1396875476075,7
2024-09-18 12:39:49.669,416.11402276373167,104
2024-09-18 12:39:49.786,416.1317902124592,8
2024-09-18 12:39:49.792,416.1334407966224,6
2024-09-18 12:39:49.867,416.15926558477577,6
2024-09-18 12:39:49.884,416.1359757737331,1005
2024-09-18 12:39:49.960,416.14520315723297,103
2024-09-18 12:39:50.032,416.1695915499821,1005
2024-09-18 12:39:50.060,416.1275450906562,10
2024-09-18 12:39:50.075,416.1514274504044,1002
2024-09-18 12:39:50.140,416.137972464668,1005
2024-09-18 12:39:50.426,416.1710135923679,105
2024-09-18 12:39:50.505,416.1623479467074,1002
2024-09-18 12:39:50.562,416.1704002476804,101
2024-09-18 12:39:50.605,416.1435556025948,995
2024-09-18 12:39:50.674,416.1678117324698,998
2024-09-18 12:39:50.730,416.1461900813449,1000
2024-09-18 12:39:50.792,416.1683220896998,995
2024-09-18 12:39:50.826,416.1566374889328,14
2024-09-18 12:39:50.843,416.1504469975058,10
2024-09-18 12:39:50.853,416.1432827167653,1003
2024-09-18 12:39:50.872,416.1571870582285,999
2024-09-18 12:39:50.896,416.1732033218567,104
2024-09-18 12:39:50.934,-416.149283815546,98
2024-09-18 12:39:50.962,416.1663787214413,13
2024-09-18 12:39:50.989,416.1572433501841,105
2024-09-18 12:39:51.095,416.1648509764687,13
2024-09-18 12:39:51.215,416.2056765903769,1005
2024-09-18 12:39:51.265,416.2019684678448,12
2024-09-18 12:39:51.271,416.18914852075926,15
2024-09-18 12:39:51.302,416.20126193598696,9
2024-09-18 12:39:51.341,416.1908980216692,99
2024-09-18 12:39:51.358,416.1720480044806,5
2024-09-18 12:39:51.499,416.1957594089613,95
2024-09-18 12:39:51.595,416.2050200743437,997
2024-09-18 12:39:51.738,416.17491292831113,8
2024-09-18 12:39:51.838,416.1907142014413,1001
2024-09-18 12:39:51.857,416.1952611287103,1003
2024-09-18 12:39:51.889,416.1750204679231,103
2024-09-18 12:39:51.890,416.18692632947136,13
2024-09-18 12:39:51.937,416.1625012085637,14
2024-09-18 12:39:51.969,416.1748967563644,100
2024-09-18 12:39:51.975,416.2138067576923,998
2024-09-18 12:39:52.042,416.2175898368203,10
2024-09-18 12:39:52.072,416.1654880677922,98
2024-09-18 12:39:52.097,416.196460459379,1001
2024-09-18 12:39:52.186,416.2834080005677,9
2024-09-18 12:39:52.194,416.26332985036686,100
2024-09-18 12:39:52.300,416.2174612125647,1001
2024-09-18 12:39:52.380,416.17298857242855,997
2024-09-18 12:39:52.398,416.2943939878015,104
2024-09-18 12:39:52.417,416.265319556708,105
2024-09-18 12:39:52.481,416.2475219735934,5
2024-09-18 12:39:52.511,416.28684118003946,1003
2024-09-18 12:39:52.521,416.2149842623513,10
2024-09-18 12:39:52.546,416.260258167811,98
2024-09-18 12:39:52.564,416.1550384107379,96
2024-09-18 12:39:52.567,416.30166004193273,6
2024-09-18 12:39:52.693,416.2809827594329,9
2024-09-18 12:39:52.733,416.3021542515266,105
2024-09-18 12:39:52.742,416.2553353563136,12
2024-09-18 12:39:52.766,416.2573375217266,103
2024-09-18 12:39:52.785,416.1605591092063,999
2024-09-18 12:39:52.816,416.1572423225711,100
2024-09-18 12:39:52.868,416.25728130157046,8
2024-09-18 12:39:52.993,416.2713508449657,15
2024-09-18 12:39:53.046,416.00621462918457,98
2024-09-18 12:39:53.091,416.04722917609337,15
2024-09-18 12:39:53.092,416.15078302235634,995
2024-09-18 12:39:53.124,416.1430266289613,5
2024-09-18 12:39:53.164,416.15089859016587,98
2024-09-18 12:39:53.285,416.14329439910665,999
2024-09-18 12:39:53.329,416.0555131751123,9
2024-09-18 12:39:53.358,416.16241771169246,98
2024-09-18 12:39:53.393,416.02957325984033,6
2024-09-18 12:39:53.400,416.0899720756708,1004
2024-09-18 12:39:53.456,416.14279703952553,14
2024-09-18 12:39:53.558,416.1408805358037,7
2024-09-18 12:39:53.610,416.0356573813718,1000
2024-09-18 12:39:53.636,416.0425830861304,13
2024-09-18 12:39:53.654,416.0215731091637,12
2024-09-18 12:39:53.716,416.1102033877217,15
2024-09-18 12:39:53.765,416.1549990424396,997
2024-09-18 12:39:53.785,416.053863606562,996
2024-09-18 12:39:53.808,416.1311959723627,12
2024-09-18 12:39:53.855,416.1466513808229,14
2024-09-18 12:39:53.922,416.0802269007276,100
2024-09-18 12:39:53.929,416.0349774171948,1003
2024-09-18 12:39:53.938,416.1436758484909,6
2024-09-18 12:39:53.968,416.07999246189706,1003
2024-09-18 12:39:53.990,416.12609807521306,105
2024-09-18 12:39:53.997,416.1333561942001,95
2024-09-18 12:39:54.010,416.023708478787,97
2024-09-18 12:39:54.048,416.00517858755,10
2024-09-18 12:39:54.079,416.0196496835644,99
2024-09-18 12:39:54.117,416.0095773596466,103
2024-09-18 12:39:54.145,416.01796917630014,104
2024-09-18 12:39:54.188,416.0000635360301,10
2024-09-18 12:39:54.327,415.9930658231801,1000
2024-09-18 12:39:54.486,416.0109915595369,11
2024-09-18 12:39:54.505,415.9989931170482,105
2024-09-18 12:39:54.624,416.009270019332,97
2024-09-18 12:39:54.645,415.99785140246286,8
2024-09-18 12:39:54.649,416.0041721966714,997
2024-09-18 12:39:54.974,416.0017838295774,997
2024-09-18 12:39:54.988,415.98086788058833,1000
2024-09-18 12:39:55.015,415.94078978694273,105
2024-09-18 12:39:55.094,415.94302810406987,1002
2024-09-18 12:39:55.101,415.95503988465015,995
2024-09-18 12:39:55.102,415.94973607953744,10
2024-09-18 12:39:55.180,415.8785434079063,9
2024-09-18 12:39:55.212,415.9572158061145,12
2024-09-18 12:39:55.266,415.9269547400559,1003
2024-09-18 12:39:55.299,415.8921324464095,11
2024-09-18 12:39:55.354,415.9263410535466,95
2024-09-18 12:39:55.395,41.59517432799953,1002
2024-09-18 12:39:55.447,415.92183875549233,101
2024-09-18 12:39:55.581,415.9397555839831,97
2024-09-18 12:39:55.636,415.9075611596942,1004
2024-09-18 12:39:55.665,415.9288593624583,98
2024-09-18 12:39:55.672,415.875361934556,997
2024-09-18 12:39:55.756,415.961010199186,15
2024-09-18 12:39:55.756,415.9208670906038,98
2024-09-18 12:39:55.757,415.875887700365,1003
2024-09-18 12:39:55.776,415.9538910594936,105
2024-09-18 12:39:55.894,415.93943717687046,1001
2024-09-18 12:39:55.939,415.9674222210046,15
2024-09-18 12:39:55.961,415.9606607478113,1001
2024-09-18 12:39:57.144,415.91140615615166,998
2024-09-18 12:39:57.204,415.910856694712,14
2024-09-18 12:39:57.272,415.8959737876913,5
2024-09-18 12:39:57.607,,1004
2024-09-18 12:39:57.651,415.9048498425942,997
2024-09-18 12:39:57.740,415.8879308943273,14
2024-09-18 12:39:57.784,415.8822583137869,1003
2024-09-18 12:39:57.885,415.8915258278283,995
2024-09-18 12:39:58.139,415.9043085646126,96
2024-09-18 12:39:58.505,415.9021951434465,101
2024-09-18 12:39:58.636,415.9200436136732,97
2024-09-18 12:39:58.694,415.9137011124695,13
2024-09-18 12:39:58.908,415.8828538805456,13
2024-09-18 12:39:59.063,415.9436417719148,996
2024-09-18 12:39:59.099,415.9239889401013,6
2024-09-18 12:39:59.132,415.9513777649989,12
2024-09-18 12:39:59.180,415.943781763612,102
2024-09-18 12:39:59.251,415.92528241148256,99
2024-09-18 12:39:59.258,415.9484890208348,12
2024-09-18 12:39:59.272,415.9197501548573,1005
2024-09-18 12:39:59.358,415.9200690841811,11
2024-09-18 12:39:59.391,415.9295394796357,11
2024-09-18 12:39:59.407,415.9329478720314,998
2024-09-18 12:39:59.573,415.9340506620861,14
2024-09-18 12:39:59.589,415.9128665152701,10
2024-09-18 12:39:59.616,415.9426130260213,12
2024-09-18 12:39:59.625,415.93201134328217,9
2024-09-18 12:39:59.664,415.944233301868,98
2024-09-18 12:39:59.814,415.9301593582505,8
2024-09-18 12:39:59.939,415.9212603940085,95
