Timestamp,Price,Size
2024-09-17 13:53:00.099,401.4174935555745,96
2024-09-17 13:53:00.141,401.4676496603418,1004
2024-09-17 13:53:00.149,401.4743516064303,6
2024-09-17 13:53:00.214,-401.4794058575964,105
2024-09-17 13:53:00.307,401.44843573648143,999
2024-09-17 13:53:00.483,401.4195757068632,14
2024-09-17 13:53:00.487,401.483017284279,11
2024-09-17 13:53:00.703,401.42614527538257,104
2024-09-17 13:53:00.775,401.4287423814526,96
2024-09-17 13:53:00.950,401.4779529780472,14
2024-09-17 13:53:00.997,401.42899382004254,1000
2024-09-17 13:53:01.235,401.4566602987391,10
2024-09-17 13:53:01.793,401.4647504829372,995
2024-09-17 13:53:02.062,401.4237491936797,1003
2024-09-17 13:53:02.194,401.41031286484775,96
2024-09-17 13:53:02.296,401.42511893190016,100
2024-09-17 13:53:02.725,401.3732814637282,997
2024-09-17 13:53:02.819,401.4406319665554,14
2024-09-17 13:53:02.855,401.4114867925847,998
2024-09-17 13:53:03.081,,1000
2024-09-17 13:53:03.091,401.35266337097903,104
2024-09-17 13:53:03.143,401.3374778535489,102
2024-09-17 13:53:03.155,401.3798161063744,5
2024-09-17 13:53:03.163,401.3456304667356,98
2024-09-17 13:53:03.232,401.3705460815345,100
2024-09-17 13:53:03.302,401.3649054302157,7
2024-09-17 13:53:03.317,401.3701978368689,96
2024-09-17 13:53:03.352,401.3202483179821,995
2024-09-17 13:53:03.359,401.3771219747977,9
2024-09-17 13:53:03.373,401.3664553527897,12
2024-09-17 13:53:03.408,401.3892030952248,996
2024-09-17 13:53:03.464,401.3643745506852,12
2024-09-17 13:53:03.544,401.3431052795787,1001
2024-09-17 13:53:03.610,401.3225715518622,13
2024-09-17 13:53:03.674,401.34477164431183,8
2024-09-17 13:53:03.687,401.3410364080073,5
2024-09-17 13:53:03.714,401.3511389047397,14
2024-09-17 13:53:03.723,401.3804130809884,96
2024-09-17 13:53:03.750,401.3357228193876,1000
2024-09-17 13:53:03.782,401.35480987629927,105
2024-09-17 13:53:03.927,401.3672100175313,1001
2024-09-17 13:53:03.969,401.3500073302622,8
2024-09-17 13:53:04.655,401.3443573736888,997
2024-09-17 13:53:04.799,401.32327091987946,15
2024-09-17 13:53:05.011,40.13785828594169,104
2024-09-17 13:53:05.184,401.3186884839442,101
2024-09-17 13:53:05.207,401.3497641130355,999
2024-09-17 13:53:05.208,401.3580689175124,1004
2024-09-17 13:53:05.319,401.33276836982833,1002
2024-09-17 13:53:05.423,401.34221763183297,13
2024-09-17 13:53:05.443,40.133512271506106,8
2024-09-17 13:53:05.492,401.3311650356083,97
2024-09-17 13:53:05.514,401.3544099535864,105
2024-09-17 13:53:05.564,401.3399640566095,1000
2024-09-17 13:53:05.574,401.3435674998425,102
2024-09-17 13:53:05.613,401.3638067752914,1005
2024-09-17 13:53:05.629,401.3613103680823,10
2024-09-17 13:53:05.658,401.3308918316027,997
2024-09-17 13:53:05.689,401.3833247508682,1000
2024-09-17 13:53:05.733,401.34034549799486,1000
2024-09-17 13:53:05.759,401.35374382155055,8
2024-09-17 13:53:05.774,401.3681611867409,10
2024-09-17 13:53:05.775,401.3885441959914,105
2024-09-17 13:53:05.872,401.34931176627447,98
2024-09-17 13:53:05.875,401.3488086164475,10
2024-09-17 13:53:05.895,401.37145494116527,1004
2024-09-17 13:53:05.917,401.32936706917377,11
2024-09-17 13:53:05.928,401.353662690463,97
2024-09-17 13:53:06.011,401.3453970608844,8
2024-09-17 13:53:06.134,401.3578914314021,10
2024-09-17 13:53:06.154,401.34611512719874,997
2024-09-17 13:53:06.241,401.349556076433,104
2024-09-17 13:53:06.250,401.34788690351047,100
2024-09-17 13:53:06.294,401.3320927306762,10
2024-09-17 13:53:06.346,401.3435078436004,105
2024-09-17 13:53:06.397,401.3476013533361,12
2024-09-17 13:53:06.468,401.36369718191247,97
2024-09-17 13:53:06.472,401.3350493508557,9
2024-09-17 13:53:06.499,401.3436446651861,11
2024-09-17 13:53:06.504,401.3389225100156,6
2024-09-17 13:53:06.581,401.3610673729583,12
2024-09-17 13:53:06.600,401.3493911527438,104
2024-09-17 13:53:06.689,401.3367684806236,11
2024-09-17 13:53:06.703,401.3527018860191,103
2024-09-17 13:53:07.072,401.35265238440377,1002
2024-09-17 13:53:07.114,401.3409195552041,100
2024-09-17 13:53:07.174,401.3362127106584,7
2024-09-17 13:53:07.236,401.3407291568813,999
2024-09-17 13:53:07.499,401.32561940448863,5
2024-09-17 13:53:07.606,401.3423258952629,5
2024-09-17 13:53:07.670,401.34750777618814,98
2024-09-17 13:53:07.679,401.3483045103754,999
2024-09-17 13:53:07.699,401.338890220607,101
2024-09-17 13:53:07.771,401.34043766410497,101
2024-09-17 13:53:07.816,401.33280086640696,1001
2024-09-17 13:53:07.829,401.3386886681562,14
2024-09-17 13:53:07.896,401.3335686363791,104
2024-09-17 13:53:07.923,401.34500086840825,10
2024-09-17 13:53:08.091,401.3787954230368,97
2024-09-17 13:53:08.158,401.3387395322638,1001
2024-09-17 13:53:08.219,401.34111583741947,15
2024-09-17 13:53:08.294,401.3515215504804,99
2024-09-17 13:53:08.326,401.3448044465289,1001
2024-09-17 13:53:08.364,401.3448287082337,97
2024-09-17 13:53:08.390,401.34471212604274,96
2024-09-17 13:53:08.454,401.345375891772,14
2024-09-17 13:53:08.489,401.3639725087023,103
2024-09-17 13:53:08.519,401.3376304421911,998
2024-09-17 13:53:08.585,401.34500325657297,1004
2024-09-17 13:53:08.615,401.3586413990359,1003
2024-09-17 13:53:08.772,-401.3578622959213,1000
2024-09-17 13:53:08.816,401.3495496496587,10
2024-09-17 13:53:08.845,401.3790806607212,1004
2024-09-17 13:53:08.921,401.3446245201621,999
2024-09-17 13:53:08.983,401.3764998451213,995
2024-09-17 13:53:08.996,401.3474569234677,95
2024-09-17 13:53:09.054,,11
2024-09-17 13:53:09.079,401.300739075071,105
2024-09-17 13:53:09.151,401.3022485344935,95
2024-09-17 13:53:09.170,401.2872952148982,998
2024-09-17 13:53:09.215,401.3798253090875,6
2024-09-17 13:53:09.254,401.3102655455646,95
2024-09-17 13:53:09.275,401.3693529784604,1002
2024-09-17 13:53:09.317,401.32979827442216,101
2024-09-17 13:53:09.403,401.34430359376734,10
2024-09-17 13:53:09.471,401.30958982629,9
2024-09-17 13:53:09.477,401.3225514222719,1000
2024-09-17 13:53:09.479,-401.3838543485102,10
2024-09-17 13:53:09.485,401.3781518439488,97
2024-09-17 13:53:09.506,401.3065808558638,102
2024-09-17 13:53:09.520,401.2973339595784,11
2024-09-17 13:53:09.528,401.3561281896334,96
2024-09-17 13:53:09.551,401.275814625866,1002
2024-09-17 13:53:09.643,401.3242772575206,998
2024-09-17 13:53:09.645,401.3730790533924,14
2024-09-17 13:53:09.655,401.3961420386444,96
2024-09-17 13:53:09.681,401.306329626224,1005
2024-09-17 13:53:09.789,401.2934486071259,95
2024-09-17 13:53:09.790,401.3653682201812,95
2024-09-17 13:53:09.871,401.3709923993741,100
2024-09-17 13:53:09.895,401.2834882382328,5
2024-09-17 13:53:09.901,401.3235713237602,96
2024-09-17 13:53:09.978,401.2791289892808,997
2024-09-17 13:53:10.023,401.3491861161106,15
2024-09-17 13:53:10.140,401.3968801156447,999
2024-09-17 13:53:10.153,401.311939624339,14
2024-09-17 13:53:10.168,401.3131645230462,99
2024-09-17 13:53:10.225,401.4291625007807,103
2024-09-17 13:53:10.278,401.3633068462901,96
2024-09-17 13:53:10.324,401.42053983306994,1001
2024-09-17 13:53:10.427,401.3771974193723,14
2024-09-17 13:53:10.479,401.3247175467703,13
2024-09-17 13:53:10.509,401.41112114808055,101
2024-09-17 13:53:10.538,401.3559099832824,1002
2024-09-17 13:53:10.544,401.4080298718666,102
2024-09-17 13:53:10.595,401.34740339567225,9
2024-09-17 13:53:10.788,401.3090111968842,101
2024-09-17 13:53:10.794,401.3819752525248,1001
2024-09-17 13:53:10.827,401.3221054959653,102
2024-09-17 13:53:10.946,401.3749024195186,1000
2024-09-17 13:53:10.989,401.3595401227977,996
2024-09-17 13:53:11.011,401.38329126245947,996
2024-09-17 13:53:11.034,401.4093835931947,995
2024-09-17 13:53:11.054,401.41398256831326,998
2024-09-17 13:53:11.093,401.38604198322383,6
2024-09-17 13:53:11.140,401.3957289089511,105
2024-09-17 13:53:11.181,401.38912148189536,10
2024-09-17 13:53:11.218,401.4038724867479,1004
2024-09-17 13:53:11.243,,1004
2024-09-17 13:53:11.376,401.4161422631892,104
2024-09-17 13:53:11.393,401.3901758878224,14
2024-09-17 13:53:11.419,401.41547226902026,11
2024-09-17 13:53:11.465,401.3798099337348,95
2024-09-17 13:53:11.509,401.3926085392209,96
2024-09-17 13:53:11.578,401.4091281963302,1001
2024-09-17 13:53:11.592,401.3833565790224,97
2024-09-17 13:53:11.593,401.4133137575432,996
2024-09-17 13:53:11.651,401.3994697099335,1003
2024-09-17 13:53:11.777,401.394184821039,99
2024-09-17 13:53:11.806,401.3857596073677,12
2024-09-17 13:53:11.893,,996
2024-09-17 13:53:11.926,401.36381981197394,996
2024-09-17 13:53:12.023,401.45933021553526,101
2024-09-17 13:53:12.145,401.4159068826757,100
2024-09-17 13:53:12.178,401.4076541072184,999
2024-09-17 13:53:12.342,401.4729718503019,997
2024-09-17 13:53:12.434,401.4154973904596,1002
2024-09-17 13:53:12.481,401.4444577318681,105
2024-09-17 13:53:12.544,401.4522943161279,13
2024-09-17 13:53:12.545,401.4653252720646,103
2024-09-17 13:53:12.603,401.406444903586,101
2024-09-17 13:53:12.848,401.4467719617327,96
2024-09-17 13:53:13.038,401.3995202931423,96
2024-09-17 13:53:13.098,401.4237640082987,100
2024-09-17 13:53:13.138,401.4677832010694,8
2024-09-17 13:53:13.153,401.4702285531227,6
2024-09-17 13:53:13.171,401.4493461188405,1001
2024-09-17 13:53:13.189,401.39265757731744,105
2024-09-17 13:53:13.216,401.45598307336553,95
2024-09-17 13:53:13.241,401.44722495522257,1001
2024-09-17 13:53:13.262,401.45441994815576,8
2024-09-17 13:53:13.424,401.47543618218623,996
2024-09-17 13:53:13.469,401.4447468287416,5
2024-09-17 13:53:13.503,401.4569659574205,95
2024-09-17 13:53:13.532,401.46978405441325,996
2024-09-17 13:53:13.545,401.41150417419766,9
2024-09-17 13:53:13.582,401.4569723363657,1005
2024-09-17 13:53:13.612,401.4886323376271,104
2024-09-17 13:53:13.620,401.3938714980796,13
2024-09-17 13:53:13.631,401.4596575029845,5
2024-09-17 13:53:13.785,401.4091872041434,1002
2024-09-17 13:53:13.864,401.4027193492596,5
2024-09-17 13:53:13.867,401.4227211428711,13
2024-09-17 13:53:13.879,401.4131149008938,1003
2024-09-17 13:53:13.910,401.3928176651719,95
2024-09-17 13:53:13.940,401.46725867879707,1005
2024-09-17 13:53:13.964,401.4401967846598,6
2024-09-17 13:53:13.982,401.3898539267391,1003
2024-09-17 13:53:14.131,401.4206470133619,97
2024-09-17 13:53:14.194,401.4102535979824,995
2024-09-17 13:53:14.200,401.40974160790586,1000
2024-09-17 13:53:14.253,401.4332647168652,11
2024-09-17 13:53:14.257,401.4307881517548,10
2024-09-17 13:53:14.274,401.4224017959425,1000
2024-09-17 13:53:14.307,401.3863644433884,9
2024-09-17 13:53:14.403,401.40211534592254,14
2024-09-17 13:53:14.405,401.41598942694463,1001
2024-09-17 13:53:14.426,401.4021390066163,1005
2024-09-17 13:53:14.507,401.4136929117136,98
2024-09-17 13:53:14.577,401.4121151993397,103
2024-09-17 13:53:14.587,401.4108179303204,997
2024-09-17 13:53:14.702,401.409420996946,14
2024-09-17 13:53:14.762,401.4219348490709,13
2024-09-17 13:53:14.788,401.4152331016982,5
2024-09-17 13:53:14.833,401.39349551331554,1000
2024-09-17 13:53:14.928,401.42400517260825,96
2024-09-17 13:53:14.930,401.4266260103828,7
2024-09-17 13:53:14.970,401.4098742051791,102
2024-09-17 13:53:15.027,401.3648330675747,998
2024-09-17 13:53:15.087,401.3185658519411,1003
2024-09-17 13:53:15.111,401.2900027965456,10
2024-09-17 13:53:15.167,401.2491550854536,10
2024-09-17 13:53:15.197,401.259030286963,998
2024-09-17 13:53:15.283,401.33104485810645,103
2024-09-17 13:53:15.334,401.29001709231926,105
2024-09-17 13:53:15.384,401.3801412018322,105
2024-09-17 13:53:15.450,40.13942882134276,1005
2024-09-17 13:53:15.450,401.3077319597214,14
2024-09-17 13:53:15.466,401.3542414758532,8
2024-09-17 13:53:15.537,401.304733454794,95
2024-09-17 13:53:15.587,401.29677094696495,1004
2024-09-17 13:53:15.712,401.37095400475545,9
2024-09-17 13:53:15.839,401.272780639262,95
2024-09-17 13:53:15.856,401.3453611562522,10
2024-09-17 13:53:15.922,401.382021956962,995
2024-09-17 13:53:15.925,401.2529270199942,1005
2024-09-17 13:53:15.933,401.2661843121182,5
2024-09-17 13:53:16.981,-401.2510231458954,7
2024-09-17 13:53:17.081,401.261334390845,997
2024-09-17 13:53:17.326,401.2842458388372,13
2024-09-17 13:53:17.432,401.2763842127527,99
2024-09-17 13:53:17.481,401.2539737732735,103
2024-09-17 13:53:17.677,401.26143895819297,102
2024-09-17 13:53:17.941,401.2594162460842,15
2024-09-17 13:53:18.284,401.3830126460705,99
2024-09-17 13:53:18.294,401.3906528078276,996
2024-09-17 13:53:18.308,401.3441401742858,96
2024-09-17 13:53:18.328,401.2737891803288,97
2024-09-17 13:53:18.345,401.3083437811508,98
2024-09-17 13:53:18.346,401.29649514721285,996
2024-09-17 13:53:18.476,401.29839818141295,105
2024-09-17 13:53:18.487,401.2780156877271,102
2024-09-17 13:53:18.495,401.277692902054,102
2024-09-17 13:53:18.573,401.3008614405711,15
2024-09-17 13:53:18.574,,996
2024-09-17 13:53:18.587,401.3779431879793,996
2024-09-17 13:53:18.612,401.2745615177533,15
2024-09-17 13:53:18.661,401.3047559905367,5
2024-09-17 13:53:18.706,401.26996430353466,9
2024-09-17 13:53:18.747,401.3577142740353,105
2024-09-17 13:53:18.772,401.2964487259768,96
2024-09-17 13:53:18.863,401.2946644872709,102
2024-09-17 13:53:19.328,401.3832675611969,100
2024-09-17 13:53:19.347,401.3872052976868,95
2024-09-17 13:53:19.448,401.3888105336715,105
2024-09-17 13:53:19.560,401.37088903543696,996
2024-09-17 13:53:19.769,401.3508049826404,998
2024-09-17 13:53:19.855,401.3807355912815,12
2024-09-17 13:53:20.066,401.3149935477696,1005
2024-09-17 13:53:20.298,401.2900166176335,1002
2024-09-17 13:53:20.460,401.2774801128333,98
2024-09-17 13:53:20.644,401.2933209397418,999
2024-09-17 13:53:20.709,401.2798713099234,1005
2024-09-17 13:53:20.731,401.3428455209391,999
2024-09-17 13:53:20.775,401.3558789386754,1004
2024-09-17 13:53:20.833,401.29960846922575,6
2024-09-17 13:53:20.947,401.3335884967073,8
2024-09-17 13:53:21.013,-401.2965955936693,6
2024-09-17 13:53:21.139,401.3142146045519,14
2024-09-17 13:53:21.140,401.3092609039703,98
2024-09-17 13:53:21.272,401.3347560775304,1005
2024-09-17 13:53:21.294,401.3168306117263,997
2024-09-17 13:53:21.395,401.3288286206287,998
2024-09-17 13:53:21.683,401.3186904892343,101
2024-09-17 13:53:21.749,401.3036891671218,996
2024-09-17 13:53:21.903,401.2868728189276,1000
2024-09-17 13:53:21.935,401.32297681676863,1000
2024-09-17 13:53:21.986,401.3058701487621,101
2024-09-17 13:53:22.065,401.3572670631935,7
2024-09-17 13:53:22.115,401.3992735447439,98
2024-09-17 13:53:22.132,401.3243762494328,104
2024-09-17 13:53:22.169,401.37428137349,104
2024-09-17 13:53:22.206,401.3219675892763,999
2024-09-17 13:53:22.212,401.3954567556539,95
2024-09-17 13:53:22.276,40.14059327613613,100
2024-09-17 13:53:22.290,401.3522225988219,10
2024-09-17 13:53:22.315,401.3276254769536,105
2024-09-17 13:53:22.451,401.3341149493548,15
2024-09-17 13:53:22.483,401.3440510726242,97
2024-09-17 13:53:22.503,401.3085315165329,1004
2024-09-17 13:53:22.557,401.3282110849248,6
2024-09-17 13:53:22.677,401.3306439387658,1000
2024-09-17 13:53:22.699,401.3216304226168,14
2024-09-17 13:53:22.723,401.3054811507225,996
2024-09-17 13:53:22.742,401.3621579852448,102
2024-09-17 13:53:22.762,401.3389575221447,12
2024-09-17 13:53:22.827,401.3500721799604,101
2024-09-17 13:53:22.904,401.3174471218666,101
2024-09-17 13:53:22.982,401.3287553710096,104
2024-09-17 13:53:22.985,401.3218815825939,104
2024-09-17 13:53:23.015,401.4091932611899,10
2024-09-17 13:53:23.035,401.4206291051822,95
2024-09-17 13:53:23.102,401.432174421662,98
2024-09-17 13:53:23.144,401.4218097677786,10
2024-09-17 13:53:23.164,401.4330594750135,1004
2024-09-17 13:53:23.172,401.4025006859403,10
2024-09-17 13:53:23.187,401.39883803110513,1001
2024-09-17 13:53:23.304,401.407403889114,7
2024-09-17 13:53:23.359,401.4408067854872,996
2024-09-17 13:53:23.368,401.4238137760453,1003
2024-09-17 13:53:23.417,401.38946910372624,96
2024-09-17 13:53:23.470,401.42681014059474,99
2024-09-17 13:53:23.474,401.4187274153128,1000
2024-09-17 13:53:23.489,401.3883085317311,105
2024-09-17 13:53:23.495,401.42414318503467,103
2024-09-17 13:53:23.500,401.3974963870944,100
2024-09-17 13:53:23.503,401.4369345399473,998
2024-09-17 13:53:23.517,401.42309959690095,13
2024-09-17 13:53:23.533,401.4093714600807,999
2024-09-17 13:53:23.545,401.4130442097823,996
2024-09-17 13:53:23.554,401.4049548050694,12
2024-09-17 13:53:23.581,401.4019631656261,995
2024-09-17 13:53:23.604,401.3963293702167,5
2024-09-17 13:53:23.713,401.40249081076286,101
2024-09-17 13:53:23.818,401.40768628917823,8
2024-09-17 13:53:23.939,401.4101008264687,1005
2024-09-17 13:53:24.064,401.40122092312976,100
2024-09-17 13:53:24.151,401.3602979650785,996
2024-09-17 13:53:24.286,401.42338681713,997
2024-09-17 13:53:24.305,401.3967897335462,15
2024-09-17 13:53:24.310,401.4053836335801,104
2024-09-17 13:53:24.312,401.3640573792991,10
2024-09-17 13:53:24.436,401.409130191426,98
2024-09-17 13:53:24.447,401.4107394685503,6
2024-09-17 13:53:24.462,401.3538969705167,11
2024-09-17 13:53:24.733,401.4286926516301,103
2024-09-17 13:53:24.763,40.14052210792404,12
2024-09-17 13:53:24.775,401.4226073258324,11
2024-09-17 13:53:24.804,401.3606289277795,9
2024-09-17 13:53:24.856,401.4054703733879,1000
2024-09-17 13:53:24.873,40.14210000940053,7
2024-09-17 13:53:24.903,401.3831588256078,8
2024-09-17 13:53:24.945,401.37490488964784,1004
2024-09-17 13:53:25.003,401.4132351411586,1001
2024-09-17 13:53:25.005,401.3864611661976,10
2024-09-17 13:53:25.159,401.405205914416,103
2024-09-17 13:53:25.185,401.3556067621098,1005
2024-09-17 13:53:25.263,401.3074273973074,6
2024-09-17 13:53:25.269,401.3362350074885,102
2024-09-17 13:53:25.271,401.4026329734252,101
2024-09-17 13:53:25.304,401.37282995250655,1002
2024-09-17 13:53:25.346,401.3734275442677,996
2024-09-17 13:53:25.394,401.3597623171337,8
2024-09-17 13:53:25.439,401.3563679148938,103
2024-09-17 13:53:25.530,401.3186343293916,1004
2024-09-17 13:53:25.599,401.3597860318452,96
2024-09-17 13:53:25.624,401.3019173182991,99
2024-09-17 13:53:25.647,401.3951496773117,6
2024-09-17 13:53:25.681,401.3553734573108,1001
2024-09-17 13:53:25.699,401.30974389959977,9
2024-09-17 13:53:25.842,401.4147559076122,97
2024-09-17 13:53:25.858,401.3996131834442,15
2024-09-17 13:53:25.927,401.4096069100239,103
2024-09-17 13:53:25.960,401.3844959312696,10
2024-09-17 13:53:25.981,401.3725143649705,104
2024-09-17 13:53:26.038,401.3760719502465,1002
2024-09-17 13:53:26.040,401.3661094701319,13
2024-09-17 13:53:26.052,401.3883265920404,13
2024-09-17 13:53:26.066,401.37405345662376,12
2024-09-17 13:53:26.120,401.37525040620994,12
2024-09-17 13:53:27.029,401.2989560654357,11
2024-09-17 13:53:27.052,401.3980552865298,1002
2024-09-17 13:53:27.090,401.31301478986586,9
2024-09-17 13:53:27.174,401.3186194609739,13
2024-09-17 13:53:27.251,401.3638883389961,98
2024-09-17 13:53:27.344,401.300998221716,96
2024-09-17 13:53:27.395,401.3623193846672,10
2024-09-17 13:53:27.401,401.3948107269357,97
2024-09-17 13:53:27.447,401.31281422901066,999
2024-09-17 13:53:27.471,401.323093087118,14
2024-09-17 13:53:27.518,401.37971351175537,97
2024-09-17 13:53:27.530,401.37113053938936,96
2024-09-17 13:53:27.544,401.3320938316073,99
2024-09-17 13:53:27.547,401.3177385975392,8
2024-09-17 13:53:27.557,401.285378945251,13
2024-09-17 13:53:27.564,40.13852177738974,5
2024-09-17 13:53:27.579,401.3440398250817,999
2024-09-17 13:53:27.634,401.3481982666933,99
2024-09-17 13:53:27.673,401.3836743439803,12
2024-09-17 13:53:27.709,,8
2024-09-17 13:53:27.756,-401.3696384873945,99
2024-09-17 13:53:27.775,401.2821813604037,1004
2024-09-17 13:53:27.792,401.3740047765423,996
2024-09-17 13:53:27.866,401.35950883065857,999
2024-09-17 13:53:27.945,401.34918743338176,1002
2024-09-17 13:53:28.042,401.2745587102394,11
2024-09-17 13:53:28.137,401.2863763078569,96
2024-09-17 13:53:28.139,401.3246738077871,98
2024-09-17 13:53:28.149,401.30015918020985,13
2024-09-17 13:53:28.159,401.2996154721719,103
2024-09-17 13:53:28.246,401.2962236089764,1001
2024-09-17 13:53:28.254,401.308236502042,997
2024-09-17 13:53:28.303,401.3144376756916,98
2024-09-17 13:53:28.311,401.3491896741598,14
2024-09-17 13:53:28.487,401.2809730870528,103
2024-09-17 13:53:28.630,401.29426773346086,12
2024-09-17 13:53:28.630,401.2716411721837,998
2024-09-17 13:53:28.719,401.2826726207581,105
2024-09-17 13:53:28.730,40.129974877135474,999
2024-09-17 13:53:28.752,401.3450891279644,8
2024-09-17 13:53:28.778,401.28052916781166,1002
2024-09-17 13:53:28.881,401.27707682664976,8
2024-09-17 13:53:28.979,401.283379980128,13
2024-09-17 13:53:29.057,401.28203218234313,1002
2024-09-17 13:53:29.124,401.1787871374976,7
2024-09-17 13:53:29.178,401.2451970408576,100
2024-09-17 13:53:29.272,401.21487426961073,100
2024-09-17 13:53:29.287,401.16806535383074,12
2024-09-17 13:53:29.302,401.2827649983933,9
2024-09-17 13:53:29.316,401.1689365655169,14
2024-09-17 13:53:29.330,401.25472239709103,103
2024-09-17 13:53:29.368,401.2714019685058,998
2024-09-17 13:53:29.401,401.2161967949186,995
2024-09-17 13:53:29.446,401.20526258679655,95
2024-09-17 13:53:29.458,,95
2024-09-17 13:53:29.464,401.2476302741484,101
2024-09-17 13:53:29.527,401.23261290513096,105
2024-09-17 13:53:29.528,401.1748676336735,10
2024-09-17 13:53:29.550,401.1705837697933,1000
2024-09-17 13:53:29.582,401.2847816108388,995
2024-09-17 13:53:29.755,401.1910290369949,1000
2024-09-17 13:53:29.833,401.2774670218309,105
2024-09-17 13:53:29.868,401.238287869896,95
2024-09-17 13:53:29.873,401.2773833594533,12
2024-09-17 13:53:29.886,401.18412724131525,15
2024-09-17 13:53:29.909,401.26132998453,99
2024-09-17 13:53:29.932,401.228077141562,11
2024-09-17 13:53:29.953,401.2572889884416,104
2024-09-17 13:53:29.960,401.279208885468,8
2024-09-17 13:53:30.280,401.1903805133287,1000
2024-09-17 13:53:30.349,401.2254708431272,13
2024-09-17 13:53:30.369,401.1936530948674,100
2024-09-17 13:53:30.512,401.2148710135066,1003
2024-09-17 13:53:30.545,401.2005493949212,1000
2024-09-17 13:53:30.589,401.2070218429336,96
2024-09-17 13:53:30.615,401.1983192556591,104
2024-09-17 13:53:30.667,401.1781364891322,98
2024-09-17 13:53:30.676,401.2054371074813,98
2024-09-17 13:53:30.677,401.2395436817069,96
2024-09-17 13:53:30.682,401.2192822793441,9
2024-09-17 13:53:30.683,401.2038720811335,97
2024-09-17 13:53:30.719,401.2060112569502,95
2024-09-17 13:53:30.794,401.2091831043573,15
2024-09-17 13:53:30.803,401.2133933441541,998
2024-09-17 13:53:30.832,401.221724689427,102
2024-09-17 13:53:30.849,401.2198942853609,1005
2024-09-17 13:53:30.858,401.2091296200479,5
2024-09-17 13:53:30.913,401.233432078628,1004
2024-09-17 13:53:30.967,401.2389262040175,96
2024-09-17 13:53:31.006,401.2305932501861,1001
2024-09-17 13:53:31.052,401.2379181645269,9
2024-09-17 13:53:31.090,401.2215516101236,98
2024-09-17 13:53:31.131,401.2216477079376,98
2024-09-17 13:53:31.133,401.2061320892635,101
2024-09-17 13:53:31.137,401.2187461598492,10
2024-09-17 13:53:31.148,401.247482477381,99
2024-09-17 13:53:31.165,401.20320131535664,98
2024-09-17 13:53:31.218,401.21956712930455,7
2024-09-17 13:53:31.263,401.25961791177247,1005
2024-09-17 13:53:31.419,401.25811724812553,95
2024-09-17 13:53:31.430,401.24019134761926,998
2024-09-17 13:53:31.479,401.2350188526669,998
2024-09-17 13:53:31.632,401.2201640814315,999
2024-09-17 13:53:31.650,401.2589209937631,12
2024-09-17 13:53:31.727,401.2426794280623,997
2024-09-17 13:53:31.791,401.2418757563918,1005
2024-09-17 13:53:31.802,401.26146730236,9
2024-09-17 13:53:31.822,401.244619724418,101
2024-09-17 13:53:31.840,401.22094134369615,101
2024-09-17 13:53:31.871,401.2605796886327,15
2024-09-17 13:53:31.900,401.22219844892174,997
2024-09-17 13:53:31.934,401.249143183794,97
2024-09-17 13:53:31.979,401.2501402029047,7
2024-09-17 13:53:31.989,401.2360525057841,5
2024-09-17 13:53:32.011,401.1836342990442,1001
2024-09-17 13:53:32.059,401.1941904303928,7
2024-09-17 13:53:32.117,401.1749308729182,8
2024-09-17 13:53:32.151,401.1965631775059,1005
2024-09-17 13:53:32.760,401.17944691765024,103
2024-09-17 13:53:32.800,401.190974507449,11
2024-09-17 13:53:32.917,401.1881201065308,13
2024-09-17 13:53:33.082,401.1798767529473,1003
2024-09-17 13:53:33.166,401.1798993172914,104
2024-09-17 13:53:33.326,401.1780759963817,996
2024-09-17 13:53:33.764,401.1829099821094,10
2024-09-17 13:53:34.634,401.1811963677639,999
2024-09-17 13:53:34.809,401.1787420271196,100
2024-09-17 13:53:35.722,401.1796629345939,9
2024-09-17 13:53:36.042,401.13709585351097,1002
2024-09-17 13:53:36.045,401.1403201338872,7
2024-09-17 13:53:36.125,401.1931329455022,999
2024-09-17 13:53:36.189,401.1646754031341,103
2024-09-17 13:53:36.230,-401.1664095642775,14
2024-09-17 13:53:36.244,401.1752597550888,95
2024-09-17 13:53:36.351,401.17044080243465,998
2024-09-17 13:53:36.366,401.1812316068442,101
2024-09-17 13:53:36.392,401.1629628722106,1004
2024-09-17 13:53:36.401,401.1393607673632,97
2024-09-17 13:53:36.403,401.1885622213607,996
2024-09-17 13:53:36.463,401.1792006108704,1000
2024-09-17 13:53:36.478,401.1774079157043,995
2024-09-17 13:53:36.483,401.1416455514589,12
2024-09-17 13:53:36.554,401.1807556175734,15
2024-09-17 13:53:36.706,401.1552955378099,11
2024-09-17 13:53:36.763,401.1717800684392,104
2024-09-17 13:53:36.788,401.1466611275951,1001
2024-09-17 13:53:36.811,401.1925366393076,104
2024-09-17 13:53:36.881,401.1634579481568,11
2024-09-17 13:53:36.967,401.1716220878386,103
2024-09-17 13:53:37.030,401.1382565714753,11
2024-09-17 13:53:37.030,401.1207519473633,11
2024-09-17 13:53:37.149,401.12780789861466,98
2024-09-17 13:53:37.413,401.13958698330487,995
2024-09-17 13:53:37.431,401.1235938625949,104
2024-09-17 13:53:38.163,-401.13306997075887,100
2024-09-17 13:53:38.306,401.1342250010002,1003
2024-09-17 13:53:38.630,401.13432637068536,8
2024-09-17 13:53:38.636,401.13916777653054,1000
2024-09-17 13:53:38.880,401.1346881976846,995
2024-09-17 13:53:38.931,401.131878342708,96
2024-09-17 13:53:39.115,401.1446696113052,15
2024-09-17 13:53:39.229,401.1381767079871,8
2024-09-17 13:53:39.284,401.1311388036608,7
2024-09-17 13:53:39.592,401.1657200032874,103
2024-09-17 13:53:39.657,401.1354258583745,99
2024-09-17 13:53:39.658,401.1452325286217,1001
2024-09-17 13:53:39.933,401.13248059264026,1005
2024-09-17 13:53:40.343,401.17311128048254,98
2024-09-17 13:53:40.390,401.1746327464208,102
2024-09-17 13:53:40.855,401.1908703769402,100
2024-09-17 13:53:41.136,401.2174394710789,12
2024-09-17 13:53:41.202,401.2262495642684,997
2024-09-17 13:53:41.206,401.196107031156,8
2024-09-17 13:53:41.238,401.1862678295881,99
2024-09-17 13:53:41.260,401.1992750139744,1001
2024-09-17 13:53:41.357,401.1981958294264,14
2024-09-17 13:53:41.396,401.1998040446719,103
2024-09-17 13:53:41.413,401.2062812134871,12
2024-09-17 13:53:41.467,401.18354958519166,1004
2024-09-17 13:53:41.680,401.2318458128937,11
2024-09-17 13:53:41.839,401.190542679863,15
2024-09-17 13:53:42.013,401.2371353395293,96
2024-09-17 13:53:42.051,401.2325314212631,996
2024-09-17 13:53:42.137,401.24945450821866,1001
2024-09-17 13:53:42.151,401.2480070121608,8
2024-09-17 13:53:42.153,401.20693237903777,98
2024-09-17 13:53:42.242,401.239998926409,11
2024-09-17 13:53:42.258,401.2425500096903,12
2024-09-17 13:53:42.285,401.2305467100063,103
2024-09-17 13:53:42.320,401.2366454050621,5
2024-09-17 13:53:42.326,401.2427538822855,100
2024-09-17 13:53:42.339,401.25403255511264,999
2024-09-17 13:53:42.369,401.21458009117936,100
2024-09-17 13:53:42.538,401.2231643644296,100
2024-09-17 13:53:42.558,401.26517703103065,105
2024-09-17 13:53:42.587,401.2229655884695,104
2024-09-17 13:53:42.594,401.2511272654491,104
2024-09-17 13:53:42.604,401.2230060508392,97
2024-09-17 13:53:42.685,401.2030068016412,997
2024-09-17 13:53:42.719,401.24824211699513,998
2024-09-17 13:53:42.754,401.2419492468203,1004
2024-09-17 13:53:42.799,401.2418015824608,12
2024-09-17 13:53:42.803,401.238837442435,996
2024-09-17 13:53:42.907,401.2374759309725,999
2024-09-17 13:53:43.193,401.2774074666469,1001
2024-09-17 13:53:43.201,401.265134183481,7
2024-09-17 13:53:43.241,401.27813973402687,95
2024-09-17 13:53:43.284,401.28881750532366,102
2024-09-17 13:53:43.510,401.2743954620012,95
2024-09-17 13:53:43.535,401.2381914839407,1000
2024-09-17 13:53:43.567,401.2863308942032,10
2024-09-17 13:53:43.584,401.2669967993109,995
2024-09-17 13:53:43.615,401.2781013623178,1005
2024-09-17 13:53:43.857,401.2666186763295,15
2024-09-17 13:53:43.859,40.12658509316287,103
2024-09-17 13:53:44.145,401.3398563883242,997
2024-09-17 13:53:44.160,401.2887645976042,996
2024-09-17 13:53:44.271,401.2922341179228,13
2024-09-17 13:53:44.339,401.3154316410608,1004
2024-09-17 13:53:44.387,401.332655108806,15
2024-09-17 13:53:44.498,401.33349670391135,1003
2024-09-17 13:53:44.553,401.3181816143818,995
2024-09-17 13:53:44.554,401.3183406682524,7
2024-09-17 13:53:44.573,401.2850704900986,996
2024-09-17 13:53:44.590,401.28020999134935,995
2024-09-17 13:53:44.712,401.3143781650408,98
2024-09-17 13:53:44.777,401.3093908057906,15
2024-09-17 13:53:44.809,401.3146831381367,1004
2024-09-17 13:53:44.881,401.3420952161042,6
2024-09-17 13:53:44.940,401.2930244322363,11
2024-09-17 13:53:44.984,401.2952713936632,1002
2024-09-17 13:53:45.007,401.3118616836717,997
2024-09-17 13:53:45.047,401.2957724661262,105
2024-09-17 13:53:45.101,401.2946271941415,100
2024-09-17 13:53:45.103,401.323144640305,96
2024-09-17 13:53:45.129,401.32470050121856,11
2024-09-17 13:53:45.199,401.2870489019533,1003
2024-09-17 13:53:45.289,401.2990992736042,9
2024-09-17 13:53:45.328,401.3375057495568,11
2024-09-17 13:53:45.525,401.3190593339451,15
2024-09-17 13:53:45.577,401.3184346674416,104
2024-09-17 13:53:45.599,401.308677419186,9
2024-09-17 13:53:45.648,401.3070474984448,997
2024-09-17 13:53:45.674,401.30445942341646,998
2024-09-17 13:53:45.726,401.3441889972378,1005
2024-09-17 13:53:45.738,401.2754877621487,997
2024-09-17 13:53:45.763,401.329021381019,102
2024-09-17 13:53:45.779,401.29670488457054,1002
2024-09-17 13:53:45.792,401.29159944443006,96
2024-09-17 13:53:45.814,401.326310521974,1002
2024-09-17 13:53:45.956,401.2865581026143,104
2024-09-17 13:53:45.994,401.339601593441,1002
2024-09-17 13:53:46.025,401.3087362846595,997
2024-09-17 13:53:46.047,401.3102503434632,6
2024-09-17 13:53:46.098,401.3026378390197,996
2024-09-17 13:53:46.134,401.31655159095743,997
2024-09-17 13:53:46.251,401.30168491375184,98
2024-09-17 13:53:46.296,401.3205642821797,995
2024-09-17 13:53:46.360,401.3026098764383,95
2024-09-17 13:53:46.422,401.29983637684194,998
2024-09-17 13:53:46.444,401.2961484378613,1003
2024-09-17 13:53:46.458,401.30837213571,11
2024-09-17 13:53:46.464,401.3096846198096,997
2024-09-17 13:53:46.490,401.29907001090027,12
2024-09-17 13:53:46.505,401.29417721793226,996
2024-09-17 13:53:46.534,401.3055418464584,102
2024-09-17 13:53:46.565,401.3113656463573,1000
2024-09-17 13:53:46.595,401.2953944620977,96
2024-09-17 13:53:46.684,401.30076935105313,100
2024-09-17 13:53:46.797,401.2964470239568,8
2024-09-17 13:53:46.836,401.29758242656897,14
2024-09-17 13:53:46.913,401.3049562067965,102
2024-09-17 13:53:46.928,401.2900224904616,995
2024-09-17 13:53:47.156,401.2005482904028,103
2024-09-17 13:53:47.245,401.1987420816668,13
2024-09-17 13:53:47.297,401.2254747491756,8
2024-09-17 13:53:47.355,401.2293828562137,8
2024-09-17 13:53:47.357,401.2607118834491,1000
2024-09-17 13:53:47.438,401.1950288841393,996
2024-09-17 13:53:47.454,401.2322939607947,99
2024-09-17 13:53:47.480,401.2483315910672,96
2024-09-17 13:53:47.562,401.2080923945024,99
2024-09-17 13:53:47.648,401.2068489213382,1005
2024-09-17 13:53:47.694,401.23175128245487,1003
2024-09-17 13:53:47.697,401.2047536398948,1000
2024-09-17 13:53:47.775,401.22970904974216,8
2024-09-17 13:53:47.790,401.2155010030132,104
2024-09-17 13:53:47.913,401.2529042937084,999
2024-09-17 13:53:47.929,401.2582501347573,12
2024-09-17 13:53:47.944,401.2494045023347,13
2024-09-17 13:53:47.953,401.2102658089413,7
2024-09-17 13:53:48.029,401.2644919575657,14
2024-09-17 13:53:48.081,401.2389844620311,96
2024-09-17 13:53:48.286,401.23611429911085,102
2024-09-17 13:53:48.576,401.2738706663865,100
2024-09-17 13:53:48.653,401.27163475523065,99
2024-09-17 13:53:48.716,401.2403942770896,15
2024-09-17 13:53:48.897,401.243719264779,998
2024-09-17 13:53:48.904,401.2594787867261,103
2024-09-17 13:53:49.087,401.27445939615336,6
2024-09-17 13:53:49.115,401.2797817277699,1004
2024-09-17 13:53:49.245,401.2781385405953,15
2024-09-17 13:53:49.496,401.2674692585271,1005
2024-09-17 13:53:49.589,401.262226510663,995
2024-09-17 13:53:49.598,401.2722402741736,12
2024-09-17 13:53:49.600,401.2767765035253,98
2024-09-17 13:53:49.779,401.2737637343849,1005
2024-09-17 13:53:49.827,401.2506203118149,102
2024-09-17 13:53:49.842,401.2890436968963,1004
2024-09-17 13:53:49.958,401.2551727900502,9
2024-09-17 13:53:50.008,401.2746613630197,998
2024-09-17 13:53:50.109,401.2752044829375,1003
2024-09-17 13:53:50.164,401.3137532410454,9
2024-09-17 13:53:50.273,401.2643363567232,999
2024-09-17 13:53:50.287,401.2843693750204,98
2024-09-17 13:53:50.289,401.2564621626064,13
2024-09-17 13:53:50.308,,1004
2024-09-17 13:53:50.337,401.29330765898425,8
2024-09-17 13:53:50.363,40.1273904659604,10
2024-09-17 13:53:50.423,401.2784180435208,98
2024-09-17 13:53:50.425,401.2605497196493,998
2024-09-17 13:53:50.517,401.2359644400166,10
2024-09-17 13:53:50.522,401.28024152601694,1001
2024-09-17 13:53:50.538,401.2606218772745,103
2024-09-17 13:53:50.618,401.24586883788334,7
2024-09-17 13:53:50.664,401.28177501714026,1003
2024-09-17 13:53:50.721,401.25397252601584,995
2024-09-17 13:53:50.730,401.2641110594458,95
2024-09-17 13:53:50.746,401.2672090472011,105
2024-09-17 13:53:50.750,401.28164784137766,995
2024-09-17 13:53:50.773,401.26390213774766,999
2024-09-17 13:53:50.827,401.2765223791288,102
2024-09-17 13:53:50.845,401.23418302782005,12
2024-09-17 13:53:50.897,401.3017532984693,6
2024-09-17 13:53:50.918,401.2409057353114,98
2024-09-17 13:53:50.928,401.26761504886497,1002
2024-09-17 13:53:50.937,401.254998279214,5
2024-09-17 13:53:51.084,401.2063104870819,8
2024-09-17 13:53:51.139,401.20017925658425,105
2024-09-17 13:53:51.150,401.23415167928,12
2024-09-17 13:53:51.160,401.2127546350837,95
2024-09-17 13:53:51.208,401.2247380060856,95
2024-09-17 13:53:51.254,401.2225171386359,103
2024-09-17 13:53:51.324,401.2298703533542,5
2024-09-17 13:53:51.344,401.207155860731,5
2024-09-17 13:53:51.456,401.2271714454873,95
2024-09-17 13:53:51.481,401.2298914787359,97
2024-09-17 13:53:51.524,401.20905561409137,1002
2024-09-17 13:53:51.577,401.2302134768185,10
2024-09-17 13:53:51.610,401.1964588580108,12
2024-09-17 13:53:51.630,401.21954746793295,100
2024-09-17 13:53:51.725,401.2191435070099,1002
2024-09-17 13:53:51.728,401.1987692009096,1000
2024-09-17 13:53:51.804,401.2234397409365,999
2024-09-17 13:53:51.828,401.2224391377673,995
2024-09-17 13:53:51.829,401.2077528940305,99
2024-09-17 13:53:51.914,401.2326531102064,10
2024-09-17 13:53:52.060,401.1701994540618,98
2024-09-17 13:53:52.069,401.1859623462717,8
2024-09-17 13:53:52.093,401.0953012452214,7
2024-09-17 13:53:52.198,401.04333447018,1000
2024-09-17 13:53:52.219,401.1073287277691,997
2024-09-17 13:53:52.255,401.1251528575801,104
2024-09-17 13:53:52.278,401.1244781278602,103
2024-09-17 13:53:52.289,401.148664372669,9
2024-09-17 13:53:52.296,401.17725786325326,999
2024-09-17 13:53:52.398,401.0357891848205,1005
2024-09-17 13:53:52.407,401.0475213574608,12
2024-09-17 13:53:52.496,401.127827507424,10
2024-09-17 13:53:52.554,401.12841077247487,13
2024-09-17 13:53:52.559,401.085661796347,1000
2024-09-17 13:53:52.562,401.17169676384935,8
2024-09-17 13:53:52.604,401.1917483203461,1001
2024-09-17 13:53:52.684,401.1749243764634,9
2024-09-17 13:53:52.746,401.05216719187473,8
2024-09-17 13:53:52.750,40.1144175347925,997
2024-09-17 13:53:52.760,401.1016468488708,1004
2024-09-17 13:53:52.793,401.182057557636,11
2024-09-17 13:53:52.801,401.13083295429226,105
2024-09-17 13:53:52.824,401.0661141992003,96
2024-09-17 13:53:52.829,401.0793345073035,11
2024-09-17 13:53:52.838,,995
2024-09-17 13:53:52.864,401.1075758605917,1003
2024-09-17 13:53:52.888,401.1265407522865,103
2024-09-17 13:53:52.892,401.1158682338549,1003
2024-09-17 13:53:52.957,401.1767265730288,104
2024-09-17 13:53:52.957,401.0457059807695,12
2024-09-17 13:53:53.010,401.1075170441592,15
2024-09-17 13:53:53.224,401.13723213795646,7
2024-09-17 13:53:53.239,401.0306101458114,5
2024-09-17 13:53:53.255,401.11621195930206,101
2024-09-17 13:53:53.307,401.0376155314887,95
2024-09-17 13:53:53.384,401.155767074356,1004
2024-09-17 13:53:53.512,401.178646756653,1000
2024-09-17 13:53:53.540,401.0768689596535,98
2024-09-17 13:53:53.568,401.1130191767134,103
2024-09-17 13:53:53.596,401.1265692819776,102
2024-09-17 13:53:53.646,401.106901803154,95
2024-09-17 13:53:53.713,401.0326540570005,14
2024-09-17 13:53:53.719,401.0731603840604,1004
2024-09-17 13:53:53.744,401.0755786440853,103
2024-09-17 13:53:53.841,401.0655235060298,997
2024-09-17 13:53:53.844,401.05213992873183,12
2024-09-17 13:53:54.017,401.1969681531033,95
2024-09-17 13:53:54.105,401.1732015469317,102
2024-09-17 13:53:54.144,401.177347397556,998
2024-09-17 13:53:54.169,401.1925124366603,9
2024-09-17 13:53:54.171,401.20297580899165,998
2024-09-17 13:53:54.187,401.1970262330627,1004
2024-09-17 13:53:54.189,401.17947991880646,95
2024-09-17 13:53:54.197,401.1927957201665,1003
2024-09-17 13:53:54.208,401.185391712157,1002
2024-09-17 13:53:54.221,401.17063749473294,999
2024-09-17 13:53:54.336,401.19398199293295,8
2024-09-17 13:53:54.358,401.2074848692747,996
2024-09-17 13:53:54.418,401.1447621615364,105
2024-09-17 13:53:54.424,-401.2092396736437,9
2024-09-17 13:53:54.496,401.17802584726735,8
2024-09-17 13:53:54.516,401.1987168551444,10
2024-09-17 13:53:54.565,401.1918334399928,15
2024-09-17 13:53:54.642,401.1630981528246,101
2024-09-17 13:53:54.708,401.15261397385177,102
2024-09-17 13:53:54.841,401.20739628410047,100
2024-09-17 13:53:54.890,401.18612656205335,9
2024-09-17 13:53:54.968,401.2021633904006,1000
2024-09-17 13:53:55.164,401.1383036587295,105
2024-09-17 13:53:55.177,401.15015373433823,95
2024-09-17 13:53:55.368,401.1270471232983,104
2024-09-17 13:53:55.382,401.1143652369233,99
2024-09-17 13:53:55.592,401.1136338116542,996
2024-09-17 13:53:55.615,401.1234891521646,995
2024-09-17 13:53:55.635,401.12231496399056,104
2024-09-17 13:53:55.791,401.1409501553665,99
2024-09-17 13:53:56.010,401.1902283178347,102
2024-09-17 13:53:56.030,401.2026692670766,11
2024-09-17 13:53:56.031,401.17886118752017,101
2024-09-17 13:53:56.066,401.1894932943308,1005
2024-09-17 13:53:56.085,401.2148149680427,6
2024-09-17 13:53:56.178,401.17869893296586,105
2024-09-17 13:53:56.193,401.16453648863774,10
2024-09-17 13:53:56.268,401.20210083375406,997
2024-09-17 13:53:56.402,401.1987466454959,9
2024-09-17 13:53:56.437,401.2001585405085,1002
2024-09-17 13:53:56.509,401.1990436007964,8
2024-09-17 13:53:56.509,401.1559618997517,996
2024-09-17 13:53:56.513,401.1843796027835,100
2024-09-17 13:53:56.548,401.1981749899596,1000
2024-09-17 13:53:56.589,401.20531517874485,998
2024-09-17 13:53:56.605,401.1686032058072,10
2024-09-17 13:53:56.610,401.1737181114786,10
2024-09-17 13:53:56.611,401.2079807184937,12
2024-09-17 13:53:56.650,401.2329981708928,999
2024-09-17 13:53:56.692,401.2090261085663,1003
2024-09-17 13:53:56.701,401.1803905964022,105
2024-09-17 13:53:56.709,401.2046777765802,1001
2024-09-17 13:53:56.725,401.1749420451761,1002
2024-09-17 13:53:56.833,401.1436666333867,98
2024-09-17 13:53:56.840,401.1725943060968,999
2024-09-17 13:53:56.854,401.190224821956,15
2024-09-17 13:53:56.876,401.23730957564,7
2024-09-17 13:53:56.921,401.2056713376299,101
2024-09-17 13:53:56.955,401.2264527559738,95
2024-09-17 13:53:56.966,401.1945383117411,1005
2024-09-17 13:53:57.064,401.1770711189344,6
2024-09-17 13:53:57.066,401.16101377374974,5
2024-09-17 13:53:57.077,401.1796619877826,996
2024-09-17 13:53:57.104,401.1770983570696,996
2024-09-17 13:53:57.142,401.1716745328828,97
2024-09-17 13:53:57.214,401.188323895038,1004
2024-09-17 13:53:57.269,401.1865079524689,996
2024-09-17 13:53:57.313,401.18396817687255,1001
2024-09-17 13:53:57.336,401.1935010267828,14
2024-09-17 13:53:57.340,401.1774405768195,101
2024-09-17 13:53:57.376,401.1895493910127,11
2024-09-17 13:53:57.385,401.1194873151165,1003
2024-09-17 13:53:57.442,401.1153418711068,12
2024-09-17 13:53:57.468,401.1477430360552,1000
2024-09-17 13:53:57.494,401.1828374925989,1001
2024-09-17 13:53:57.522,401.19149419877135,99
2024-09-17 13:53:57.561,401.16963822392233,1000
2024-09-17 13:53:57.569,401.1551121793016,1000
2024-09-17 13:53:57.606,401.1176746398713,11
2024-09-17 13:53:57.641,401.2009090635221,96
2024-09-17 13:53:57.739,401.18986681220366,1005
2024-09-17 13:53:57.759,401.11952944730575,99
2024-09-17 13:53:57.772,401.16113384259256,14
2024-09-17 13:53:57.828,-401.1933010272432,998
2024-09-17 13:53:57.861,401.1862673041755,1002
2024-09-17 13:53:57.863,401.1718200310602,12
2024-09-17 13:53:57.936,401.1831987121781,998
2024-09-17 13:53:57.964,401.13128247049343,6
2024-09-17 13:53:57.981,401.1760987452653,1002
2024-09-17 13:53:58.042,401.1242576569337,96
2024-09-17 13:53:58.099,401.0939234044647,8
2024-09-17 13:53:58.278,401.1044213337686,5
2024-09-17 13:53:58.281,401.1156054538546,13
2024-09-17 13:53:58.361,401.141991817456,105
2024-09-17 13:53:58.441,401.0868048851536,1002
2024-09-17 13:53:58.444,401.11683827035097,1000
2024-09-17 13:53:58.528,401.0908320151162,1005
2024-09-17 13:53:58.531,401.10776110796377,11
2024-09-17 13:53:58.537,401.1126324223364,15
2024-09-17 13:53:58.594,401.11470921406885,10
2024-09-17 13:53:58.653,401.1091215074894,995
2024-09-17 13:53:58.715,401.1105423137245,14
2024-09-17 13:53:58.775,401.0848803912838,6
2024-09-17 13:53:58.857,401.07934743960726,11
2024-09-17 13:53:58.894,401.0982233098994,99
2024-09-17 13:53:58.974,401.124568934009,995
2024-09-17 13:53:59.064,401.10456713841467,1003
2024-09-17 13:53:59.075,401.1103457523811,997
2024-09-17 13:53:59.147,401.1027672100463,95
2024-09-17 13:53:59.167,401.07558310942807,5
2024-09-17 13:53:59.213,401.0818304653103,96
2024-09-17 13:53:59.229,401.0994067387086,103
2024-09-17 13:53:59.326,401.1143924469501,1005
2024-09-17 13:53:59.337,401.1023627859645,1000
2024-09-17 13:53:59.388,401.0853989078697,96
2024-09-17 13:53:59.389,401.1118125836557,1001
2024-09-17 13:53:59.410,401.1157613424097,7
2024-09-17 13:53:59.422,401.1001526002584,13
2024-09-17 13:53:59.448,,95
2024-09-17 13:53:59.479,401.1149320547903,5
2024-09-17 13:53:59.652,401.1058832696306,13
2024-09-17 13:53:59.737,401.07364191954144,995
2024-09-17 13:53:59.783,401.1229048468762,97
2024-09-17 13:53:59.807,401.0754243458629,14
2024-09-17 13:53:59.860,401.102325372369,1002
2024-09-17 13:53:59.867,401.1023529662664,1000
2024-09-17 13:53:59.973,401.0856756550165,105
2024-09-17 13:53:59.977,401.1148788506508,10
2024-09-17 13:53:59.985,401.0991474971666,1003
2024-09-17 13:53:59.988,401.079227927792,101
2024-09-17 13:53:59.994,401.080208231542,6
