Timestamp,Price,Size
2024-09-16 14:33:01.099,416.21144994274687,1005
2024-09-16 14:33:01.373,416.2230351228836,12
2024-09-16 14:33:01.469,416.22262895682456,1004
2024-09-16 14:33:01.640,416.2262800732056,1004
2024-09-16 14:33:01.717,416.2100623922744,15
2024-09-16 14:33:01.807,416.219356366176,10
2024-09-16 14:33:02.036,416.2208932449567,5
2024-09-16 14:33:02.044,416.1841508344209,1002
2024-09-16 14:33:02.056,416.2255179730351,105
2024-09-16 14:33:02.155,416.1593456921012,15
2024-09-16 14:33:02.212,416.15027065993513,15
2024-09-16 14:33:02.224,416.22112636974697,102
2024-09-16 14:33:02.264,416.18979633483616,95
2024-09-16 14:33:02.323,,13
2024-09-16 14:33:02.410,416.2146326829623,100
2024-09-16 14:33:02.418,416.1971826004991,99
2024-09-16 14:33:02.439,416.2237293814296,1004
2024-09-16 14:33:02.447,416.1973011050936,1004
2024-09-16 14:33:02.448,416.19745855312016,996
2024-09-16 14:33:02.459,416.1960912832077,9
2024-09-16 14:33:02.556,416.22317330046496,1003
2024-09-16 14:33:02.642,416.2259022769036,995
2024-09-16 14:33:02.748,416.208069818548,96
2024-09-16 14:33:02.770,416.2131013679669,9
2024-09-16 14:33:02.812,416.1878254510456,99
2024-09-16 14:33:02.824,416.1853545101427,1001
2024-09-16 14:33:02.905,416.2321111816447,13
2024-09-16 14:33:02.943,416.21964022241184,12
2024-09-16 14:33:02.963,416.2094867533364,1005
2024-09-16 14:33:02.967,416.16207204130046,1005
2024-09-16 14:33:02.972,416.1677898682297,5
2024-09-16 14:33:03.190,416.1821550742615,1004
2024-09-16 14:33:03.410,416.1708659169872,1003
2024-09-16 14:33:03.439,416.1597890001414,10
2024-09-16 14:33:03.676,416.1640996584252,97
2024-09-16 14:33:03.723,416.1813728403809,103
2024-09-16 14:33:03.873,416.162054565128,102
2024-09-16 14:33:04.082,416.17559576852005,95
2024-09-16 14:33:04.127,416.07009825222656,1005
2024-09-16 14:33:04.218,416.0498085990102,11
2024-09-16 14:33:04.274,416.0922701428656,1004
2024-09-16 14:33:04.279,416.0993617067164,12
2024-09-16 14:33:04.368,416.0750360693471,104
2024-09-16 14:33:04.390,416.0639020648826,996
2024-09-16 14:33:04.447,416.0947945826166,102
2024-09-16 14:33:04.543,416.0895535105311,999
2024-09-16 14:33:04.575,416.0607916931073,1004
2024-09-16 14:33:04.724,416.0511927234775,99
2024-09-16 14:33:04.731,416.1289309291789,96
2024-09-16 14:33:04.754,416.0872304899412,99
2024-09-16 14:33:04.781,416.1485701503909,104
2024-09-16 14:33:04.848,416.1187560936744,99
2024-09-16 14:33:04.902,416.16937461039913,995
2024-09-16 14:33:04.947,416.09106243965306,996
2024-09-16 14:33:04.949,416.0971838046778,1004
2024-09-16 14:33:04.978,416.0968304144958,996
2024-09-16 14:33:05.014,416.05936087998543,95
2024-09-16 14:33:05.169,416.0658300485619,13
2024-09-16 14:33:05.604,416.0670704191248,1004
2024-09-16 14:33:05.687,416.0707318624853,1003
2024-09-16 14:33:05.709,416.0509906912728,100
2024-09-16 14:33:05.714,416.053089839746,1004
2024-09-16 14:33:06.025,416.0837037160663,13
2024-09-16 14:33:06.098,416.078924476468,104
2024-09-16 14:33:06.172,416.1014360513857,6
2024-09-16 14:33:06.237,416.095604855127,104
2024-09-16 14:33:06.521,416.0695178644328,998
2024-09-16 14:33:06.765,416.0938026680417,1001
2024-09-16 14:33:06.774,416.0905013170748,101
2024-09-16 14:33:07.039,416.0940105429404,6
2024-09-16 14:33:07.051,416.0832496796131,1005
2024-09-16 14:33:07.061,416.0966639956985,103
2024-09-16 14:33:07.111,416.1051486680816,1000
2024-09-16 14:33:07.207,416.0790473608254,104
2024-09-16 14:33:07.225,416.1057102265364,101
2024-09-16 14:33:07.424,416.09975332388126,13
2024-09-16 14:33:07.442,416.1018406120705,995
2024-09-16 14:33:07.465,416.1022260828608,105
2024-09-16 14:33:07.488,416.1022517051332,1001
2024-09-16 14:33:07.534,416.11002015984593,96
2024-09-16 14:33:07.551,416.1351841196786,12
2024-09-16 14:33:07.656,416.1146421586619,98
2024-09-16 14:33:07.759,416.0918089195978,1001
2024-09-16 14:33:07.922,416.1009726368719,105
2024-09-16 14:33:08.342,416.078803468767,1001
2024-09-16 14:33:08.486,416.102569341426,100
2024-09-16 14:33:09.145,416.0676960087425,102
2024-09-16 14:33:09.163,416.1049536948649,12
2024-09-16 14:33:09.190,416.0879060675679,14
2024-09-16 14:33:09.415,416.08088407572274,100
2024-09-16 14:33:09.501,416.1193955707016,6
2024-09-16 14:33:09.553,416.1170296050429,6
2024-09-16 14:33:09.576,416.09214817148944,101
2024-09-16 14:33:09.619,416.1223871989869,8
2024-09-16 14:33:09.688,416.13009841260777,1005
2024-09-16 14:33:09.693,416.10502098378805,15
2024-09-16 14:33:09.844,416.1440638209722,99
2024-09-16 14:33:09.921,416.163285529548,998
2024-09-16 14:33:10.052,416.1802833539045,102
2024-09-16 14:33:10.132,416.1545994093793,13
2024-09-16 14:33:10.169,416.18671392181096,100
2024-09-16 14:33:10.296,416.1828368085559,999
2024-09-16 14:33:10.334,416.1571902886213,98
2024-09-16 14:33:10.511,416.16009999986136,6
2024-09-16 14:33:10.688,416.1735681195976,998
2024-09-16 14:33:10.934,416.19057258180806,103
2024-09-16 14:33:10.973,416.1758275390813,11
2024-09-16 14:33:11.059,416.1364363010222,999
2024-09-16 14:33:11.094,416.13046521421927,1000
2024-09-16 14:33:11.108,416.1354040527343,96
2024-09-16 14:33:11.120,416.1284673014971,13
2024-09-16 14:33:11.229,416.1302951950148,7
2024-09-16 14:33:11.282,416.1662751838702,999
2024-09-16 14:33:11.335,416.11846765493664,5
2024-09-16 14:33:11.426,416.13181731286,1002
2024-09-16 14:33:11.522,416.18058079038207,100
2024-09-16 14:33:11.586,416.1374207304481,96
2024-09-16 14:33:11.598,416.1486832152362,8
2024-09-16 14:33:11.607,416.1387578414663,95
2024-09-16 14:33:11.661,416.1766849430496,102
2024-09-16 14:33:11.702,416.1556828382581,996
2024-09-16 14:33:11.800,-416.1318048111355,104
2024-09-16 14:33:11.865,416.1459756322629,997
2024-09-16 14:33:11.983,41.61384219193368,11
2024-09-16 14:33:12.135,416.1310023668698,95
2024-09-16 14:33:12.297,416.15052662019,97
2024-09-16 14:33:12.518,416.1516386132157,5
2024-09-16 14:33:12.570,416.1372624559461,103
2024-09-16 14:33:12.653,-416.1355165165988,1001
2024-09-16 14:33:12.679,416.13008652597415,102
2024-09-16 14:33:13.055,416.2006017619888,1000
2024-09-16 14:33:13.148,416.16291744213294,1002
2024-09-16 14:33:13.201,416.1374293469833,11
2024-09-16 14:33:13.225,416.1863188351685,15
2024-09-16 14:33:13.227,416.16920144985454,1002
2024-09-16 14:33:13.314,-416.1837906825632,96
2024-09-16 14:33:13.326,416.1834230526494,15
2024-09-16 14:33:13.365,416.16351947303167,998
2024-09-16 14:33:13.452,416.1833008064673,15
2024-09-16 14:33:13.558,416.1923506507171,15
2024-09-16 14:33:13.587,416.1681866937069,104
2024-09-16 14:33:13.590,416.2104496136497,10
2024-09-16 14:33:13.656,416.1745055552628,9
2024-09-16 14:33:13.682,416.1866331731092,11
2024-09-16 14:33:13.725,416.1744460171751,1000
2024-09-16 14:33:13.832,416.1761860141957,15
2024-09-16 14:33:13.856,416.1658391862602,999
2024-09-16 14:33:13.883,416.1742448287689,13
2024-09-16 14:33:13.935,416.1971604451454,995
2024-09-16 14:33:13.944,416.2185367497865,997
2024-09-16 14:33:14.000,416.2200033521348,100
2024-09-16 14:33:14.082,41.61808333042445,11
2024-09-16 14:33:14.131,416.2159798467216,13
2024-09-16 14:33:14.131,416.1805255876934,1004
2024-09-16 14:33:14.245,416.20523589347147,11
2024-09-16 14:33:14.295,416.1760004126893,998
2024-09-16 14:33:14.493,416.1719809534128,1002
2024-09-16 14:33:14.534,416.2216879256408,5
2024-09-16 14:33:14.617,416.2342754587904,6
2024-09-16 14:33:14.619,416.1911425479053,15
2024-09-16 14:33:14.740,416.1966048956312,1000
2024-09-16 14:33:14.749,416.1977672400561,9
2024-09-16 14:33:14.860,416.1925571681777,11
2024-09-16 14:33:14.927,416.22598456114656,99
2024-09-16 14:33:14.958,416.1969778045996,10
2024-09-16 14:33:14.965,416.220164443275,102
2024-09-16 14:33:14.984,416.21037171666177,102
2024-09-16 14:33:14.993,416.2081664124216,95
2024-09-16 14:33:15.026,416.1941309875792,104
2024-09-16 14:33:15.133,416.212300184444,99
2024-09-16 14:33:15.166,416.2342598644853,998
2024-09-16 14:33:15.180,416.21300515394256,1003
2024-09-16 14:33:15.187,416.2221951687041,103
2024-09-16 14:33:15.194,416.2421018805488,1003
2024-09-16 14:33:15.244,416.2389239098444,1002
2024-09-16 14:33:15.332,416.23955373057487,995
2024-09-16 14:33:15.360,416.2378743741934,102
2024-09-16 14:33:15.382,416.2302976572627,100
2024-09-16 14:33:15.449,416.1972351807021,14
2024-09-16 14:33:15.478,416.2149187378997,8
2024-09-16 14:33:15.572,416.205212617253,6
2024-09-16 14:33:15.598,416.226751496968,6
2024-09-16 14:33:15.635,416.2076468664934,96
2024-09-16 14:33:15.636,416.20292038940414,1005
2024-09-16 14:33:15.687,416.2447003640777,96
2024-09-16 14:33:15.730,416.2044406194936,11
2024-09-16 14:33:15.743,416.1869475506352,1002
2024-09-16 14:33:15.748,416.2032249309636,1002
2024-09-16 14:33:15.823,416.2204143180893,5
2024-09-16 14:33:15.846,416.2178571557047,1002
2024-09-16 14:33:15.848,416.2235910917781,7
2024-09-16 14:33:15.892,416.2240304991841,1001
2024-09-16 14:33:15.905,416.2253186718673,997
2024-09-16 14:33:15.928,416.234442733296,14
2024-09-16 14:33:15.932,416.225036901929,8
2024-09-16 14:33:15.942,416.2126724244481,1005
2024-09-16 14:33:16.181,416.20180260215096,995
2024-09-16 14:33:16.486,416.1983347173272,1004
2024-09-16 14:33:16.707,416.1991146045176,104
2024-09-16 14:33:16.987,416.2078609263557,995
2024-09-16 14:33:17.005,416.1412703305942,95
2024-09-16 14:33:17.012,416.1459396377015,100
2024-09-16 14:33:17.032,416.1187981074282,15
2024-09-16 14:33:17.052,416.0815366919639,9
2024-09-16 14:33:17.056,416.1115911469164,7
2024-09-16 14:33:17.067,416.13850172858446,9
2024-09-16 14:33:17.109,416.1192774401903,99
2024-09-16 14:33:17.169,416.0840206574313,13
2024-09-16 14:33:17.170,41.61689926931542,101
2024-09-16 14:33:17.212,416.1120306886036,98
2024-09-16 14:33:17.221,416.10971900863655,997
2024-09-16 14:33:17.233,416.1113424683544,97
2024-09-16 14:33:17.235,416.1063080007271,95
2024-09-16 14:33:17.242,416.18611104837896,99
2024-09-16 14:33:17.314,416.1514130564926,100
2024-09-16 14:33:17.342,416.0899409123006,1000
2024-09-16 14:33:17.368,,96
2024-09-16 14:33:17.392,416.1201839863583,999
2024-09-16 14:33:17.408,416.1406834698339,98
2024-09-16 14:33:17.436,416.12967024096224,104
2024-09-16 14:33:17.447,,9
2024-09-16 14:33:17.543,416.1083193014772,1004
2024-09-16 14:33:17.613,416.13689670528566,104
2024-09-16 14:33:17.619,416.0998528516818,1000
2024-09-16 14:33:17.655,416.1311051750458,8
2024-09-16 14:33:17.677,416.1197366898521,999
2024-09-16 14:33:17.734,416.1058446528169,7
2024-09-16 14:33:17.795,416.1100720561954,97
2024-09-16 14:33:17.883,416.10720424890246,13
2024-09-16 14:33:17.981,416.1532213928846,96
2024-09-16 14:33:18.005,416.0362537595833,103
2024-09-16 14:33:18.048,415.9743896961669,99
2024-09-16 14:33:18.086,416.06546914350974,95
2024-09-16 14:33:18.104,416.0140808567721,96
2024-09-16 14:33:18.142,415.9512482789772,95
2024-09-16 14:33:18.177,416.0450077661367,1003
2024-09-16 14:33:18.215,416.01964936345854,999
2024-09-16 14:33:18.227,416.0186915643064,13
2024-09-16 14:33:18.228,-416.0060042992541,97
2024-09-16 14:33:18.388,415.9860007682624,12
2024-09-16 14:33:18.596,415.9731010264306,102
2024-09-16 14:33:18.626,416.07899500051377,11
2024-09-16 14:33:18.698,415.9581074503069,1005
2024-09-16 14:33:18.722,416.02063988158807,14
2024-09-16 14:33:18.743,415.9803456193482,99
2024-09-16 14:33:18.825,415.9327356766663,1002
2024-09-16 14:33:18.835,416.0456117913563,5
2024-09-16 14:33:18.880,416.0163433123777,96
2024-09-16 14:33:18.932,415.9615992454145,103
2024-09-16 14:33:18.948,41.59410900511634,95
2024-09-16 14:33:18.992,415.9524504228992,98
2024-09-16 14:33:19.000,416.0458658744081,14
2024-09-16 14:33:19.026,416.0383365962527,103
2024-09-16 14:33:19.060,415.94513112108456,11
2024-09-16 14:33:19.063,416.0257908007125,101
2024-09-16 14:33:19.145,416.0434202411373,5
2024-09-16 14:33:19.147,416.0273076193776,12
2024-09-16 14:33:19.234,415.9734843002003,97
2024-09-16 14:33:19.318,415.9682140808639,7
2024-09-16 14:33:19.337,415.9513426041584,11
2024-09-16 14:33:19.359,415.94841595800176,100
2024-09-16 14:33:19.479,415.9699207611607,15
2024-09-16 14:33:19.504,415.978733540388,999
2024-09-16 14:33:19.608,415.9537824373804,15
2024-09-16 14:33:19.614,416.0244006441856,13
2024-09-16 14:33:19.654,415.9858240083453,100
2024-09-16 14:33:19.732,415.96845266067993,105
2024-09-16 14:33:19.756,415.9772174091846,95
2024-09-16 14:33:19.794,416.0522588128722,102
2024-09-16 14:33:19.822,415.9639281148139,1004
2024-09-16 14:33:19.863,415.9750942904152,999
2024-09-16 14:33:19.876,415.9675889112293,1002
2024-09-16 14:33:19.889,416.0423057134952,12
2024-09-16 14:33:19.945,416.01599846357465,105
2024-09-16 14:33:19.980,415.9887390762924,1001
2024-09-16 14:33:20.008,416.0849579249968,99
2024-09-16 14:33:20.095,416.0915606518423,105
2024-09-16 14:33:20.107,416.0367839446807,1004
2024-09-16 14:33:20.124,416.045365525116,15
2024-09-16 14:33:20.255,416.0937734238664,1005
2024-09-16 14:33:20.269,416.04007010308135,8
2024-09-16 14:33:20.285,416.0780543039869,999
2024-09-16 14:33:20.336,416.0260549672373,1001
2024-09-16 14:33:20.339,416.0984846118543,104
2024-09-16 14:33:20.387,416.0629615977025,98
2024-09-16 14:33:20.399,416.0937322995911,999
2024-09-16 14:33:20.432,416.0427188424987,999
2024-09-16 14:33:20.450,416.09956124158447,997
2024-09-16 14:33:20.550,416.0418227400068,105
2024-09-16 14:33:20.590,416.0531669197472,105
2024-09-16 14:33:20.607,416.0926649277943,98
2024-09-16 14:33:20.620,416.029671926166,101
2024-09-16 14:33:20.648,416.0431416931,100
2024-09-16 14:33:20.702,416.0778101357447,105
2024-09-16 14:33:20.718,416.054160714142,96
2024-09-16 14:33:20.726,416.05955685691526,105
2024-09-16 14:33:20.730,416.0900731975211,1001
2024-09-16 14:33:20.795,416.04420720440817,1000
2024-09-16 14:33:20.881,416.0479871035441,1001
2024-09-16 14:33:20.911,416.0694192429754,997
2024-09-16 14:33:20.922,416.0348616279595,998
2024-09-16 14:33:21.002,415.9944583964854,102
2024-09-16 14:33:21.006,416.0184826631394,995
2024-09-16 14:33:21.035,415.9812559873157,102
2024-09-16 14:33:21.079,416.00097022594485,99
2024-09-16 14:33:21.117,416.0064172575584,6
2024-09-16 14:33:21.157,416.0200089058189,103
2024-09-16 14:33:21.184,416.007231320072,1004
2024-09-16 14:33:21.188,415.9984684117019,999
2024-09-16 14:33:21.207,415.9892698547901,6
2024-09-16 14:33:21.262,416.02315172223496,105
2024-09-16 14:33:21.267,416.0108071709079,101
2024-09-16 14:33:21.425,416.0194864544019,100
2024-09-16 14:33:21.440,416.01379550868165,15
2024-09-16 14:33:21.456,416.0245867045339,12
2024-09-16 14:33:21.527,415.9915225143665,104
2024-09-16 14:33:21.626,415.99034727387874,10
2024-09-16 14:33:21.656,415.990371978061,7
2024-09-16 14:33:21.694,415.9962226593022,98
2024-09-16 14:33:21.723,416.03576982489824,1003
2024-09-16 14:33:21.749,415.9872038059354,96
2024-09-16 14:33:21.903,41.602024066159295,1000
2024-09-16 14:33:21.904,415.9812945936436,96
2024-09-16 14:33:21.964,416.02304232590944,13
2024-09-16 14:33:22.040,415.99424359381607,5
2024-09-16 14:33:22.101,415.9825764262265,999
2024-09-16 14:33:22.128,415.9893309223874,13
2024-09-16 14:33:22.150,415.9814256974968,100
2024-09-16 14:33:22.302,416.0116029195181,8
2024-09-16 14:33:22.377,415.974205110876,100
2024-09-16 14:33:22.424,415.988066449926,100
2024-09-16 14:33:22.432,415.9634636754617,96
2024-09-16 14:33:22.467,415.9684621617034,996
2024-09-16 14:33:22.512,415.97485434536287,1000
2024-09-16 14:33:22.519,415.9456070407544,101
2024-09-16 14:33:22.541,415.9582921203967,8
2024-09-16 14:33:22.544,415.9660630988716,102
2024-09-16 14:33:22.587,415.99061646263584,995
2024-09-16 14:33:22.657,415.9811514941139,15
2024-09-16 14:33:22.729,415.9742852621957,100
2024-09-16 14:33:22.779,416.0016493462161,98
2024-09-16 14:33:22.781,415.99299186001,995
2024-09-16 14:33:22.826,415.9910724523749,1001
2024-09-16 14:33:22.962,415.9477638716649,999
2024-09-16 14:33:22.993,415.99929361237065,997
2024-09-16 14:33:23.085,415.9469408184684,104
2024-09-16 14:33:23.278,415.9782934862173,7
2024-09-16 14:33:23.553,415.94441968602456,98
2024-09-16 14:33:23.670,41.59823495052469,1001
2024-09-16 14:33:23.678,415.9751025474127,103
2024-09-16 14:33:23.844,418.5750911558995,999
2024-09-16 14:33:23.846,415.9640046839053,8
2024-09-16 14:33:24.017,415.9391967866558,7
2024-09-16 14:33:24.021,415.96477940628193,99
2024-09-16 14:33:24.046,415.90244562873954,100
2024-09-16 14:33:24.110,415.9064316992942,101
2024-09-16 14:33:24.217,415.9097656509192,96
2024-09-16 14:33:24.232,415.9543510440579,997
2024-09-16 14:33:24.274,415.9768576616169,102
2024-09-16 14:33:24.339,415.929052537624,97
2024-09-16 14:33:24.375,415.936707348369,995
2024-09-16 14:33:24.453,415.9422751247735,15
2024-09-16 14:33:24.457,415.92242148332497,1002
2024-09-16 14:33:24.463,415.8967723776775,15
2024-09-16 14:33:24.473,41.59135718189549,1005
2024-09-16 14:33:24.520,415.94866731546426,99
2024-09-16 14:33:24.528,415.96628149845617,1005
2024-09-16 14:33:24.528,415.90318715206007,98
2024-09-16 14:33:24.634,415.9082168497637,1000
2024-09-16 14:33:24.704,415.9378551811269,103
2024-09-16 14:33:24.720,415.9730863634777,5
2024-09-16 14:33:24.804,415.9113580485301,1000
2024-09-16 14:33:24.828,415.9754225540848,6
2024-09-16 14:33:24.841,415.9366030705847,1003
2024-09-16 14:33:24.967,415.9508421127432,97
2024-09-16 14:33:24.998,415.9347839382538,1001
2024-09-16 14:33:25.060,415.9599436416196,103
2024-09-16 14:33:25.114,415.8949028592449,10
2024-09-16 14:33:25.121,416.0048768944416,1000
2024-09-16 14:33:25.179,415.8940888558251,14
2024-09-16 14:33:25.212,415.88880125047314,97
2024-09-16 14:33:25.219,415.96265021831687,103
2024-09-16 14:33:25.221,415.8870172807557,5
2024-09-16 14:33:25.302,415.8793498926119,9
2024-09-16 14:33:25.345,41.597753949378216,97
2024-09-16 14:33:25.429,415.9435246910976,1003
2024-09-16 14:33:25.449,415.8965291314093,15
2024-09-16 14:33:25.490,415.9313330642648,13
2024-09-16 14:33:25.498,-418.6269739999423,996
2024-09-16 14:33:25.500,415.8902585056809,13
2024-09-16 14:33:25.510,415.8971364831895,9
2024-09-16 14:33:25.554,415.92665769135584,5
2024-09-16 14:33:25.594,415.8905894169746,8
2024-09-16 14:33:25.679,415.94902789647927,102
2024-09-16 14:33:25.725,415.9645104620165,998
2024-09-16 14:33:25.741,415.9787134115949,1003
2024-09-16 14:33:25.795,415.9499551700008,998
2024-09-16 14:33:25.822,415.9553181897606,99
2024-09-16 14:33:25.843,415.977856531568,12
2024-09-16 14:33:25.891,415.9303867346897,998
2024-09-16 14:33:25.899,-415.9690810945124,5
2024-09-16 14:33:25.901,415.9106016590019,102
2024-09-16 14:33:25.925,415.9022670141631,15
2024-09-16 14:33:25.929,415.9646807218382,9
2024-09-16 14:33:25.949,415.8875331548548,1003
2024-09-16 14:33:26.032,416.0168726554091,10
2024-09-16 14:33:26.135,415.9682260004982,7
2024-09-16 14:33:26.137,416.0044650477326,7
2024-09-16 14:33:26.140,415.9972332200495,101
2024-09-16 14:33:26.200,415.99004357601655,10
2024-09-16 14:33:26.282,416.0031746895538,101
2024-09-16 14:33:26.329,415.9570370304317,5
2024-09-16 14:33:26.355,416.0161704567299,998
2024-09-16 14:33:26.369,415.99176446794166,1000
2024-09-16 14:33:26.385,416.0205771604379,7
2024-09-16 14:33:26.451,416.01714036033474,14
2024-09-16 14:33:26.465,415.9863117990781,997
2024-09-16 14:33:26.469,416.033231692898,14
2024-09-16 14:33:26.541,415.9578511290188,995
2024-09-16 14:33:26.546,415.988900824751,1002
2024-09-16 14:33:26.569,416.0041672314477,1003
2024-09-16 14:33:26.705,416.0137858750886,10
2024-09-16 14:33:26.716,415.9980670986092,105
2024-09-16 14:33:26.750,416.01440437314193,103
2024-09-16 14:33:26.760,416.0061031381094,998
2024-09-16 14:33:26.767,415.9692978374033,15
2024-09-16 14:33:26.879,416.01115839291134,104
2024-09-16 14:33:26.948,416.031291467138,100
2024-09-16 14:33:26.983,416.0201291579661,998
2024-09-16 14:33:26.989,416.0341730862437,7
2024-09-16 14:33:27.004,415.9950723092098,10
2024-09-16 14:33:27.066,415.9987915769118,10
2024-09-16 14:33:27.073,415.9872994994875,6
2024-09-16 14:33:27.133,415.98888100688737,14
2024-09-16 14:33:27.226,416.0084796909616,6
2024-09-16 14:33:27.236,415.9941923409265,97
2024-09-16 14:33:27.343,415.9747181003711,101
2024-09-16 14:33:27.421,416.0038946435242,6
2024-09-16 14:33:27.452,415.9992308768926,997
2024-09-16 14:33:27.475,416.0169368317127,1005
2024-09-16 14:33:27.519,415.9928890986296,5
2024-09-16 14:33:27.614,416.00246972399526,1000
2024-09-16 14:33:27.630,415.9954408821669,998
2024-09-16 14:33:27.634,415.9882581736714,5
2024-09-16 14:33:27.682,418.6548470017528,1000
2024-09-16 14:33:27.734,416.0047947658886,12
2024-09-16 14:33:27.758,-415.9987877803666,6
2024-09-16 14:33:27.799,416.023900788891,9
2024-09-16 14:33:27.801,416.0024354081648,99
2024-09-16 14:33:27.935,416.012739012562,100
2024-09-16 14:33:27.965,415.9900539095746,100
2024-09-16 14:33:27.980,415.9646195776748,102
2024-09-16 14:33:28.111,416.0499932740721,13
2024-09-16 14:33:28.172,416.06583421205136,9
2024-09-16 14:33:28.187,416.07333831307017,97
2024-09-16 14:33:28.208,416.057536121189,97
2024-09-16 14:33:28.211,416.0740702340966,1002
2024-09-16 14:33:28.449,416.061061575477,998
2024-09-16 14:33:28.495,416.06584357515135,15
2024-09-16 14:33:28.495,416.06651190130185,98
2024-09-16 14:33:28.512,416.0458980435167,95
2024-09-16 14:33:28.585,416.0076659535711,15
2024-09-16 14:33:28.633,41.60651008079356,15
2024-09-16 14:33:28.785,416.0773887857931,995
2024-09-16 14:33:28.811,416.0782932943169,6
2024-09-16 14:33:28.859,416.0441310971789,97
2024-09-16 14:33:28.953,416.0794902685671,15
2024-09-16 14:33:28.967,416.0331851658814,1003
2024-09-16 14:33:29.320,416.0840630672267,12
2024-09-16 14:33:29.581,416.05456208725184,97
2024-09-16 14:33:29.599,-416.0589921840895,1004
2024-09-16 14:33:30.057,416.01138311654296,105
2024-09-16 14:33:30.057,416.0162589292463,8
2024-09-16 14:33:30.241,416.0369764337685,995
2024-09-16 14:33:30.246,416.03299074169615,100
2024-09-16 14:33:30.251,416.0198074298188,995
2024-09-16 14:33:30.267,416.0706533292077,14
2024-09-16 14:33:30.270,416.0540515898308,103
2024-09-16 14:33:30.290,416.042546024097,997
2024-09-16 14:33:30.291,416.1004328422946,101
2024-09-16 14:33:30.360,416.1101436381508,998
2024-09-16 14:33:30.400,416.05800533156696,95
2024-09-16 14:33:30.529,416.0204014444329,5
2024-09-16 14:33:30.552,418.5532640915848,5
2024-09-16 14:33:30.579,416.0580754219707,13
2024-09-16 14:33:30.603,416.05904316610673,7
2024-09-16 14:33:30.636,416.0525190061958,105
2024-09-16 14:33:30.647,415.9942804616495,995
2024-09-16 14:33:30.662,416.0938830214564,6
2024-09-16 14:33:30.668,416.0645220278603,103
2024-09-16 14:33:30.702,416.1023542669735,11
2024-09-16 14:33:30.724,416.0396766809986,97
2024-09-16 14:33:30.728,,95
2024-09-16 14:33:30.743,416.0716948105781,98
2024-09-16 14:33:30.951,,998
2024-09-16 14:33:31.033,416.0865754858757,996
2024-09-16 14:33:31.141,,5
2024-09-16 14:33:31.206,416.0632996070992,100
2024-09-16 14:33:31.214,416.0950814162599,1005
2024-09-16 14:33:31.255,416.0785817771328,10
2024-09-16 14:33:31.263,416.12514363834407,103
2024-09-16 14:33:31.291,416.0934642380079,995
2024-09-16 14:33:31.301,416.1159741901517,97
2024-09-16 14:33:31.345,416.06593467751,13
2024-09-16 14:33:31.402,416.103957672101,13
2024-09-16 14:33:31.427,416.08409661852033,97
2024-09-16 14:33:31.610,416.09907136743055,100
2024-09-16 14:33:31.611,416.1167729216457,995
2024-09-16 14:33:31.627,416.0958365406097,99
2024-09-16 14:33:31.659,416.1069857127839,1005
2024-09-16 14:33:31.693,416.1056610131571,103
2024-09-16 14:33:31.708,416.0827389647205,102
2024-09-16 14:33:31.799,416.1086015114206,96
2024-09-16 14:33:31.860,416.0843803404419,9
2024-09-16 14:33:31.930,416.0917170839497,13
2024-09-16 14:33:31.942,-416.0935414584868,995
2024-09-16 14:33:31.943,416.06309708562463,101
2024-09-16 14:33:32.095,416.0402827379932,10
2024-09-16 14:33:32.255,416.0387190656978,98
2024-09-16 14:33:32.349,416.0123930602648,8
2024-09-16 14:33:32.391,416.0361082965277,99
2024-09-16 14:33:32.420,416.0250133604308,102
2024-09-16 14:33:32.467,416.0509103750481,8
2024-09-16 14:33:32.531,416.0122890621436,10
2024-09-16 14:33:32.649,416.0307093162371,998
2024-09-16 14:33:32.743,416.0060495485122,997
2024-09-16 14:33:32.753,416.01903291177786,14
2024-09-16 14:33:32.819,416.0633930381058,1004
2024-09-16 14:33:32.852,416.0357323293137,8
2024-09-16 14:33:32.886,416.0184695253653,1005
2024-09-16 14:33:32.893,416.0110303208302,5
2024-09-16 14:33:32.977,416.0614979393247,96
2024-09-16 14:33:33.149,416.0166619243255,97
2024-09-16 14:33:33.173,416.0549834842244,1002
2024-09-16 14:33:33.316,416.0716497471967,7
2024-09-16 14:33:33.377,416.0548296196123,10
2024-09-16 14:33:33.410,416.0654178001808,98
2024-09-16 14:33:33.445,416.07815796260695,995
2024-09-16 14:33:33.468,416.06088486243897,6
2024-09-16 14:33:33.523,416.0756617314583,996
2024-09-16 14:33:33.547,415.9850934437289,999
2024-09-16 14:33:33.631,415.9806934459091,14
2024-09-16 14:33:33.772,416.0759715384678,97
2024-09-16 14:33:33.798,416.0568905987958,99
2024-09-16 14:33:33.812,-416.0310473888905,998
2024-09-16 14:33:33.838,416.0635073219312,105
2024-09-16 14:33:33.880,416.06472325922704,996
2024-09-16 14:33:33.910,415.979137028067,15
2024-09-16 14:33:33.928,416.06303293006073,1000
2024-09-16 14:33:33.932,416.06491827715394,14
2024-09-16 14:33:34.063,416.0055610845647,8
2024-09-16 14:33:34.124,416.0391534855512,1003
2024-09-16 14:33:34.156,416.0049824325692,1005
2024-09-16 14:33:34.156,416.0335292150265,96
2024-09-16 14:33:34.162,416.0303381608055,96
2024-09-16 14:33:34.439,415.9793435992549,1001
2024-09-16 14:33:34.515,415.9830745737539,998
2024-09-16 14:33:34.953,415.9813355749896,15
2024-09-16 14:33:35.478,416.02193794439097,1001
2024-09-16 14:33:35.584,416.0421588509296,1004
2024-09-16 14:33:36.044,416.0527809177197,1000
2024-09-16 14:33:36.050,415.9727474189747,1000
2024-09-16 14:33:36.086,416.04068649847846,104
2024-09-16 14:33:36.111,416.0322201448689,100
2024-09-16 14:33:36.130,416.0791296814433,102
2024-09-16 14:33:36.131,416.0659911281678,10
2024-09-16 14:33:36.140,416.051325231758,1005
2024-09-16 14:33:36.222,416.0184909668212,13
2024-09-16 14:33:36.222,415.9871759206002,102
2024-09-16 14:33:36.245,416.0165245077293,11
2024-09-16 14:33:36.363,416.00828401817455,105
2024-09-16 14:33:36.438,416.0709173674607,997
2024-09-16 14:33:36.540,415.995699815937,104
2024-09-16 14:33:36.551,416.0780102609906,104
2024-09-16 14:33:36.643,415.9949740746385,99
2024-09-16 14:33:36.700,415.9666149744989,1000
2024-09-16 14:33:36.737,416.0066778131598,104
2024-09-16 14:33:36.774,416.01856902651934,10
2024-09-16 14:33:36.806,415.9772158384759,1001
2024-09-16 14:33:36.812,416.0039568779328,100
2024-09-16 14:33:36.919,416.00487713978174,995
2024-09-16 14:33:36.930,416.0152558529526,5
2024-09-16 14:33:36.934,416.0609930743724,96
2024-09-16 14:33:36.936,416.04680591093023,1002
2024-09-16 14:33:36.978,416.0071678058287,997
2024-09-16 14:33:36.980,416.01538289371246,12
2024-09-16 14:33:37.469,415.9488121495688,101
2024-09-16 14:33:37.951,415.9289440902697,12
2024-09-16 14:33:38.010,416.1039516351441,1000
2024-09-16 14:33:38.020,416.07352624459946,1001
2024-09-16 14:33:38.356,415.96790626520607,96
2024-09-16 14:33:38.384,416.0967116237783,102
2024-09-16 14:33:38.385,416.1091174718291,7
2024-09-16 14:33:38.398,416.0776881593552,97
2024-09-16 14:33:38.426,416.07253203679824,8
2024-09-16 14:33:38.433,415.924596214672,1002
2024-09-16 14:33:38.441,415.9730256987921,15
2024-09-16 14:33:38.497,,1000
2024-09-16 14:33:38.505,416.0041387863664,14
2024-09-16 14:33:38.528,416.0691449566487,999
2024-09-16 14:33:38.586,416.0768645777304,998
2024-09-16 14:33:38.597,415.99743524306274,10
2024-09-16 14:33:38.597,416.0399041484597,15
2024-09-16 14:33:38.614,416.07813731867566,103
2024-09-16 14:33:38.615,415.94916282805815,998
2024-09-16 14:33:38.648,416.0309462963379,998
2024-09-16 14:33:38.704,416.0012718721526,14
2024-09-16 14:33:38.733,415.9139153561812,997
2024-09-16 14:33:38.764,416.1046127198369,14
2024-09-16 14:33:38.781,416.00178072816993,14
2024-09-16 14:33:38.793,415.9459802643826,1000
2024-09-16 14:33:38.950,415.9196673456456,8
2024-09-16 14:33:38.951,415.9352900905064,100
2024-09-16 14:33:38.957,416.1002045778,98
2024-09-16 14:33:38.993,416.0113809529455,996
2024-09-16 14:33:39.004,416.0383199785068,99
2024-09-16 14:33:39.017,416.0289221676497,7
2024-09-16 14:33:39.034,416.089404510446,15
2024-09-16 14:33:39.050,416.0682304566396,101
2024-09-16 14:33:39.117,416.04142837201385,9
2024-09-16 14:33:39.127,416.0339333406768,5
2024-09-16 14:33:39.149,416.0378020932516,1000
2024-09-16 14:33:39.169,416.0356899534146,100
2024-09-16 14:33:39.177,416.039105764369,996
2024-09-16 14:33:39.234,416.0828698744601,1005
2024-09-16 14:33:39.290,416.0634002878634,8
2024-09-16 14:33:39.292,416.05345383459087,997
2024-09-16 14:33:39.306,416.0751742639835,95
2024-09-16 14:33:39.312,416.0449572313424,13
2024-09-16 14:33:39.335,416.07768833999785,997
2024-09-16 14:33:39.337,416.0514191535912,10
2024-09-16 14:33:39.341,416.0356871494658,102
2024-09-16 14:33:39.379,416.02560742790826,8
2024-09-16 14:33:39.470,416.0667008565428,6
2024-09-16 14:33:39.505,416.02867804692426,1002
2024-09-16 14:33:39.536,416.0470109921418,99
2024-09-16 14:33:39.548,416.0332209280241,999
2024-09-16 14:33:39.563,416.0681110413584,8
2024-09-16 14:33:39.723,416.0232980985759,13
2024-09-16 14:33:39.727,416.0582704180109,6
2024-09-16 14:33:39.772,416.0328373272462,101
2024-09-16 14:33:39.886,416.087703874852,10
2024-09-16 14:33:39.904,416.0913247378269,5
2024-09-16 14:33:39.941,416.0300950713192,105
2024-09-16 14:33:40.107,416.0571511205269,96
2024-09-16 14:33:40.243,416.0532474288083,96
2024-09-16 14:33:40.350,416.0303143371605,101
2024-09-16 14:33:40.365,416.05761450121184,98
2024-09-16 14:33:40.383,416.0573686875561,14
2024-09-16 14:33:40.409,416.0468354464263,100
2024-09-16 14:33:40.542,416.0672080788951,995
2024-09-16 14:33:40.564,416.0307497178298,13
2024-09-16 14:33:40.595,416.0315095619201,6
2024-09-16 14:33:40.670,416.02221896787495,100
2024-09-16 14:33:40.685,416.0286861870061,95
2024-09-16 14:33:40.780,416.0264965151608,98
2024-09-16 14:33:40.790,416.0499561333635,100
2024-09-16 14:33:40.813,416.0259194466716,98
2024-09-16 14:33:40.940,416.0357490342174,1002
2024-09-16 14:33:40.973,416.0194312399792,7
2024-09-16 14:33:41.003,415.9621893207732,1001
2024-09-16 14:33:41.013,415.9884690557379,11
2024-09-16 14:33:41.017,416.0669044340619,1000
2024-09-16 14:33:41.031,416.0899271428199,98
2024-09-16 14:33:41.068,416.0497825928219,10
2024-09-16 14:33:41.097,416.0491354221571,105
2024-09-16 14:33:41.173,415.98244808338666,5
2024-09-16 14:33:41.256,416.06370391787226,105
2024-09-16 14:33:41.289,415.9643674217638,8
2024-09-16 14:33:41.323,416.00212486234784,998
2024-09-16 14:33:41.343,416.0740182630533,9
2024-09-16 14:33:41.351,415.981649408158,6
2024-09-16 14:33:41.371,415.9569644131649,1001
2024-09-16 14:33:41.393,416.0466950810589,99
2024-09-16 14:33:41.490,415.9738657547762,105
2024-09-16 14:33:41.570,,996
2024-09-16 14:33:41.589,416.0278044194837,8
2024-09-16 14:33:41.623,416.02394867602334,9
2024-09-16 14:33:41.636,416.04793556919856,95
2024-09-16 14:33:41.649,415.97115164384417,10
2024-09-16 14:33:41.687,416.0781740857899,7
2024-09-16 14:33:41.742,416.0474075273376,1000
2024-09-16 14:33:41.761,415.95959178993706,6
2024-09-16 14:33:41.781,416.0441446929668,1000
2024-09-16 14:33:41.812,416.006895846215,103
2024-09-16 14:33:41.827,415.9614793533252,9
2024-09-16 14:33:41.850,416.0275442802064,12
2024-09-16 14:33:41.852,416.0785237206633,1003
2024-09-16 14:33:41.867,415.9931972161653,9
2024-09-16 14:33:41.959,416.0826185213133,101
2024-09-16 14:33:42.022,415.9513648327598,11
2024-09-16 14:33:42.177,415.95329315490494,13
2024-09-16 14:33:42.231,418.4931154597826,997
2024-09-16 14:33:42.261,415.9752588664823,997
2024-09-16 14:33:42.503,418.5023339485522,104
2024-09-16 14:33:42.531,415.9585994303088,9
2024-09-16 14:33:42.572,415.96587961547056,999
2024-09-16 14:33:42.723,415.9682327011841,1005
2024-09-16 14:33:42.836,415.9545755795766,12
2024-09-16 14:33:42.849,415.9761161404032,9
2024-09-16 14:33:42.927,415.98297680058266,1000
2024-09-16 14:33:43.169,415.996668666006,7
2024-09-16 14:33:43.199,415.9794257202968,14
2024-09-16 14:33:43.281,415.99129779522457,101
2024-09-16 14:33:43.316,415.97693959253326,998
2024-09-16 14:33:43.401,415.96812537770535,1002
2024-09-16 14:33:43.418,415.99048410424354,1001
2024-09-16 14:33:43.430,416.0057228407006,98
2024-09-16 14:33:43.576,415.98705546344473,13
2024-09-16 14:33:43.577,415.9957419834042,7
2024-09-16 14:33:43.656,415.98136526555766,14
2024-09-16 14:33:43.657,415.9694974048328,1005
2024-09-16 14:33:43.679,415.9945777432124,1004
2024-09-16 14:33:43.865,415.99516563558296,97
2024-09-16 14:33:43.919,415.9771178679402,11
2024-09-16 14:33:43.946,415.9849799680367,996
2024-09-16 14:33:43.964,415.9853732893744,1001
2024-09-16 14:33:44.035,415.9892294180025,104
2024-09-16 14:33:44.120,415.9850541851145,105
2024-09-16 14:33:44.202,416.00467609163314,98
2024-09-16 14:33:44.224,415.97908676048377,1001
2024-09-16 14:33:44.252,415.99665879719896,15
2024-09-16 14:33:44.298,416.0002252965601,14
2024-09-16 14:33:44.401,416.0052623761183,1000
2024-09-16 14:33:44.415,416.0021921996352,9
2024-09-16 14:33:44.431,415.981758066315,1005
2024-09-16 14:33:44.498,415.9958973497784,1002
2024-09-16 14:33:44.602,416.00604548956807,105
2024-09-16 14:33:44.646,416.0143803451472,8
2024-09-16 14:33:44.676,415.9808378989829,1004
2024-09-16 14:33:44.790,415.9919351741647,998
2024-09-16 14:33:44.835,415.9971811743481,999
2024-09-16 14:33:44.846,415.99757495300105,6
2024-09-16 14:33:44.880,-415.99952524263136,95
2024-09-16 14:33:44.894,416.0026951633876,97
2024-09-16 14:33:44.981,415.98165170079153,98
2024-09-16 14:33:44.986,416.0112651499027,998
2024-09-16 14:33:44.988,416.003041526013,104
2024-09-16 14:33:45.036,416.1235358900048,5
2024-09-16 14:33:45.060,415.9978191359869,12
2024-09-16 14:33:45.076,416.0446108491528,95
2024-09-16 14:33:45.085,416.063084945403,101
2024-09-16 14:33:45.124,416.1010834277026,999
2024-09-16 14:33:45.126,416.083272290012,999
2024-09-16 14:33:45.165,416.1117288526304,96
2024-09-16 14:33:45.210,416.1399861575807,995
2024-09-16 14:33:45.271,416.0252382270364,1003
2024-09-16 14:33:45.282,416.0936476138788,103
2024-09-16 14:33:45.300,416.03266051998406,11
2024-09-16 14:33:45.306,416.026572672969,10
2024-09-16 14:33:45.346,416.0935908279444,100
2024-09-16 14:33:45.399,416.0853800793008,96
2024-09-16 14:33:45.443,416.0844241597304,105
2024-09-16 14:33:45.574,416.1170676803312,1002
2024-09-16 14:33:45.586,416.12281612820544,1003
2024-09-16 14:33:45.620,416.13525730184296,11
2024-09-16 14:33:45.674,416.089438385093,1003
2024-09-16 14:33:45.730,416.0947726418529,997
2024-09-16 14:33:45.743,416.0846760548706,996
2024-09-16 14:33:45.744,418.4532372719696,102
2024-09-16 14:33:45.758,416.0903217574098,9
2024-09-16 14:33:45.785,416.0389906343176,100
2024-09-16 14:33:45.793,416.1053488023276,7
2024-09-16 14:33:45.809,416.12821863099344,99
2024-09-16 14:33:45.819,416.1123427379257,10
2024-09-16 14:33:45.857,416.0344698876118,96
2024-09-16 14:33:45.912,416.094263516142,101
2024-09-16 14:33:45.919,416.1015996143327,996
2024-09-16 14:33:46.007,416.0653438899614,1001
2024-09-16 14:33:46.008,416.15710712869736,15
2024-09-16 14:33:46.041,-416.15110964213295,102
2024-09-16 14:33:46.043,416.0882615863401,1000
2024-09-16 14:33:46.057,416.1333398856573,1004
2024-09-16 14:33:46.065,416.1265733514672,102
2024-09-16 14:33:46.081,416.14729387505633,11
2024-09-16 14:33:46.089,416.171105333604,7
2024-09-16 14:33:46.153,416.1294186411303,1003
2024-09-16 14:33:46.177,416.1298712885776,6
2024-09-16 14:33:46.180,416.0734988461666,5
2024-09-16 14:33:46.184,416.1502935255581,105
2024-09-16 14:33:46.196,416.1629043925355,101
2024-09-16 14:33:46.217,416.0880793090462,8
2024-09-16 14:33:46.236,416.1322152303734,101
2024-09-16 14:33:46.238,416.0661927948773,10
2024-09-16 14:33:46.243,416.11394097557206,1002
2024-09-16 14:33:46.319,416.14751333051305,1003
2024-09-16 14:33:46.400,416.138688544364,1000
2024-09-16 14:33:46.423,416.1210869902816,1001
2024-09-16 14:33:46.467,-416.0954462373872,1000
2024-09-16 14:33:46.492,416.1151982059831,999
2024-09-16 14:33:46.672,,1002
2024-09-16 14:33:46.707,416.1309376553344,999
2024-09-16 14:33:46.745,416.1267293387892,995
2024-09-16 14:33:46.814,416.148053877205,99
2024-09-16 14:33:46.843,416.14773258216667,105
2024-09-16 14:33:46.899,416.0686048398128,11
2024-09-16 14:33:46.949,416.1312858891305,102
2024-09-16 14:33:47.122,416.0102834214897,995
2024-09-16 14:33:47.166,416.0646037972271,103
2024-09-16 14:33:47.221,416.0614833628897,97
2024-09-16 14:33:47.235,416.04570886691965,995
2024-09-16 14:33:47.335,416.0511750655952,1003
2024-09-16 14:33:47.360,415.998263510459,100
2024-09-16 14:33:47.488,415.9927536362472,13
2024-09-16 14:33:47.491,-416.0472976402855,15
2024-09-16 14:33:47.662,416.0556603766948,8
2024-09-16 14:33:47.686,416.0421893205655,999
2024-09-16 14:33:47.768,41.60599395581307,1002
2024-09-16 14:33:47.889,416.0513562466546,13
2024-09-16 14:33:47.890,415.97640578491087,15
2024-09-16 14:33:47.950,416.0716534881085,12
2024-09-16 14:33:47.964,416.0303850435218,996
2024-09-16 14:33:48.024,416.0123536719656,1001
2024-09-16 14:33:48.061,416.0110667788909,96
2024-09-16 14:33:48.146,416.0042363319045,9
2024-09-16 14:33:48.210,416.0312929642852,6
2024-09-16 14:33:48.272,416.0133716282612,95
2024-09-16 14:33:48.299,416.0103385173538,1005
2024-09-16 14:33:48.528,415.9946220742141,998
2024-09-16 14:33:48.536,415.97195926860593,97
2024-09-16 14:33:48.553,415.9982396113082,103
2024-09-16 14:33:48.562,415.971604310633,97
2024-09-16 14:33:48.604,415.966713361112,9
2024-09-16 14:33:48.614,415.9847837953608,13
2024-09-16 14:33:48.614,415.9870181719886,102
2024-09-16 14:33:48.627,416.0013249012672,97
2024-09-16 14:33:48.690,415.979159005501,98
2024-09-16 14:33:48.705,415.9663356490373,9
2024-09-16 14:33:48.710,415.9795505263769,100
2024-09-16 14:33:48.822,415.9913089425892,10
2024-09-16 14:33:48.850,415.9983139244406,6
2024-09-16 14:33:48.902,415.9556735916468,102
2024-09-16 14:33:49.582,416.0576531058945,996
2024-09-16 14:33:49.730,416.0634162628327,6
2024-09-16 14:33:49.784,418.4747203798923,999
2024-09-16 14:33:49.863,416.068279049529,1003
2024-09-16 14:33:50.005,416.0241877121936,98
2024-09-16 14:33:50.011,416.0677472796653,5
2024-09-16 14:33:50.085,416.0363348258395,97
2024-09-16 14:33:50.099,416.0227531674027,996
2024-09-16 14:33:50.124,416.0296881130152,15
2024-09-16 14:33:50.146,,6
2024-09-16 14:33:50.209,416.0026728117938,101
2024-09-16 14:33:50.313,416.0561845801714,99
2024-09-16 14:33:50.444,416.05877097978,1002
2024-09-16 14:33:50.482,-416.03782354441336,97
2024-09-16 14:33:50.594,416.0570859334144,995
2024-09-16 14:33:50.638,416.0265046715256,13
2024-09-16 14:33:50.711,416.0081267203326,14
2024-09-16 14:33:50.733,416.02576597963247,10
2024-09-16 14:33:50.761,416.0269741319398,1003
2024-09-16 14:33:50.837,416.00107489970446,13
2024-09-16 14:33:50.872,416.0547770542633,103
2024-09-16 14:33:50.873,416.042446858904,8
2024-09-16 14:33:50.902,416.0260528457084,96
2024-09-16 14:33:50.982,416.0282763241808,999
2024-09-16 14:33:51.014,416.0727894109919,999
2024-09-16 14:33:51.031,416.09456679163327,5
2024-09-16 14:33:51.047,416.0653831508118,11
2024-09-16 14:33:51.093,416.07250968910944,1004
2024-09-16 14:33:51.142,416.0681297190122,13
2024-09-16 14:33:51.152,415.999812849472,101
2024-09-16 14:33:51.212,416.0945118779154,1004
2024-09-16 14:33:51.270,416.0494199954644,8
2024-09-16 14:33:51.312,416.0114411652468,96
2024-09-16 14:33:51.320,416.0837677987316,1002
2024-09-16 14:33:51.347,416.0572207530845,10
2024-09-16 14:33:51.363,416.077236145728,10
2024-09-16 14:33:51.392,416.02659154812073,997
2024-09-16 14:33:51.399,416.0745661560876,98
2024-09-16 14:33:51.486,416.0467081518043,104
2024-09-16 14:33:51.642,416.0855060525405,102
2024-09-16 14:33:51.736,416.05100239300174,98
2024-09-16 14:33:51.767,416.0564950273435,6
2024-09-16 14:33:51.848,416.0313716853747,14
2024-09-16 14:33:51.851,416.0775954353457,96
2024-09-16 14:33:51.988,416.0783860779489,1002
2024-09-16 14:33:52.096,416.035416519922,5
2024-09-16 14:33:52.274,416.0013219915127,104
2024-09-16 14:33:52.450,416.0321213390307,1001
2024-09-16 14:33:52.648,415.9927052377993,7
2024-09-16 14:33:52.709,416.01553835950256,98
2024-09-16 14:33:53.013,416.01078718266297,999
2024-09-16 14:33:53.133,415.9960978158501,8
2024-09-16 14:33:53.193,416.0245522075744,13
2024-09-16 14:33:53.247,415.9880712538815,95
2024-09-16 14:33:53.309,416.014168607521,102
2024-09-16 14:33:53.466,416.0178303789984,995
2024-09-16 14:33:53.522,416.0285916948816,1001
2024-09-16 14:33:53.524,416.0211064261763,100
2024-09-16 14:33:53.624,416.045136521021,1003
2024-09-16 14:33:53.941,416.0176599814737,102
2024-09-16 14:33:53.944,415.98101175285865,95
2024-09-16 14:33:54.015,415.9566357481464,99
2024-09-16 14:33:54.019,415.9431689695357,11
2024-09-16 14:33:54.096,416.01571207292255,101
2024-09-16 14:33:54.134,415.92997831804814,13
2024-09-16 14:33:54.137,415.95970442960527,13
2024-09-16 14:33:54.231,415.9459486732733,5
2024-09-16 14:33:54.269,416.0130366861813,1004
2024-09-16 14:33:54.292,415.9489820107233,1004
2024-09-16 14:33:54.371,415.9300051145419,95
2024-09-16 14:33:54.402,415.99869553094834,102
2024-09-16 14:33:54.448,415.9346509519424,998
2024-09-16 14:33:54.559,415.9510089440718,1005
2024-09-16 14:33:54.586,415.9252126899771,95
2024-09-16 14:33:54.595,415.9360134416223,11
2024-09-16 14:33:54.608,415.91631016597535,11
2024-09-16 14:33:54.649,41.59427872714077,1002
2024-09-16 14:33:54.728,415.9299922156982,1000
2024-09-16 14:33:54.745,415.9630309514186,1002
2024-09-16 14:33:54.801,415.9652327250349,99
2024-09-16 14:33:54.806,415.9498509399573,11
2024-09-16 14:33:54.826,415.93767132695007,12
2024-09-16 14:33:54.883,415.9501115891175,105
2024-09-16 14:33:54.931,415.958466128408,1002
2024-09-16 14:33:54.971,415.9893139838357,14
2024-09-16 14:33:55.238,416.00984091492495,8
2024-09-16 14:33:55.290,416.00731865612295,15
2024-09-16 14:33:55.296,416.014674670728,96
2024-09-16 14:33:55.375,416.0027977813781,101
2024-09-16 14:33:55.472,416.01286851786233,102
2024-09-16 14:33:55.491,416.0177380186239,9
2024-09-16 14:33:55.502,416.0192093727158,995
2024-09-16 14:33:55.518,415.9945084295899,998
2024-09-16 14:33:55.547,415.9990069303067,14
2024-09-16 14:33:55.559,415.9956982068857,995
2024-09-16 14:33:55.571,416.010862870374,105
2024-09-16 14:33:55.591,416.01321142991975,102
2024-09-16 14:33:55.598,416.02608203392793,1001
2024-09-16 14:33:55.720,416.00052302416447,9
2024-09-16 14:33:55.748,416.036183551129,13
2024-09-16 14:33:55.832,416.0062323202416,11
2024-09-16 14:33:55.844,418.6013159781421,5
2024-09-16 14:33:55.846,416.015921842314,97
2024-09-16 14:33:55.905,415.9828409217629,101
2024-09-16 14:33:55.908,416.0195536947496,999
2024-09-16 14:33:55.941,416.0203376221256,1003
2024-09-16 14:33:55.960,416.0136859799349,995
2024-09-16 14:33:56.019,416.0063608234287,12
2024-09-16 14:33:56.152,,11
2024-09-16 14:33:56.241,416.0659144410152,104
2024-09-16 14:33:56.250,416.0044722970309,101
2024-09-16 14:33:56.284,416.01155276432775,10
2024-09-16 14:33:56.320,416.02818086809714,995
2024-09-16 14:33:56.378,416.05542222282605,95
2024-09-16 14:33:56.420,416.00967038685104,8
2024-09-16 14:33:56.486,416.0197765866276,10
2024-09-16 14:33:56.504,416.04528205567806,1000
2024-09-16 14:33:56.508,416.0238275190914,997
2024-09-16 14:33:56.511,416.0391161195674,1003
2024-09-16 14:33:56.600,416.01333382168144,98
2024-09-16 14:33:56.652,415.9818911395428,8
2024-09-16 14:33:56.691,416.0513064435153,95
2024-09-16 14:33:56.700,416.0850787361261,1005
2024-09-16 14:33:56.720,416.0262763020115,999
2024-09-16 14:33:56.748,415.987474684223,1004
2024-09-16 14:33:56.783,416.0104526569197,12
2024-09-16 14:33:56.783,416.03900779869184,1004
2024-09-16 14:33:56.785,416.0218180733359,995
2024-09-16 14:33:56.808,416.0144217885552,11
2024-09-16 14:33:56.861,416.0274820723706,103
2024-09-16 14:33:56.943,416.07711679567007,995
2024-09-16 14:33:57.167,415.9926371355716,5
2024-09-16 14:33:57.194,416.0108131977185,12
2024-09-16 14:33:57.220,-415.99808563017,5
2024-09-16 14:33:57.242,415.99314075376975,1001
2024-09-16 14:33:57.385,416.0105404079722,99
2024-09-16 14:33:57.431,416.06368944154895,999
2024-09-16 14:33:57.461,416.0041641298872,1005
2024-09-16 14:33:57.487,416.0936178370633,6
2024-09-16 14:33:57.544,416.0111627637016,101
2024-09-16 14:33:57.565,416.0807355142278,96
2024-09-16 14:33:57.590,416.1031325408403,96
2024-09-16 14:33:57.620,416.0130402860377,103
2024-09-16 14:33:57.726,415.981925251571,1000
2024-09-16 14:33:57.727,416.0058739942449,5
2024-09-16 14:33:57.775,416.0435009116888,99
2024-09-16 14:33:57.807,416.0240032321577,8
2024-09-16 14:33:57.857,415.99948382299016,95
2024-09-16 14:33:57.868,416.0074633833022,95
2024-09-16 14:33:57.949,416.02786335943466,99
2024-09-16 14:33:58.012,416.014175625197,14
2024-09-16 14:33:58.040,416.0375990353792,15
2024-09-16 14:33:58.041,416.0161951583957,8
2024-09-16 14:33:58.060,416.0235951516424,15
2024-09-16 14:33:58.083,416.0223927979988,100
2024-09-16 14:33:58.241,416.0190255623144,1000
2024-09-16 14:33:58.301,416.0220667109825,996
2024-09-16 14:33:58.405,416.0299621064573,7
2024-09-16 14:33:58.458,416.01679681894575,13
2024-09-16 14:33:58.594,416.0377341661055,995
2024-09-16 14:33:58.614,416.03515119314056,998
2024-09-16 14:33:58.679,416.0119546008036,1004
2024-09-16 14:33:58.681,416.0087801955653,9
2024-09-16 14:33:58.773,416.0159949459493,103
2024-09-16 14:33:58.820,416.0271560939192,8
2024-09-16 14:33:58.925,416.0103555051452,998
2024-09-16 14:33:59.017,416.0006175493271,1000
2024-09-16 14:33:59.037,416.0150765345136,1002
2024-09-16 14:33:59.094,415.9751895754612,95
2024-09-16 14:33:59.160,416.0110435479565,5
2024-09-16 14:33:59.167,416.0017882104572,15
2024-09-16 14:33:59.194,416.0112952362804,11
2024-09-16 14:33:59.229,416.0129377462375,98
2024-09-16 14:33:59.270,415.99673875560177,1003
2024-09-16 14:33:59.339,416.04561481655634,104
2024-09-16 14:33:59.387,416.02692554946975,996
2024-09-16 14:33:59.387,416.0461040792694,12
2024-09-16 14:33:59.476,415.9642196640408,98
2024-09-16 14:33:59.740,415.98765898899137,99
2024-09-16 14:33:59.805,415.9738945058744,100
2024-09-16 14:33:59.913,416.05898114019067,998
2024-09-16 14:33:59.963,416.0465295940723,7
