Timestamp,Price,Size
2024-09-20 14:56:00.655,430.97445362509023,100
2024-09-20 14:56:00.677,430.9733429357112,1000
2024-09-20 14:56:00.681,430.9755760039495,997
2024-09-20 14:56:01.003,430.9509201874615,104
2024-09-20 14:56:01.100,430.97426287332826,6
2024-09-20 14:56:01.131,430.95809135,10
2024-09-20 14:56:01.152,430.9565405081413,6
2024-09-20 14:56:01.219,430.96860114721,95
2024-09-20 14:56:01.284,430.9587050771602,99
2024-09-20 14:56:01.335,430.9410270936722,1004
2024-09-20 14:56:01.341,430.9634730714308,1001
2024-09-20 14:56:01.530,430.948974290534,7
2024-09-20 14:56:01.558,430.9412799004362,6
2024-09-20 14:56:01.586,430.9505693584975,12
2024-09-20 14:56:01.609,430.9369770110724,99
2024-09-20 14:56:01.743,-430.9737108726297,1001
2024-09-20 14:56:01.752,430.94140300917337,10
2024-09-20 14:56:01.782,430.94942774974686,8
2024-09-20 14:56:01.933,430.9702053315139,7
2024-09-20 14:56:01.949,430.9656663435862,98
2024-09-20 14:56:01.968,430.9652439687506,103
2024-09-20 14:56:01.988,430.9416420188345,103
2024-09-20 14:56:02.030,430.9671401431551,8
2024-09-20 14:56:02.169,430.9622740765452,1003
2024-09-20 14:56:02.231,430.969752201234,96
2024-09-20 14:56:02.269,430.98041783470575,995
2024-09-20 14:56:02.482,430.9788920090023,104
2024-09-20 14:56:02.563,430.971551720385,100
2024-09-20 14:56:02.643,430.9702039735947,99
2024-09-20 14:56:02.912,43.09800256705672,102
2024-09-20 14:56:02.958,430.962679137219,999
2024-09-20 14:56:02.963,430.9783246158953,998
2024-09-20 14:56:03.045,430.9502116013556,99
2024-09-20 14:56:03.136,430.965227745907,98
2024-09-20 14:56:03.169,430.9219147833918,14
2024-09-20 14:56:03.179,430.9513344323113,1005
2024-09-20 14:56:03.188,430.9607022606769,97
2024-09-20 14:56:03.218,430.9525026594534,8
2024-09-20 14:56:03.545,430.970673331205,998
2024-09-20 14:56:03.625,430.94062279609983,997
2024-09-20 14:56:03.683,430.95015611722255,1001
2024-09-20 14:56:03.708,430.98207912758375,96
2024-09-20 14:56:03.757,423.9453576106287,7
2024-09-20 14:56:03.872,430.9634245580008,6
2024-09-20 14:56:03.901,430.9569051825962,104
2024-09-20 14:56:04.056,430.902282424506,11
2024-09-20 14:56:04.062,430.8919892903109,102
2024-09-20 14:56:04.070,430.9360651792172,8
2024-09-20 14:56:04.114,430.8995424214437,95
2024-09-20 14:56:04.191,430.90407558756266,1002
2024-09-20 14:56:04.248,430.9380791048444,100
2024-09-20 14:56:04.288,430.94713794233945,995
2024-09-20 14:56:04.288,430.9454776262533,98
2024-09-20 14:56:04.370,424.0211959827337,99
2024-09-20 14:56:04.373,430.9088237674252,1001
2024-09-20 14:56:04.412,430.938914476685,9
2024-09-20 14:56:04.479,430.8858289799977,13
2024-09-20 14:56:04.524,430.9201962784777,999
2024-09-20 14:56:04.554,430.9086994558068,10
2024-09-20 14:56:04.637,430.9114662872209,96
2024-09-20 14:56:04.638,430.9028096370363,1002
2024-09-20 14:56:04.654,430.8993152938581,5
2024-09-20 14:56:04.674,430.9309091768615,100
2024-09-20 14:56:04.692,430.9426069575542,97
2024-09-20 14:56:04.792,430.9073751580548,102
2024-09-20 14:56:04.833,430.9260314079827,104
2024-09-20 14:56:04.925,430.8897723195524,103
2024-09-20 14:56:04.935,430.9279513328131,1002
2024-09-20 14:56:04.958,430.8939048405127,8
2024-09-20 14:56:04.985,430.8809934774426,1003
2024-09-20 14:56:06.014,-430.929850117951,103
2024-09-20 14:56:06.207,430.94451985406783,5
2024-09-20 14:56:06.231,430.92551837751,105
2024-09-20 14:56:06.265,430.956447919414,9
2024-09-20 14:56:06.281,430.9189280064199,104
2024-09-20 14:56:06.332,430.9397147250927,5
2024-09-20 14:56:06.342,430.9650238823345,6
2024-09-20 14:56:06.342,430.92455633306616,103
2024-09-20 14:56:06.359,430.960346080904,5
2024-09-20 14:56:06.520,430.9182727222766,1005
2024-09-20 14:56:06.535,430.9484860854535,104
2024-09-20 14:56:06.569,430.95255546359977,97
2024-09-20 14:56:06.583,430.92913844646216,1005
2024-09-20 14:56:06.584,430.9403475648581,99
2024-09-20 14:56:06.588,430.92073955387855,6
2024-09-20 14:56:06.594,430.9451752860843,9
2024-09-20 14:56:06.620,430.9464514756581,998
2024-09-20 14:56:06.677,430.934041789866,98
2024-09-20 14:56:06.711,430.9333303217479,97
2024-09-20 14:56:06.777,430.90919140830334,6
2024-09-20 14:56:06.807,430.9358990472791,1001
2024-09-20 14:56:06.821,430.96626782050345,95
2024-09-20 14:56:06.837,430.9269139694728,102
2024-09-20 14:56:06.856,,95
2024-09-20 14:56:06.870,430.937045998253,100
2024-09-20 14:56:06.903,430.922159758124,6
2024-09-20 14:56:06.907,430.95056213321016,1003
2024-09-20 14:56:07.343,430.92231397780887,96
2024-09-20 14:56:07.897,430.93022988170736,12
2024-09-20 14:56:08.165,430.9855155155304,96
2024-09-20 14:56:08.193,430.9682125512984,101
2024-09-20 14:56:08.315,430.97582162555005,99
2024-09-20 14:56:08.319,430.9964043703722,13
2024-09-20 14:56:08.350,430.95422430879546,1001
2024-09-20 14:56:08.385,430.97796034972026,1001
2024-09-20 14:56:08.405,430.9808445618394,102
2024-09-20 14:56:08.553,430.95947674286185,995
2024-09-20 14:56:08.755,430.9841239504264,6
2024-09-20 14:56:08.895,430.96239770897415,96
2024-09-20 14:56:09.051,430.98737657750087,100
2024-09-20 14:56:09.053,430.90753586423045,96
2024-09-20 14:56:09.249,430.9795732513123,15
2024-09-20 14:56:09.264,430.99905495462366,100
2024-09-20 14:56:09.287,430.932226393052,996
2024-09-20 14:56:09.305,430.92121902075047,98
2024-09-20 14:56:09.372,430.9804070295149,1000
2024-09-20 14:56:09.402,430.9421576993154,101
2024-09-20 14:56:09.475,430.94283550797,5
2024-09-20 14:56:09.565,430.9231789063333,11
2024-09-20 14:56:09.566,430.9821469502485,104
2024-09-20 14:56:09.574,430.9956584152561,101
2024-09-20 14:56:09.772,430.9196876243791,1003
2024-09-20 14:56:09.775,430.986701756761,96
2024-09-20 14:56:09.783,430.9473101892978,6
2024-09-20 14:56:09.789,430.98049927095633,1003
2024-09-20 14:56:09.792,430.94103640648297,995
2024-09-20 14:56:09.805,430.9959141785228,6
2024-09-20 14:56:09.981,43.090866341547255,101
2024-09-20 14:56:10.026,430.9053833513674,95
2024-09-20 14:56:10.072,430.9419875090648,998
2024-09-20 14:56:10.240,430.93770575384,9
2024-09-20 14:56:10.324,430.92250507225,100
2024-09-20 14:56:10.334,430.925039014171,998
2024-09-20 14:56:10.515,430.9296334960824,8
2024-09-20 14:56:10.601,430.9246183771506,996
2024-09-20 14:56:10.737,423.99024939273386,98
2024-09-20 14:56:12.243,43.086120932766754,9
2024-09-20 14:56:12.293,430.8211483367696,95
2024-09-20 14:56:12.333,430.8145257617076,97
2024-09-20 14:56:12.365,430.8381002278333,6
2024-09-20 14:56:12.379,430.8139294931339,101
2024-09-20 14:56:12.435,430.805510071555,999
2024-09-20 14:56:12.517,430.92366726496783,996
2024-09-20 14:56:12.517,430.8111211759166,96
2024-09-20 14:56:12.546,430.802171851122,103
2024-09-20 14:56:12.602,430.82327038807415,1005
2024-09-20 14:56:12.610,430.8279518017577,102
2024-09-20 14:56:12.743,430.8163517439122,10
2024-09-20 14:56:12.792,430.8919384898049,7
2024-09-20 14:56:12.806,430.8202614976247,1002
2024-09-20 14:56:12.841,430.86709872497215,99
2024-09-20 14:56:12.907,430.8180777746315,103
2024-09-20 14:56:12.909,430.93040516498456,6
2024-09-20 14:56:12.984,430.80986032050816,999
2024-09-20 14:56:13.169,430.84614224800015,13
2024-09-20 14:56:13.299,430.88040716640006,1001
2024-09-20 14:56:13.302,430.81113280572697,995
2024-09-20 14:56:13.485,430.8244695843213,96
2024-09-20 14:56:13.515,430.81791475722525,1000
2024-09-20 14:56:13.535,430.89161577253583,13
2024-09-20 14:56:13.575,430.83504442519626,105
2024-09-20 14:56:13.642,430.8511571939935,13
2024-09-20 14:56:13.755,430.8717579319782,1003
2024-09-20 14:56:13.775,430.8263109260234,998
2024-09-20 14:56:13.841,430.81870864913645,998
2024-09-20 14:56:13.935,430.8128066110073,103
2024-09-20 14:56:14.044,430.91230445385816,5
2024-09-20 14:56:14.047,430.9281474806741,14
2024-09-20 14:56:14.080,430.962066740302,1005
2024-09-20 14:56:14.156,430.88321412314616,96
2024-09-20 14:56:14.179,430.9202430230667,104
2024-09-20 14:56:14.208,430.9117326832786,99
2024-09-20 14:56:14.232,430.8303814195544,14
2024-09-20 14:56:14.257,430.85525629728295,997
2024-09-20 14:56:14.269,430.9232133614912,997
2024-09-20 14:56:14.322,430.9121777146817,97
2024-09-20 14:56:14.356,430.8558739681293,99
2024-09-20 14:56:14.358,430.9576391049637,10
2024-09-20 14:56:14.398,430.85314445796655,97
2024-09-20 14:56:14.441,430.85166112331103,13
2024-09-20 14:56:14.452,430.9352457882268,1001
2024-09-20 14:56:14.463,430.9190920368084,14
2024-09-20 14:56:14.562,430.8418302629894,95
2024-09-20 14:56:14.602,430.91870973575885,103
2024-09-20 14:56:14.634,43.08524732939907,13
2024-09-20 14:56:14.652,430.94065942160216,8
2024-09-20 14:56:14.656,430.9162488304028,8
2024-09-20 14:56:14.663,430.9317550119849,96
2024-09-20 14:56:14.685,430.8334287927426,9
2024-09-20 14:56:14.755,430.9471428385921,10
2024-09-20 14:56:14.818,430.9657390722538,9
2024-09-20 14:56:14.898,430.9743168216192,1005
2024-09-20 14:56:14.917,430.8483035380682,1004
2024-09-20 14:56:14.940,430.9167397372717,996
2024-09-20 14:56:14.965,430.92670116455537,96
2024-09-20 14:56:15.010,430.8498510009187,12
2024-09-20 14:56:15.044,430.8943810264437,1005
2024-09-20 14:56:15.051,430.8853779243642,98
2024-09-20 14:56:15.129,430.87382637235794,97
2024-09-20 14:56:15.219,430.9338058981331,12
2024-09-20 14:56:15.344,430.8769020521002,13
2024-09-20 14:56:15.597,430.8643574846764,5
2024-09-20 14:56:15.608,430.901438404709,7
2024-09-20 14:56:15.656,430.91721190911136,995
2024-09-20 14:56:15.704,430.8356028082738,98
2024-09-20 14:56:15.706,,8
2024-09-20 14:56:15.728,430.8426315000472,998
2024-09-20 14:56:15.759,430.8518153512217,7
2024-09-20 14:56:15.803,430.84805209342375,997
2024-09-20 14:56:15.816,430.8434999022962,11
2024-09-20 14:56:15.907,430.9219619442104,14
2024-09-20 14:56:15.928,430.88709845245126,995
2024-09-20 14:56:16.199,430.9599211181203,7
2024-09-20 14:56:16.247,430.94983933206055,6
2024-09-20 14:56:16.773,430.94196307874665,11
2024-09-20 14:56:16.883,430.9508060614846,996
2024-09-20 14:56:16.883,430.9380617456592,95
2024-09-20 14:56:17.018,-430.9828408667673,96
2024-09-20 14:56:17.021,431.0265467401428,105
2024-09-20 14:56:17.063,431.00300904763816,11
2024-09-20 14:56:17.068,431.0548540422045,997
2024-09-20 14:56:17.100,431.027932382556,999
2024-09-20 14:56:17.169,430.9603477829463,998
2024-09-20 14:56:17.220,430.9834359397955,13
2024-09-20 14:56:17.252,431.0321936052912,13
2024-09-20 14:56:17.262,430.9918294117372,1002
2024-09-20 14:56:17.270,431.0009130228885,1001
2024-09-20 14:56:17.316,431.0407083138781,101
2024-09-20 14:56:17.438,430.9958658659315,1003
2024-09-20 14:56:17.466,431.0084606987475,1000
2024-09-20 14:56:17.485,431.053822065775,996
2024-09-20 14:56:17.554,430.9891697708042,10
2024-09-20 14:56:17.604,430.9866660354588,97
2024-09-20 14:56:17.611,431.0591771625022,11
2024-09-20 14:56:17.636,431.06358556894526,999
2024-09-20 14:56:17.641,430.9744841005973,995
2024-09-20 14:56:17.680,431.0420939280775,995
2024-09-20 14:56:17.706,431.01104067614114,103
2024-09-20 14:56:17.709,431.04440371577937,1002
2024-09-20 14:56:17.713,431.0247233604616,7
2024-09-20 14:56:17.773,431.0095552954691,103
2024-09-20 14:56:17.868,431.0092629086492,996
2024-09-20 14:56:17.943,431.0363422575747,8
2024-09-20 14:56:17.990,431.017546434898,96
2024-09-20 14:56:18.101,430.9919788918887,6
2024-09-20 14:56:18.308,430.98156226316365,11
2024-09-20 14:56:18.383,-430.98082316889474,97
2024-09-20 14:56:18.452,430.9907523247332,11
2024-09-20 14:56:18.616,430.9905452946231,105
2024-09-20 14:56:18.695,430.98865030283474,103
2024-09-20 14:56:18.766,431.0018473671114,1003
2024-09-20 14:56:18.955,430.986046939736,105
2024-09-20 14:56:19.035,430.958962186687,13
2024-09-20 14:56:19.043,430.9896724618612,104
2024-09-20 14:56:19.101,431.0011998500247,98
2024-09-20 14:56:19.140,430.9679686252255,102
2024-09-20 14:56:19.154,430.9968468544733,100
2024-09-20 14:56:19.219,430.99118491792944,13
2024-09-20 14:56:19.270,430.9940941466782,102
2024-09-20 14:56:19.282,431.0051050741508,102
2024-09-20 14:56:19.495,430.9632934928457,11
2024-09-20 14:56:19.510,430.9756499083391,101
2024-09-20 14:56:19.547,430.9868593622834,104
2024-09-20 14:56:19.556,430.96962334586016,1002
2024-09-20 14:56:19.562,431.00219618768256,15
2024-09-20 14:56:19.591,431.00669150427785,11
2024-09-20 14:56:19.618,430.98624966116944,14
2024-09-20 14:56:19.629,430.9915947366125,1002
2024-09-20 14:56:19.631,430.9621053130753,11
2024-09-20 14:56:19.678,430.9699523194704,95
2024-09-20 14:56:19.686,430.9866848114474,12
2024-09-20 14:56:19.700,430.9659988630016,15
2024-09-20 14:56:19.744,430.9957821046161,13
2024-09-20 14:56:19.826,430.9847504134723,8
2024-09-20 14:56:19.931,430.9801642391834,1005
2024-09-20 14:56:19.982,430.96286470319455,5
2024-09-20 14:56:19.996,430.9822450499682,9
2024-09-20 14:56:20.006,431.0489083558351,8
2024-09-20 14:56:20.021,430.9132304932461,100
2024-09-20 14:56:20.113,430.989634412502,15
2024-09-20 14:56:20.125,430.9690428719,997
2024-09-20 14:56:20.143,430.9717343914389,999
2024-09-20 14:56:20.169,430.9681313034405,14
2024-09-20 14:56:20.211,430.9962001831414,6
2024-09-20 14:56:20.211,430.9040811327469,5
2024-09-20 14:56:20.217,431.0366231030712,100
2024-09-20 14:56:20.257,430.9558966669935,7
2024-09-20 14:56:20.281,430.987271226658,96
2024-09-20 14:56:20.318,430.94316251544944,6
2024-09-20 14:56:20.340,431.0477114576034,98
2024-09-20 14:56:20.346,430.9336790503809,996
2024-09-20 14:56:20.352,431.0268586153896,96
2024-09-20 14:56:20.353,430.92413427764615,100
2024-09-20 14:56:20.444,430.925912738926,999
2024-09-20 14:56:20.448,430.9999154068309,14
2024-09-20 14:56:20.498,430.9363929289169,98
2024-09-20 14:56:20.667,430.9207930302129,12
2024-09-20 14:56:20.708,430.9175670829426,12
2024-09-20 14:56:20.708,430.9599706807739,1000
2024-09-20 14:56:20.730,431.0090521234739,15
2024-09-20 14:56:20.765,431.0366411056388,13
2024-09-20 14:56:20.773,430.94721185271385,104
2024-09-20 14:56:20.811,430.9513878577381,1005
2024-09-20 14:56:20.927,430.91718574127566,12
2024-09-20 14:56:20.971,431.0378329654011,997
2024-09-20 14:56:21.004,424.0223595096826,13
2024-09-20 14:56:21.015,431.07318696875615,7
2024-09-20 14:56:21.266,431.0596682985924,95
2024-09-20 14:56:21.523,431.0783921221154,12
2024-09-20 14:56:21.530,431.07888979110174,97
2024-09-20 14:56:21.580,431.06643394174006,6
2024-09-20 14:56:21.596,431.0763178004623,1005
2024-09-20 14:56:21.803,431.070058833998,100
2024-09-20 14:56:21.845,431.0577934769622,1003
2024-09-20 14:56:22.053,431.05749550606345,102
2024-09-20 14:56:22.095,431.05269022171,995
2024-09-20 14:56:22.162,431.0611761631866,1005
2024-09-20 14:56:22.332,431.0484247349137,100
2024-09-20 14:56:22.338,431.0509375731673,102
2024-09-20 14:56:22.437,431.0392397076378,995
2024-09-20 14:56:22.552,431.05237870595727,1000
2024-09-20 14:56:22.556,431.0393285722883,9
2024-09-20 14:56:22.620,431.0687089061694,100
2024-09-20 14:56:22.646,431.04491914188594,9
2024-09-20 14:56:22.658,431.0657326510874,9
2024-09-20 14:56:22.901,431.0598296150799,995
2024-09-20 14:56:22.907,431.04220710700287,95
2024-09-20 14:56:22.978,431.0535396145228,995
2024-09-20 14:56:23.028,431.02388744841454,13
2024-09-20 14:56:23.043,431.03545341395926,6
2024-09-20 14:56:23.164,431.0017106665711,15
2024-09-20 14:56:23.165,431.01114266903,1002
2024-09-20 14:56:23.168,431.03469055711525,997
2024-09-20 14:56:23.217,431.0247087524594,101
2024-09-20 14:56:23.221,431.0582690917037,8
2024-09-20 14:56:23.234,431.0648032808094,997
2024-09-20 14:56:23.241,431.013946573009,997
2024-09-20 14:56:23.266,431.03380228338585,102
2024-09-20 14:56:23.468,423.8938982896152,996
2024-09-20 14:56:23.483,431.0585866052557,996
2024-09-20 14:56:23.578,431.0441802691103,1005
2024-09-20 14:56:23.578,431.0144422850794,1001
2024-09-20 14:56:23.592,431.0692098175453,95
2024-09-20 14:56:23.663,431.0360830836199,97
2024-09-20 14:56:23.667,431.0295538471187,101
2024-09-20 14:56:23.680,431.0295558707713,995
2024-09-20 14:56:23.737,431.02364355797687,1003
2024-09-20 14:56:23.793,431.06004144340346,998
2024-09-20 14:56:23.878,431.02383178402914,101
2024-09-20 14:56:23.916,431.0624639239571,1004
2024-09-20 14:56:23.957,431.0053638486937,1001
2024-09-20 14:56:23.983,43.10497143544377,14
2024-09-20 14:56:23.985,431.0248528904808,95
2024-09-20 14:56:23.988,431.0744378687697,1002
2024-09-20 14:56:24.418,431.04473435565416,101
2024-09-20 14:56:24.817,431.0380881484947,997
2024-09-20 14:56:24.924,431.016118739029,96
2024-09-20 14:56:24.955,431.0380361082724,1003
2024-09-20 14:56:25.076,431.0522215529734,995
2024-09-20 14:56:25.121,430.9992956148445,104
2024-09-20 14:56:25.154,430.9990985345664,13
2024-09-20 14:56:25.214,431.0336507243795,1003
2024-09-20 14:56:25.273,431.0137792720661,1003
2024-09-20 14:56:25.294,430.98031635435024,12
2024-09-20 14:56:25.342,431.02769511847447,100
2024-09-20 14:56:25.468,430.9996359039791,100
2024-09-20 14:56:25.538,423.7815071619278,11
2024-09-20 14:56:25.754,430.9822651941898,13
2024-09-20 14:56:25.760,431.0273448223253,1001
2024-09-20 14:56:25.818,431.0250986893597,9
2024-09-20 14:56:25.828,-431.0124523593722,8
2024-09-20 14:56:25.832,431.0235330153951,11
2024-09-20 14:56:25.873,430.9952449341511,1001
2024-09-20 14:56:25.928,430.9916261926469,100
2024-09-20 14:56:25.934,431.011178833157,997
2024-09-20 14:56:25.962,431.03178399238936,996
2024-09-20 14:56:25.968,431.011674057091,999
2024-09-20 14:56:26.007,431.04887695833406,10
2024-09-20 14:56:26.053,431.1123438885598,1002
2024-09-20 14:56:26.099,431.03835815138086,5
2024-09-20 14:56:26.197,431.1071350678485,8
2024-09-20 14:56:26.252,431.1186380890972,997
2024-09-20 14:56:26.258,431.1324793005185,1000
2024-09-20 14:56:26.284,431.11421218364336,98
2024-09-20 14:56:26.284,431.1087226104387,1001
2024-09-20 14:56:26.296,431.1230414905979,999
2024-09-20 14:56:26.301,431.1093430896617,105
2024-09-20 14:56:26.317,431.1152109553889,103
2024-09-20 14:56:26.325,431.1379477308046,997
2024-09-20 14:56:26.336,431.1255307100214,98
2024-09-20 14:56:26.391,431.1046312406398,104
2024-09-20 14:56:26.488,431.0800893588288,10
2024-09-20 14:56:26.617,431.1221276303423,1000
2024-09-20 14:56:26.762,431.1251738815153,998
2024-09-20 14:56:26.769,431.1283804613204,98
2024-09-20 14:56:26.804,431.1408342091637,5
2024-09-20 14:56:26.885,431.0950036068895,1000
2024-09-20 14:56:26.894,431.0969316647704,1003
2024-09-20 14:56:26.914,-431.02970827344257,14
2024-09-20 14:56:26.928,431.1184264464722,98
2024-09-20 14:56:27.049,431.0760652680191,7
2024-09-20 14:56:27.086,431.0996384094308,10
2024-09-20 14:56:27.092,431.07476677074544,13
2024-09-20 14:56:27.144,431.1118075007976,96
2024-09-20 14:56:27.315,431.0878518677629,104
2024-09-20 14:56:27.316,431.07627342960456,6
2024-09-20 14:56:27.458,431.0783895489821,99
2024-09-20 14:56:27.909,431.0725060880285,103
2024-09-20 14:56:28.050,431.11937706485617,14
2024-09-20 14:56:28.211,431.1052809844181,996
2024-09-20 14:56:28.213,431.1123506637014,15
2024-09-20 14:56:28.392,431.1174688899089,1003
2024-09-20 14:56:28.411,431.0969790293103,996
2024-09-20 14:56:28.431,431.10726570877705,13
2024-09-20 14:56:28.928,431.1201033595245,13
2024-09-20 14:56:28.929,431.1208233997875,103
2024-09-20 14:56:29.003,431.0764136606376,1000
2024-09-20 14:56:29.015,431.1032477904404,10
2024-09-20 14:56:29.206,431.1124992076016,102
2024-09-20 14:56:29.234,431.1489669826621,1002
2024-09-20 14:56:29.318,431.0895276610842,101
2024-09-20 14:56:29.339,431.0988141267464,999
2024-09-20 14:56:29.373,423.75127819248974,96
2024-09-20 14:56:29.391,431.10386647529344,8
2024-09-20 14:56:29.404,431.1174332320495,6
2024-09-20 14:56:29.441,431.1102516077763,8
2024-09-20 14:56:29.441,431.1446746097085,996
2024-09-20 14:56:29.462,431.09724952534384,103
2024-09-20 14:56:29.614,-431.0931934014816,9
2024-09-20 14:56:29.627,431.1361663125721,997
2024-09-20 14:56:29.644,431.0871069727144,98
2024-09-20 14:56:29.666,431.1286152254385,103
2024-09-20 14:56:29.716,431.1206034484118,998
2024-09-20 14:56:29.731,431.14982805954094,12
2024-09-20 14:56:29.732,431.0905269145727,1000
2024-09-20 14:56:29.732,431.1272944211943,101
2024-09-20 14:56:29.785,431.093916679632,1001
2024-09-20 14:56:29.851,431.145965736597,101
2024-09-20 14:56:29.855,431.1398692105892,999
2024-09-20 14:56:29.864,431.0987205294966,997
2024-09-20 14:56:29.877,431.1097130266608,15
2024-09-20 14:56:29.913,431.1079354776825,103
2024-09-20 14:56:29.994,431.1150605766112,996
2024-09-20 14:56:30.118,431.0499670352264,12
2024-09-20 14:56:30.129,431.0421609416144,13
2024-09-20 14:56:30.292,431.0709313398687,104
2024-09-20 14:56:30.383,431.0588195456684,100
2024-09-20 14:56:30.440,431.0410145707068,99
2024-09-20 14:56:30.462,431.0529649866019,101
2024-09-20 14:56:30.532,431.04332348927625,98
2024-09-20 14:56:30.537,431.0660748283328,98
2024-09-20 14:56:30.538,431.0503647135429,103
2024-09-20 14:56:30.731,423.7968334432586,9
2024-09-20 14:56:30.769,431.0157853964204,995
2024-09-20 14:56:30.820,431.0483638208783,8
2024-09-20 14:56:30.829,431.0197621313014,104
2024-09-20 14:56:30.832,431.05781927780737,102
2024-09-20 14:56:30.883,431.0749763940052,8
2024-09-20 14:56:30.927,431.0584644754368,97
2024-09-20 14:56:31.000,431.0304024579087,11
2024-09-20 14:56:31.040,431.0296552595436,6
2024-09-20 14:56:31.051,-431.0523530913783,11
2024-09-20 14:56:31.135,431.0352317456977,12
2024-09-20 14:56:31.199,431.04268769930167,15
2024-09-20 14:56:31.202,430.9978361489247,10
2024-09-20 14:56:31.207,431.0190049563024,998
2024-09-20 14:56:31.398,431.0212395279892,11
2024-09-20 14:56:31.499,431.0243106389333,8
2024-09-20 14:56:31.502,431.0409866692541,6
2024-09-20 14:56:31.513,431.0507632536004,99
2024-09-20 14:56:31.538,431.030853539204,102
2024-09-20 14:56:31.616,431.041878573277,5
2024-09-20 14:56:31.618,-431.0129571305338,8
2024-09-20 14:56:31.618,431.0426056719344,100
2024-09-20 14:56:31.698,431.0656708419839,100
2024-09-20 14:56:31.718,431.0071920987085,15
2024-09-20 14:56:31.725,431.03259953753314,7
2024-09-20 14:56:31.760,431.0422937276969,11
2024-09-20 14:56:31.817,431.03302798290105,96
2024-09-20 14:56:31.825,-431.0171995864698,1002
2024-09-20 14:56:31.857,431.033690997119,102
2024-09-20 14:56:31.866,431.0247616909002,1005
2024-09-20 14:56:31.888,431.0352547962249,1002
2024-09-20 14:56:31.910,431.0174877991367,1001
2024-09-20 14:56:31.935,431.0304429312434,96
2024-09-20 14:56:31.976,431.0342840628382,13
2024-09-20 14:56:32.313,430.9799015459377,103
2024-09-20 14:56:32.335,430.9691799530732,1003
2024-09-20 14:56:32.383,431.0161685349413,11
2024-09-20 14:56:32.417,430.9677360483528,1002
2024-09-20 14:56:32.450,430.94835745567593,1000
2024-09-20 14:56:32.456,430.9900792037028,1005
2024-09-20 14:56:32.472,431.01710631203815,998
2024-09-20 14:56:32.535,430.96016211442856,999
2024-09-20 14:56:32.541,-430.9703301104333,1003
2024-09-20 14:56:32.600,431.00466298009866,13
2024-09-20 14:56:32.809,430.9422702806803,11
2024-09-20 14:56:32.816,431.0011416128769,103
2024-09-20 14:56:32.819,430.9647733165223,10
2024-09-20 14:56:32.966,431.0220017898333,6
2024-09-20 14:56:33.086,430.9735542163608,1004
2024-09-20 14:56:33.091,430.9241826264808,103
2024-09-20 14:56:33.264,430.95135107115607,997
2024-09-20 14:56:33.277,430.9252716532973,7
2024-09-20 14:56:33.325,430.938667766971,15
2024-09-20 14:56:33.460,430.9676980156528,5
2024-09-20 14:56:33.478,430.9394161534216,1002
2024-09-20 14:56:33.496,430.9267291863955,1000
2024-09-20 14:56:33.516,430.93648662388216,1000
2024-09-20 14:56:33.528,430.9353137535456,101
2024-09-20 14:56:33.568,430.9839393702381,1001
2024-09-20 14:56:33.574,430.9163897728658,13
2024-09-20 14:56:33.624,430.9759616719767,99
2024-09-20 14:56:33.640,430.9187131224381,996
2024-09-20 14:56:33.642,430.9623149018611,1002
2024-09-20 14:56:33.762,430.9276489838655,1001
2024-09-20 14:56:33.782,430.9423012090207,9
2024-09-20 14:56:33.825,430.9731996308185,98
2024-09-20 14:56:33.831,430.97820158626416,97
2024-09-20 14:56:33.838,430.937329452695,8
2024-09-20 14:56:33.879,430.9165968199673,1003
2024-09-20 14:56:33.886,430.9557127254236,105
2024-09-20 14:56:33.959,,8
2024-09-20 14:56:33.982,430.9598658510196,11
2024-09-20 14:56:34.001,430.9607722584329,1003
2024-09-20 14:56:34.067,430.9634739708752,95
2024-09-20 14:56:34.078,430.97368583952414,12
2024-09-20 14:56:34.125,430.9796443894475,99
2024-09-20 14:56:34.146,430.9496971316489,10
2024-09-20 14:56:34.163,430.94730029025885,7
2024-09-20 14:56:34.192,430.9710187155181,98
2024-09-20 14:56:34.283,430.9566080076433,1003
2024-09-20 14:56:34.308,430.9221051597789,102
2024-09-20 14:56:34.341,430.9542364465884,12
2024-09-20 14:56:34.436,430.96914862394414,102
2024-09-20 14:56:34.471,430.9344061188258,996
2024-09-20 14:56:34.538,430.9632320147188,9
2024-09-20 14:56:34.605,430.9432509438655,5
2024-09-20 14:56:34.790,430.9681442173186,1003
2024-09-20 14:56:34.887,430.95298547738815,11
2024-09-20 14:56:34.921,430.99065316664974,1001
2024-09-20 14:56:34.937,430.9648754770416,15
2024-09-20 14:56:34.938,,103
2024-09-20 14:56:34.980,430.89190408057095,101
2024-09-20 14:56:35.032,430.8665085803352,102
2024-09-20 14:56:35.058,430.8822825019234,12
2024-09-20 14:56:35.158,430.893345743376,105
2024-09-20 14:56:35.170,430.8815271282737,998
2024-09-20 14:56:35.187,430.87462420425146,102
2024-09-20 14:56:35.207,430.8915773914722,999
2024-09-20 14:56:35.266,430.8629968671584,102
2024-09-20 14:56:35.271,430.8838163129582,102
2024-09-20 14:56:35.277,430.8650034393357,96
2024-09-20 14:56:35.318,430.8850711332672,14
2024-09-20 14:56:35.367,430.8460840690263,105
2024-09-20 14:56:35.562,430.8864622939732,1002
2024-09-20 14:56:35.566,430.8582926632592,996
2024-09-20 14:56:35.612,430.886765735803,1005
2024-09-20 14:56:35.649,430.858319010873,105
2024-09-20 14:56:35.684,430.87274708243217,1000
2024-09-20 14:56:35.698,430.886976386646,9
2024-09-20 14:56:35.708,430.8762310918611,9
2024-09-20 14:56:35.741,430.84580973289104,997
2024-09-20 14:56:35.758,430.8725304108698,999
2024-09-20 14:56:35.761,430.8757239392976,1004
2024-09-20 14:56:35.794,430.8558317549284,11
2024-09-20 14:56:35.816,430.8815595282598,13
2024-09-20 14:56:35.819,430.87777092413165,12
2024-09-20 14:56:35.863,430.8701030389608,95
2024-09-20 14:56:35.938,430.86751080652766,96
2024-09-20 14:56:35.964,430.87503664827057,11
2024-09-20 14:56:35.981,430.8681583756152,5
2024-09-20 14:56:36.064,430.8770007614252,102
2024-09-20 14:56:36.153,430.8546628096236,102
2024-09-20 14:56:36.309,430.85966659419233,5
2024-09-20 14:56:36.327,430.8717458707745,995
2024-09-20 14:56:36.335,430.8929093554008,997
2024-09-20 14:56:36.442,430.8564254686137,1002
2024-09-20 14:56:36.626,430.8893130344601,97
2024-09-20 14:56:36.657,430.87490692011175,9
2024-09-20 14:56:36.693,430.8658216092925,102
2024-09-20 14:56:37.009,430.8860655827779,997
2024-09-20 14:56:37.013,430.8865674022508,13
2024-09-20 14:56:37.035,430.8728462657815,101
2024-09-20 14:56:37.112,-430.8873448054583,100
2024-09-20 14:56:37.129,430.8729961655226,15
2024-09-20 14:56:37.139,430.9057820944395,1005
2024-09-20 14:56:37.140,430.8857911764087,99
2024-09-20 14:56:37.160,430.8935962651869,102
2024-09-20 14:56:37.188,430.88314338433975,8
2024-09-20 14:56:37.285,430.8896745732519,995
2024-09-20 14:56:37.313,430.88145489778367,1005
2024-09-20 14:56:37.361,430.8724189702197,8
2024-09-20 14:56:37.421,430.9090637927359,100
2024-09-20 14:56:37.453,430.8931350691155,1002
2024-09-20 14:56:37.478,430.9082522817242,14
2024-09-20 14:56:37.504,430.8800721387008,95
2024-09-20 14:56:37.518,430.88999367411327,996
2024-09-20 14:56:37.539,430.8960981167815,95
2024-09-20 14:56:37.567,430.9015907291383,1002
2024-09-20 14:56:37.632,430.8872757898524,99
2024-09-20 14:56:37.634,430.89510523291625,11
2024-09-20 14:56:37.677,430.8986046761992,101
2024-09-20 14:56:37.831,430.88721829231633,12
2024-09-20 14:56:37.848,430.8868899505788,5
2024-09-20 14:56:37.882,430.8776134214257,12
2024-09-20 14:56:37.936,430.8920464362598,996
2024-09-20 14:56:37.959,430.89645169256966,13
2024-09-20 14:56:38.099,430.9040555424498,9
2024-09-20 14:56:38.134,430.8932379390861,6
2024-09-20 14:56:38.210,430.89908914233393,1000
2024-09-20 14:56:38.230,430.8986063161783,996
2024-09-20 14:56:38.355,430.9279983459807,1001
2024-09-20 14:56:38.389,43.09004904330646,15
2024-09-20 14:56:38.511,430.9009177322378,9
2024-09-20 14:56:38.957,430.8901552218362,99
2024-09-20 14:56:39.015,430.840265751684,103
2024-09-20 14:56:39.017,430.8317271871487,998
2024-09-20 14:56:39.075,430.8860167795781,98
2024-09-20 14:56:39.103,430.8919058390285,13
2024-09-20 14:56:39.168,430.8157685986488,102
2024-09-20 14:56:39.204,430.929669413253,9
2024-09-20 14:56:39.357,430.8895632647158,98
2024-09-20 14:56:39.389,430.8768644600818,103
2024-09-20 14:56:39.411,430.8677236243983,102
2024-09-20 14:56:39.421,430.889634538102,8
2024-09-20 14:56:39.435,430.92836568951975,15
2024-09-20 14:56:39.450,430.8127236077987,103
2024-09-20 14:56:39.560,430.8981892397304,12
2024-09-20 14:56:39.561,430.9016900202485,9
2024-09-20 14:56:39.564,430.8314760680424,1005
2024-09-20 14:56:39.576,430.9214729130037,8
2024-09-20 14:56:39.583,430.816810546611,97
2024-09-20 14:56:39.642,430.83748256653627,5
2024-09-20 14:56:39.715,430.8948767327734,8
2024-09-20 14:56:39.727,430.8151326447462,100
2024-09-20 14:56:39.737,430.8524403835695,9
2024-09-20 14:56:39.741,430.9228097021957,95
2024-09-20 14:56:39.819,430.8579967169828,997
2024-09-20 14:56:39.827,430.9129332816721,1005
2024-09-20 14:56:39.877,430.8978106921128,97
2024-09-20 14:56:39.967,430.89831863379794,14
2024-09-20 14:56:40.050,430.8579095727938,998
2024-09-20 14:56:40.148,430.7867033033628,9
2024-09-20 14:56:40.232,-430.810106325663,95
2024-09-20 14:56:40.256,430.80697304326605,998
2024-09-20 14:56:40.258,430.8594034693885,1000
2024-09-20 14:56:40.290,430.84797696299273,103
2024-09-20 14:56:40.308,430.8112447188488,102
2024-09-20 14:56:40.337,430.802980526372,101
2024-09-20 14:56:40.365,430.8331180125581,97
2024-09-20 14:56:40.490,430.87532848211777,1003
2024-09-20 14:56:40.517,430.8040606909547,1000
2024-09-20 14:56:40.670,430.7970551536675,1001
2024-09-20 14:56:40.707,430.8126519550177,11
2024-09-20 14:56:40.753,430.7912837164225,97
2024-09-20 14:56:40.769,430.8218039633186,5
2024-09-20 14:56:40.776,430.8558523091836,996
2024-09-20 14:56:40.907,430.8748542395468,5
2024-09-20 14:56:40.937,430.8142739510944,1000
2024-09-20 14:56:41.016,430.81386169559806,998
2024-09-20 14:56:41.287,430.8708600392414,103
2024-09-20 14:56:41.561,430.84903115575634,998
2024-09-20 14:56:41.681,430.867017338308,10
2024-09-20 14:56:41.867,430.8660804843843,95
2024-09-20 14:56:41.919,430.8625192243711,9
2024-09-20 14:56:42.077,430.84545223648377,96
2024-09-20 14:56:42.104,430.8411685871296,9
2024-09-20 14:56:42.113,430.79618057674327,9
2024-09-20 14:56:42.154,430.8400858321569,96
2024-09-20 14:56:42.161,430.8271338710469,105
2024-09-20 14:56:42.211,430.81006825248176,100
2024-09-20 14:56:42.228,430.83711230676994,1002
2024-09-20 14:56:42.262,430.7851783061562,10
2024-09-20 14:56:42.289,430.79176240551953,998
2024-09-20 14:56:42.334,430.82305414250897,1003
2024-09-20 14:56:42.347,430.8064022140539,100
2024-09-20 14:56:42.361,430.8303521686376,996
2024-09-20 14:56:42.417,430.82026779008,104
2024-09-20 14:56:42.440,430.81853019243664,100
2024-09-20 14:56:42.530,430.8366620975796,11
2024-09-20 14:56:42.553,430.8131059152881,13
2024-09-20 14:56:42.628,430.8022096669677,15
2024-09-20 14:56:42.647,430.7983029436378,101
2024-09-20 14:56:42.660,430.84070645221937,13
2024-09-20 14:56:42.666,430.8028031895346,5
2024-09-20 14:56:42.805,430.8330846496282,11
2024-09-20 14:56:42.808,430.8367430308932,9
2024-09-20 14:56:42.819,430.8164709789264,7
2024-09-20 14:56:42.843,430.8067154246281,96
2024-09-20 14:56:43.006,430.7937487804999,1002
2024-09-20 14:56:43.115,430.8138773324599,996
2024-09-20 14:56:43.153,430.8467261399353,6
2024-09-20 14:56:43.158,-430.80952934660365,96
2024-09-20 14:56:43.173,430.7988995865145,1005
2024-09-20 14:56:43.195,430.78435887995175,8
2024-09-20 14:56:43.238,430.8256919708192,998
2024-09-20 14:56:43.264,430.7626439300402,1004
2024-09-20 14:56:43.286,430.80030755696674,8
2024-09-20 14:56:43.323,430.8292948191429,95
2024-09-20 14:56:43.334,430.7861783826143,9
2024-09-20 14:56:43.342,430.8156733377743,104
2024-09-20 14:56:43.345,,1001
2024-09-20 14:56:43.406,430.8396660671696,1004
2024-09-20 14:56:43.502,430.7721877321001,96
2024-09-20 14:56:43.507,430.8072912213683,105
2024-09-20 14:56:43.620,430.8187552355394,12
2024-09-20 14:56:43.640,430.767914938442,1005
2024-09-20 14:56:43.677,430.813606289828,11
2024-09-20 14:56:43.703,430.7873537844145,8
2024-09-20 14:56:43.731,430.8052695353807,1005
2024-09-20 14:56:43.754,430.8040134020986,5
2024-09-20 14:56:43.779,430.8341914671561,1005
2024-09-20 14:56:43.869,430.8243792735378,1000
2024-09-20 14:56:43.877,,11
2024-09-20 14:56:43.902,430.80460192513766,103
2024-09-20 14:56:43.968,,11
2024-09-20 14:56:43.983,430.8241351528035,104
2024-09-20 14:56:44.056,430.9039315241643,7
2024-09-20 14:56:44.200,430.9147246649616,98
2024-09-20 14:56:44.390,430.8269570987278,97
2024-09-20 14:56:44.397,430.88003305684913,997
2024-09-20 14:56:44.398,430.9020514425005,11
2024-09-20 14:56:44.401,430.8597671781366,9
2024-09-20 14:56:44.488,430.94246883783495,105
2024-09-20 14:56:44.512,430.9475923732861,10
2024-09-20 14:56:44.534,43.09208042465886,96
2024-09-20 14:56:44.568,430.8972800769088,1000
2024-09-20 14:56:44.781,430.9270189528512,1002
2024-09-20 14:56:44.851,430.87427461731096,997
2024-09-20 14:56:45.126,430.9455619535241,15
2024-09-20 14:56:46.016,430.96347688880206,998
2024-09-20 14:56:46.030,430.9133785817096,99
2024-09-20 14:56:46.090,430.9206535961344,15
2024-09-20 14:56:46.140,430.90470443068233,999
2024-09-20 14:56:46.240,430.9345105895876,5
2024-09-20 14:56:46.253,430.9119463983397,5
2024-09-20 14:56:46.270,430.914234051919,11
2024-09-20 14:56:46.278,430.93450667809327,996
2024-09-20 14:56:46.325,430.8997084352662,95
2024-09-20 14:56:46.354,430.911748171768,1004
2024-09-20 14:56:46.475,430.8981437310274,103
2024-09-20 14:56:46.526,430.93914947408047,1005
2024-09-20 14:56:46.707,430.941633955412,11
2024-09-20 14:56:46.727,430.8907736145484,96
2024-09-20 14:56:46.823,430.92502656306016,96
2024-09-20 14:56:46.976,430.9105400379101,97
2024-09-20 14:56:46.988,430.9088619341565,7
2024-09-20 14:56:47.060,430.8814164670391,6
2024-09-20 14:56:47.067,430.9035507145135,11
2024-09-20 14:56:47.164,430.9133478088682,105
2024-09-20 14:56:47.164,430.918922372421,1005
2024-09-20 14:56:47.220,430.92933073150846,7
2024-09-20 14:56:47.301,430.909887190128,15
2024-09-20 14:56:47.307,430.9235490515634,105
2024-09-20 14:56:47.339,430.9398999000493,1005
2024-09-20 14:56:47.344,430.9086468962132,1005
2024-09-20 14:56:47.358,430.94503159233966,102
2024-09-20 14:56:47.400,430.9029405988624,99
2024-09-20 14:56:47.622,430.89577009250576,11
2024-09-20 14:56:47.644,430.9306598050624,6
2024-09-20 14:56:47.666,430.915722880256,96
2024-09-20 14:56:47.818,430.92070181601696,997
2024-09-20 14:56:47.839,430.9316788256427,13
2024-09-20 14:56:47.844,430.91180613318295,105
2024-09-20 14:56:47.927,430.9230082486391,99
2024-09-20 14:56:47.930,430.9205230564668,99
2024-09-20 14:56:48.020,430.9153825980151,1001
2024-09-20 14:56:48.044,430.9362455543586,104
2024-09-20 14:56:48.129,430.9176334952833,996
2024-09-20 14:56:48.236,430.9257653784227,7
2024-09-20 14:56:48.313,430.9374324280505,15
2024-09-20 14:56:48.618,430.91853287201326,998
2024-09-20 14:56:48.994,430.9323464833997,5
2024-09-20 14:56:49.049,430.87544153924057,98
2024-09-20 14:56:49.065,430.87834497827953,105
2024-09-20 14:56:49.071,430.90259412233394,1003
2024-09-20 14:56:49.096,430.8788129980945,97
2024-09-20 14:56:49.132,430.9024022509798,96
2024-09-20 14:56:49.136,430.9008766560946,1002
2024-09-20 14:56:49.140,430.9044061123332,103
2024-09-20 14:56:49.140,430.8973262595697,5
2024-09-20 14:56:49.190,430.8921797792153,999
2024-09-20 14:56:49.192,430.8998021495851,12
2024-09-20 14:56:49.218,430.914019487363,11
2024-09-20 14:56:49.264,430.8694545272921,1004
2024-09-20 14:56:49.328,430.8889427096875,1004
2024-09-20 14:56:49.349,430.8733109310188,7
2024-09-20 14:56:49.382,430.8644149563329,10
2024-09-20 14:56:49.382,430.90339554585074,98
2024-09-20 14:56:49.621,430.8913642109074,1005
2024-09-20 14:56:49.689,430.8955772659381,97
2024-09-20 14:56:49.705,430.90723542582873,5
2024-09-20 14:56:49.716,430.8982692693701,996
2024-09-20 14:56:49.733,430.88606446981134,996
2024-09-20 14:56:49.752,430.8843912796907,96
2024-09-20 14:56:49.796,430.9123836964642,102
2024-09-20 14:56:49.948,430.895845291444,1005
2024-09-20 14:56:49.949,430.9099482197661,95
2024-09-20 14:56:50.014,430.87311819501787,99
2024-09-20 14:56:50.080,430.8560559009041,997
2024-09-20 14:56:50.080,430.8586732081041,6
2024-09-20 14:56:50.117,430.8729224900656,999
2024-09-20 14:56:50.217,430.8688763103413,7
2024-09-20 14:56:50.281,430.8753233706488,101
2024-09-20 14:56:50.341,430.86437847315307,10
2024-09-20 14:56:50.385,430.8901322323279,102
2024-09-20 14:56:50.465,430.8933520664893,1001
2024-09-20 14:56:50.546,430.85941233767767,6
2024-09-20 14:56:50.620,430.9115365029727,10
2024-09-20 14:56:50.638,430.8671249755805,1000
2024-09-20 14:56:50.650,430.868516058214,997
2024-09-20 14:56:50.701,430.8892495346928,1004
2024-09-20 14:56:50.740,430.9184430281068,96
2024-09-20 14:56:50.754,430.868632331498,103
2024-09-20 14:56:50.803,430.9050706157997,8
2024-09-20 14:56:50.809,430.8888089611565,105
2024-09-20 14:56:50.996,430.8707691807714,14
2024-09-20 14:56:50.998,430.9166377116288,97
2024-09-20 14:56:51.101,430.9019542152636,98
2024-09-20 14:56:51.290,430.904588735031,15
2024-09-20 14:56:51.504,430.9015324475663,95
2024-09-20 14:56:51.541,430.8903380068941,1005
2024-09-20 14:56:51.605,430.8893505172416,12
2024-09-20 14:56:51.839,430.8908416412027,999
2024-09-20 14:56:51.984,430.8796773457845,9
2024-09-20 14:56:52.048,430.88575281609934,1005
2024-09-20 14:56:52.155,430.8476815778136,7
2024-09-20 14:56:52.170,430.8874882214668,103
2024-09-20 14:56:52.176,430.8665709248603,12
2024-09-20 14:56:52.282,430.8818197073603,1005
2024-09-20 14:56:52.348,430.8402139013242,1003
2024-09-20 14:56:52.394,430.9116165801306,97
2024-09-20 14:56:52.396,430.8956629031147,996
2024-09-20 14:56:52.420,430.84577936783023,104
2024-09-20 14:56:52.426,430.85602799809976,102
2024-09-20 14:56:52.522,430.89458702524576,95
2024-09-20 14:56:52.557,430.8592514408915,102
2024-09-20 14:56:52.626,430.8441100329764,997
2024-09-20 14:56:52.725,430.8537048779656,14
2024-09-20 14:56:52.731,430.84954139957193,8
2024-09-20 14:56:52.741,430.87679884543576,98
2024-09-20 14:56:52.753,430.8646068504519,1004
2024-09-20 14:56:52.767,430.90680475576994,8
2024-09-20 14:56:52.959,430.8601251705636,95
2024-09-20 14:56:53.085,430.8383681915369,102
2024-09-20 14:56:53.175,430.8641238468037,8
2024-09-20 14:56:53.192,430.8539621134071,1005
2024-09-20 14:56:53.341,430.8586851723483,102
2024-09-20 14:56:53.701,430.9027681296454,9
2024-09-20 14:56:53.702,430.8531835743812,104
2024-09-20 14:56:53.746,430.9075617206721,12
2024-09-20 14:56:53.991,430.883007016506,100
2024-09-20 14:56:54.098,430.9189031488,98
2024-09-20 14:56:54.150,430.9600839134506,96
2024-09-20 14:56:54.298,430.9489762304772,11
2024-09-20 14:56:54.339,430.9574044468511,11
2024-09-20 14:56:54.354,430.9312247207436,1001
2024-09-20 14:56:54.461,423.736011921234,995
2024-09-20 14:56:54.476,430.9745971479309,11
2024-09-20 14:56:54.499,430.921894743442,1002
2024-09-20 14:56:54.649,430.9461042068875,1004
2024-09-20 14:56:54.732,430.9472838084825,14
2024-09-20 14:56:54.882,430.96371349895,5
2024-09-20 14:56:54.950,430.9370287204427,997
2024-09-20 14:56:54.972,430.965609456682,5
2024-09-20 14:56:55.028,430.9052881290466,7
2024-09-20 14:56:55.031,430.928196866921,1002
2024-09-20 14:56:55.058,430.9359572107484,1005
2024-09-20 14:56:55.092,430.8770112300272,7
2024-09-20 14:56:55.097,423.7948720910042,998
2024-09-20 14:56:55.109,430.9592507069981,1000
2024-09-20 14:56:55.173,430.8527424275925,999
2024-09-20 14:56:55.188,430.9463371294288,11
2024-09-20 14:56:55.194,430.9469168517896,104
2024-09-20 14:56:55.335,430.8259014821333,97
2024-09-20 14:56:55.440,430.9193680689888,1002
2024-09-20 14:56:55.450,430.9057113245573,95
2024-09-20 14:56:55.453,430.95115678035353,104
2024-09-20 14:56:55.490,430.95978425470935,15
2024-09-20 14:56:55.491,430.98473882302255,10
2024-09-20 14:56:55.735,430.91563577737065,14
2024-09-20 14:56:55.810,430.8472054250048,996
2024-09-20 14:56:55.820,430.84209888164605,1003
2024-09-20 14:56:55.915,430.9660410870642,105
2024-09-20 14:56:55.929,430.9353061964829,997
2024-09-20 14:56:56.073,430.8784499631026,101
2024-09-20 14:56:56.192,430.8892694268679,1004
2024-09-20 14:56:56.193,430.9031563561388,13
2024-09-20 14:56:56.203,430.905519465264,12
2024-09-20 14:56:56.297,430.8301096026276,13
2024-09-20 14:56:56.298,430.8642151298481,14
2024-09-20 14:56:56.313,430.889261713943,100
2024-09-20 14:56:56.320,430.9017611047986,12
2024-09-20 14:56:56.448,430.8550085089696,11
2024-09-20 14:56:56.678,430.8860436741314,8
2024-09-20 14:56:56.767,430.82895094442654,998
2024-09-20 14:56:56.783,430.8417051631124,102
2024-09-20 14:56:56.796,430.90832115949286,104
2024-09-20 14:56:56.803,430.9029051056779,995
2024-09-20 14:56:56.841,430.8917876715123,5
2024-09-20 14:56:56.858,430.8434568691846,6
2024-09-20 14:56:56.881,430.8899620853188,9
2024-09-20 14:56:56.890,430.8827564146637,14
2024-09-20 14:56:56.915,430.86467191474094,1003
2024-09-20 14:56:56.981,430.89158370766586,7
2024-09-20 14:56:57.009,430.9392269684091,5
2024-09-20 14:56:57.016,430.92662378214254,12
2024-09-20 14:56:57.075,430.9399895415407,995
2024-09-20 14:56:57.090,430.9413419576389,102
2024-09-20 14:56:57.132,430.9312445269497,1004
2024-09-20 14:56:57.284,430.903414511618,998
2024-09-20 14:56:57.315,430.9502552139803,15
2024-09-20 14:56:57.364,430.9323859640881,97
2024-09-20 14:56:57.385,430.95110041603897,103
2024-09-20 14:56:57.431,423.6624326506299,95
2024-09-20 14:56:57.475,430.93061760302805,98
2024-09-20 14:56:57.485,430.9501595914909,14
2024-09-20 14:56:57.495,430.88671359871967,1002
2024-09-20 14:56:57.498,430.9230299190416,100
2024-09-20 14:56:57.510,430.9072877099288,7
2024-09-20 14:56:57.554,430.9325404645979,103
2024-09-20 14:56:57.556,430.947735409525,95
2024-09-20 14:56:57.564,430.93787262099386,104
2024-09-20 14:56:57.594,430.9373132249082,101
2024-09-20 14:56:57.646,430.9755454269055,105
2024-09-20 14:56:57.650,430.9532537066201,14
2024-09-20 14:56:57.701,430.89916923351353,96
2024-09-20 14:56:57.719,430.96220738427246,1004
2024-09-20 14:56:57.769,430.93763770963386,12
2024-09-20 14:56:57.771,430.9129730654139,97
2024-09-20 14:56:57.863,430.9480452781503,9
2024-09-20 14:56:57.905,,5
2024-09-20 14:56:57.988,430.9327337327993,1000
2024-09-20 14:56:58.158,430.956949416789,8
2024-09-20 14:56:58.185,430.9441068605877,6
2024-09-20 14:56:58.288,430.941838840258,996
2024-09-20 14:56:58.297,430.9530696181927,1000
2024-09-20 14:56:58.388,430.94346213357966,5
2024-09-20 14:56:58.452,430.9365673928924,100
2024-09-20 14:56:58.521,430.93150101754674,999
2024-09-20 14:56:58.702,430.9445319056687,997
2024-09-20 14:56:58.763,430.9578140323426,15
2024-09-20 14:56:58.877,430.9584422367433,96
2024-09-20 14:56:58.895,430.943759146276,997
2024-09-20 14:56:59.029,431.00514374927167,5
2024-09-20 14:56:59.064,430.9841632069911,11
2024-09-20 14:56:59.083,431.02074090105975,995
2024-09-20 14:56:59.101,430.98901856697057,104
2024-09-20 14:56:59.134,431.0830661219863,14
2024-09-20 14:56:59.141,,1000
2024-09-20 14:56:59.150,431.0775818095765,15
2024-09-20 14:56:59.167,430.93010571424594,15
2024-09-20 14:56:59.169,431.00087507581696,998
2024-09-20 14:56:59.186,430.9990590324738,103
2024-09-20 14:56:59.287,430.9091441262123,11
2024-09-20 14:56:59.348,430.9637796959812,97
2024-09-20 14:56:59.363,43.09354245042608,101
2024-09-20 14:56:59.368,431.0064632102696,1000
2024-09-20 14:56:59.377,430.9447591486726,12
2024-09-20 14:56:59.390,43.10803383516716,95
2024-09-20 14:56:59.412,431.0039193384816,12
2024-09-20 14:56:59.445,430.99843669295177,98
2024-09-20 14:56:59.477,430.9782307593517,9
2024-09-20 14:56:59.540,430.91866291965306,13
2024-09-20 14:56:59.547,430.9166265419347,999
2024-09-20 14:56:59.571,430.9736944194022,1005
2024-09-20 14:56:59.629,431.0616448238979,12
2024-09-20 14:56:59.668,431.0622359496213,6
2024-09-20 14:56:59.682,431.0770300271517,12
2024-09-20 14:56:59.804,430.9889745682728,99
2024-09-20 14:56:59.986,430.93781737686334,13
