Timestamp,Price,Size
2024-09-17 13:30:00.100,400.9565050067392,997
2024-09-17 13:30:00.136,400.95740255945145,1001
2024-09-17 13:30:00.163,400.95586651991954,8
2024-09-17 13:30:00.515,400.952526176004,13
2024-09-17 13:30:00.559,400.9665939723498,6
2024-09-17 13:30:00.674,400.9366695240319,103
2024-09-17 13:30:00.699,400.9469524242477,5
2024-09-17 13:30:01.095,400.9353708911973,96
2024-09-17 13:30:01.156,400.9381946388027,104
2024-09-17 13:30:01.159,400.9417304180789,15
2024-09-17 13:30:01.170,400.9124516141791,9
2024-09-17 13:30:01.172,400.9441584111756,12
2024-09-17 13:30:01.182,400.91573125424287,11
2024-09-17 13:30:01.330,400.9437470461904,104
2024-09-17 13:30:01.340,400.90963627403306,102
2024-09-17 13:30:01.405,400.9320032659684,1000
2024-09-17 13:30:01.468,400.94822649543664,104
2024-09-17 13:30:01.485,-400.91280378508975,1002
2024-09-17 13:30:01.531,400.9093811468619,105
2024-09-17 13:30:01.561,400.9507391186008,996
2024-09-17 13:30:01.582,400.9019631941616,96
2024-09-17 13:30:01.612,400.9355568763282,97
2024-09-17 13:30:01.626,-400.9245004877897,9
2024-09-17 13:30:01.637,400.92632388790855,996
2024-09-17 13:30:01.710,400.9159667186539,6
2024-09-17 13:30:01.734,400.9365753899498,97
2024-09-17 13:30:01.739,400.95232670592577,1002
2024-09-17 13:30:01.759,400.90535479378383,995
2024-09-17 13:30:01.803,400.9597177046984,11
2024-09-17 13:30:01.895,400.8955920361958,95
2024-09-17 13:30:01.913,400.9369358585214,96
2024-09-17 13:30:01.944,400.9319819149419,103
2024-09-17 13:30:01.947,400.9099892870467,98
2024-09-17 13:30:01.989,400.9391140132903,105
2024-09-17 13:30:02.026,400.87440430295953,1002
2024-09-17 13:30:02.078,400.7762356442936,13
2024-09-17 13:30:02.128,400.86878285386086,7
2024-09-17 13:30:02.210,400.7913680624128,998
2024-09-17 13:30:02.219,400.8615181630337,100
2024-09-17 13:30:02.315,400.8195043880452,102
2024-09-17 13:30:02.407,400.88480236755066,5
2024-09-17 13:30:02.417,400.7669311769121,101
2024-09-17 13:30:02.480,400.7459990283001,999
2024-09-17 13:30:02.485,400.8648431070853,998
2024-09-17 13:30:02.517,400.7907096371552,95
2024-09-17 13:30:02.623,400.7381666616248,1001
2024-09-17 13:30:02.632,40.080287421161216,95
2024-09-17 13:30:02.659,400.7576038437739,9
2024-09-17 13:30:02.702,400.77892867196095,105
2024-09-17 13:30:02.741,400.7800184726712,13
2024-09-17 13:30:02.763,400.8392218897633,99
2024-09-17 13:30:02.769,400.793965954441,97
2024-09-17 13:30:02.833,400.77525895726905,14
2024-09-17 13:30:02.850,400.78102479034254,96
2024-09-17 13:30:03.408,400.7089303314755,103
2024-09-17 13:30:04.009,400.6515632016935,105
2024-09-17 13:30:04.068,400.65168290688814,103
2024-09-17 13:30:04.180,400.6607796751071,13
2024-09-17 13:30:04.214,400.6271580401761,96
2024-09-17 13:30:04.223,400.64014313998325,14
2024-09-17 13:30:04.299,400.6244825187821,103
2024-09-17 13:30:04.310,400.6639790702161,12
2024-09-17 13:30:04.345,400.6185362733529,13
2024-09-17 13:30:04.369,400.6370175833983,13
2024-09-17 13:30:04.421,400.6113952041303,7
2024-09-17 13:30:04.445,400.6311754087243,100
2024-09-17 13:30:04.493,400.6600666464206,101
2024-09-17 13:30:04.542,400.64567114667074,998
2024-09-17 13:30:04.564,400.6113641796204,15
2024-09-17 13:30:04.575,400.7007712004752,104
2024-09-17 13:30:04.768,400.6670750614115,10
2024-09-17 13:30:04.786,400.7100704054221,1003
2024-09-17 13:30:04.798,400.67534657286245,15
2024-09-17 13:30:04.841,400.7105842598614,1004
2024-09-17 13:30:04.933,400.7118444604761,96
2024-09-17 13:30:04.943,400.70102316062616,6
2024-09-17 13:30:04.946,400.6377133757048,8
2024-09-17 13:30:04.957,400.6899956275843,97
2024-09-17 13:30:05.384,400.6169894538386,6
2024-09-17 13:30:05.410,400.637680013044,98
2024-09-17 13:30:05.555,400.62128801169126,8
2024-09-17 13:30:05.638,400.623959307786,103
2024-09-17 13:30:06.002,400.5815698156538,995
2024-09-17 13:30:06.036,400.5359779750016,995
2024-09-17 13:30:06.103,400.54155729491214,95
2024-09-17 13:30:06.116,400.5803987468415,104
2024-09-17 13:30:06.248,400.5425220998992,996
2024-09-17 13:30:06.320,400.6054437886592,1003
2024-09-17 13:30:06.341,400.6162126370449,7
2024-09-17 13:30:06.412,400.6048548810388,10
2024-09-17 13:30:06.444,400.64518764569794,14
2024-09-17 13:30:06.486,400.537300765836,7
2024-09-17 13:30:06.498,400.5450555518977,101
2024-09-17 13:30:06.504,400.5799826403676,997
2024-09-17 13:30:06.625,400.55702862041545,5
2024-09-17 13:30:06.637,400.5623545842074,1004
2024-09-17 13:30:06.779,400.6026202711489,14
2024-09-17 13:30:06.782,400.6096206144179,13
2024-09-17 13:30:06.788,400.56234335850417,15
2024-09-17 13:30:06.820,400.553345307666,105
2024-09-17 13:30:06.863,400.6319677793159,1000
2024-09-17 13:30:06.876,400.5521274403737,102
2024-09-17 13:30:06.891,400.5495080481068,98
2024-09-17 13:30:06.936,400.6258726589127,101
2024-09-17 13:30:06.971,40.06124153383461,9
2024-09-17 13:30:06.979,400.587054612171,996
2024-09-17 13:30:06.987,400.5492296639173,8
2024-09-17 13:30:07.134,-400.5845632164619,96
2024-09-17 13:30:07.218,400.6058149507847,10
2024-09-17 13:30:07.248,400.6129514039122,997
2024-09-17 13:30:07.272,400.6186180079797,99
2024-09-17 13:30:07.295,400.62228791036495,1005
2024-09-17 13:30:07.305,400.6063613692694,15
2024-09-17 13:30:07.415,400.6079530740556,100
2024-09-17 13:30:07.427,400.6151067901108,9
2024-09-17 13:30:07.741,400.6104184378645,1000
2024-09-17 13:30:07.882,400.6028041635398,12
2024-09-17 13:30:07.897,400.6007309841697,11
2024-09-17 13:30:07.913,400.5986954832239,14
2024-09-17 13:30:07.915,400.6116947170427,103
2024-09-17 13:30:07.973,400.6131456153946,8
2024-09-17 13:30:08.044,400.58328104258754,1001
2024-09-17 13:30:08.115,400.6127546057132,102
2024-09-17 13:30:08.120,400.6020973610854,105
2024-09-17 13:30:08.230,400.56011704915056,995
2024-09-17 13:30:08.336,400.57942406565365,102
2024-09-17 13:30:08.542,400.5806758378976,996
2024-09-17 13:30:08.744,400.6228440312077,995
2024-09-17 13:30:08.773,400.566566974924,999
2024-09-17 13:30:08.776,400.5750275795518,5
2024-09-17 13:30:08.829,400.5828287681184,1003
2024-09-17 13:30:08.931,400.5985617648382,7
2024-09-17 13:30:08.939,400.5755573627772,99
2024-09-17 13:30:08.945,400.5582049288228,995
2024-09-17 13:30:09.019,400.5784781356676,9
2024-09-17 13:30:09.040,400.5537625071569,1004
2024-09-17 13:30:09.047,400.6076971268839,98
2024-09-17 13:30:09.048,400.60038210869067,11
2024-09-17 13:30:09.073,400.578369020606,97
2024-09-17 13:30:09.100,400.5956149878937,7
2024-09-17 13:30:09.125,400.5805218210033,1002
2024-09-17 13:30:09.181,400.59096933987473,997
2024-09-17 13:30:09.206,400.5912929617316,8
2024-09-17 13:30:09.241,400.5732145058533,15
2024-09-17 13:30:09.245,400.5635880663394,97
2024-09-17 13:30:09.354,400.5987433184401,12
2024-09-17 13:30:09.501,400.569875271849,8
2024-09-17 13:30:09.641,,995
2024-09-17 13:30:09.647,400.603229522044,98
2024-09-17 13:30:09.690,400.6059674977558,1003
2024-09-17 13:30:09.752,400.6226068921964,105
2024-09-17 13:30:09.759,400.5934227824213,9
2024-09-17 13:30:09.762,400.5870209427336,96
2024-09-17 13:30:09.768,400.6042619914504,995
2024-09-17 13:30:09.779,400.5959048157546,13
2024-09-17 13:30:09.794,400.6068879086602,100
2024-09-17 13:30:09.857,400.5961058089203,102
2024-09-17 13:30:09.935,400.58536827066695,1002
2024-09-17 13:30:09.991,400.58721028042174,95
2024-09-17 13:30:10.011,,12
2024-09-17 13:30:10.057,400.6022152252013,5
2024-09-17 13:30:10.094,400.6283140815195,14
2024-09-17 13:30:10.116,400.6201156631059,103
2024-09-17 13:30:10.133,400.62165229789815,1004
2024-09-17 13:30:10.149,400.6097948954448,98
2024-09-17 13:30:10.227,400.6541563693516,6
2024-09-17 13:30:10.267,400.6322531201728,97
2024-09-17 13:30:10.317,400.6386323452638,7
2024-09-17 13:30:10.343,400.6150759264065,97
2024-09-17 13:30:10.354,400.6464419346711,15
2024-09-17 13:30:10.377,400.62714294849377,1001
2024-09-17 13:30:10.384,400.6092077730392,1002
2024-09-17 13:30:10.524,400.6207955503365,95
2024-09-17 13:30:10.541,400.617908396765,6
2024-09-17 13:30:10.578,400.6600581144476,7
2024-09-17 13:30:10.604,400.613967431641,6
2024-09-17 13:30:10.632,400.6064822909268,14
2024-09-17 13:30:10.688,400.62787992694825,1000
2024-09-17 13:30:10.711,400.6397855774091,1005
2024-09-17 13:30:10.792,400.6319415665416,101
2024-09-17 13:30:10.822,400.6235339792439,997
2024-09-17 13:30:10.826,-400.64621853188726,1004
2024-09-17 13:30:10.844,400.6339714098068,10
2024-09-17 13:30:10.860,400.6471764354442,995
2024-09-17 13:30:10.919,400.6240012903591,105
2024-09-17 13:30:10.927,400.6188851403921,103
2024-09-17 13:30:10.986,400.6296509037064,96
2024-09-17 13:30:11.023,400.5637474370632,6
2024-09-17 13:30:11.066,400.58306647488496,9
2024-09-17 13:30:11.130,400.57552347317966,1005
2024-09-17 13:30:11.177,400.6456559876297,7
2024-09-17 13:30:11.189,400.56948113569575,1004
2024-09-17 13:30:11.281,400.567350917332,14
2024-09-17 13:30:11.296,400.648116140108,1003
2024-09-17 13:30:11.317,400.58189615878536,1001
2024-09-17 13:30:11.338,400.55393474818953,14
2024-09-17 13:30:11.363,400.5622036083607,997
2024-09-17 13:30:11.378,400.5474287743814,105
2024-09-17 13:30:11.432,400.6325132377923,98
2024-09-17 13:30:11.434,400.56565379109776,997
2024-09-17 13:30:11.456,400.6016461776173,102
2024-09-17 13:30:11.548,400.5820173647242,995
2024-09-17 13:30:11.554,400.58654159760846,103
2024-09-17 13:30:11.560,400.5465013562301,5
2024-09-17 13:30:11.561,400.5704678277196,9
2024-09-17 13:30:11.626,400.5714871267292,995
2024-09-17 13:30:11.675,400.5674158335265,99
2024-09-17 13:30:11.687,400.5607352059735,100
2024-09-17 13:30:11.718,400.56625984764713,10
2024-09-17 13:30:11.726,400.57394306211137,1003
2024-09-17 13:30:11.777,400.5275797958928,95
2024-09-17 13:30:11.850,400.6164899987065,96
2024-09-17 13:30:11.905,400.540594495035,98
2024-09-17 13:30:11.926,400.5717208907405,6
2024-09-17 13:30:11.974,400.5339968669262,13
2024-09-17 13:30:11.980,400.55025075057176,8
2024-09-17 13:30:12.202,400.5291685989235,96
2024-09-17 13:30:12.882,400.5346934916511,105
2024-09-17 13:30:13.220,400.5191849417641,105
2024-09-17 13:30:13.368,400.5269814866819,998
2024-09-17 13:30:13.472,400.51216269594016,1005
2024-09-17 13:30:13.612,400.5410186283533,12
2024-09-17 13:30:13.691,400.5186251074209,100
2024-09-17 13:30:13.884,400.50980418093496,10
2024-09-17 13:30:14.241,400.5322747378704,100
2024-09-17 13:30:14.823,400.5273212501965,996
2024-09-17 13:30:14.897,400.53432919225554,1002
2024-09-17 13:30:15.025,400.53061355803766,7
2024-09-17 13:30:15.109,400.5442053390098,98
2024-09-17 13:30:15.348,400.5494791768775,998
2024-09-17 13:30:15.432,400.5279657737522,98
2024-09-17 13:30:15.443,400.5336521275959,997
2024-09-17 13:30:15.449,400.5442493430264,1003
2024-09-17 13:30:15.461,400.5383669395694,13
2024-09-17 13:30:15.471,400.5402445183797,7
2024-09-17 13:30:15.676,400.53866738352485,98
2024-09-17 13:30:15.828,400.5363316764317,7
2024-09-17 13:30:16.037,400.5355043292216,103
2024-09-17 13:30:16.074,400.52675231877294,1004
2024-09-17 13:30:16.134,400.5180451010905,96
2024-09-17 13:30:16.144,400.5754272610348,102
2024-09-17 13:30:16.165,400.54472402426825,5
2024-09-17 13:30:16.182,400.5597875701691,1002
2024-09-17 13:30:16.213,400.5572688738473,1003
2024-09-17 13:30:16.226,400.5279624597569,5
2024-09-17 13:30:16.238,400.52407086282113,105
2024-09-17 13:30:16.280,400.5302622246384,995
2024-09-17 13:30:16.312,400.54083952390096,15
2024-09-17 13:30:16.340,400.5380357870759,99
2024-09-17 13:30:16.345,400.54001333817945,102
2024-09-17 13:30:16.351,400.5494100502789,102
2024-09-17 13:30:16.361,400.55679148257167,95
2024-09-17 13:30:16.385,400.5234231601408,98
2024-09-17 13:30:16.392,400.53851276673856,1005
2024-09-17 13:30:16.432,400.5703821299389,999
2024-09-17 13:30:16.448,400.5277541693204,9
2024-09-17 13:30:16.478,400.57778426867065,999
2024-09-17 13:30:16.535,400.553943698327,1000
2024-09-17 13:30:16.596,400.524685005888,7
2024-09-17 13:30:16.681,400.5724205064546,101
2024-09-17 13:30:16.757,400.5250272073933,10
2024-09-17 13:30:16.851,-400.5564339787472,96
2024-09-17 13:30:16.929,-400.54951144376565,10
2024-09-17 13:30:17.034,400.5574004840676,9
2024-09-17 13:30:17.068,400.5782173905874,998
2024-09-17 13:30:17.082,400.5627947561295,7
2024-09-17 13:30:17.104,400.5720336776168,996
2024-09-17 13:30:17.113,400.5526414420753,5
2024-09-17 13:30:17.192,400.5710565639279,99
2024-09-17 13:30:17.302,400.5569802618559,6
2024-09-17 13:30:17.326,400.5591585571816,9
2024-09-17 13:30:17.393,-400.5692331430655,13
2024-09-17 13:30:17.421,400.5534376246029,97
2024-09-17 13:30:17.423,400.56140246039257,95
2024-09-17 13:30:17.517,400.5455250937706,999
2024-09-17 13:30:17.519,400.53884480741,995
2024-09-17 13:30:17.582,400.53372633884,13
2024-09-17 13:30:17.600,400.540329597045,996
2024-09-17 13:30:17.693,400.5458858605916,9
2024-09-17 13:30:17.698,400.5452347567573,96
2024-09-17 13:30:17.739,400.553115754712,14
2024-09-17 13:30:17.787,400.5530773617076,1001
2024-09-17 13:30:17.806,400.53387661383607,100
2024-09-17 13:30:17.825,400.5750035057524,998
2024-09-17 13:30:17.829,400.5597054680615,102
2024-09-17 13:30:17.847,400.5508350987333,996
2024-09-17 13:30:17.922,400.53244898080607,1003
2024-09-17 13:30:17.947,400.55240793831206,10
2024-09-17 13:30:18.032,400.5518883494141,101
2024-09-17 13:30:18.157,400.5562466430136,1005
2024-09-17 13:30:18.273,400.5829686815957,7
2024-09-17 13:30:18.399,400.5690864639851,1004
2024-09-17 13:30:18.460,400.5708063723008,995
2024-09-17 13:30:18.508,400.5625781877533,100
2024-09-17 13:30:18.514,400.5461410135906,1005
2024-09-17 13:30:18.524,400.5572253901809,11
2024-09-17 13:30:18.630,400.5820119015756,995
2024-09-17 13:30:18.697,400.5810390210338,1001
2024-09-17 13:30:18.752,400.5823543246092,104
2024-09-17 13:30:19.016,400.614846867976,97
2024-09-17 13:30:19.068,400.6065917468842,1004
2024-09-17 13:30:19.092,400.6209128501823,97
2024-09-17 13:30:19.197,400.607513813557,105
2024-09-17 13:30:19.437,400.61316387337854,12
2024-09-17 13:30:19.512,400.6210433299594,998
2024-09-17 13:30:19.558,400.61713289466417,12
2024-09-17 13:30:19.610,400.61181286095945,11
2024-09-17 13:30:19.633,400.6416761622143,103
2024-09-17 13:30:19.667,400.6362195624214,998
2024-09-17 13:30:19.705,400.6033531173015,999
2024-09-17 13:30:19.800,40.05929985880056,1002
2024-09-17 13:30:19.858,400.63391530284633,5
2024-09-17 13:30:19.903,400.62029615285593,14
2024-09-17 13:30:20.105,400.6457374221842,996
2024-09-17 13:30:20.433,400.62405859173015,11
2024-09-17 13:30:20.493,400.6280880733115,6
2024-09-17 13:30:20.607,400.6308529275221,101
2024-09-17 13:30:20.950,,6
2024-09-17 13:30:21.009,400.6327213170249,995
2024-09-17 13:30:21.040,400.665613006166,98
2024-09-17 13:30:21.075,400.5991526895573,1003
2024-09-17 13:30:21.133,400.60749170546825,1004
2024-09-17 13:30:21.134,400.6943390402737,96
2024-09-17 13:30:21.169,400.6309672683993,5
2024-09-17 13:30:21.179,400.6126695849911,997
2024-09-17 13:30:21.205,400.6314527211584,95
2024-09-17 13:30:21.221,400.66815547748257,996
2024-09-17 13:30:21.270,400.68238052771954,1005
2024-09-17 13:30:21.430,400.6222347107724,1002
2024-09-17 13:30:21.438,400.6423143378259,1004
2024-09-17 13:30:21.442,400.6069260154646,95
2024-09-17 13:30:21.451,400.6306445090113,5
2024-09-17 13:30:21.469,400.69174088291146,13
2024-09-17 13:30:21.524,400.68804050855385,8
2024-09-17 13:30:21.595,400.5976623702175,1002
2024-09-17 13:30:21.616,400.6419713314054,103
2024-09-17 13:30:21.697,400.6224568840218,6
2024-09-17 13:30:21.707,400.65354899748536,100
2024-09-17 13:30:21.792,400.64635929122767,100
2024-09-17 13:30:21.852,400.6092605494002,1003
2024-09-17 13:30:21.874,400.6236135934756,15
2024-09-17 13:30:21.908,400.6604781008167,999
2024-09-17 13:30:21.947,400.63084333806336,97
2024-09-17 13:30:22.006,400.6135750349293,13
2024-09-17 13:30:22.127,400.5871926606864,96
2024-09-17 13:30:22.155,400.5775567760285,998
2024-09-17 13:30:22.210,400.60078442314256,998
2024-09-17 13:30:22.244,400.5970067254409,13
2024-09-17 13:30:22.297,400.6102435374973,13
2024-09-17 13:30:22.298,400.5801910678313,996
2024-09-17 13:30:22.316,400.568604118928,1001
2024-09-17 13:30:22.364,400.5822542237801,9
2024-09-17 13:30:22.376,400.5805043812379,1002
2024-09-17 13:30:22.476,400.59346664280326,99
2024-09-17 13:30:22.646,400.6237404826954,104
2024-09-17 13:30:22.665,400.5917595297802,11
2024-09-17 13:30:22.679,400.5947148627131,95
2024-09-17 13:30:22.693,400.5838151704344,102
2024-09-17 13:30:22.808,400.5982527507752,102
2024-09-17 13:30:22.813,400.5968859301685,1005
2024-09-17 13:30:22.837,400.581654850573,14
2024-09-17 13:30:22.864,400.59975911713406,996
2024-09-17 13:30:22.886,400.5790695067305,95
2024-09-17 13:30:22.898,400.59494009817575,996
2024-09-17 13:30:22.942,400.6190955672652,7
2024-09-17 13:30:22.958,400.5790415402752,9
2024-09-17 13:30:24.025,400.5757652800054,10
2024-09-17 13:30:24.029,400.5674728251348,5
2024-09-17 13:30:24.129,400.57890323743226,1002
2024-09-17 13:30:24.136,400.5600345823295,996
2024-09-17 13:30:24.159,400.53993431812165,9
2024-09-17 13:30:24.183,400.5674228650027,5
2024-09-17 13:30:24.235,400.5751897475012,1004
2024-09-17 13:30:24.328,400.55640583829904,99
2024-09-17 13:30:24.372,400.5709151276195,105
2024-09-17 13:30:24.409,400.5553487945187,1001
2024-09-17 13:30:24.414,400.5650162115775,999
2024-09-17 13:30:24.446,400.5633908608131,99
2024-09-17 13:30:24.505,400.5406139251392,6
2024-09-17 13:30:24.757,400.5813923953605,995
2024-09-17 13:30:24.831,400.5413997443328,7
2024-09-17 13:30:24.843,400.5433037694013,12
2024-09-17 13:30:24.897,400.595779346005,8
2024-09-17 13:30:25.029,400.57969389730977,998
2024-09-17 13:30:25.036,400.61728185740657,13
2024-09-17 13:30:25.066,400.5948171911695,1002
2024-09-17 13:30:25.068,400.6233319888742,98
2024-09-17 13:30:25.075,400.6180062684685,997
2024-09-17 13:30:25.147,400.5830592476186,1004
2024-09-17 13:30:25.210,400.6191579010806,1002
2024-09-17 13:30:25.380,400.5979510269049,14
2024-09-17 13:30:25.491,400.6424659124017,1000
2024-09-17 13:30:25.633,400.6227003912203,998
2024-09-17 13:30:25.764,400.577266081368,1000
2024-09-17 13:30:25.858,400.605680790178,999
2024-09-17 13:30:25.888,400.63207237358426,1002
2024-09-17 13:30:26.013,400.5962745539806,102
2024-09-17 13:30:26.047,400.6014867816762,12
2024-09-17 13:30:26.181,400.5873582756771,999
2024-09-17 13:30:26.205,400.6016920559373,97
2024-09-17 13:30:26.238,400.5764184664015,998
2024-09-17 13:30:26.272,400.6319452477426,105
2024-09-17 13:30:26.309,400.6206626414199,99
2024-09-17 13:30:26.318,400.63741862057134,98
2024-09-17 13:30:26.329,400.633598855646,7
2024-09-17 13:30:26.362,400.5648312550639,1001
2024-09-17 13:30:26.370,400.6034640415921,12
2024-09-17 13:30:26.389,400.5786392993248,15
2024-09-17 13:30:26.396,400.6471954111759,995
2024-09-17 13:30:26.409,400.5768671886225,105
2024-09-17 13:30:26.412,400.608752267702,6
2024-09-17 13:30:26.489,400.5815576724217,13
2024-09-17 13:30:26.572,400.647192192673,1004
2024-09-17 13:30:26.607,400.5658158376825,105
2024-09-17 13:30:26.617,400.6293457044641,7
2024-09-17 13:30:26.648,400.56773154797605,11
2024-09-17 13:30:26.716,400.59922625076,95
2024-09-17 13:30:26.734,400.6461253364167,1003
2024-09-17 13:30:26.791,400.6303332917894,97
2024-09-17 13:30:26.792,400.6516083948704,1003
2024-09-17 13:30:26.846,400.6235174752823,1000
2024-09-17 13:30:26.852,400.642342644318,100
2024-09-17 13:30:26.868,400.5936434086351,97
2024-09-17 13:30:26.908,400.6593345127281,9
2024-09-17 13:30:27.006,400.6494857610085,998
2024-09-17 13:30:27.040,400.6409982754272,1000
2024-09-17 13:30:27.136,400.6003094607572,996
2024-09-17 13:30:27.151,400.5986525443618,996
2024-09-17 13:30:27.154,400.6118894345086,1004
2024-09-17 13:30:27.198,400.5933259229911,12
2024-09-17 13:30:27.201,400.6379624515472,1004
2024-09-17 13:30:27.237,400.594993730876,104
2024-09-17 13:30:27.249,400.6121642681684,1001
2024-09-17 13:30:27.281,400.60650321224,999
2024-09-17 13:30:27.317,400.6076275970109,15
2024-09-17 13:30:27.318,400.63438671871785,97
2024-09-17 13:30:27.356,400.6003244121051,105
2024-09-17 13:30:27.453,400.6173410799586,998
2024-09-17 13:30:27.495,400.60341976037967,14
2024-09-17 13:30:27.566,400.6202504387721,9
2024-09-17 13:30:27.657,400.6153063326678,995
2024-09-17 13:30:27.665,400.6071138660923,1001
2024-09-17 13:30:27.764,400.61411781429416,10
2024-09-17 13:30:27.904,400.62679615406,1001
2024-09-17 13:30:27.907,400.5994163431694,1003
2024-09-17 13:30:27.939,400.6252979349161,1004
2024-09-17 13:30:28.062,400.64206778899353,103
2024-09-17 13:30:28.062,400.67812329193225,996
2024-09-17 13:30:28.086,400.6551322610225,98
2024-09-17 13:30:28.105,400.6662010616435,11
2024-09-17 13:30:28.118,400.66018122032153,7
2024-09-17 13:30:28.123,400.6475929669084,15
2024-09-17 13:30:28.166,400.66349451730457,8
2024-09-17 13:30:28.218,400.6480821723716,6
2024-09-17 13:30:28.274,400.6273743739087,7
2024-09-17 13:30:28.280,400.63764165303496,1001
2024-09-17 13:30:28.307,400.6768819548386,102
2024-09-17 13:30:28.337,400.6539011480608,9
2024-09-17 13:30:28.351,400.6642764250877,9
2024-09-17 13:30:28.536,400.65367691587977,100
2024-09-17 13:30:28.544,400.6497233734591,103
2024-09-17 13:30:28.544,400.6696784231847,104
2024-09-17 13:30:28.548,400.6718582709968,996
2024-09-17 13:30:28.605,400.6704621232005,998
2024-09-17 13:30:28.611,400.6516825477448,100
2024-09-17 13:30:28.616,400.6454537051371,102
2024-09-17 13:30:28.633,400.683670383409,15
2024-09-17 13:30:28.640,400.66702000763456,5
2024-09-17 13:30:28.740,400.6583087751658,1000
2024-09-17 13:30:28.753,400.6630609304395,997
2024-09-17 13:30:28.790,400.6838963933965,96
2024-09-17 13:30:28.797,40.06568451099736,1000
2024-09-17 13:30:28.833,400.633480537655,1000
2024-09-17 13:30:28.840,400.6555712224201,999
2024-09-17 13:30:28.954,400.6339875064263,8
2024-09-17 13:30:28.994,400.683570516631,12
2024-09-17 13:30:29.369,400.6867766676711,998
2024-09-17 13:30:29.610,400.6708835657788,1005
2024-09-17 13:30:29.697,400.6589619855396,7
2024-09-17 13:30:29.810,400.68933755818335,96
2024-09-17 13:30:29.880,400.68669313855895,995
2024-09-17 13:30:29.892,400.6703378525642,7
2024-09-17 13:30:30.205,400.6803667707167,99
2024-09-17 13:30:30.524,400.6825430588973,1001
2024-09-17 13:30:30.670,400.6786233841066,95
2024-09-17 13:30:30.691,400.65704201680353,12
2024-09-17 13:30:30.835,400.6776838524185,101
2024-09-17 13:30:30.855,400.6985018796361,1001
2024-09-17 13:30:30.942,400.6537066548513,99
2024-09-17 13:30:30.963,400.6528286859005,999
2024-09-17 13:30:30.985,400.6929930206272,7
2024-09-17 13:30:31.181,400.67428731871735,1005
2024-09-17 13:30:31.198,400.6661967835674,103
2024-09-17 13:30:31.250,400.644680521148,104
2024-09-17 13:30:31.270,400.688619226044,14
2024-09-17 13:30:31.371,400.67428311227593,10
2024-09-17 13:30:31.488,400.67010036673366,11
2024-09-17 13:30:31.542,400.678367415391,995
2024-09-17 13:30:31.696,400.65481610498034,100
2024-09-17 13:30:32.560,400.6735923176585,98
2024-09-17 13:30:33.172,400.6047068096702,14
2024-09-17 13:30:33.191,400.631910453935,6
2024-09-17 13:30:33.657,400.6511540120375,7
2024-09-17 13:30:33.679,400.6130067693484,104
2024-09-17 13:30:33.753,400.6662824245964,15
2024-09-17 13:30:33.914,400.6710025297966,1003
2024-09-17 13:30:33.987,400.6674674503862,12
2024-09-17 13:30:34.035,400.59480414938906,6
2024-09-17 13:30:34.141,400.62772821113,5
2024-09-17 13:30:34.153,400.5762363907829,103
2024-09-17 13:30:34.161,400.60467650851234,9
2024-09-17 13:30:34.182,400.6150251050045,1002
2024-09-17 13:30:34.248,400.5885395360282,6
2024-09-17 13:30:34.264,400.6071206496491,105
2024-09-17 13:30:34.302,400.5808475481969,102
2024-09-17 13:30:34.447,400.5791828821186,1005
2024-09-17 13:30:34.639,400.5945295368472,102
2024-09-17 13:30:34.677,400.5986884293798,14
2024-09-17 13:30:34.730,400.5817388658012,1001
2024-09-17 13:30:34.749,400.5833882324354,101
2024-09-17 13:30:34.777,400.6067599817346,8
2024-09-17 13:30:34.778,400.6132644600244,96
2024-09-17 13:30:34.801,400.5946612708904,10
2024-09-17 13:30:34.893,400.5772668015504,101
2024-09-17 13:30:34.901,400.5976282028822,8
2024-09-17 13:30:34.964,400.5958420206768,1000
2024-09-17 13:30:34.969,400.6113560367541,1000
2024-09-17 13:30:34.973,400.5934427422959,9
2024-09-17 13:30:35.081,400.5374502401306,102
2024-09-17 13:30:35.100,400.5617136604856,9
2024-09-17 13:30:35.110,400.5583502680477,997
2024-09-17 13:30:35.117,400.5561291362658,102
2024-09-17 13:30:35.179,400.5447037389361,7
2024-09-17 13:30:35.185,400.5782648927259,99
2024-09-17 13:30:35.248,400.5239640399562,96
2024-09-17 13:30:35.301,400.5841411693844,102
2024-09-17 13:30:35.358,400.55071807254586,100
2024-09-17 13:30:35.364,400.5622088802406,7
2024-09-17 13:30:35.365,400.5781661433523,13
2024-09-17 13:30:35.384,400.5881311840975,102
2024-09-17 13:30:35.432,400.58608501362914,11
2024-09-17 13:30:35.468,400.6004973856351,1001
2024-09-17 13:30:35.474,400.5590610466493,1000
2024-09-17 13:30:35.486,400.5409920241984,15
2024-09-17 13:30:35.492,400.5375993735902,1001
2024-09-17 13:30:35.544,400.5534372229984,11
2024-09-17 13:30:35.593,400.5572016378305,95
2024-09-17 13:30:35.621,400.55378041611647,1005
2024-09-17 13:30:35.676,400.5449699151023,998
2024-09-17 13:30:35.682,400.555346130088,102
2024-09-17 13:30:35.711,400.55403708367896,5
2024-09-17 13:30:35.737,-400.546549237178,14
2024-09-17 13:30:35.772,400.555270173821,1001
2024-09-17 13:30:35.794,400.5635601434432,997
2024-09-17 13:30:35.856,400.5837250899662,98
2024-09-17 13:30:35.879,400.5613164072223,1000
2024-09-17 13:30:35.967,400.5909729972727,1005
2024-09-17 13:30:35.997,400.5762370897374,99
2024-09-17 13:30:37.076,400.6092230758564,12
2024-09-17 13:30:37.141,400.62818142749774,11
2024-09-17 13:30:37.146,400.57943270961823,98
2024-09-17 13:30:37.161,400.6232837342221,1000
2024-09-17 13:30:37.283,400.605669862706,996
2024-09-17 13:30:37.339,400.60533610441297,1005
2024-09-17 13:30:37.485,400.5617245910112,101
2024-09-17 13:30:37.495,400.5739326723238,103
2024-09-17 13:30:37.535,400.56888683263406,996
2024-09-17 13:30:37.545,400.5711641412688,14
2024-09-17 13:30:37.545,400.5870772062892,12
2024-09-17 13:30:37.596,400.62626367990975,97
2024-09-17 13:30:37.670,400.5712173456067,99
2024-09-17 13:30:37.715,400.5784524574283,997
2024-09-17 13:30:37.771,400.5710989820223,12
2024-09-17 13:30:37.797,400.6080987810954,12
2024-09-17 13:30:37.798,400.56957738389264,99
2024-09-17 13:30:37.836,400.6231744531177,15
2024-09-17 13:30:37.966,400.621935240766,7
2024-09-17 13:30:38.006,400.6030737785691,11
2024-09-17 13:30:38.033,400.58530934496616,997
2024-09-17 13:30:38.042,400.59101440649977,998
2024-09-17 13:30:38.058,400.6031482002384,998
2024-09-17 13:30:38.083,400.6734835236067,1002
2024-09-17 13:30:38.095,400.6534036370184,99
2024-09-17 13:30:38.110,400.63220924048494,998
2024-09-17 13:30:38.113,400.6644791403587,996
2024-09-17 13:30:38.121,400.625537880984,1002
2024-09-17 13:30:38.129,400.6572584201472,7
2024-09-17 13:30:38.141,400.63806269448406,15
2024-09-17 13:30:38.145,400.6542288673336,14
2024-09-17 13:30:38.181,400.6471111431648,13
2024-09-17 13:30:38.221,400.5989777090324,1003
2024-09-17 13:30:38.252,400.6909208378365,1004
2024-09-17 13:30:38.334,400.6036535684641,101
2024-09-17 13:30:38.386,400.65849801679406,13
2024-09-17 13:30:38.425,400.57653985967534,12
2024-09-17 13:30:38.444,400.5613035824208,7
2024-09-17 13:30:38.560,400.6759665021693,999
2024-09-17 13:30:38.596,400.5870633513483,99
2024-09-17 13:30:38.671,400.5663883389088,11
2024-09-17 13:30:38.703,400.6330249883567,97
2024-09-17 13:30:38.789,400.58126764431415,6
2024-09-17 13:30:38.791,400.6317779129492,15
2024-09-17 13:30:38.798,400.56089570561727,995
2024-09-17 13:30:38.828,400.5619894365224,998
2024-09-17 13:30:38.895,400.57076450664334,996
2024-09-17 13:30:38.900,400.6855884858053,102
2024-09-17 13:30:39.010,400.7766215346032,997
2024-09-17 13:30:39.019,400.8152792067476,97
2024-09-17 13:30:39.019,400.7438207807408,1003
2024-09-17 13:30:39.044,400.7505672032878,5
2024-09-17 13:30:39.125,400.70165485836,101
2024-09-17 13:30:39.176,400.8329746534402,101
2024-09-17 13:30:39.224,400.823536971639,105
2024-09-17 13:30:39.282,400.8099282333197,9
2024-09-17 13:30:39.287,400.7252957893103,15
2024-09-17 13:30:39.308,400.8103289929995,95
2024-09-17 13:30:39.312,400.8067449533962,15
2024-09-17 13:30:39.416,400.8173119228912,104
2024-09-17 13:30:39.441,400.6894644637329,99
2024-09-17 13:30:39.453,400.7724320395066,101
2024-09-17 13:30:39.463,400.7654448819114,97
2024-09-17 13:30:39.469,400.77699925186505,995
2024-09-17 13:30:39.471,400.8177715650125,5
2024-09-17 13:30:39.505,400.7678468506663,5
2024-09-17 13:30:39.564,400.7732919383198,96
2024-09-17 13:30:39.603,400.7971844185448,7
2024-09-17 13:30:39.605,400.7756381202864,99
2024-09-17 13:30:39.710,400.7424234235103,100
2024-09-17 13:30:39.711,400.81789861102345,101
2024-09-17 13:30:39.734,400.73404854015234,13
2024-09-17 13:30:39.805,400.8125875683604,1005
2024-09-17 13:30:39.832,400.8198009260879,101
2024-09-17 13:30:39.912,400.8166958793953,9
2024-09-17 13:30:39.939,400.7471293159976,1005
2024-09-17 13:30:39.969,400.822253168072,11
2024-09-17 13:30:39.996,400.78540260210895,100
2024-09-17 13:30:40.428,400.8037417405434,103
2024-09-17 13:30:41.358,400.8678085647295,10
2024-09-17 13:30:41.755,400.8504925074649,1000
2024-09-17 13:30:41.851,400.8306320221404,99
2024-09-17 13:30:41.897,400.8688984737796,999
2024-09-17 13:30:41.992,400.82201386680754,104
2024-09-17 13:30:42.016,400.7783826133684,97
2024-09-17 13:30:42.086,400.78082996707263,11
2024-09-17 13:30:42.164,400.7683692234801,1002
2024-09-17 13:30:42.201,400.83760711807537,104
2024-09-17 13:30:42.230,400.7984009426184,15
2024-09-17 13:30:42.308,400.80200774352016,100
2024-09-17 13:30:42.343,400.7927876199292,11
2024-09-17 13:30:42.352,400.7419553961022,14
2024-09-17 13:30:42.358,400.79315313910064,1001
2024-09-17 13:30:42.388,400.80423216904535,15
2024-09-17 13:30:42.391,400.8174653410405,8
2024-09-17 13:30:42.401,400.8101240437372,7
2024-09-17 13:30:42.405,400.807883239907,995
2024-09-17 13:30:42.427,400.737778723044,11
2024-09-17 13:30:42.505,400.7951065123008,14
2024-09-17 13:30:42.564,400.8415309384765,1003
2024-09-17 13:30:42.579,400.7908295307345,7
2024-09-17 13:30:42.758,400.7675119461032,5
2024-09-17 13:30:42.797,400.86571207052367,102
2024-09-17 13:30:42.898,400.7965064098215,95
2024-09-17 13:30:42.933,400.8560092579365,102
2024-09-17 13:30:42.960,400.7674732770368,12
2024-09-17 13:30:42.964,400.832977631807,96
2024-09-17 13:30:43.055,400.6776209595317,1005
2024-09-17 13:30:43.058,400.7216951946884,5
2024-09-17 13:30:43.150,400.7333839299831,997
2024-09-17 13:30:43.181,400.701747344033,998
2024-09-17 13:30:43.206,400.72997750413913,995
2024-09-17 13:30:43.206,400.7056461799546,995
2024-09-17 13:30:43.242,400.71563890552943,5
2024-09-17 13:30:43.351,400.7432118130406,98
2024-09-17 13:30:43.358,400.7052409467749,12
2024-09-17 13:30:43.499,400.7058925245016,8
2024-09-17 13:30:43.512,400.7162276294574,101
2024-09-17 13:30:43.535,400.7027680217616,996
2024-09-17 13:30:43.597,400.6953444522591,14
2024-09-17 13:30:43.955,400.69080848515785,1004
2024-09-17 13:30:43.965,400.7277773022705,100
2024-09-17 13:30:44.029,400.69538449053874,14
2024-09-17 13:30:44.069,400.6732998658372,102
2024-09-17 13:30:44.083,400.68948639802426,995
2024-09-17 13:30:44.161,400.6814643477667,5
2024-09-17 13:30:44.221,400.6749551556236,8
2024-09-17 13:30:44.238,400.6980407431041,1005
2024-09-17 13:30:44.249,400.6427731275036,8
2024-09-17 13:30:44.261,400.6698326309053,101
2024-09-17 13:30:44.274,400.6521302281978,97
2024-09-17 13:30:44.276,40.06920105323562,1001
2024-09-17 13:30:44.360,400.6911419235854,14
2024-09-17 13:30:44.444,400.70527958987145,997
2024-09-17 13:30:44.463,400.67399911111255,97
2024-09-17 13:30:44.571,400.6371122398224,96
2024-09-17 13:30:44.635,400.6925179292249,10
2024-09-17 13:30:44.730,400.6717024073647,8
2024-09-17 13:30:44.790,400.6942776178141,100
2024-09-17 13:30:44.872,400.69167631923176,1002
2024-09-17 13:30:44.890,400.6596298318174,5
2024-09-17 13:30:44.908,400.66262255697137,98
2024-09-17 13:30:44.988,400.7056459388081,103
2024-09-17 13:30:45.306,400.6992363146479,6
2024-09-17 13:30:45.587,400.6775766128128,97
2024-09-17 13:30:45.902,400.6725785321791,8
2024-09-17 13:30:46.044,400.7534839490881,7
2024-09-17 13:30:46.062,400.72059202765104,98
2024-09-17 13:30:46.069,400.7479654245352,14
2024-09-17 13:30:46.098,400.74008464812687,95
2024-09-17 13:30:46.103,400.74752237614325,1001
2024-09-17 13:30:46.231,400.7479856785905,103
2024-09-17 13:30:46.257,400.7377047256021,12
2024-09-17 13:30:46.324,400.7509741530658,1002
2024-09-17 13:30:46.379,400.7427152504389,996
2024-09-17 13:30:46.400,400.71617025608685,14
2024-09-17 13:30:46.414,400.7667936397764,14
2024-09-17 13:30:46.533,400.7536327077201,15
2024-09-17 13:30:46.632,400.7021726037297,15
2024-09-17 13:30:46.633,400.7245862790219,9
2024-09-17 13:30:46.692,-400.7243359875436,95
2024-09-17 13:30:46.718,400.722631409497,996
2024-09-17 13:30:46.799,400.7684079434835,14
2024-09-17 13:30:46.915,400.758839003264,95
2024-09-17 13:30:46.930,400.7592906916986,9
2024-09-17 13:30:46.972,400.7415062923531,102
2024-09-17 13:30:47.090,400.82160277761307,95
2024-09-17 13:30:47.110,400.7734179538992,104
2024-09-17 13:30:47.114,400.8290034789906,104
2024-09-17 13:30:47.118,400.7829476671872,95
2024-09-17 13:30:47.145,400.8591593064634,12
2024-09-17 13:30:47.152,400.79148583642166,104
2024-09-17 13:30:47.180,400.8393900115319,95
2024-09-17 13:30:47.208,400.8776161740906,101
2024-09-17 13:30:47.209,400.88253092685727,96
2024-09-17 13:30:47.255,400.8647450290701,8
2024-09-17 13:30:47.340,400.81678524023886,105
2024-09-17 13:30:47.345,400.8782234909305,996
2024-09-17 13:30:47.364,400.8392962507749,997
2024-09-17 13:30:47.406,400.8146128915101,996
2024-09-17 13:30:47.510,400.8073975721647,98
2024-09-17 13:30:47.513,400.8345036938582,15
2024-09-17 13:30:47.553,400.8498490848351,14
2024-09-17 13:30:47.620,400.8334622276215,105
2024-09-17 13:30:47.720,400.8275450076638,1004
2024-09-17 13:30:47.741,400.82327136231805,103
2024-09-17 13:30:47.752,400.80692059487296,14
2024-09-17 13:30:47.759,400.8120961011518,95
2024-09-17 13:30:47.832,400.82948428774046,14
2024-09-17 13:30:47.950,400.8307459036092,997
2024-09-17 13:30:47.969,400.86832484369,95
2024-09-17 13:30:47.995,400.82632434429433,15
2024-09-17 13:30:48.045,400.8153250458848,1003
2024-09-17 13:30:48.108,400.8126117783154,9
2024-09-17 13:30:48.137,400.781582678582,998
2024-09-17 13:30:48.153,400.81272590563066,1004
2024-09-17 13:30:48.170,400.8014786473477,99
2024-09-17 13:30:48.277,400.80619151477737,996
2024-09-17 13:30:48.288,400.8559490280164,13
2024-09-17 13:30:48.294,400.86577515074674,13
2024-09-17 13:30:48.387,400.8475582491917,10
2024-09-17 13:30:48.660,400.856956033529,5
2024-09-17 13:30:48.681,-400.8412816031713,96
2024-09-17 13:30:48.771,400.8231569234535,102
2024-09-17 13:30:48.873,400.8186481115959,995
2024-09-17 13:30:48.884,400.8034128917791,1003
2024-09-17 13:30:48.930,400.8646937759063,96
2024-09-17 13:30:48.966,400.8301204602445,9
2024-09-17 13:30:49.043,400.8124548057735,10
2024-09-17 13:30:49.063,400.8458526216901,12
2024-09-17 13:30:49.087,400.83491220738927,9
2024-09-17 13:30:49.178,400.8549670108648,996
2024-09-17 13:30:49.198,400.8419661590837,104
2024-09-17 13:30:49.199,400.8715189526961,1003
2024-09-17 13:30:49.232,400.8682339664132,96
2024-09-17 13:30:49.278,400.80231127580015,11
2024-09-17 13:30:49.319,400.90045132912655,1005
2024-09-17 13:30:49.369,400.8193540570904,15
2024-09-17 13:30:49.372,400.8630318648227,10
2024-09-17 13:30:49.471,400.8510867537771,105
2024-09-17 13:30:49.554,400.8078912654181,105
2024-09-17 13:30:49.572,400.8324756487154,998
2024-09-17 13:30:49.588,400.8134929719708,14
2024-09-17 13:30:49.597,400.8865898565365,1003
2024-09-17 13:30:49.616,400.8196402585141,96
2024-09-17 13:30:49.664,400.8444714626429,8
2024-09-17 13:30:49.667,400.8230915867252,9
2024-09-17 13:30:49.706,400.8437444984651,95
2024-09-17 13:30:49.777,400.8820677975774,15
2024-09-17 13:30:49.797,400.8662369682638,98
2024-09-17 13:30:49.817,400.8290637982705,6
2024-09-17 13:30:49.833,400.8277078148271,995
2024-09-17 13:30:49.853,400.8623149592727,5
2024-09-17 13:30:49.905,400.8261663939596,997
2024-09-17 13:30:49.927,400.8159446181687,11
2024-09-17 13:30:49.986,400.8591437285158,7
2024-09-17 13:30:50.211,400.8801227729575,1005
2024-09-17 13:30:50.279,400.8799062929181,1003
2024-09-17 13:30:50.713,400.8735870660668,1004
2024-09-17 13:30:51.034,400.88381652171086,97
2024-09-17 13:30:51.060,400.9162688901627,8
2024-09-17 13:30:51.079,400.9295840461265,1000
2024-09-17 13:30:51.082,400.880920955187,104
2024-09-17 13:30:51.101,400.8693058646368,1000
2024-09-17 13:30:51.172,400.95792172647725,11
2024-09-17 13:30:51.247,400.89737310409225,1002
2024-09-17 13:30:51.251,-400.9109895611935,15
2024-09-17 13:30:51.402,400.8860117491652,100
2024-09-17 13:30:51.438,400.89441420028817,96
2024-09-17 13:30:51.457,400.9126495746426,5
2024-09-17 13:30:51.490,400.9398063272628,7
2024-09-17 13:30:51.501,400.8912204715885,5
2024-09-17 13:30:51.578,400.8827155906854,103
2024-09-17 13:30:51.588,400.92139438966416,1005
2024-09-17 13:30:51.731,400.88102605044287,997
2024-09-17 13:30:51.764,400.91920120384265,99
2024-09-17 13:30:51.777,400.8870946862426,11
2024-09-17 13:30:51.785,,5
2024-09-17 13:30:51.787,400.9230750903277,1001
2024-09-17 13:30:51.789,400.8661314833289,104
2024-09-17 13:30:51.801,400.8868977537976,997
2024-09-17 13:30:51.851,400.93352691623744,100
2024-09-17 13:30:51.912,400.8898049334497,104
2024-09-17 13:30:51.921,400.8913213791456,1000
2024-09-17 13:30:51.940,400.9227160347608,99
2024-09-17 13:30:51.946,400.8925124640052,96
2024-09-17 13:30:51.997,400.90909230290737,103
2024-09-17 13:30:52.024,400.9802232063748,999
2024-09-17 13:30:52.136,401.01987381788905,14
2024-09-17 13:30:52.189,400.996215261984,7
2024-09-17 13:30:52.199,400.9790417868564,6
2024-09-17 13:30:52.210,401.0813238181572,99
2024-09-17 13:30:52.303,401.0553004284642,998
2024-09-17 13:30:52.322,400.9838871053077,95
2024-09-17 13:30:52.404,401.0817853766251,5
2024-09-17 13:30:52.415,401.0150951238412,996
2024-09-17 13:30:52.491,401.05864130292326,102
2024-09-17 13:30:52.511,400.96449362296846,13
2024-09-17 13:30:52.624,401.057476650273,95
2024-09-17 13:30:52.626,400.95509655557686,5
2024-09-17 13:30:52.634,400.9903688629978,104
2024-09-17 13:30:52.681,401.0596758900492,11
2024-09-17 13:30:52.732,401.0050416706462,100
2024-09-17 13:30:52.735,401.01229942086974,99
2024-09-17 13:30:52.740,400.9818022099617,103
2024-09-17 13:30:52.752,400.9917338661337,97
2024-09-17 13:30:52.804,401.001271183238,95
2024-09-17 13:30:52.853,401.0412172815795,104
2024-09-17 13:30:52.903,401.0303427155933,102
2024-09-17 13:30:52.906,401.0018643616695,95
2024-09-17 13:30:52.928,400.9733872648154,1003
2024-09-17 13:30:52.984,400.98905357717166,12
2024-09-17 13:30:53.052,401.0628168587531,7
2024-09-17 13:30:53.348,401.043397233972,103
2024-09-17 13:30:54.009,401.0708822149215,95
2024-09-17 13:30:54.025,401.05192139414015,9
2024-09-17 13:30:54.463,401.01328625899686,105
2024-09-17 13:30:54.615,401.03299575919885,103
2024-09-17 13:30:54.833,401.0423406611774,1005
2024-09-17 13:30:54.923,401.0433001920151,1003
2024-09-17 13:30:54.938,401.0570410547862,996
2024-09-17 13:30:54.993,401.05332893726137,1005
2024-09-17 13:30:55.017,401.01285236421455,995
2024-09-17 13:30:55.054,401.0440967373272,996
2024-09-17 13:30:55.131,401.0450880061771,8
2024-09-17 13:30:55.148,401.0294681230614,12
2024-09-17 13:30:55.190,401.0266413425488,1002
2024-09-17 13:30:55.229,401.0301872918428,99
2024-09-17 13:30:55.268,401.0463158880781,8
2024-09-17 13:30:55.271,401.0314408069749,11
2024-09-17 13:30:55.361,401.0416815843203,1002
2024-09-17 13:30:55.428,401.0214738063176,1003
2024-09-17 13:30:55.608,401.0260239569202,96
2024-09-17 13:30:55.638,401.0582959575817,95
2024-09-17 13:30:55.673,401.033214503132,98
2024-09-17 13:30:55.699,401.04554745059767,14
2024-09-17 13:30:55.704,401.023568912636,998
2024-09-17 13:30:55.807,401.0323081675377,97
2024-09-17 13:30:55.867,401.0365299105285,1000
2024-09-17 13:30:55.893,401.02010399903367,95
2024-09-17 13:30:55.921,401.0185923765375,1000
2024-09-17 13:30:55.973,401.0358519698155,996
2024-09-17 13:30:55.986,401.0220185184726,14
2024-09-17 13:30:56.105,401.0379149483939,13
2024-09-17 13:30:56.107,401.11779945882296,97
2024-09-17 13:30:56.228,401.1123352685508,999
2024-09-17 13:30:56.272,401.1117598579935,999
2024-09-17 13:30:56.486,401.0597841229786,998
2024-09-17 13:30:56.489,401.1182583168204,98
2024-09-17 13:30:56.507,401.0571066868257,997
2024-09-17 13:30:56.564,401.0580015597589,96
2024-09-17 13:30:56.614,-401.0565820987625,100
2024-09-17 13:30:56.703,401.1178522255034,95
2024-09-17 13:30:56.744,401.1062431120736,105
2024-09-17 13:30:56.759,401.0944938127972,99
2024-09-17 13:30:56.766,401.11508447734417,10
2024-09-17 13:30:56.918,401.10662991603823,95
2024-09-17 13:30:57.000,401.1230729253109,998
2024-09-17 13:30:57.022,401.08677159961405,999
2024-09-17 13:30:57.025,401.035807571793,104
2024-09-17 13:30:57.075,401.0876990963383,98
2024-09-17 13:30:57.095,401.1113146662669,995
2024-09-17 13:30:57.279,401.1128477946845,999
2024-09-17 13:30:57.301,401.118758751619,101
2024-09-17 13:30:57.367,401.1039938976792,8
2024-09-17 13:30:57.448,401.09185800516616,15
2024-09-17 13:30:57.505,401.11527321503314,12
2024-09-17 13:30:57.546,401.0516022447893,999
2024-09-17 13:30:57.628,401.1310996241705,998
2024-09-17 13:30:57.685,401.1186388073917,7
2024-09-17 13:30:57.721,401.107419758294,14
2024-09-17 13:30:57.723,401.0487539387111,995
2024-09-17 13:30:57.759,401.0716230486311,996
2024-09-17 13:30:57.814,401.073724094446,99
2024-09-17 13:30:57.928,401.08113425607104,5
2024-09-17 13:30:57.978,401.1332041402485,15
2024-09-17 13:30:58.403,401.0434969602477,97
2024-09-17 13:30:58.919,401.0417118928464,105
2024-09-17 13:30:59.138,401.05491937898944,98
2024-09-17 13:30:59.213,401.04505836025095,1003
2024-09-17 13:30:59.248,401.0430873252694,996
2024-09-17 13:30:59.291,401.03346847343255,102
2024-09-17 13:30:59.322,401.047591403036,15
2024-09-17 13:30:59.553,401.03528761614,12
2024-09-17 13:30:59.655,401.0277281700753,103
2024-09-17 13:30:59.683,401.0486509954284,6
2024-09-17 13:30:59.719,401.0334233864964,5
2024-09-17 13:30:59.892,401.0273024482884,999
2024-09-17 13:30:59.975,401.0345931694943,1001
