Timestamp,Price,Size
2024-09-18 09:44:00.033,407.5677970368115,97
2024-09-18 09:44:00.047,407.5607700198355,98
2024-09-18 09:44:00.062,407.5529000957659,100
2024-09-18 09:44:00.109,407.5507398526721,99
2024-09-18 09:44:00.134,407.5548793389239,15
2024-09-18 09:44:00.203,407.5490066576882,1005
2024-09-18 09:44:00.352,407.5871483837975,95
2024-09-18 09:44:00.396,407.5730811264779,9
2024-09-18 09:44:00.411,407.5605902005156,102
2024-09-18 09:44:00.462,407.5681291720944,100
2024-09-18 09:44:00.722,407.6138317365781,1000
2024-09-18 09:44:00.734,407.5643453915014,1003
2024-09-18 09:44:00.738,407.602543748857,98
2024-09-18 09:44:00.789,407.5563393559884,1004
2024-09-18 09:44:00.806,407.6181897957409,14
2024-09-18 09:44:00.886,407.5604576041818,103
2024-09-18 09:44:00.934,407.5519341936796,1001
2024-09-18 09:44:01.054,407.59634597295786,12
2024-09-18 09:44:01.110,407.5975365495556,1002
2024-09-18 09:44:01.122,407.5549757557929,11
2024-09-18 09:44:01.126,407.5771295791705,15
2024-09-18 09:44:01.169,407.5962142745231,5
2024-09-18 09:44:01.201,407.5582475471634,1000
2024-09-18 09:44:01.219,407.5992628118341,96
2024-09-18 09:44:01.231,407.5481564765542,7
2024-09-18 09:44:01.235,407.5571577067264,13
2024-09-18 09:44:01.284,407.6231049075041,1001
2024-09-18 09:44:01.300,407.5569899210303,997
2024-09-18 09:44:01.332,407.5451705634048,95
2024-09-18 09:44:01.356,407.6208667878831,101
2024-09-18 09:44:01.362,407.5980371174164,14
2024-09-18 09:44:01.366,407.5728851502441,11
2024-09-18 09:44:01.380,407.5777032654058,100
2024-09-18 09:44:01.385,407.5509500835191,101
2024-09-18 09:44:01.462,407.5698202777256,103
2024-09-18 09:44:01.496,407.532354510577,995
2024-09-18 09:44:01.506,407.559189444444,102
2024-09-18 09:44:01.535,407.6089447934966,101
2024-09-18 09:44:01.637,407.5446138134997,997
2024-09-18 09:44:01.646,407.5483097549135,95
2024-09-18 09:44:01.710,407.5434520692316,9
2024-09-18 09:44:01.771,407.5479004042057,1000
2024-09-18 09:44:01.848,407.55552935002027,1004
2024-09-18 09:44:01.878,40.75799485949271,1003
2024-09-18 09:44:01.943,407.5613778254017,105
2024-09-18 09:44:01.993,407.5633759740065,104
2024-09-18 09:44:02.062,407.5231242984126,6
2024-09-18 09:44:02.158,407.4754604916209,98
2024-09-18 09:44:02.188,407.5018583633104,1004
2024-09-18 09:44:02.199,,998
2024-09-18 09:44:02.251,407.4638683923509,101
2024-09-18 09:44:02.287,407.5396709066392,6
2024-09-18 09:44:02.320,407.5345886674028,5
2024-09-18 09:44:02.348,407.5215452025505,98
2024-09-18 09:44:02.422,407.5027236210576,15
2024-09-18 09:44:02.504,407.4957265073383,14
2024-09-18 09:44:02.516,407.5089555992518,105
2024-09-18 09:44:02.530,407.45399290319455,1004
2024-09-18 09:44:02.540,407.500135536729,996
2024-09-18 09:44:02.551,407.5208146120756,7
2024-09-18 09:44:02.628,407.465149463985,1002
2024-09-18 09:44:02.638,40.75507396944903,998
2024-09-18 09:44:02.721,407.4898311271696,9
2024-09-18 09:44:02.795,407.4587423145493,102
2024-09-18 09:44:02.895,407.5140631635799,5
2024-09-18 09:44:02.899,407.4643085712901,10
2024-09-18 09:44:02.904,407.4719515513761,8
2024-09-18 09:44:02.951,407.48876782989765,9
2024-09-18 09:44:03.029,,999
2024-09-18 09:44:03.225,407.59863717904113,1004
2024-09-18 09:44:03.285,407.5854197505335,1001
2024-09-18 09:44:03.301,407.57184704414766,95
2024-09-18 09:44:03.419,407.576190837901,995
2024-09-18 09:44:03.469,407.6115592602991,98
2024-09-18 09:44:03.471,407.5931767722237,103
2024-09-18 09:44:03.508,407.60981143947066,104
2024-09-18 09:44:03.547,407.61743043725176,8
2024-09-18 09:44:03.617,407.6105797917723,102
2024-09-18 09:44:03.701,-407.5982859507895,100
2024-09-18 09:44:03.717,407.5929002750207,103
2024-09-18 09:44:03.746,407.6020143708536,6
2024-09-18 09:44:03.755,407.5988670149361,1003
2024-09-18 09:44:03.762,407.58906563632,95
2024-09-18 09:44:03.769,407.58712321619726,11
2024-09-18 09:44:03.809,407.59342628866494,14
2024-09-18 09:44:03.816,407.6080436052564,12
2024-09-18 09:44:03.827,407.6052758343303,11
2024-09-18 09:44:03.925,407.60244146478544,99
2024-09-18 09:44:04.069,407.6248311745956,95
2024-09-18 09:44:04.119,407.6298103275293,96
2024-09-18 09:44:04.162,407.604885850393,7
2024-09-18 09:44:04.264,407.6238360834835,1001
2024-09-18 09:44:04.622,407.60701344828567,99
2024-09-18 09:44:04.632,407.6311376309813,10
2024-09-18 09:44:04.648,407.63072974508685,98
2024-09-18 09:44:04.731,407.6089125703263,13
2024-09-18 09:44:04.759,407.5977715006637,1004
2024-09-18 09:44:04.810,407.6090848769248,6
2024-09-18 09:44:04.833,407.6086252323796,997
2024-09-18 09:44:05.026,407.60788057949736,100
2024-09-18 09:44:05.041,407.5880671115124,100
2024-09-18 09:44:05.058,407.6286141962639,104
2024-09-18 09:44:05.099,407.57331902146825,6
2024-09-18 09:44:05.144,407.5662204106707,10
2024-09-18 09:44:05.163,-407.5622211065486,1001
2024-09-18 09:44:05.171,407.562415900414,100
2024-09-18 09:44:05.189,407.56322437374496,7
2024-09-18 09:44:05.208,407.54931952292,10
2024-09-18 09:44:05.226,407.5835164253242,13
2024-09-18 09:44:05.273,407.6167136795467,8
2024-09-18 09:44:05.312,407.619247043,1005
2024-09-18 09:44:05.394,407.5400189855165,1003
2024-09-18 09:44:05.431,407.5949815040769,97
2024-09-18 09:44:05.439,407.5931459869125,1005
2024-09-18 09:44:05.476,407.586504002184,15
2024-09-18 09:44:05.489,407.6202357235776,6
2024-09-18 09:44:05.646,407.56098721046726,8
2024-09-18 09:44:05.686,407.56747933844406,995
2024-09-18 09:44:05.725,407.56704519420674,1004
2024-09-18 09:44:05.728,407.6049359215388,6
2024-09-18 09:44:05.905,407.57852486756224,10
2024-09-18 09:44:05.914,407.5687424741664,10
2024-09-18 09:44:05.919,40.7562597956417,102
2024-09-18 09:44:05.936,407.5760120796616,96
2024-09-18 09:44:06.025,407.4925905669232,997
2024-09-18 09:44:06.094,407.5031069431043,11
2024-09-18 09:44:06.106,407.52496270169416,101
2024-09-18 09:44:06.156,407.5190769856832,105
2024-09-18 09:44:06.352,407.5213327582088,103
2024-09-18 09:44:06.383,407.4942906960713,996
2024-09-18 09:44:06.395,407.5001053016511,1003
2024-09-18 09:44:06.576,407.5040564113105,99
2024-09-18 09:44:06.704,407.50587355122417,1002
2024-09-18 09:44:06.708,407.53319957721305,8
2024-09-18 09:44:06.904,407.4995712546407,997
2024-09-18 09:44:06.949,407.5010524993622,998
2024-09-18 09:44:07.057,407.4970106804017,15
2024-09-18 09:44:07.095,407.5011724604489,97
2024-09-18 09:44:07.196,407.47300580498415,12
2024-09-18 09:44:07.312,407.4980819699009,999
2024-09-18 09:44:07.388,407.49776630517744,8
2024-09-18 09:44:07.440,407.47207764855926,995
2024-09-18 09:44:07.461,407.48965506217337,5
2024-09-18 09:44:07.539,407.5114956300939,13
2024-09-18 09:44:07.553,407.514042787582,1000
2024-09-18 09:44:07.581,407.4887556817865,104
2024-09-18 09:44:07.605,407.4894835771318,1002
2024-09-18 09:44:07.610,407.5045091293255,100
2024-09-18 09:44:07.684,407.47078995724695,7
2024-09-18 09:44:07.685,407.4756047673405,14
2024-09-18 09:44:07.783,407.50993669636273,103
2024-09-18 09:44:07.796,407.49243614374245,98
2024-09-18 09:44:07.831,407.5255341634551,1002
2024-09-18 09:44:07.872,407.48265535568737,1004
2024-09-18 09:44:07.926,-407.49435420200416,7
2024-09-18 09:44:07.951,407.4688052551328,95
2024-09-18 09:44:08.014,407.4948250847084,996
2024-09-18 09:44:08.048,407.4996846105464,995
2024-09-18 09:44:08.123,407.476140461438,102
2024-09-18 09:44:08.156,407.5034323110484,98
2024-09-18 09:44:08.228,407.5087692382958,1001
2024-09-18 09:44:08.243,407.5239579298078,999
2024-09-18 09:44:08.322,407.4962829437927,96
2024-09-18 09:44:08.330,407.49678605910174,998
2024-09-18 09:44:08.360,407.4896811698109,100
2024-09-18 09:44:08.521,407.4724154532804,1003
2024-09-18 09:44:08.691,407.5173146628495,96
2024-09-18 09:44:08.748,407.51341685332216,7
2024-09-18 09:44:08.789,407.5279883463904,11
2024-09-18 09:44:08.808,407.4877395137988,104
2024-09-18 09:44:08.809,407.4947886996517,9
2024-09-18 09:44:08.872,407.51291057416864,95
2024-09-18 09:44:08.899,407.5062408710292,999
2024-09-18 09:44:08.936,-407.5033531487655,100
2024-09-18 09:44:08.953,407.5156973269205,6
2024-09-18 09:44:08.986,407.53211116042615,7
2024-09-18 09:44:09.028,407.5021373513642,13
2024-09-18 09:44:09.038,407.5450643945005,98
2024-09-18 09:44:09.087,407.5058768607976,997
2024-09-18 09:44:09.102,407.5488219846617,14
2024-09-18 09:44:09.103,407.51513354643777,104
2024-09-18 09:44:09.114,407.5238199271272,12
2024-09-18 09:44:09.132,407.50903232394586,10
2024-09-18 09:44:09.212,407.5312419369587,99
2024-09-18 09:44:09.220,407.5398396241254,103
2024-09-18 09:44:09.245,407.5399305185536,100
2024-09-18 09:44:09.253,407.525844793046,5
2024-09-18 09:44:09.255,407.54872007492384,1000
2024-09-18 09:44:09.259,407.53851030309255,104
2024-09-18 09:44:09.308,407.5477677049586,1002
2024-09-18 09:44:09.341,407.5385253695686,995
2024-09-18 09:44:09.391,407.51602048725385,104
2024-09-18 09:44:09.456,407.5283470921848,95
2024-09-18 09:44:09.486,407.5305731684506,997
2024-09-18 09:44:09.488,407.5171469306208,1004
2024-09-18 09:44:09.488,407.51201987181497,995
2024-09-18 09:44:09.596,407.5275301885719,1002
2024-09-18 09:44:09.625,407.51720592369793,1002
2024-09-18 09:44:09.633,407.5184407509132,11
2024-09-18 09:44:09.679,407.5143116582682,97
2024-09-18 09:44:09.750,407.5556981670848,998
2024-09-18 09:44:09.782,407.4990674733838,103
2024-09-18 09:44:09.939,407.5411756161409,10
2024-09-18 09:44:09.966,407.56011726292735,1004
2024-09-18 09:44:10.008,407.4611830709949,1005
2024-09-18 09:44:10.080,407.4669652589399,7
2024-09-18 09:44:10.109,407.4664957493117,105
2024-09-18 09:44:10.161,407.4714917231169,998
2024-09-18 09:44:10.214,407.4716087134035,101
2024-09-18 09:44:10.266,407.47999970122174,5
2024-09-18 09:44:10.286,407.4719900867575,5
2024-09-18 09:44:10.413,407.4871156879322,105
2024-09-18 09:44:10.454,407.482529364493,9
2024-09-18 09:44:10.459,407.510484144507,105
2024-09-18 09:44:10.467,407.4785094611614,11
2024-09-18 09:44:10.474,407.4890058849825,7
2024-09-18 09:44:10.496,407.50105137073336,12
2024-09-18 09:44:10.508,407.4852982620261,12
2024-09-18 09:44:10.511,407.52684148521786,10
2024-09-18 09:44:10.564,407.4741097095177,999
2024-09-18 09:44:10.586,407.50009408185855,14
2024-09-18 09:44:10.596,,14
2024-09-18 09:44:10.624,407.4940563818145,97
2024-09-18 09:44:10.629,407.4606886711453,998
2024-09-18 09:44:10.630,407.4748668478355,1001
2024-09-18 09:44:10.633,407.5016945757709,104
2024-09-18 09:44:10.672,407.4918961414096,998
2024-09-18 09:44:10.721,407.4667032683071,97
2024-09-18 09:44:10.764,407.4547117124592,7
2024-09-18 09:44:10.873,407.499150502313,996
2024-09-18 09:44:10.891,407.50495001161886,1001
2024-09-18 09:44:10.976,407.49082516240327,11
2024-09-18 09:44:11.032,407.4569955862458,1004
2024-09-18 09:44:11.073,407.4724723513298,11
2024-09-18 09:44:11.134,407.4663631091293,100
2024-09-18 09:44:11.223,407.4317237501914,6
2024-09-18 09:44:11.296,407.4696463179013,1005
2024-09-18 09:44:11.309,407.42417999242406,5
2024-09-18 09:44:11.492,407.4506484372613,103
2024-09-18 09:44:11.501,407.4039660055663,101
2024-09-18 09:44:11.532,407.45637103136806,1001
2024-09-18 09:44:11.533,40.74188396341557,9
2024-09-18 09:44:11.565,407.4093154268616,96
2024-09-18 09:44:11.568,407.4709350317793,104
2024-09-18 09:44:11.652,407.4133197324373,1002
2024-09-18 09:44:11.662,407.4647053046878,6
2024-09-18 09:44:11.813,407.4112830295017,105
2024-09-18 09:44:11.861,407.45815045558174,996
2024-09-18 09:44:11.867,407.4378956821336,95
2024-09-18 09:44:12.042,407.4851266110179,12
2024-09-18 09:44:12.096,407.4738045186762,98
2024-09-18 09:44:12.121,407.42542593707367,995
2024-09-18 09:44:12.183,407.5170132273391,97
2024-09-18 09:44:12.188,407.572927546008,1005
2024-09-18 09:44:12.215,407.45550326522897,97
2024-09-18 09:44:12.265,407.5757193409385,12
2024-09-18 09:44:12.316,407.48838507306783,5
2024-09-18 09:44:12.370,407.4484282701045,97
2024-09-18 09:44:12.402,407.4978377678884,13
2024-09-18 09:44:12.403,,999
2024-09-18 09:44:12.464,407.5579601515778,9
2024-09-18 09:44:12.471,407.44700955634215,105
2024-09-18 09:44:12.495,407.4983077336365,101
2024-09-18 09:44:12.544,407.5852732177679,100
2024-09-18 09:44:12.550,,103
2024-09-18 09:44:12.577,407.5589149966107,100
2024-09-18 09:44:12.606,407.55925981718445,997
2024-09-18 09:44:12.668,407.503377443402,1000
2024-09-18 09:44:12.698,407.4920270903797,8
2024-09-18 09:44:12.728,407.5742203533271,7
2024-09-18 09:44:12.759,407.5548533897112,11
2024-09-18 09:44:12.827,407.5152486935584,99
2024-09-18 09:44:12.833,407.44165944034114,6
2024-09-18 09:44:12.889,407.4946757537537,1002
2024-09-18 09:44:12.954,407.52827801153416,14
2024-09-18 09:44:13.002,407.5519278061464,95
2024-09-18 09:44:13.027,407.5403302509184,999
2024-09-18 09:44:13.047,407.5119827996604,9
2024-09-18 09:44:13.081,407.5360886653864,1005
2024-09-18 09:44:13.108,407.5365570882097,99
2024-09-18 09:44:13.132,407.54083250054526,1002
2024-09-18 09:44:13.137,407.5540147475811,11
2024-09-18 09:44:13.217,407.5377177176523,5
2024-09-18 09:44:13.219,407.5381821643119,1002
2024-09-18 09:44:13.245,407.554205609593,15
2024-09-18 09:44:13.276,407.5288453235663,11
2024-09-18 09:44:13.326,407.542384317524,12
2024-09-18 09:44:13.380,407.5687055830673,6
2024-09-18 09:44:13.405,407.5228059812308,1000
2024-09-18 09:44:13.427,407.5551166687592,6
2024-09-18 09:44:13.487,407.5301228726168,998
2024-09-18 09:44:13.488,407.5349106763469,13
2024-09-18 09:44:13.491,407.5129364162964,7
2024-09-18 09:44:13.664,407.5261022587758,8
2024-09-18 09:44:13.741,407.5319343682546,998
2024-09-18 09:44:13.774,407.5430186744359,105
2024-09-18 09:44:13.804,407.5158665023967,95
2024-09-18 09:44:13.805,407.5080810878691,99
2024-09-18 09:44:13.806,407.5446061518168,100
2024-09-18 09:44:13.864,,6
2024-09-18 09:44:13.869,407.539509966823,12
2024-09-18 09:44:13.873,407.5281131270328,1004
2024-09-18 09:44:13.951,407.5535726754497,102
2024-09-18 09:44:14.191,407.51522943587895,95
2024-09-18 09:44:14.199,407.5140373601278,10
2024-09-18 09:44:14.205,407.4886352481071,99
2024-09-18 09:44:14.222,407.52407026255327,996
2024-09-18 09:44:14.265,407.5176395062363,1001
2024-09-18 09:44:14.388,40.74946943813135,5
2024-09-18 09:44:14.476,407.5282189564035,96
2024-09-18 09:44:14.574,,103
2024-09-18 09:44:14.681,407.50741598754735,5
2024-09-18 09:44:14.842,407.4743382496207,14
2024-09-18 09:44:14.887,407.48661294010697,100
2024-09-18 09:44:14.894,407.5086734432915,102
2024-09-18 09:44:14.921,407.5072021374287,95
2024-09-18 09:44:14.990,407.5297181827705,12
2024-09-18 09:44:15.296,407.4986687771092,15
2024-09-18 09:44:15.422,407.4689549920646,97
2024-09-18 09:44:15.447,407.4768615541776,5
2024-09-18 09:44:15.469,407.5152857012161,99
2024-09-18 09:44:15.511,407.5057984591909,996
2024-09-18 09:44:15.588,407.5079707531952,9
2024-09-18 09:44:15.594,407.5138967461555,997
2024-09-18 09:44:15.611,407.461638306637,998
2024-09-18 09:44:15.630,407.51753347075766,101
2024-09-18 09:44:15.748,407.47739343870495,13
2024-09-18 09:44:15.762,407.4892886659463,998
2024-09-18 09:44:15.823,407.5301510204173,15
2024-09-18 09:44:15.991,407.4486795187217,995
2024-09-18 09:44:16.003,407.47337561504486,997
2024-09-18 09:44:16.111,407.4528454999999,1004
2024-09-18 09:44:16.128,407.47327044677326,96
2024-09-18 09:44:16.311,407.4745628239796,102
2024-09-18 09:44:16.426,407.46696476217465,6
2024-09-18 09:44:16.465,407.459924257656,1005
2024-09-18 09:44:16.565,407.4717624899179,1003
2024-09-18 09:44:16.811,407.4608335025418,9
2024-09-18 09:44:16.824,407.46343173350914,10
2024-09-18 09:44:16.949,407.4580760376328,1002
2024-09-18 09:44:16.998,407.4765818710475,8
2024-09-18 09:44:17.007,407.4885948251202,9
2024-09-18 09:44:17.039,407.4922499881433,996
2024-09-18 09:44:17.151,407.417851329853,97
2024-09-18 09:44:17.173,407.4220913711924,8
2024-09-18 09:44:17.191,407.4566846146579,11
2024-09-18 09:44:17.208,407.489259106527,95
2024-09-18 09:44:17.302,407.3938998014444,10
2024-09-18 09:44:17.368,407.47596069425583,996
2024-09-18 09:44:17.405,407.4803743188245,98
2024-09-18 09:44:17.420,407.4286016893343,999
2024-09-18 09:44:17.425,,6
2024-09-18 09:44:17.470,407.4729862992261,6
2024-09-18 09:44:17.526,407.4662409446519,105
2024-09-18 09:44:17.592,407.4892671866588,999
2024-09-18 09:44:17.631,407.49955568258446,5
2024-09-18 09:44:17.635,407.4612583419492,104
2024-09-18 09:44:17.721,407.4795544241958,13
2024-09-18 09:44:17.757,407.49465393222494,98
2024-09-18 09:44:17.809,407.41508587585616,97
2024-09-18 09:44:17.825,407.4933202799241,103
2024-09-18 09:44:17.901,407.4214815382293,1005
2024-09-18 09:44:17.909,407.48381015576615,13
2024-09-18 09:44:17.915,407.4329950056568,1003
2024-09-18 09:44:17.939,407.4957385626992,11
2024-09-18 09:44:17.983,407.4844900861943,102
2024-09-18 09:44:18.138,407.4350512635936,105
2024-09-18 09:44:18.267,407.4102771225915,14
2024-09-18 09:44:18.388,407.4313510789906,1003
2024-09-18 09:44:18.504,407.4098435568667,1002
2024-09-18 09:44:18.507,407.4146779108191,11
2024-09-18 09:44:18.519,407.42157053522834,6
2024-09-18 09:44:18.732,407.4122105325648,1000
2024-09-18 09:44:18.882,407.414633722513,1003
2024-09-18 09:44:19.076,407.4274791356056,96
2024-09-18 09:44:19.112,407.43274365365977,101
2024-09-18 09:44:19.220,407.4023057016671,103
2024-09-18 09:44:19.285,407.3936317624461,15
2024-09-18 09:44:19.323,407.39512184289896,995
2024-09-18 09:44:19.330,407.3942379337022,103
2024-09-18 09:44:19.330,407.415389878944,98
2024-09-18 09:44:19.342,407.4205170495284,97
2024-09-18 09:44:19.354,407.4226264295529,96
2024-09-18 09:44:19.358,407.3870049681565,995
2024-09-18 09:44:19.585,407.43876272916935,5
2024-09-18 09:44:19.625,407.4054751650369,96
2024-09-18 09:44:19.645,407.37919662301954,101
2024-09-18 09:44:19.674,407.4013537963751,999
2024-09-18 09:44:19.765,407.4133418093353,996
2024-09-18 09:44:19.861,407.40539342692085,996
2024-09-18 09:44:19.933,407.40131207392005,102
2024-09-18 09:44:19.984,407.4206421304676,10
2024-09-18 09:44:20.103,407.3939505380298,10
2024-09-18 09:44:20.137,407.37770126415546,1004
2024-09-18 09:44:20.142,407.40536996972617,7
2024-09-18 09:44:20.262,407.3743395839838,997
2024-09-18 09:44:20.309,,13
2024-09-18 09:44:20.745,407.3807247586731,1003
2024-09-18 09:44:20.822,407.4039622551316,10
2024-09-18 09:44:20.831,407.387666581089,997
2024-09-18 09:44:20.859,407.3635821312689,1000
2024-09-18 09:44:20.874,407.3816870824405,1000
2024-09-18 09:44:20.981,407.3596063258147,1000
2024-09-18 09:44:21.029,407.4054377851606,6
2024-09-18 09:44:21.153,407.38134364437576,8
2024-09-18 09:44:21.196,407.4100977524442,6
2024-09-18 09:44:21.273,407.4462634902249,12
2024-09-18 09:44:21.293,407.4519439788144,1001
2024-09-18 09:44:21.336,407.4116906502504,12
2024-09-18 09:44:21.348,407.4112131176839,1005
2024-09-18 09:44:21.356,407.431007906824,96
2024-09-18 09:44:21.470,407.46087189871497,8
2024-09-18 09:44:21.482,407.4026307114351,1001
2024-09-18 09:44:21.507,407.41036938949793,103
2024-09-18 09:44:21.511,407.38649812631024,103
2024-09-18 09:44:21.539,407.3996688221001,1005
2024-09-18 09:44:21.584,407.400633230501,997
2024-09-18 09:44:21.602,407.4085553172815,997
2024-09-18 09:44:21.683,407.389838037047,1003
2024-09-18 09:44:21.683,407.3918357575725,10
2024-09-18 09:44:21.717,407.4528202309868,6
2024-09-18 09:44:21.759,407.4018173019999,13
2024-09-18 09:44:21.766,407.38877238025657,1001
2024-09-18 09:44:21.793,407.4651052549134,995
2024-09-18 09:44:21.810,407.40873931784574,6
2024-09-18 09:44:22.062,407.4599858944302,995
2024-09-18 09:44:22.099,407.4576343196691,998
2024-09-18 09:44:22.699,407.4351207600564,11
2024-09-18 09:44:22.744,407.4590885469206,9
2024-09-18 09:44:23.040,407.4206418477326,103
2024-09-18 09:44:23.068,407.46399661191134,1000
2024-09-18 09:44:23.072,407.3904537249458,995
2024-09-18 09:44:23.081,407.4180283274628,9
2024-09-18 09:44:23.144,407.4564334673001,99
2024-09-18 09:44:23.151,407.4464067375933,997
2024-09-18 09:44:23.221,407.449459881626,8
2024-09-18 09:44:23.360,407.44646338606975,1005
2024-09-18 09:44:23.365,407.41906783697794,998
2024-09-18 09:44:23.501,407.4383390061632,1004
2024-09-18 09:44:23.545,407.4346542991256,103
2024-09-18 09:44:23.619,407.4425257221349,6
2024-09-18 09:44:23.638,407.449002769544,8
2024-09-18 09:44:23.674,407.444398525529,97
2024-09-18 09:44:23.750,407.4575477723188,96
2024-09-18 09:44:23.751,407.4514680904348,10
2024-09-18 09:44:23.755,407.4432423347657,104
2024-09-18 09:44:23.800,407.4488077655808,998
2024-09-18 09:44:23.822,407.4107507995216,9
2024-09-18 09:44:23.830,407.4400175165008,14
2024-09-18 09:44:23.875,407.4499029617966,10
2024-09-18 09:44:23.906,407.4493479285134,12
2024-09-18 09:44:23.970,407.4334656651088,996
2024-09-18 09:44:23.985,407.3902181175153,1000
2024-09-18 09:44:24.031,407.43270852102006,15
2024-09-18 09:44:24.049,407.4176441853663,105
2024-09-18 09:44:24.096,407.3998252418707,12
2024-09-18 09:44:24.135,407.4414594622584,98
2024-09-18 09:44:24.181,407.43407868428505,97
2024-09-18 09:44:24.217,407.4153854639152,13
2024-09-18 09:44:24.279,407.4465577313791,997
2024-09-18 09:44:24.285,407.45725779484815,1003
2024-09-18 09:44:24.300,407.4287796216158,15
2024-09-18 09:44:24.301,407.42803520210913,1003
2024-09-18 09:44:24.379,407.4230551271574,104
2024-09-18 09:44:24.386,407.4442087228433,1005
2024-09-18 09:44:24.478,407.4401400276507,999
2024-09-18 09:44:24.504,407.4194357194721,15
2024-09-18 09:44:24.533,407.4277517598504,1002
2024-09-18 09:44:24.551,407.4353590685709,995
2024-09-18 09:44:24.590,407.4208370425179,105
2024-09-18 09:44:24.630,407.4450138141912,9
2024-09-18 09:44:24.637,407.4012242882277,99
2024-09-18 09:44:24.671,407.4216318905027,12
2024-09-18 09:44:24.770,407.40895334938415,6
2024-09-18 09:44:24.791,407.45169426016207,1002
2024-09-18 09:44:24.795,407.4625398257592,14
2024-09-18 09:44:24.891,407.4200472408599,100
2024-09-18 09:44:24.999,407.4391521772767,98
2024-09-18 09:44:25.084,407.4533139772782,9
2024-09-18 09:44:25.134,407.4578789269092,1001
2024-09-18 09:44:25.144,407.47907854254754,14
2024-09-18 09:44:25.174,407.4662792638386,15
2024-09-18 09:44:25.277,407.4411415460562,100
2024-09-18 09:44:25.280,407.4534732177349,8
2024-09-18 09:44:25.350,407.4336059608615,10
2024-09-18 09:44:25.357,407.4357757055794,5
2024-09-18 09:44:25.388,407.4502576962683,101
2024-09-18 09:44:25.440,407.4481352940407,1004
2024-09-18 09:44:25.442,407.44833758978,12
2024-09-18 09:44:25.461,407.4683769544902,12
2024-09-18 09:44:25.515,407.4496514302399,105
2024-09-18 09:44:25.645,407.4605807418727,101
2024-09-18 09:44:25.653,-407.450110584528,7
2024-09-18 09:44:25.691,407.44653511505214,105
2024-09-18 09:44:25.825,407.43056260174353,104
2024-09-18 09:44:25.841,407.4416985768696,13
2024-09-18 09:44:25.934,407.4651260719804,11
2024-09-18 09:44:25.956,407.44294006564473,14
2024-09-18 09:44:26.062,407.4469320513176,105
2024-09-18 09:44:26.095,407.4803667680918,14
2024-09-18 09:44:26.112,407.458326724002,8
2024-09-18 09:44:26.256,407.4619257362461,105
2024-09-18 09:44:26.263,407.4252910647065,102
2024-09-18 09:44:26.306,407.4528171512181,101
2024-09-18 09:44:26.309,407.4756171861068,995
2024-09-18 09:44:26.311,407.4882679216124,998
2024-09-18 09:44:26.371,407.47199235777873,98
2024-09-18 09:44:26.421,407.4887895925266,8
2024-09-18 09:44:26.506,407.48516749017296,1000
2024-09-18 09:44:26.512,407.4623793566752,14
2024-09-18 09:44:26.517,407.4445239446011,1000
2024-09-18 09:44:26.589,407.47215334163326,997
2024-09-18 09:44:26.591,407.4573491870835,99
2024-09-18 09:44:26.592,407.46825056452656,95
2024-09-18 09:44:26.602,407.4764510548083,1002
2024-09-18 09:44:26.613,407.4793689267013,10
2024-09-18 09:44:26.652,407.4422112631032,1001
2024-09-18 09:44:26.652,407.4361123000911,101
2024-09-18 09:44:26.770,407.4598885202975,997
2024-09-18 09:44:26.801,407.4749923607314,9
2024-09-18 09:44:26.822,407.438336876363,101
2024-09-18 09:44:26.878,407.4771164153208,5
2024-09-18 09:44:26.886,407.4683621947634,1000
2024-09-18 09:44:26.912,407.4399544115378,1004
2024-09-18 09:44:26.938,407.4731335740212,8
2024-09-18 09:44:26.962,407.4241894284186,104
2024-09-18 09:44:26.996,407.4590231396475,98
2024-09-18 09:44:26.997,407.463993124351,15
2024-09-18 09:44:27.001,407.3490938863218,1000
2024-09-18 09:44:27.223,407.3504502799123,10
2024-09-18 09:44:27.262,407.38353503592094,12
2024-09-18 09:44:27.378,407.3418449228093,103
2024-09-18 09:44:27.515,407.3569876615935,105
2024-09-18 09:44:27.621,407.34384603407983,996
2024-09-18 09:44:27.703,407.3890096239412,1001
2024-09-18 09:44:27.703,407.3945347804441,98
2024-09-18 09:44:27.715,407.3420105682735,98
2024-09-18 09:44:27.725,407.3568771145363,1000
2024-09-18 09:44:27.726,407.3349739528472,99
2024-09-18 09:44:27.764,407.3690339669886,996
2024-09-18 09:44:27.794,407.37463471899343,9
2024-09-18 09:44:27.868,407.3460518625522,1000
2024-09-18 09:44:27.900,407.3663769804723,7
2024-09-18 09:44:27.902,407.3348726896335,1001
2024-09-18 09:44:27.935,-407.3375287324226,1000
2024-09-18 09:44:27.990,407.3554902342231,13
2024-09-18 09:44:28.074,407.36860947553765,5
2024-09-18 09:44:28.154,407.3474189397989,98
2024-09-18 09:44:28.193,407.344235903873,11
2024-09-18 09:44:28.229,407.3728805014776,10
2024-09-18 09:44:28.679,407.3589363316393,1002
2024-09-18 09:44:28.708,407.3405381642602,1002
2024-09-18 09:44:28.753,407.3358241558888,9
2024-09-18 09:44:28.871,407.3552976257157,11
2024-09-18 09:44:28.958,407.3450255001899,999
2024-09-18 09:44:29.006,407.3218685962686,7
2024-09-18 09:44:29.169,,13
2024-09-18 09:44:29.202,407.34343530835264,13
2024-09-18 09:44:29.294,40.73141511983391,995
2024-09-18 09:44:29.386,407.2862553944837,95
2024-09-18 09:44:29.398,407.34355509523726,1003
2024-09-18 09:44:29.427,407.3311487575995,997
2024-09-18 09:44:29.463,407.35062520869167,8
2024-09-18 09:44:29.591,407.28419451244446,13
2024-09-18 09:44:29.622,407.32004243853896,100
2024-09-18 09:44:29.654,407.32854620723657,5
2024-09-18 09:44:29.660,407.2971278687318,9
2024-09-18 09:44:29.671,40.73469768519582,999
2024-09-18 09:44:29.738,407.289615774524,102
2024-09-18 09:44:29.756,407.3520982514667,6
2024-09-18 09:44:29.833,407.2977473510738,95
2024-09-18 09:44:29.897,407.3085479100511,105
2024-09-18 09:44:29.945,407.3198602143558,1004
2024-09-18 09:44:29.956,-407.318668690868,13
2024-09-18 09:44:29.977,407.3467930893728,12
2024-09-18 09:44:30.015,407.339258938702,1003
2024-09-18 09:44:30.228,407.3179733532909,95
2024-09-18 09:44:30.581,407.3379832147556,102
2024-09-18 09:44:30.664,-407.30611460831375,14
2024-09-18 09:44:30.818,407.2998980008188,104
2024-09-18 09:44:30.948,407.3052972546011,97
2024-09-18 09:44:31.000,407.3322355512321,997
2024-09-18 09:44:31.026,407.3606583744259,6
2024-09-18 09:44:31.035,407.321178383802,1005
2024-09-18 09:44:31.143,407.3507093212258,95
2024-09-18 09:44:31.199,407.3337214650302,105
2024-09-18 09:44:31.207,407.325074120178,105
2024-09-18 09:44:31.211,407.32060529814254,101
2024-09-18 09:44:31.243,407.2981515791144,96
2024-09-18 09:44:31.286,407.36272553220175,15
2024-09-18 09:44:31.307,407.3214906728925,102
2024-09-18 09:44:31.319,407.3347791517182,1000
2024-09-18 09:44:31.415,407.3338978349012,101
2024-09-18 09:44:31.427,407.3517260817537,104
2024-09-18 09:44:31.458,407.3448956625914,101
2024-09-18 09:44:31.490,407.3621178045892,5
2024-09-18 09:44:31.563,407.3402756584373,12
2024-09-18 09:44:31.634,407.3579994567116,101
2024-09-18 09:44:31.764,407.3541040677948,102
2024-09-18 09:44:31.798,407.32235841198826,1003
2024-09-18 09:44:31.868,407.33448932327536,7
2024-09-18 09:44:31.903,407.34968341911525,1004
2024-09-18 09:44:31.927,407.3189291391561,1003
2024-09-18 09:44:32.035,407.3389534634862,5
2024-09-18 09:44:32.252,407.3806659013799,96
2024-09-18 09:44:32.371,407.3423916027567,999
2024-09-18 09:44:32.443,407.3351962446023,100
2024-09-18 09:44:32.530,407.3404236374629,1001
2024-09-18 09:44:32.647,407.3407078622681,995
2024-09-18 09:44:32.694,407.3627284910245,100
2024-09-18 09:44:32.812,407.3717995906496,7
2024-09-18 09:44:32.831,40.7368896394093,1005
2024-09-18 09:44:32.952,407.35083118301225,7
2024-09-18 09:44:33.025,407.3976366844336,95
2024-09-18 09:44:33.041,407.37614754500567,102
2024-09-18 09:44:33.075,407.412482183147,15
2024-09-18 09:44:33.077,407.4145882633751,10
2024-09-18 09:44:33.152,407.41726565736207,995
2024-09-18 09:44:33.163,407.3933270352885,1005
2024-09-18 09:44:33.307,407.3734535587366,99
2024-09-18 09:44:33.318,407.380802107391,996
2024-09-18 09:44:33.324,407.4218780224251,7
2024-09-18 09:44:33.338,407.41889450837056,14
2024-09-18 09:44:33.352,407.3784908930799,11
2024-09-18 09:44:33.489,407.3756199053828,995
2024-09-18 09:44:33.512,407.4047805278647,105
2024-09-18 09:44:33.560,407.3959958508233,1001
2024-09-18 09:44:33.574,407.381857278812,998
2024-09-18 09:44:33.583,407.40547682864167,1001
2024-09-18 09:44:33.596,407.3955990330246,11
2024-09-18 09:44:33.601,407.4041301146967,1005
2024-09-18 09:44:33.607,407.4003600172553,103
2024-09-18 09:44:33.645,407.4080620091719,13
2024-09-18 09:44:33.648,407.39326050089903,996
2024-09-18 09:44:33.740,407.4095252205865,14
2024-09-18 09:44:33.853,407.4109507839456,5
2024-09-18 09:44:33.942,407.403864833113,10
2024-09-18 09:44:33.964,407.406189007635,995
2024-09-18 09:44:33.988,407.4040864858299,1002
2024-09-18 09:44:34.009,407.5098210185526,10
2024-09-18 09:44:34.023,407.5082282503387,1000
2024-09-18 09:44:34.024,407.4810726691724,996
2024-09-18 09:44:34.039,407.4517734048263,98
2024-09-18 09:44:34.051,407.49768893300273,100
2024-09-18 09:44:34.064,407.513664103594,8
2024-09-18 09:44:34.076,407.4843061372174,1001
2024-09-18 09:44:34.183,407.4718918386153,998
2024-09-18 09:44:34.188,407.5155537040526,5
2024-09-18 09:44:34.246,407.4329049976211,95
2024-09-18 09:44:34.307,407.4713368275141,997
2024-09-18 09:44:34.418,407.505970660359,1003
2024-09-18 09:44:34.431,407.5162984394562,5
2024-09-18 09:44:34.459,407.4938921491293,12
2024-09-18 09:44:34.473,407.4582426369107,102
2024-09-18 09:44:34.511,407.4955233283324,97
2024-09-18 09:44:34.593,407.4622909170392,8
2024-09-18 09:44:34.612,407.4940427993441,12
2024-09-18 09:44:34.618,407.4735645893755,95
2024-09-18 09:44:34.671,407.4967596368675,98
2024-09-18 09:44:34.710,407.4298827272239,1001
2024-09-18 09:44:34.722,407.4801939823868,998
2024-09-18 09:44:34.738,407.5015613438768,999
2024-09-18 09:44:34.745,407.5029996647917,13
2024-09-18 09:44:34.755,407.4923209293064,999
2024-09-18 09:44:34.856,407.5049119272193,13
2024-09-18 09:44:34.861,407.4752896279676,1004
2024-09-18 09:44:34.866,407.5008534153713,95
2024-09-18 09:44:34.950,407.5271200822358,102
2024-09-18 09:44:34.963,407.4676293845724,996
2024-09-18 09:44:35.038,407.5657313405442,995
2024-09-18 09:44:35.074,407.5541960967595,99
2024-09-18 09:44:35.408,407.5602748230318,101
2024-09-18 09:44:35.469,407.57670686842414,999
2024-09-18 09:44:35.506,407.550569719434,6
2024-09-18 09:44:35.585,407.5481597097832,1002
2024-09-18 09:44:35.879,407.56486979305146,1003
2024-09-18 09:44:36.002,407.4801902576275,1004
2024-09-18 09:44:36.002,-407.50923232396735,99
2024-09-18 09:44:36.107,407.51619142930207,996
2024-09-18 09:44:36.192,407.5030540761299,998
2024-09-18 09:44:36.311,407.4928095199477,97
2024-09-18 09:44:36.348,,1003
2024-09-18 09:44:36.429,407.46939054686914,103
2024-09-18 09:44:36.434,407.4887127514068,11
2024-09-18 09:44:36.448,407.4960035998525,7
2024-09-18 09:44:36.493,407.4917477216994,14
2024-09-18 09:44:36.544,407.5146915785681,104
2024-09-18 09:44:36.548,407.5323596345028,102
2024-09-18 09:44:36.641,407.5017096611012,104
2024-09-18 09:44:36.677,407.4931643880986,14
2024-09-18 09:44:36.708,407.5056709864447,96
2024-09-18 09:44:36.747,407.494529686788,99
2024-09-18 09:44:36.882,407.49779892356247,9
2024-09-18 09:44:36.955,407.5028589190809,996
2024-09-18 09:44:36.958,407.4875679883777,995
2024-09-18 09:44:36.961,407.5210191529201,999
2024-09-18 09:44:37.002,407.4945777855956,13
2024-09-18 09:44:37.034,407.471617372904,102
2024-09-18 09:44:37.116,407.51643833386976,15
2024-09-18 09:44:37.555,407.4697608596118,1002
2024-09-18 09:44:37.894,407.4995755189822,12
2024-09-18 09:44:37.941,407.49169383746,1000
2024-09-18 09:44:38.126,407.557879638563,1001
2024-09-18 09:44:38.270,407.53558010515536,998
2024-09-18 09:44:38.344,407.5856548828291,98
2024-09-18 09:44:38.347,407.5384189667676,998
2024-09-18 09:44:38.373,407.5957570927773,1000
2024-09-18 09:44:38.403,407.5979312311972,996
2024-09-18 09:44:38.508,407.5649963346036,7
2024-09-18 09:44:38.550,407.5674588520558,998
2024-09-18 09:44:38.647,407.5515175148767,96
2024-09-18 09:44:38.690,407.5958390998399,995
2024-09-18 09:44:38.761,407.54657364930335,998
2024-09-18 09:44:38.831,407.59024742083966,10
2024-09-18 09:44:38.899,407.57465527595787,98
2024-09-18 09:44:38.927,407.57145623296174,8
2024-09-18 09:44:38.946,407.5820772669807,103
2024-09-18 09:44:39.102,407.5626530481757,14
2024-09-18 09:44:39.114,407.5391209078858,996
2024-09-18 09:44:39.140,407.5821940635,5
2024-09-18 09:44:39.157,407.5431077759361,99
2024-09-18 09:44:39.172,407.54261141323474,997
2024-09-18 09:44:39.185,407.5635624761629,105
2024-09-18 09:44:39.331,-407.5891064264656,999
2024-09-18 09:44:39.336,407.58142042779616,105
2024-09-18 09:44:39.375,407.5546823593455,100
2024-09-18 09:44:39.382,407.55564885556703,100
2024-09-18 09:44:39.440,407.5579646240106,98
2024-09-18 09:44:39.442,407.5421598223565,103
2024-09-18 09:44:39.446,407.54821790841214,105
2024-09-18 09:44:39.466,407.5552641238175,8
2024-09-18 09:44:39.586,407.5562632975371,100
2024-09-18 09:44:39.598,407.5714218692662,95
2024-09-18 09:44:39.623,407.5328527358741,13
2024-09-18 09:44:39.676,407.5561195270269,102
2024-09-18 09:44:39.702,407.543123071991,8
2024-09-18 09:44:39.709,407.5408620798698,105
2024-09-18 09:44:39.709,407.548095517617,6
2024-09-18 09:44:39.832,407.5933018299023,96
2024-09-18 09:44:39.865,407.5256701169193,102
2024-09-18 09:44:39.914,407.5602434902253,99
2024-09-18 09:44:39.969,407.5706305103388,1004
2024-09-18 09:44:39.972,407.5524637743295,997
2024-09-18 09:44:39.994,407.5491516142965,1000
2024-09-18 09:44:40.237,407.6242941478176,105
2024-09-18 09:44:40.246,407.62218147087486,999
2024-09-18 09:44:40.270,407.5795488654825,105
2024-09-18 09:44:40.308,407.6030191045858,1000
2024-09-18 09:44:40.334,407.6058376283629,105
2024-09-18 09:44:40.553,407.6131213682529,103
2024-09-18 09:44:40.606,407.5920293607612,104
2024-09-18 09:44:40.614,407.6150394896265,1005
2024-09-18 09:44:40.756,407.5840326385057,1002
2024-09-18 09:44:40.759,407.6078547320414,97
2024-09-18 09:44:40.774,407.6110986801023,1004
2024-09-18 09:44:40.799,407.6150339301874,1001
2024-09-18 09:44:40.887,407.600990998752,12
2024-09-18 09:44:40.892,407.6110718221219,101
2024-09-18 09:44:41.016,407.64336823319695,10
2024-09-18 09:44:41.324,407.6093110430583,1003
2024-09-18 09:44:41.417,407.6508955932709,101
2024-09-18 09:44:41.490,407.6109437283218,97
2024-09-18 09:44:41.504,407.65944793011374,1004
2024-09-18 09:44:41.563,407.6480670338979,5
2024-09-18 09:44:41.661,407.6556472935589,103
2024-09-18 09:44:41.663,407.6672690055151,1004
2024-09-18 09:44:41.703,407.6559210712833,11
2024-09-18 09:44:41.724,407.6659004963736,15
2024-09-18 09:44:41.861,407.6261569293339,995
2024-09-18 09:44:41.926,407.6270621930437,100
2024-09-18 09:44:41.973,407.6386607765005,97
2024-09-18 09:44:42.047,407.65130209950667,100
2024-09-18 09:44:42.054,407.7019376821287,15
2024-09-18 09:44:42.113,407.69308422328527,995
2024-09-18 09:44:42.171,407.6561909020724,96
2024-09-18 09:44:42.183,407.67328039318414,97
2024-09-18 09:44:42.215,407.6568470054736,11
2024-09-18 09:44:42.338,407.70000194479377,14
2024-09-18 09:44:42.630,407.66849429702046,999
2024-09-18 09:44:42.685,407.65945986731975,1004
2024-09-18 09:44:42.826,407.6974642205144,11
2024-09-18 09:44:42.899,407.6882027397984,101
2024-09-18 09:44:42.916,407.69822523819306,104
2024-09-18 09:44:42.966,407.6662198175839,14
2024-09-18 09:44:42.990,407.6804126847693,8
2024-09-18 09:44:43.005,407.70175541059655,1002
2024-09-18 09:44:43.084,407.69499131175263,98
2024-09-18 09:44:43.109,407.71991058891376,102
2024-09-18 09:44:43.141,407.74807621995865,99
2024-09-18 09:44:43.274,407.6750021420352,102
2024-09-18 09:44:43.338,407.8324322877064,102
2024-09-18 09:44:43.339,407.8269154005084,5
2024-09-18 09:44:43.556,407.747259329797,7
2024-09-18 09:44:43.569,407.7306537648347,1004
2024-09-18 09:44:43.593,407.78754460060696,999
2024-09-18 09:44:43.636,407.6953115926387,97
2024-09-18 09:44:43.652,407.7856617679379,95
2024-09-18 09:44:43.717,407.8439474722741,97
2024-09-18 09:44:43.726,407.7152903209956,996
2024-09-18 09:44:43.780,407.70404241070486,10
2024-09-18 09:44:43.801,407.8131294373581,997
2024-09-18 09:44:43.929,407.8336764004668,102
2024-09-18 09:44:43.934,407.8430747816448,9
2024-09-18 09:44:43.968,407.7951034081122,99
2024-09-18 09:44:44.045,407.76589199294256,105
2024-09-18 09:44:44.107,407.84093020065006,102
2024-09-18 09:44:44.229,407.7711677628878,6
2024-09-18 09:44:44.230,407.7186021351266,7
2024-09-18 09:44:44.249,407.8473755688525,9
2024-09-18 09:44:44.253,407.76458404075817,103
2024-09-18 09:44:44.256,407.769559555182,13
2024-09-18 09:44:44.281,407.84176641288985,995
2024-09-18 09:44:44.303,407.80202097694513,95
2024-09-18 09:44:44.317,407.7494616172304,101
2024-09-18 09:44:44.322,-407.8338308176088,100
2024-09-18 09:44:44.393,407.7321721048946,14
2024-09-18 09:44:44.467,407.8380695140593,6
2024-09-18 09:44:44.510,407.7168749417472,11
2024-09-18 09:44:44.552,407.7713322912579,1000
2024-09-18 09:44:44.557,407.7628032310524,104
2024-09-18 09:44:44.595,407.8382836819427,9
2024-09-18 09:44:44.625,407.8417239959801,1002
2024-09-18 09:44:44.649,407.7608981146664,998
2024-09-18 09:44:44.670,407.7532360203241,5
2024-09-18 09:44:44.729,407.75801687036375,12
2024-09-18 09:44:44.758,407.75617707473344,1005
2024-09-18 09:44:44.818,407.7886256974576,6
2024-09-18 09:44:44.832,407.8382372702358,101
2024-09-18 09:44:44.886,407.7238166161493,104
2024-09-18 09:44:44.897,407.7812975144278,98
2024-09-18 09:44:44.984,-407.76463219170415,1001
2024-09-18 09:44:44.997,407.772109507044,999
2024-09-18 09:44:45.215,407.7428626002135,11
2024-09-18 09:44:45.303,407.70784642340885,1005
2024-09-18 09:44:45.339,407.71949709555366,96
2024-09-18 09:44:45.434,407.7334301896396,998
2024-09-18 09:44:45.667,407.70991333123095,15
2024-09-18 09:44:45.854,407.72562640079633,5
2024-09-18 09:44:45.872,407.7132551685536,99
2024-09-18 09:44:45.899,407.7134578020311,10
2024-09-18 09:44:46.034,407.754538142604,1002
2024-09-18 09:44:46.067,407.731200169354,98
2024-09-18 09:44:46.110,407.7475197027308,996
2024-09-18 09:44:46.201,407.74716339520165,15
2024-09-18 09:44:46.283,407.7262361371599,8
2024-09-18 09:44:46.447,407.7008890566571,997
2024-09-18 09:44:46.638,407.7505517046352,9
2024-09-18 09:44:46.663,407.7642735955631,998
2024-09-18 09:44:46.671,407.76212714919785,6
2024-09-18 09:44:46.740,407.7218773405255,1000
2024-09-18 09:44:46.782,407.75648380861867,14
2024-09-18 09:44:46.833,407.7540743370415,103
2024-09-18 09:44:46.833,407.7458141021243,97
2024-09-18 09:44:46.866,407.7421926597151,5
2024-09-18 09:44:46.905,407.748077298719,9
2024-09-18 09:44:47.077,407.6754932515701,95
2024-09-18 09:44:47.128,407.6938059268504,1001
2024-09-18 09:44:47.217,407.6972318225793,999
2024-09-18 09:44:47.336,407.7093377207795,999
2024-09-18 09:44:47.416,407.703888831768,1002
2024-09-18 09:44:47.499,407.7101784569328,103
2024-09-18 09:44:47.626,407.6707324200818,105
2024-09-18 09:44:47.639,407.67254591349655,9
2024-09-18 09:44:47.640,407.6844033323216,97
2024-09-18 09:44:47.746,407.6820835992109,100
2024-09-18 09:44:47.770,407.6763587119594,105
2024-09-18 09:44:47.830,407.68182967501065,5
2024-09-18 09:44:47.928,407.6761053505272,15
2024-09-18 09:44:47.929,407.66696354007206,99
2024-09-18 09:44:47.953,407.67746289019146,996
2024-09-18 09:44:48.115,407.6646340071424,1000
2024-09-18 09:44:48.598,407.6509111111228,5
2024-09-18 09:44:48.644,407.6716966421882,13
2024-09-18 09:44:48.958,407.6644834814599,14
2024-09-18 09:44:49.260,407.6353678147841,105
2024-09-18 09:44:49.488,407.62508131698047,103
2024-09-18 09:44:50.021,407.6139332709493,1003
2024-09-18 09:44:50.022,407.58363512394885,996
2024-09-18 09:44:50.031,407.6335284061679,98
2024-09-18 09:44:50.177,407.5808447285626,101
2024-09-18 09:44:50.257,407.64479428087685,95
2024-09-18 09:44:50.494,407.6421325045221,1002
2024-09-18 09:44:50.526,407.6145060208296,997
2024-09-18 09:44:50.643,407.606471369693,100
2024-09-18 09:44:50.647,407.65023228554617,95
2024-09-18 09:44:50.682,407.61922066872665,1005
2024-09-18 09:44:50.793,407.5985643545597,1004
2024-09-18 09:44:50.819,407.5915431833933,15
2024-09-18 09:44:50.834,407.588101002726,5
2024-09-18 09:44:50.852,407.6214380491188,1002
2024-09-18 09:44:50.856,407.5852317729097,12
2024-09-18 09:44:50.910,407.6031137511652,12
2024-09-18 09:44:50.940,407.6009871797637,14
2024-09-18 09:44:50.960,407.5913661045027,1003
2024-09-18 09:44:50.981,407.6224673858517,997
2024-09-18 09:44:50.983,407.63164994999,104
2024-09-18 09:44:51.005,407.6361380372532,1004
2024-09-18 09:44:51.024,407.6291946390487,99
2024-09-18 09:44:51.057,407.65238358148616,1002
2024-09-18 09:44:51.113,407.6242776962966,1000
2024-09-18 09:44:51.201,407.6299870977568,996
2024-09-18 09:44:51.206,407.6594361322862,13
2024-09-18 09:44:51.269,407.66642333874097,12
2024-09-18 09:44:51.367,407.64451527671145,998
2024-09-18 09:44:51.472,407.651529178176,98
2024-09-18 09:44:51.542,407.6160762999207,100
2024-09-18 09:44:51.556,407.64938225756873,102
2024-09-18 09:44:51.562,407.613328797496,98
2024-09-18 09:44:51.647,407.65995247855335,10
2024-09-18 09:44:51.654,407.6444215688744,1000
2024-09-18 09:44:51.665,407.63682267109823,1000
2024-09-18 09:44:51.671,407.6353761737772,5
2024-09-18 09:44:51.679,407.6445208977203,97
2024-09-18 09:44:51.700,407.6581538636949,96
2024-09-18 09:44:51.763,407.6620409771289,995
2024-09-18 09:44:51.771,407.6368628464272,104
2024-09-18 09:44:51.792,407.6560240289856,997
2024-09-18 09:44:51.852,407.6472981445722,13
2024-09-18 09:44:51.941,407.643445368551,1005
2024-09-18 09:44:52.159,407.6293634931494,998
2024-09-18 09:44:52.174,407.6174379634069,101
2024-09-18 09:44:52.426,407.6423423581051,1001
2024-09-18 09:44:52.427,407.6364179715381,5
2024-09-18 09:44:52.471,407.6335258174824,998
2024-09-18 09:44:52.700,407.6190598346557,99
2024-09-18 09:44:52.738,407.63782749341686,996
2024-09-18 09:44:52.743,407.60529780112,101
2024-09-18 09:44:52.751,407.60827860857125,998
2024-09-18 09:44:52.777,407.6294747267055,1005
2024-09-18 09:44:52.778,407.60207541660816,1002
2024-09-18 09:44:52.814,407.6205173233036,100
2024-09-18 09:44:53.019,407.6938391241217,1002
2024-09-18 09:44:53.029,407.67330207212143,14
2024-09-18 09:44:53.033,407.6850864551504,100
2024-09-18 09:44:53.082,407.6841712826782,999
2024-09-18 09:44:53.107,407.6397326560427,104
2024-09-18 09:44:53.175,407.68037044003904,1000
2024-09-18 09:44:53.198,407.6994895122939,100
2024-09-18 09:44:53.208,407.7032198682864,14
2024-09-18 09:44:53.241,407.6944847211329,95
2024-09-18 09:44:53.304,407.6682751090671,96
2024-09-18 09:44:53.379,407.6551112613844,1005
2024-09-18 09:44:53.415,407.68978457531193,96
2024-09-18 09:44:53.466,407.6587599139672,1005
2024-09-18 09:44:53.538,407.6638192419405,102
2024-09-18 09:44:53.541,407.6584862286616,1000
2024-09-18 09:44:53.619,407.7053026705096,5
2024-09-18 09:44:53.650,407.6613418754068,15
2024-09-18 09:44:53.661,407.6523181277028,103
2024-09-18 09:44:53.716,407.6896660320414,998
2024-09-18 09:44:53.722,407.6695145710903,14
2024-09-18 09:44:53.867,407.69012967623854,99
2024-09-18 09:44:53.871,407.6510105660255,998
2024-09-18 09:44:53.913,407.6806871328856,98
2024-09-18 09:44:53.915,407.6613990637472,7
2024-09-18 09:44:53.916,407.6307763151588,1003
2024-09-18 09:44:53.958,407.6654291221656,97
2024-09-18 09:44:53.987,407.7036604112542,1003
2024-09-18 09:44:54.102,40.767825632704415,95
2024-09-18 09:44:54.106,407.75021780812784,1002
2024-09-18 09:44:54.121,407.730222175468,105
2024-09-18 09:44:54.311,407.72060164413045,98
2024-09-18 09:44:54.358,407.74082789303424,12
2024-09-18 09:44:54.360,407.6904967764343,5
2024-09-18 09:44:54.380,407.6932219115897,999
2024-09-18 09:44:54.483,407.7437227991311,12
2024-09-18 09:44:54.494,407.76297235991865,97
2024-09-18 09:44:54.515,407.7361996060018,1000
2024-09-18 09:44:54.549,407.6877018986731,11
2024-09-18 09:44:54.584,407.7389732385323,13
2024-09-18 09:44:54.586,407.7456537198737,98
2024-09-18 09:44:54.613,-407.6986166669449,105
2024-09-18 09:44:54.635,407.7131637426215,1002
2024-09-18 09:44:54.666,407.71618944331976,7
2024-09-18 09:44:54.699,407.7380313420503,99
2024-09-18 09:44:54.723,407.7665972486869,97
2024-09-18 09:44:54.802,407.7227372954119,102
2024-09-18 09:44:54.813,407.702968789765,101
2024-09-18 09:44:54.827,407.7444761270681,104
2024-09-18 09:44:54.834,407.7321782337018,1003
2024-09-18 09:44:54.834,407.6707774556775,11
2024-09-18 09:44:54.849,407.73290480246055,105
2024-09-18 09:44:54.934,407.7337602544844,8
2024-09-18 09:44:54.945,407.73520786299065,95
2024-09-18 09:44:55.318,407.65699967251874,13
2024-09-18 09:44:55.340,407.6653248642057,995
2024-09-18 09:44:55.464,407.7103078015769,11
2024-09-18 09:44:55.474,407.6900599752864,100
2024-09-18 09:44:55.664,407.7306369267165,6
2024-09-18 09:44:55.737,407.726275245921,105
2024-09-18 09:44:55.899,407.6680524202787,5
2024-09-18 09:44:56.036,407.54537965190616,104
2024-09-18 09:44:56.065,407.5709992298865,998
2024-09-18 09:44:56.204,407.550127886451,97
2024-09-18 09:44:56.235,407.544425002674,13
2024-09-18 09:44:56.356,40.76013148592508,1005
2024-09-18 09:44:56.509,407.60377941839727,15
2024-09-18 09:44:56.532,407.5523987004205,95
2024-09-18 09:44:56.562,407.6376217300332,995
2024-09-18 09:44:56.568,407.56903592218686,11
2024-09-18 09:44:56.633,407.6066446852408,998
2024-09-18 09:44:56.635,407.6099111494983,103
2024-09-18 09:44:56.719,407.5989163409239,15
2024-09-18 09:44:56.787,407.5775906663557,105
2024-09-18 09:44:56.846,407.6084408353559,12
2024-09-18 09:44:56.982,,14
2024-09-18 09:44:56.983,407.628555173851,104
2024-09-18 09:44:57.573,407.576001849606,100
2024-09-18 09:44:57.716,407.5833656856059,6
2024-09-18 09:44:57.792,407.5838903887773,996
2024-09-18 09:44:57.889,407.5754115816107,10
2024-09-18 09:44:58.222,407.5873384914146,13
2024-09-18 09:44:58.609,407.5606622354646,97
2024-09-18 09:44:58.662,407.5926249383053,102
2024-09-18 09:44:58.808,407.5915237819858,1004
2024-09-18 09:44:58.969,407.5812553723728,95
2024-09-18 09:44:59.008,407.5873976395794,6
2024-09-18 09:44:59.060,407.5819045466165,996
2024-09-18 09:44:59.094,407.5664480326801,999
2024-09-18 09:44:59.130,407.57434460882894,995
2024-09-18 09:44:59.131,407.5625344910831,995
2024-09-18 09:44:59.137,407.53224284366297,105
2024-09-18 09:44:59.151,407.5729464043625,100
2024-09-18 09:44:59.167,407.5624869794873,996
2024-09-18 09:44:59.195,407.5408998874108,1000
2024-09-18 09:44:59.273,407.6033964156133,100
2024-09-18 09:44:59.273,407.5680277212908,105
2024-09-18 09:44:59.296,407.5497895458909,1002
2024-09-18 09:44:59.341,,14
2024-09-18 09:44:59.393,407.570474467333,8
2024-09-18 09:44:59.430,407.5761836647203,105
2024-09-18 09:44:59.444,407.580229306559,8
2024-09-18 09:44:59.505,407.5258744332744,996
2024-09-18 09:44:59.580,407.5590754703479,6
2024-09-18 09:44:59.592,407.6010653509267,997
2024-09-18 09:44:59.616,407.5672771342427,96
2024-09-18 09:44:59.619,407.5461725373413,996
2024-09-18 09:44:59.623,407.5261017072757,13
2024-09-18 09:44:59.671,407.58004621727895,1004
2024-09-18 09:44:59.716,407.5931060694599,996
2024-09-18 09:44:59.729,407.55256640465626,96
2024-09-18 09:44:59.769,407.54583168417633,9
2024-09-18 09:44:59.900,407.60000723878943,15
2024-09-18 09:44:59.965,407.54202417638055,8
2024-09-18 09:44:59.991,407.52601240922695,1004
