Timestamp,Price,Size
2024-09-19 15:02:00.002,419.97742793316,5
2024-09-19 15:02:00.064,420.0190196078776,15
2024-09-19 15:02:00.067,419.97925715238574,102
2024-09-19 15:02:00.111,419.97548892395486,999
2024-09-19 15:02:00.145,420.0291681275853,998
2024-09-19 15:02:00.155,420.00035488405206,1004
2024-09-19 15:02:00.167,420.00111066083207,1002
2024-09-19 15:02:00.170,419.9823011123354,13
2024-09-19 15:02:00.221,419.98307138687727,11
2024-09-19 15:02:00.293,419.9437885339885,10
2024-09-19 15:02:00.321,420.030028868507,996
2024-09-19 15:02:00.344,419.9884856778289,10
2024-09-19 15:02:00.357,419.9835458880698,1005
2024-09-19 15:02:00.415,420.0003918010549,7
2024-09-19 15:02:00.489,419.9327031227997,95
2024-09-19 15:02:00.520,419.9710557173488,13
2024-09-19 15:02:00.560,,1003
2024-09-19 15:02:00.574,420.0026080039953,101
2024-09-19 15:02:00.613,420.0156889219546,1000
2024-09-19 15:02:00.683,419.9883574068082,12
2024-09-19 15:02:00.780,419.9504524906624,13
2024-09-19 15:02:00.795,419.991299314855,100
2024-09-19 15:02:00.862,419.9468939668423,99
2024-09-19 15:02:00.890,420.003850875986,997
2024-09-19 15:02:00.901,419.991008093676,998
2024-09-19 15:02:00.921,420.03536831458825,15
2024-09-19 15:02:00.937,419.95859527224354,97
2024-09-19 15:02:00.944,419.9750402738485,11
2024-09-19 15:02:00.956,420.0200847655396,103
2024-09-19 15:02:01.339,419.9984961781975,9
2024-09-19 15:02:01.512,419.9811201678209,11
2024-09-19 15:02:01.519,419.9720128793618,997
2024-09-19 15:02:01.684,419.97086184908346,997
2024-09-19 15:02:01.839,419.9715960694626,1004
2024-09-19 15:02:01.926,420.01668310643,98
2024-09-19 15:02:02.016,420.0008046358731,1001
2024-09-19 15:02:02.029,419.9944904511444,100
2024-09-19 15:02:02.115,420.00566865715234,10
2024-09-19 15:02:02.151,420.0316227236089,6
2024-09-19 15:02:02.296,419.9971746993059,105
2024-09-19 15:02:02.356,419.96561291424615,13
2024-09-19 15:02:02.381,419.9995968027004,1002
2024-09-19 15:02:02.420,419.9976080123732,998
2024-09-19 15:02:02.461,420.0214140734555,103
2024-09-19 15:02:02.465,420.00281050260105,14
2024-09-19 15:02:02.483,419.9932108147771,97
2024-09-19 15:02:02.496,420.031252188053,1004
2024-09-19 15:02:02.497,419.9936314870488,10
2024-09-19 15:02:02.549,420.0128854296361,1004
2024-09-19 15:02:02.615,420.006554035169,102
2024-09-19 15:02:02.645,419.9612545414668,102
2024-09-19 15:02:02.647,419.9848022487785,1002
2024-09-19 15:02:02.674,420.0100527843085,999
2024-09-19 15:02:02.702,420.0618497068984,100
2024-09-19 15:02:02.754,420.0350087241599,98
2024-09-19 15:02:02.762,419.9867734811371,14
2024-09-19 15:02:02.844,420.0503305556702,104
2024-09-19 15:02:02.852,419.9703851366521,105
2024-09-19 15:02:02.873,419.9786515880932,1004
2024-09-19 15:02:02.877,420.0397554907522,104
2024-09-19 15:02:02.922,420.0041428266163,15
2024-09-19 15:02:02.945,420.038157293152,1003
2024-09-19 15:02:02.963,419.9908738615167,96
2024-09-19 15:02:02.969,419.9640903041395,14
2024-09-19 15:02:03.009,420.12038149732143,1002
2024-09-19 15:02:03.018,420.1022255719473,1004
2024-09-19 15:02:03.038,420.1336688744618,95
2024-09-19 15:02:03.046,420.0991228843587,997
2024-09-19 15:02:03.110,420.1039990316307,14
2024-09-19 15:02:03.206,420.1139487044955,999
2024-09-19 15:02:03.218,420.1029985938381,11
2024-09-19 15:02:03.236,420.0899209821397,102
2024-09-19 15:02:03.274,420.1080455657754,96
2024-09-19 15:02:03.397,420.1559284832181,101
2024-09-19 15:02:03.438,420.1077515632703,996
2024-09-19 15:02:03.460,420.1147947739992,98
2024-09-19 15:02:03.492,420.0840662522677,98
2024-09-19 15:02:03.736,420.1158810323656,6
2024-09-19 15:02:03.739,420.1237832615998,105
2024-09-19 15:02:03.740,420.10404254791047,103
2024-09-19 15:02:03.770,420.0934973881332,7
2024-09-19 15:02:03.864,420.1456593162699,13
2024-09-19 15:02:03.891,420.14718499902096,101
2024-09-19 15:02:03.896,420.1525125249933,100
2024-09-19 15:02:03.941,420.06893869023753,11
2024-09-19 15:02:04.542,420.1501357694126,1004
2024-09-19 15:02:05.139,420.1577643880858,997
2024-09-19 15:02:05.301,-420.2072044991903,9
2024-09-19 15:02:05.320,420.1629843605436,1003
2024-09-19 15:02:05.652,420.194436866344,11
2024-09-19 15:02:05.737,420.1422691494503,105
2024-09-19 15:02:05.768,420.1274997237844,7
2024-09-19 15:02:05.906,420.2047476020228,102
2024-09-19 15:02:06.075,420.20697450464274,105
2024-09-19 15:02:06.122,420.2861518336592,1002
2024-09-19 15:02:06.137,420.3119004002001,997
2024-09-19 15:02:06.165,420.2710172939816,8
2024-09-19 15:02:06.251,420.3001119631613,7
2024-09-19 15:02:06.314,420.2544070538893,1003
2024-09-19 15:02:06.414,420.2696100994517,6
2024-09-19 15:02:06.422,420.3101597863263,98
2024-09-19 15:02:06.529,420.30221014205614,1003
2024-09-19 15:02:06.547,42.02766676020195,103
2024-09-19 15:02:06.602,420.2824237296312,98
2024-09-19 15:02:06.603,420.2310069112909,1003
2024-09-19 15:02:06.636,420.2859225429143,104
2024-09-19 15:02:06.642,420.2292632589716,14
2024-09-19 15:02:06.643,420.2783395749622,996
2024-09-19 15:02:06.740,420.3192842639274,105
2024-09-19 15:02:06.743,420.2770913273973,101
2024-09-19 15:02:06.753,420.2407929611847,15
2024-09-19 15:02:06.823,420.2758119747517,101
2024-09-19 15:02:06.841,420.278453655978,1001
2024-09-19 15:02:06.878,420.283596092374,100
2024-09-19 15:02:06.967,420.2242728441956,5
2024-09-19 15:02:07.069,420.2032523590958,11
2024-09-19 15:02:07.087,,7
2024-09-19 15:02:07.158,420.1923966881291,1003
2024-09-19 15:02:07.207,420.187109558516,98
2024-09-19 15:02:07.243,420.2351891848463,95
2024-09-19 15:02:07.270,420.21496526252855,995
2024-09-19 15:02:07.299,42.02356176227306,102
2024-09-19 15:02:07.374,420.1758136121525,6
2024-09-19 15:02:07.409,420.16399983944655,996
2024-09-19 15:02:07.451,420.243085860959,99
2024-09-19 15:02:07.496,420.18043797394046,102
2024-09-19 15:02:07.547,420.2040380243949,103
2024-09-19 15:02:07.611,420.2451160281808,100
2024-09-19 15:02:07.622,420.16587878964833,996
2024-09-19 15:02:07.667,420.2406774229413,1005
2024-09-19 15:02:07.677,420.17499489161935,104
2024-09-19 15:02:07.742,420.2111757360824,999
2024-09-19 15:02:07.762,420.1742198438957,98
2024-09-19 15:02:07.792,420.2312414667626,12
2024-09-19 15:02:07.799,420.1958814043096,13
2024-09-19 15:02:07.815,420.1658480889422,103
2024-09-19 15:02:07.831,420.17238667594273,104
2024-09-19 15:02:07.879,420.2315314440908,998
2024-09-19 15:02:07.908,420.2401515262022,14
2024-09-19 15:02:07.948,42.02513717461095,998
2024-09-19 15:02:08.029,420.2157353224784,996
2024-09-19 15:02:08.039,420.18623949277554,1003
2024-09-19 15:02:08.086,42.01740261074928,9
2024-09-19 15:02:08.091,420.216146593181,1001
2024-09-19 15:02:08.139,420.1964333067033,996
2024-09-19 15:02:08.202,420.21016148097857,1001
2024-09-19 15:02:08.218,420.2204132871224,104
2024-09-19 15:02:08.234,420.22087352069,998
2024-09-19 15:02:08.290,420.21586747396793,96
2024-09-19 15:02:08.351,420.21064551141455,1000
2024-09-19 15:02:08.395,420.224272329951,104
2024-09-19 15:02:08.416,420.20310360084335,1002
2024-09-19 15:02:08.469,420.211108177235,996
2024-09-19 15:02:08.479,420.2297759427065,997
2024-09-19 15:02:08.490,420.190285330672,105
2024-09-19 15:02:08.510,420.19463529807655,1002
2024-09-19 15:02:08.518,420.2057676416099,105
2024-09-19 15:02:08.522,420.1807226697546,999
2024-09-19 15:02:08.530,420.2237574103347,96
2024-09-19 15:02:08.586,420.2228525279452,104
2024-09-19 15:02:08.613,420.2155374389477,995
2024-09-19 15:02:08.716,420.16650139624966,9
2024-09-19 15:02:08.751,420.20280493164057,1000
2024-09-19 15:02:08.819,420.1988202342728,102
2024-09-19 15:02:08.843,420.2196429366128,996
2024-09-19 15:02:08.859,420.2006775658709,105
2024-09-19 15:02:09.023,420.2254338657851,15
2024-09-19 15:02:09.049,420.2104631399935,5
2024-09-19 15:02:09.182,420.18090459826135,15
2024-09-19 15:02:09.251,420.17494959981366,9
2024-09-19 15:02:09.254,420.20726559534046,103
2024-09-19 15:02:09.306,420.18131391422617,99
2024-09-19 15:02:09.333,420.1827786284794,1003
2024-09-19 15:02:09.453,420.214802398541,7
2024-09-19 15:02:09.511,420.1921283305605,996
2024-09-19 15:02:09.569,420.20381292313886,998
2024-09-19 15:02:09.586,420.17308325492655,10
2024-09-19 15:02:09.612,420.1951920531548,97
2024-09-19 15:02:09.640,420.1977519290912,1001
2024-09-19 15:02:09.673,420.1896830217249,1000
2024-09-19 15:02:09.676,420.202307783883,95
2024-09-19 15:02:09.690,420.2118689299599,13
2024-09-19 15:02:09.718,420.2230797583843,96
2024-09-19 15:02:09.761,420.1887310671444,1003
2024-09-19 15:02:09.770,420.18481635227687,1005
2024-09-19 15:02:09.932,420.20854328457057,97
2024-09-19 15:02:09.974,420.2231427932196,995
2024-09-19 15:02:10.033,420.1744871263508,13
2024-09-19 15:02:10.061,420.2069935703465,14
2024-09-19 15:02:10.101,420.1844733590558,11
2024-09-19 15:02:10.133,420.1565703767016,8
2024-09-19 15:02:10.137,420.1730648618088,99
2024-09-19 15:02:10.168,420.1760744197967,998
2024-09-19 15:02:10.196,420.1485474618202,103
2024-09-19 15:02:10.287,420.1864918827888,10
2024-09-19 15:02:10.341,420.17401617413447,101
2024-09-19 15:02:10.503,420.1832864471983,103
2024-09-19 15:02:10.507,420.1666715532227,99
2024-09-19 15:02:10.528,420.1758496971054,9
2024-09-19 15:02:10.545,420.14017069157626,995
2024-09-19 15:02:10.548,420.2017284554552,15
2024-09-19 15:02:10.554,420.1486365760102,104
2024-09-19 15:02:10.617,420.18251699531146,15
2024-09-19 15:02:10.639,420.1584456272885,995
2024-09-19 15:02:10.688,420.16256233115945,99
2024-09-19 15:02:10.697,420.16989683320696,1000
2024-09-19 15:02:10.700,420.17532340925726,100
2024-09-19 15:02:10.717,420.1654534134218,12
2024-09-19 15:02:10.743,420.1546558830044,15
2024-09-19 15:02:10.767,420.16229319462246,7
2024-09-19 15:02:10.785,420.1899906122083,103
2024-09-19 15:02:10.789,420.19048538644574,15
2024-09-19 15:02:10.823,420.1880900407449,1005
2024-09-19 15:02:10.887,420.1979422541255,99
2024-09-19 15:02:10.961,420.1802358838286,10
2024-09-19 15:02:10.967,420.1830293409789,10
2024-09-19 15:02:11.007,420.0215259356768,8
2024-09-19 15:02:11.023,420.1052492104134,5
2024-09-19 15:02:11.082,420.0531518326137,995
2024-09-19 15:02:11.113,420.1051704835286,1000
2024-09-19 15:02:11.152,420.0037789388201,98
2024-09-19 15:02:11.187,420.0637018811088,15
2024-09-19 15:02:11.193,420.1102041961341,997
2024-09-19 15:02:11.289,420.1072158369994,1005
2024-09-19 15:02:11.357,420.02272919783366,8
2024-09-19 15:02:11.464,420.1226873034808,100
2024-09-19 15:02:11.515,420.0836596323701,1000
2024-09-19 15:02:11.522,420.0524113586532,7
2024-09-19 15:02:11.556,420.1129766195473,996
2024-09-19 15:02:11.589,420.0798240840513,996
2024-09-19 15:02:11.615,420.1122156590268,5
2024-09-19 15:02:11.621,-420.0956920482105,96
2024-09-19 15:02:11.676,420.0752304853905,13
2024-09-19 15:02:11.963,420.143605172148,101
2024-09-19 15:02:12.057,420.0428327700059,102
2024-09-19 15:02:12.076,420.03088973523,95
2024-09-19 15:02:12.097,420.0311962253693,999
2024-09-19 15:02:12.406,420.0281485278756,13
2024-09-19 15:02:12.442,420.0582947852108,95
2024-09-19 15:02:12.496,420.0260743288851,102
2024-09-19 15:02:12.538,420.05888115161815,1003
2024-09-19 15:02:12.561,420.07540961205626,12
2024-09-19 15:02:12.606,420.0754470241961,98
2024-09-19 15:02:12.672,420.0331980553258,1002
2024-09-19 15:02:12.675,420.0512559542965,1000
2024-09-19 15:02:12.685,420.0742793500037,10
2024-09-19 15:02:12.739,420.0912075058288,100
2024-09-19 15:02:12.776,420.03065134477225,95
2024-09-19 15:02:12.812,420.09179785435225,1003
2024-09-19 15:02:12.824,420.0318214177354,95
2024-09-19 15:02:12.859,420.04778353622345,9
2024-09-19 15:02:12.898,420.0874484788632,995
2024-09-19 15:02:12.940,-420.0435976051212,99
2024-09-19 15:02:12.947,420.0164410856905,102
2024-09-19 15:02:12.986,420.03628405303886,105
2024-09-19 15:02:12.990,420.0596545156244,99
2024-09-19 15:02:13.062,419.96594076957257,999
2024-09-19 15:02:13.165,420.0057681639328,103
2024-09-19 15:02:13.243,419.9944191000548,98
2024-09-19 15:02:13.615,419.9487152373182,5
2024-09-19 15:02:13.690,419.98896685397176,996
2024-09-19 15:02:13.764,419.98486930398514,101
2024-09-19 15:02:13.926,419.964808890574,1004
2024-09-19 15:02:13.995,419.97957144147057,10
2024-09-19 15:02:14.054,419.99190766043046,99
2024-09-19 15:02:14.125,419.97300262197376,11
2024-09-19 15:02:14.265,419.99777631967737,6
2024-09-19 15:02:14.282,41.99771655579997,13
2024-09-19 15:02:14.311,419.9742961473015,14
2024-09-19 15:02:14.429,419.9726176522199,15
2024-09-19 15:02:14.529,419.9579400154852,103
2024-09-19 15:02:14.568,419.9953086923766,6
2024-09-19 15:02:14.571,420.01153749541584,999
2024-09-19 15:02:14.760,419.9659947225804,12
2024-09-19 15:02:14.878,420.0004277544634,10
2024-09-19 15:02:14.908,419.9746256098615,97
2024-09-19 15:02:14.920,419.98452354248303,7
2024-09-19 15:02:14.958,420.00622817844686,104
2024-09-19 15:02:14.969,419.9926909624426,102
2024-09-19 15:02:15.062,420.02222551878094,1002
2024-09-19 15:02:15.091,,103
2024-09-19 15:02:15.315,420.0113646948872,99
2024-09-19 15:02:15.353,420.0173383311141,999
2024-09-19 15:02:15.418,420.0165026704742,999
2024-09-19 15:02:15.423,420.0287633572447,12
2024-09-19 15:02:15.671,416.3923960293602,10
2024-09-19 15:02:15.859,420.011126906589,96
2024-09-19 15:02:16.035,420.04938642083937,15
2024-09-19 15:02:16.056,420.0610140473856,1005
2024-09-19 15:02:16.061,420.0834292751008,6
2024-09-19 15:02:16.088,420.0690525013661,6
2024-09-19 15:02:16.088,420.1059252637687,103
2024-09-19 15:02:16.143,420.0682206102808,11
2024-09-19 15:02:16.190,420.06445377071566,1001
2024-09-19 15:02:16.194,420.0767792803427,105
2024-09-19 15:02:16.237,420.04790247897085,6
2024-09-19 15:02:16.275,420.0618805326928,997
2024-09-19 15:02:16.326,420.0972432860396,1004
2024-09-19 15:02:16.330,420.0624578780026,100
2024-09-19 15:02:16.343,420.08528531930375,996
2024-09-19 15:02:16.366,420.0894980219336,11
2024-09-19 15:02:16.473,420.06399490406426,15
2024-09-19 15:02:16.476,420.0957803148949,103
2024-09-19 15:02:16.479,420.07112204210057,97
2024-09-19 15:02:16.610,420.0931722012338,7
2024-09-19 15:02:16.660,420.1011961572822,100
2024-09-19 15:02:16.667,420.0861764803528,100
2024-09-19 15:02:16.702,420.1133437781835,1005
2024-09-19 15:02:16.704,420.1076791252228,99
2024-09-19 15:02:16.722,420.09471071545767,105
2024-09-19 15:02:16.726,420.1022004227788,99
2024-09-19 15:02:16.754,420.06721326437656,96
2024-09-19 15:02:16.806,420.0949301307081,9
2024-09-19 15:02:16.812,420.0785134965687,997
2024-09-19 15:02:16.917,420.0951699363095,1002
2024-09-19 15:02:16.961,420.0860565143879,1001
2024-09-19 15:02:16.976,420.1145954242372,996
2024-09-19 15:02:17.041,420.1250116573432,1005
2024-09-19 15:02:17.106,420.12828994338594,12
2024-09-19 15:02:17.113,420.11315185446085,15
2024-09-19 15:02:17.137,420.11684869789786,1001
2024-09-19 15:02:17.155,420.1192414313885,100
2024-09-19 15:02:17.211,420.1047327660701,9
2024-09-19 15:02:17.241,420.12509686728527,97
2024-09-19 15:02:17.288,-420.1264951686383,8
2024-09-19 15:02:17.337,420.12149733967067,6
2024-09-19 15:02:17.392,420.1375010299527,12
2024-09-19 15:02:17.401,420.1200695367245,98
2024-09-19 15:02:17.459,420.12496523333846,996
2024-09-19 15:02:17.489,420.1229997234678,105
2024-09-19 15:02:17.507,420.1333256170824,100
2024-09-19 15:02:17.531,420.1028838640686,5
2024-09-19 15:02:17.570,420.1178010969501,105
2024-09-19 15:02:17.588,420.1362135937628,996
2024-09-19 15:02:17.615,-420.118820628931,14
2024-09-19 15:02:17.621,420.1277967852532,998
2024-09-19 15:02:17.662,420.1150902104815,99
2024-09-19 15:02:17.723,420.1239704246391,100
2024-09-19 15:02:17.724,420.1260453895112,13
2024-09-19 15:02:17.739,420.1375468221683,102
2024-09-19 15:02:17.749,420.1101016337136,104
2024-09-19 15:02:17.752,420.1411693284981,104
2024-09-19 15:02:17.767,420.0973545920584,10
2024-09-19 15:02:17.794,420.125770760107,6
2024-09-19 15:02:17.865,,1004
2024-09-19 15:02:17.871,420.1199293953086,1004
2024-09-19 15:02:18.047,420.0892544203543,7
2024-09-19 15:02:18.223,420.10354355235967,105
2024-09-19 15:02:18.425,420.1027738832343,1003
2024-09-19 15:02:18.528,420.1055260765512,996
2024-09-19 15:02:18.562,420.1108184550174,10
2024-09-19 15:02:18.612,420.0977876726413,102
2024-09-19 15:02:18.783,420.1117074988372,100
2024-09-19 15:02:19.217,420.1274947638148,13
2024-09-19 15:02:19.264,420.1060208277405,7
2024-09-19 15:02:19.347,420.1049004283119,12
2024-09-19 15:02:19.351,420.1288076921168,15
2024-09-19 15:02:19.355,42.01304485083189,99
2024-09-19 15:02:19.585,420.1227997767872,1004
2024-09-19 15:02:19.654,420.10588876955046,99
2024-09-19 15:02:19.692,420.109106828224,6
2024-09-19 15:02:19.970,420.1011258739847,6
2024-09-19 15:02:19.986,420.1148948635617,996
2024-09-19 15:02:20.266,420.1223920453159,102
2024-09-19 15:02:20.316,,11
2024-09-19 15:02:20.608,420.1150747633682,8
2024-09-19 15:02:20.698,420.1386047880171,1005
2024-09-19 15:02:20.702,420.1151026663384,997
2024-09-19 15:02:20.930,420.1438824050271,102
2024-09-19 15:02:21.096,420.2620071698656,14
2024-09-19 15:02:21.106,420.2438746958968,101
2024-09-19 15:02:21.193,420.221047694461,1000
2024-09-19 15:02:21.214,420.1999786160456,6
2024-09-19 15:02:21.215,420.2470858286636,6
2024-09-19 15:02:21.259,420.258663010189,95
2024-09-19 15:02:21.370,420.2008133267635,7
2024-09-19 15:02:21.383,420.2099696439137,5
2024-09-19 15:02:21.467,,99
2024-09-19 15:02:21.511,420.2141370067136,1000
2024-09-19 15:02:21.523,420.2550785518038,999
2024-09-19 15:02:21.650,420.2634021451501,95
2024-09-19 15:02:21.659,420.2338988734873,105
2024-09-19 15:02:21.661,420.2606244762904,14
2024-09-19 15:02:21.723,420.1495787294227,11
2024-09-19 15:02:21.730,420.2214512048303,13
2024-09-19 15:02:21.792,420.16882326931,996
2024-09-19 15:02:21.862,420.2517520661201,998
2024-09-19 15:02:21.940,420.2529269004096,1003
2024-09-19 15:02:21.966,420.2582235358388,97
2024-09-19 15:02:22.484,420.2135222936432,100
2024-09-19 15:02:23.017,420.2798143253605,103
2024-09-19 15:02:23.047,420.2340849429697,101
2024-09-19 15:02:23.151,420.2493936244526,104
2024-09-19 15:02:23.170,420.26689655368426,6
2024-09-19 15:02:23.176,420.2792455910487,12
2024-09-19 15:02:23.196,420.2832079154165,10
2024-09-19 15:02:23.217,420.2673292499097,1002
2024-09-19 15:02:23.248,420.25512952879046,15
2024-09-19 15:02:23.252,420.26456934818697,7
2024-09-19 15:02:23.378,420.2790602083271,5
2024-09-19 15:02:23.413,420.2460561834721,96
2024-09-19 15:02:23.547,420.2399409033599,996
2024-09-19 15:02:23.587,420.25575482998784,12
2024-09-19 15:02:23.588,420.2641826207064,103
2024-09-19 15:02:23.627,420.2351294695437,6
2024-09-19 15:02:23.650,420.2441977759353,104
2024-09-19 15:02:23.687,420.2690686933354,995
2024-09-19 15:02:23.774,420.2267628800509,1003
2024-09-19 15:02:23.921,420.2071789186992,997
2024-09-19 15:02:23.977,420.2415149542265,10
2024-09-19 15:02:24.070,420.20324469998366,14
2024-09-19 15:02:24.163,420.243337882871,103
2024-09-19 15:02:24.518,420.2131147048652,998
2024-09-19 15:02:24.739,420.2445262581446,99
2024-09-19 15:02:24.833,416.63322525215466,104
2024-09-19 15:02:25.088,420.1381120576176,995
2024-09-19 15:02:25.145,420.1382002378373,99
2024-09-19 15:02:25.167,420.16346906222753,99
2024-09-19 15:02:25.209,420.1120118259578,997
2024-09-19 15:02:25.257,420.21606882834334,997
2024-09-19 15:02:25.522,420.1772532448859,15
2024-09-19 15:02:25.533,420.1367934240026,101
2024-09-19 15:02:25.584,420.1497765344934,101
2024-09-19 15:02:25.602,420.1362452440503,105
2024-09-19 15:02:25.650,420.17627803210456,99
2024-09-19 15:02:25.679,420.1978834307875,996
2024-09-19 15:02:25.794,420.1464707221078,97
2024-09-19 15:02:25.809,420.2086128916895,1002
2024-09-19 15:02:25.871,420.12214872567176,14
2024-09-19 15:02:25.896,420.1412786353219,105
2024-09-19 15:02:25.971,420.2068827138928,996
2024-09-19 15:02:25.997,420.09785566268175,13
2024-09-19 15:02:26.023,420.1312305015524,95
2024-09-19 15:02:26.070,420.1160498434923,105
2024-09-19 15:02:26.116,420.0911093607111,999
2024-09-19 15:02:26.168,420.10441824221937,103
2024-09-19 15:02:26.446,420.122443899663,95
2024-09-19 15:02:26.573,420.1444190773362,8
2024-09-19 15:02:26.580,420.1164553716961,5
2024-09-19 15:02:26.658,420.1220834340861,1001
2024-09-19 15:02:26.707,420.130305370712,99
2024-09-19 15:02:26.798,42.01113116301785,7
2024-09-19 15:02:27.021,420.1743600663511,99
2024-09-19 15:02:27.057,420.1797114377623,103
2024-09-19 15:02:27.076,420.166599632054,96
2024-09-19 15:02:27.136,420.1667471551333,95
2024-09-19 15:02:27.152,420.1546636747464,105
2024-09-19 15:02:27.156,420.14682494366286,11
2024-09-19 15:02:27.195,42.01358284329308,7
2024-09-19 15:02:27.235,420.1337060756345,15
2024-09-19 15:02:27.369,420.1713625022912,996
2024-09-19 15:02:27.398,420.17405815624727,10
2024-09-19 15:02:27.421,420.1519388662458,1003
2024-09-19 15:02:27.540,420.1632857647232,103
2024-09-19 15:02:27.573,420.17197676690336,996
2024-09-19 15:02:27.587,-420.1582154720877,10
2024-09-19 15:02:27.629,420.1596039972425,96
2024-09-19 15:02:27.633,420.1781025797424,7
2024-09-19 15:02:27.705,420.1724160627998,5
2024-09-19 15:02:27.742,420.1598330437856,104
2024-09-19 15:02:27.799,420.1641302310813,999
2024-09-19 15:02:27.837,420.13920611604925,105
2024-09-19 15:02:27.890,420.1630292673036,105
2024-09-19 15:02:27.922,420.1807834759312,14
2024-09-19 15:02:27.924,420.18512059072486,1002
2024-09-19 15:02:27.935,420.1732854131207,996
2024-09-19 15:02:27.958,420.1688454149765,105
2024-09-19 15:02:28.093,420.1683051911986,9
2024-09-19 15:02:28.221,420.1868785637922,13
2024-09-19 15:02:28.225,420.1766341280498,95
2024-09-19 15:02:28.252,420.190222271479,999
2024-09-19 15:02:28.314,420.1834259234024,999
2024-09-19 15:02:28.540,420.1956859393242,6
2024-09-19 15:02:28.574,420.2049667536217,95
2024-09-19 15:02:28.608,420.1920887285832,98
2024-09-19 15:02:28.654,420.1909071244971,97
2024-09-19 15:02:28.654,420.17539024001576,1001
2024-09-19 15:02:28.741,420.1732973104883,9
2024-09-19 15:02:28.783,420.1657843242373,1003
2024-09-19 15:02:28.858,420.1545061856739,6
2024-09-19 15:02:28.864,420.1851543621708,13
2024-09-19 15:02:28.961,420.1687382011366,1002
2024-09-19 15:02:29.000,420.1530543669869,1003
2024-09-19 15:02:29.056,420.1328932005568,1005
2024-09-19 15:02:29.074,420.1422517926096,12
2024-09-19 15:02:29.183,420.1830143107865,998
2024-09-19 15:02:29.213,420.1592201006709,99
2024-09-19 15:02:29.227,420.18897169066577,15
2024-09-19 15:02:29.277,420.1693557902395,999
2024-09-19 15:02:29.322,420.1858099389231,7
2024-09-19 15:02:29.325,420.1546572460261,7
2024-09-19 15:02:29.387,420.1228695062774,998
2024-09-19 15:02:29.388,420.14552400125336,103
2024-09-19 15:02:29.399,420.18277627135245,97
2024-09-19 15:02:29.547,420.1838849239877,1000
2024-09-19 15:02:29.571,420.1895550544966,1000
2024-09-19 15:02:29.612,420.12635676868734,11
2024-09-19 15:02:29.750,420.16658628011743,98
2024-09-19 15:02:29.773,420.1686509708704,11
2024-09-19 15:02:29.830,420.1633221700181,8
2024-09-19 15:02:29.879,420.1750816895976,8
2024-09-19 15:02:29.987,420.176667114275,8
2024-09-19 15:02:30.237,420.13903804255534,15
2024-09-19 15:02:30.521,420.1288057149574,98
2024-09-19 15:02:30.645,420.1460624649848,12
2024-09-19 15:02:30.668,420.1496263970084,105
2024-09-19 15:02:30.956,420.16288769903366,1005
2024-09-19 15:02:31.007,420.09101921388304,998
2024-09-19 15:02:31.117,420.1319338767826,12
2024-09-19 15:02:31.468,420.089786018889,1003
2024-09-19 15:02:31.647,420.1081142105318,1003
2024-09-19 15:02:31.665,420.1599283104572,996
2024-09-19 15:02:31.666,420.0789395416696,8
2024-09-19 15:02:31.764,420.1097119719608,999
2024-09-19 15:02:31.790,420.1188775380976,1002
2024-09-19 15:02:31.865,420.1086048952495,9
2024-09-19 15:02:31.908,420.146661364588,13
2024-09-19 15:02:31.959,420.1050363593132,1004
2024-09-19 15:02:32.011,420.09239345855536,104
2024-09-19 15:02:32.266,420.0953484862202,8
2024-09-19 15:02:32.366,420.0940799326766,998
2024-09-19 15:02:32.508,420.0770877324782,1004
2024-09-19 15:02:32.559,420.0915116369835,9
2024-09-19 15:02:32.660,420.08229088635744,103
2024-09-19 15:02:33.088,420.0881641139614,6
2024-09-19 15:02:33.126,420.0486965831395,10
2024-09-19 15:02:33.191,420.0629802780931,1000
2024-09-19 15:02:33.547,420.0745648540175,6
2024-09-19 15:02:33.612,420.083330273065,8
2024-09-19 15:02:33.652,420.0665168475141,7
2024-09-19 15:02:33.756,420.0700374238074,996
2024-09-19 15:02:33.828,420.0883252896023,6
2024-09-19 15:02:33.996,420.0788859619609,1001
2024-09-19 15:02:34.116,420.01430906781394,96
2024-09-19 15:02:34.158,420.0099572749471,100
2024-09-19 15:02:34.230,420.0434852207295,997
2024-09-19 15:02:34.252,420.0039445464244,99
2024-09-19 15:02:34.418,420.0400609487634,9
2024-09-19 15:02:34.472,420.0323548524081,7
2024-09-19 15:02:34.585,420.0088930692049,1000
2024-09-19 15:02:34.592,420.0202965849919,1000
2024-09-19 15:02:34.619,420.0165916643466,98
2024-09-19 15:02:34.695,420.0364657653603,5
2024-09-19 15:02:34.745,420.0168772942949,103
2024-09-19 15:02:34.804,420.00206339170313,15
2024-09-19 15:02:34.831,420.0599275198655,999
2024-09-19 15:02:34.858,420.06117758966127,1003
2024-09-19 15:02:34.874,420.012002444268,6
2024-09-19 15:02:34.884,420.0447764173393,12
2024-09-19 15:02:34.995,420.0627088621295,15
2024-09-19 15:02:35.135,419.99650708550354,5
2024-09-19 15:02:35.520,419.9835283574466,95
2024-09-19 15:02:35.553,419.9676333242217,97
2024-09-19 15:02:35.712,419.9518597651369,995
2024-09-19 15:02:35.882,419.9579417592296,5
2024-09-19 15:02:36.020,419.9322100479233,11
2024-09-19 15:02:36.021,419.95433727904015,1002
2024-09-19 15:02:36.067,419.937668439236,95
2024-09-19 15:02:36.217,419.9526484561834,105
2024-09-19 15:02:36.233,419.9856065884975,997
2024-09-19 15:02:36.255,41.99366686837332,104
2024-09-19 15:02:36.271,419.93185690667536,6
2024-09-19 15:02:36.313,419.9178346530901,96
2024-09-19 15:02:36.391,419.9616665455023,10
2024-09-19 15:02:36.428,419.9093039012048,1001
2024-09-19 15:02:36.429,419.9746907136967,12
2024-09-19 15:02:36.454,419.9694441131501,997
2024-09-19 15:02:36.465,419.9446283667058,1000
2024-09-19 15:02:36.494,419.98018953459245,102
2024-09-19 15:02:36.529,419.9637961300609,1003
2024-09-19 15:02:36.531,419.9595386564847,14
2024-09-19 15:02:36.586,419.9244674593928,11
2024-09-19 15:02:36.592,419.9625708787565,1004
2024-09-19 15:02:36.643,419.9641016204635,1000
2024-09-19 15:02:36.653,419.9781205239573,1002
2024-09-19 15:02:36.656,419.95818360263127,102
2024-09-19 15:02:36.666,419.9596442198065,100
2024-09-19 15:02:36.667,419.9567450678739,104
2024-09-19 15:02:36.705,419.96698537182937,15
2024-09-19 15:02:36.718,419.9227271508643,12
2024-09-19 15:02:36.742,419.9524759019185,998
2024-09-19 15:02:36.758,419.91704475138033,1000
2024-09-19 15:02:36.939,419.96268416608245,7
2024-09-19 15:02:36.944,419.9592934206035,98
2024-09-19 15:02:36.978,419.9786676923131,1005
2024-09-19 15:02:37.160,419.9461551495767,996
2024-09-19 15:02:37.218,419.94150208460974,998
2024-09-19 15:02:37.317,419.95141044542856,100
2024-09-19 15:02:37.442,419.9500884715373,1002
2024-09-19 15:02:37.496,419.9380486932519,102
2024-09-19 15:02:37.577,419.9508279890674,6
2024-09-19 15:02:37.796,419.950967914701,7
2024-09-19 15:02:37.800,419.9540891252294,1005
2024-09-19 15:02:37.801,419.9419660145711,14
2024-09-19 15:02:37.880,419.94547993740304,103
2024-09-19 15:02:37.966,419.9630446005785,995
2024-09-19 15:02:38.028,419.9996704123018,96
2024-09-19 15:02:38.073,419.9445369208029,6
2024-09-19 15:02:38.093,420.0027091455004,996
2024-09-19 15:02:38.149,419.9887824326669,11
2024-09-19 15:02:38.188,420.02009477529225,103
2024-09-19 15:02:38.247,419.9681538909647,101
2024-09-19 15:02:38.323,419.9909486829525,101
2024-09-19 15:02:38.341,419.999171972577,8
2024-09-19 15:02:38.381,419.9885814611413,1000
2024-09-19 15:02:38.407,419.9885700063827,100
2024-09-19 15:02:38.469,419.99585400605486,15
2024-09-19 15:02:38.505,419.9990028661816,101
2024-09-19 15:02:38.544,419.9764583938745,1001
2024-09-19 15:02:38.608,419.9872943173759,98
2024-09-19 15:02:38.611,419.9860953261063,1003
2024-09-19 15:02:38.670,419.9406058281919,99
2024-09-19 15:02:38.681,419.992689174648,11
2024-09-19 15:02:38.710,419.97561147833005,1000
2024-09-19 15:02:38.756,420.0090885368803,995
2024-09-19 15:02:38.767,419.9795166657716,97
2024-09-19 15:02:38.785,419.9920584344538,997
2024-09-19 15:02:38.888,419.9621166206014,100
2024-09-19 15:02:38.997,419.9733757698198,996
2024-09-19 15:02:39.099,419.9509521678395,11
2024-09-19 15:02:39.110,419.9505678841729,5
2024-09-19 15:02:39.119,419.9934270551482,12
2024-09-19 15:02:39.172,416.7036890158325,105
2024-09-19 15:02:39.193,419.9929807267131,1001
2024-09-19 15:02:39.197,419.9886887911434,105
2024-09-19 15:02:39.216,419.9998153835541,97
2024-09-19 15:02:39.263,419.9323371468682,104
2024-09-19 15:02:39.269,419.9954175362326,95
2024-09-19 15:02:39.293,419.9836941557427,10
2024-09-19 15:02:39.298,419.9239228357588,99
2024-09-19 15:02:39.369,419.9124530493348,1002
2024-09-19 15:02:39.386,419.9288380602708,8
2024-09-19 15:02:39.472,419.9081752926094,101
2024-09-19 15:02:39.539,419.9407422416264,995
2024-09-19 15:02:39.623,419.91459986174726,13
2024-09-19 15:02:39.676,419.9816616461642,995
2024-09-19 15:02:39.694,419.9432876499125,13
2024-09-19 15:02:39.713,419.9199334101704,1004
2024-09-19 15:02:39.768,419.9820042482924,1004
2024-09-19 15:02:39.786,419.9839293917593,996
2024-09-19 15:02:39.930,419.9252635064264,95
2024-09-19 15:02:40.115,419.9197944687701,98
2024-09-19 15:02:40.925,416.6705667847111,12
2024-09-19 15:02:40.994,419.906742136584,1000
2024-09-19 15:02:41.053,419.88268979893286,98
2024-09-19 15:02:41.135,419.9179651749908,1003
2024-09-19 15:02:41.151,419.9240201899597,13
2024-09-19 15:02:41.199,419.9162599910832,1000
2024-09-19 15:02:41.208,419.9261162990516,105
2024-09-19 15:02:41.283,419.9064916655197,1000
2024-09-19 15:02:41.288,419.9149209504026,5
2024-09-19 15:02:41.371,419.9224798880504,999
2024-09-19 15:02:41.375,419.9165350519745,15
2024-09-19 15:02:41.380,419.8886947924676,1001
2024-09-19 15:02:41.414,419.9050496730609,8
2024-09-19 15:02:41.556,419.89190630520943,99
2024-09-19 15:02:41.581,419.9218918504126,999
2024-09-19 15:02:41.613,419.9082720781472,12
2024-09-19 15:02:41.729,419.8607033435395,997
2024-09-19 15:02:41.896,419.8599954718308,8
2024-09-19 15:02:41.935,419.9087315649514,102
2024-09-19 15:02:41.976,419.91575586601874,98
2024-09-19 15:02:42.110,419.87992748158194,7
2024-09-19 15:02:42.124,419.9060053998248,9
2024-09-19 15:02:42.128,419.893753677304,8
2024-09-19 15:02:42.293,419.9325954881003,96
2024-09-19 15:02:42.423,419.9084788475831,10
2024-09-19 15:02:42.593,419.8722455564616,5
2024-09-19 15:02:42.624,419.9162204733633,10
2024-09-19 15:02:42.639,419.9319792153935,8
2024-09-19 15:02:42.710,419.95790224004935,104
2024-09-19 15:02:42.885,419.8717292678105,100
2024-09-19 15:02:43.154,419.9889482474824,998
2024-09-19 15:02:43.233,419.9950877204951,9
2024-09-19 15:02:43.248,420.0099258477976,99
2024-09-19 15:02:43.322,419.9725812750098,96
2024-09-19 15:02:43.356,420.0097473304027,95
2024-09-19 15:02:43.435,420.0210114748977,102
2024-09-19 15:02:43.451,420.039066207092,12
2024-09-19 15:02:43.453,419.9963595330118,999
2024-09-19 15:02:43.489,420.0041036612318,102
2024-09-19 15:02:43.490,420.0331031768111,1000
2024-09-19 15:02:43.548,420.0151461467804,104
2024-09-19 15:02:43.554,419.97020417886745,9
2024-09-19 15:02:43.592,419.9806202735974,8
2024-09-19 15:02:43.596,420.0321797679883,1001
2024-09-19 15:02:43.600,420.0090992753768,10
2024-09-19 15:02:43.642,420.04659008293066,1003
2024-09-19 15:02:43.668,420.04993842827,99
2024-09-19 15:02:43.729,420.0550197757817,10
2024-09-19 15:02:43.789,420.0252912788153,999
2024-09-19 15:02:43.846,419.9898988994358,12
2024-09-19 15:02:43.873,419.9821447116213,12
2024-09-19 15:02:43.939,,6
2024-09-19 15:02:44.129,420.05164873111113,1005
2024-09-19 15:02:45.001,42.00269427183023,1004
2024-09-19 15:02:45.915,420.0412043684448,98
2024-09-19 15:02:46.053,420.0462874786651,8
2024-09-19 15:02:46.065,420.0544024717912,96
2024-09-19 15:02:46.071,420.04148179350136,13
2024-09-19 15:02:46.132,420.0471065329974,7
2024-09-19 15:02:46.225,420.0487028413667,13
2024-09-19 15:02:46.237,420.0422055982903,5
2024-09-19 15:02:46.243,420.0486067079572,998
2024-09-19 15:02:46.327,420.0407250778013,996
2024-09-19 15:02:46.514,420.0425567399011,102
2024-09-19 15:02:46.518,420.04232761063656,999
2024-09-19 15:02:46.559,420.03782995421625,11
2024-09-19 15:02:46.561,420.032343502521,996
2024-09-19 15:02:46.632,420.042363785445,97
2024-09-19 15:02:46.663,420.0352998519218,8
2024-09-19 15:02:46.670,420.0428695358154,9
2024-09-19 15:02:46.684,420.0373867003137,6
2024-09-19 15:02:46.723,420.0537542782034,7
2024-09-19 15:02:46.748,420.0388357427509,1002
2024-09-19 15:02:46.868,420.04248521430895,995
2024-09-19 15:02:46.882,420.0558051522384,1001
2024-09-19 15:02:46.912,420.033677719625,998
2024-09-19 15:02:46.998,420.0301875663416,1001
2024-09-19 15:02:47.082,420.0377295775046,1003
2024-09-19 15:02:47.137,420.0873901709596,9
2024-09-19 15:02:47.185,420.0207936963577,12
2024-09-19 15:02:47.210,420.0177779231582,98
2024-09-19 15:02:47.221,420.0208395961899,103
2024-09-19 15:02:47.249,420.0445031350984,1004
2024-09-19 15:02:47.256,419.9995210691665,12
2024-09-19 15:02:47.340,419.98711487628776,14
2024-09-19 15:02:47.351,420.076848340843,99
2024-09-19 15:02:47.369,420.0064140931142,5
2024-09-19 15:02:47.415,420.0155087638096,1005
2024-09-19 15:02:47.415,,15
2024-09-19 15:02:47.419,420.0768919321848,1000
2024-09-19 15:02:47.447,420.0162383671447,1003
2024-09-19 15:02:47.559,420.0484899474591,1003
2024-09-19 15:02:47.594,420.0251513016482,105
2024-09-19 15:02:47.606,420.0063327357248,997
2024-09-19 15:02:47.612,420.003355491936,8
2024-09-19 15:02:47.657,420.0113195425108,997
2024-09-19 15:02:47.698,420.04761610077577,1001
2024-09-19 15:02:47.888,420.0346548240464,14
2024-09-19 15:02:47.916,420.0030801144162,6
2024-09-19 15:02:47.922,420.0326802548463,6
2024-09-19 15:02:47.963,419.99833955112655,1005
2024-09-19 15:02:48.002,420.038788950612,14
2024-09-19 15:02:48.045,420.0733102326781,1005
2024-09-19 15:02:48.045,420.0593040048111,5
2024-09-19 15:02:48.165,420.0635924338884,100
2024-09-19 15:02:48.396,420.0523510855924,105
2024-09-19 15:02:48.408,420.06348678716216,1001
2024-09-19 15:02:48.522,420.0700755314946,103
2024-09-19 15:02:48.536,420.03308957629775,97
2024-09-19 15:02:48.720,420.06354648324174,996
2024-09-19 15:02:48.750,420.0563960995444,95
2024-09-19 15:02:48.753,420.0656615908582,995
2024-09-19 15:02:48.801,420.0545741317311,998
2024-09-19 15:02:48.859,420.0595328019357,997
2024-09-19 15:02:48.946,420.048405812715,99
2024-09-19 15:02:48.974,420.0551722978755,11
2024-09-19 15:02:49.065,420.0711471555927,98
2024-09-19 15:02:49.149,420.0753971602907,1005
2024-09-19 15:02:49.881,420.0706662250079,1003
2024-09-19 15:02:49.919,420.0564532478784,1001
2024-09-19 15:02:50.016,420.0156506494861,995
2024-09-19 15:02:50.065,420.0198392075039,1003
2024-09-19 15:02:50.091,420.0409481419903,1000
2024-09-19 15:02:50.119,416.5906445694083,15
2024-09-19 15:02:50.131,420.061567256668,14
2024-09-19 15:02:50.150,420.0642994389387,5
2024-09-19 15:02:50.162,420.0186190969405,102
2024-09-19 15:02:50.212,420.03545445967416,1002
2024-09-19 15:02:50.215,,9
2024-09-19 15:02:50.224,420.0085516910048,101
2024-09-19 15:02:50.262,420.0304035418736,103
2024-09-19 15:02:50.484,420.05414397787575,998
2024-09-19 15:02:50.501,420.0476477139274,1000
2024-09-19 15:02:50.531,420.0551440451115,1005
2024-09-19 15:02:50.539,420.0360846992468,102
2024-09-19 15:02:50.551,420.0723002228222,101
2024-09-19 15:02:50.561,420.0249131321605,996
2024-09-19 15:02:50.596,420.0000602097902,103
2024-09-19 15:02:50.606,420.0290023174716,96
2024-09-19 15:02:50.653,420.0242251686124,102
2024-09-19 15:02:50.706,416.6505186958425,998
2024-09-19 15:02:50.790,420.0550814041051,11
2024-09-19 15:02:50.815,420.0086958955231,104
2024-09-19 15:02:50.828,420.0501697492503,998
2024-09-19 15:02:50.840,420.0632108138124,95
2024-09-19 15:02:50.870,420.0526245776955,103
2024-09-19 15:02:50.913,420.02449301319183,95
2024-09-19 15:02:50.923,420.0500761872621,10
2024-09-19 15:02:50.929,420.0232676240837,8
2024-09-19 15:02:50.966,420.0199901884438,7
2024-09-19 15:02:51.460,420.0389034994064,14
2024-09-19 15:02:52.103,,13
2024-09-19 15:02:52.136,420.00383864156464,99
2024-09-19 15:02:52.241,420.02422439877967,11
2024-09-19 15:02:52.314,419.9935531160538,7
2024-09-19 15:02:52.380,420.0067361408304,104
2024-09-19 15:02:52.457,420.0285489161296,104
2024-09-19 15:02:52.475,420.01946432310274,1005
2024-09-19 15:02:52.512,420.0274661775885,1005
2024-09-19 15:02:52.628,420.0296061809904,97
2024-09-19 15:02:52.636,41.99947133091254,995
2024-09-19 15:02:52.780,420.0134783021935,12
2024-09-19 15:02:53.219,419.9859709596196,13
2024-09-19 15:02:53.646,-419.99722921893766,95
2024-09-19 15:02:53.826,419.9948957261771,6
2024-09-19 15:02:53.968,420.0063372725117,997
2024-09-19 15:02:54.002,419.9661966585589,5
2024-09-19 15:02:54.074,416.6848254666706,103
2024-09-19 15:02:54.085,420.01302796419895,8
2024-09-19 15:02:54.358,420.01059965579446,10
2024-09-19 15:02:54.377,420.0155627021505,102
2024-09-19 15:02:54.392,419.9487272719679,99
2024-09-19 15:02:54.472,419.9178290082215,13
2024-09-19 15:02:54.475,420.0119852568647,97
2024-09-19 15:02:54.478,420.01754736622746,100
2024-09-19 15:02:54.502,420.0049657296013,5
2024-09-19 15:02:54.527,419.963949388599,7
2024-09-19 15:02:54.530,420.0095974823042,13
2024-09-19 15:02:54.548,419.9765840867745,8
2024-09-19 15:02:54.588,420.0071113266797,12
2024-09-19 15:02:54.645,419.93312893186953,98
2024-09-19 15:02:54.646,,995
2024-09-19 15:02:54.680,419.9267729659073,12
2024-09-19 15:02:54.692,419.9892700481157,98
2024-09-19 15:02:54.696,419.99702888622056,999
2024-09-19 15:02:54.699,419.9958628030076,1003
2024-09-19 15:02:54.719,420.0109757229714,105
2024-09-19 15:02:54.735,420.0098274590915,6
2024-09-19 15:02:54.771,420.0019269516301,13
2024-09-19 15:02:54.787,419.9408792497968,5
2024-09-19 15:02:54.881,419.93560768432405,998
2024-09-19 15:02:54.914,420.00774523603593,997
2024-09-19 15:02:54.968,419.9370253432636,13
2024-09-19 15:02:54.984,420.0250518276779,12
2024-09-19 15:02:54.989,420.0099749833551,997
2024-09-19 15:02:55.001,419.9597330367596,95
2024-09-19 15:02:55.180,419.9461904489762,998
2024-09-19 15:02:55.303,419.9514532011236,102
2024-09-19 15:02:55.362,419.96500256265455,97
2024-09-19 15:02:55.446,419.9534770352293,1005
2024-09-19 15:02:55.480,419.9523540731434,1005
2024-09-19 15:02:55.734,419.9591412622588,999
2024-09-19 15:02:55.746,419.9686139475209,999
2024-09-19 15:02:55.761,419.9290472265798,12
2024-09-19 15:02:55.872,419.9438407597148,1001
2024-09-19 15:02:55.961,419.94268192535577,5
2024-09-19 15:02:56.059,419.958394209843,7
2024-09-19 15:02:56.070,419.9533418332251,999
2024-09-19 15:02:56.088,419.9714675145688,102
2024-09-19 15:02:56.183,419.9382035255857,98
2024-09-19 15:02:56.185,419.96600470536623,14
2024-09-19 15:02:56.197,419.9891906907944,997
2024-09-19 15:02:56.212,419.9682401114307,95
2024-09-19 15:02:56.222,419.9826212253769,10
2024-09-19 15:02:56.320,419.974817316094,999
2024-09-19 15:02:56.392,419.95243389022806,95
2024-09-19 15:02:56.393,419.9258674256277,103
2024-09-19 15:02:56.413,419.9180426590393,99
2024-09-19 15:02:56.477,419.96070540493486,101
2024-09-19 15:02:56.523,419.93320782561113,97
2024-09-19 15:02:56.523,419.9746496822616,14
2024-09-19 15:02:56.549,419.9633393917683,105
2024-09-19 15:02:56.577,416.7603449979847,13
2024-09-19 15:02:56.583,419.95969650311656,997
2024-09-19 15:02:56.654,419.9264535350055,997
2024-09-19 15:02:56.766,419.9407572088573,101
2024-09-19 15:02:56.847,419.97538953974646,7
2024-09-19 15:02:56.996,419.9430363710549,997
2024-09-19 15:02:57.011,420.04097644202943,101
2024-09-19 15:02:57.013,419.98398877702266,8
2024-09-19 15:02:57.041,419.9678582005617,13
2024-09-19 15:02:57.183,419.9877689296257,11
2024-09-19 15:02:57.186,419.9856198458238,11
2024-09-19 15:02:57.202,419.9883959490092,9
2024-09-19 15:02:57.244,420.0015289282048,1001
2024-09-19 15:02:57.252,420.02821625374,14
2024-09-19 15:02:57.351,420.0759865659947,12
2024-09-19 15:02:57.427,419.97063320710265,1001
2024-09-19 15:02:57.446,420.049405170719,5
2024-09-19 15:02:57.598,419.9744323861456,10
2024-09-19 15:02:57.612,420.0664754003949,104
2024-09-19 15:02:57.647,419.9755858842356,97
2024-09-19 15:02:57.673,419.975153117543,102
2024-09-19 15:02:57.685,419.9938846230783,1004
2024-09-19 15:02:57.694,420.0165787316906,15
2024-09-19 15:02:57.718,419.971594000604,11
2024-09-19 15:02:57.746,419.99422683098527,104
2024-09-19 15:02:57.780,419.992208158135,12
2024-09-19 15:02:57.814,420.0606052098826,999
2024-09-19 15:02:57.902,41.99890801885581,995
2024-09-19 15:02:57.960,420.0144895214988,14
2024-09-19 15:02:58.195,420.0657129275735,996
2024-09-19 15:02:58.319,420.0619459570146,95
2024-09-19 15:02:58.358,420.06648950096,996
2024-09-19 15:02:58.384,420.0608079794654,96
2024-09-19 15:02:58.403,420.071743376954,99
2024-09-19 15:02:58.781,420.06611788859,95
2024-09-19 15:02:59.202,420.0392912533569,97
2024-09-19 15:02:59.217,420.0611420849445,997
2024-09-19 15:02:59.225,420.1339337497848,997
2024-09-19 15:02:59.228,420.05506624140753,5
2024-09-19 15:02:59.255,-420.0827839060413,7
2024-09-19 15:02:59.266,420.0539294041914,996
2024-09-19 15:02:59.290,420.1115690079515,998
2024-09-19 15:02:59.319,420.14476768882986,99
2024-09-19 15:02:59.322,420.1210535322678,104
2024-09-19 15:02:59.376,420.040338031265,104
2024-09-19 15:02:59.420,42.004713302413066,97
2024-09-19 15:02:59.590,420.16404729430855,1004
2024-09-19 15:02:59.623,420.1376282473368,998
2024-09-19 15:02:59.628,420.0950942587779,98
2024-09-19 15:02:59.692,420.0622568164344,995
2024-09-19 15:02:59.818,420.0648469826313,996
2024-09-19 15:02:59.917,420.0563367276189,12
2024-09-19 15:02:59.930,420.1587277109969,12
2024-09-19 15:02:59.933,420.1217736180752,995
2024-09-19 15:02:59.983,420.1105133233575,1004
