Timestamp,Price,Size
2024-09-20 13:08:00.145,426.7989721411388,1001
2024-09-20 13:08:00.183,426.8167031511798,1004
2024-09-20 13:08:00.308,426.8162160340135,1003
2024-09-20 13:08:00.314,426.8308403713653,102
2024-09-20 13:08:00.329,426.7939809247133,1005
2024-09-20 13:08:00.441,426.8380089937396,9
2024-09-20 13:08:00.458,426.810919464491,97
2024-09-20 13:08:00.489,426.79225440345175,104
2024-09-20 13:08:00.563,426.8398706932104,996
2024-09-20 13:08:00.581,426.7953298421997,1004
2024-09-20 13:08:00.635,426.7847276166334,12
2024-09-20 13:08:00.716,426.8157403205212,100
2024-09-20 13:08:00.854,426.8213288229957,997
2024-09-20 13:08:01.037,426.8266589084823,1005
2024-09-20 13:08:01.323,426.8785210184493,1000
2024-09-20 13:08:01.325,426.8334862336918,100
2024-09-20 13:08:01.334,426.8814586963426,105
2024-09-20 13:08:01.401,426.840141595678,15
2024-09-20 13:08:01.441,426.8244263187268,102
2024-09-20 13:08:01.704,426.8364515930636,97
2024-09-20 13:08:01.728,,102
2024-09-20 13:08:01.745,426.8447863888933,12
2024-09-20 13:08:01.832,426.8394673866577,95
2024-09-20 13:08:02.000,426.8670271243552,95
2024-09-20 13:08:02.201,426.9001613435437,95
2024-09-20 13:08:02.217,426.8927967035618,8
2024-09-20 13:08:02.250,426.86201748655833,999
2024-09-20 13:08:02.281,426.8864531001379,14
2024-09-20 13:08:02.328,426.8891967589599,1004
2024-09-20 13:08:02.440,426.8735259000933,1002
2024-09-20 13:08:02.508,426.8804799714981,104
2024-09-20 13:08:02.597,426.9169498362321,11
2024-09-20 13:08:02.623,426.84950903809096,5
2024-09-20 13:08:02.729,426.9183472641261,997
2024-09-20 13:08:02.758,426.8915733145724,8
2024-09-20 13:08:02.829,426.8989913694953,6
2024-09-20 13:08:02.862,426.9103507524784,999
2024-09-20 13:08:02.871,426.9020497194372,1004
2024-09-20 13:08:02.892,426.89104664307854,15
2024-09-20 13:08:02.905,426.8562383044956,995
2024-09-20 13:08:02.922,426.877385560989,6
2024-09-20 13:08:02.982,426.849841104461,95
2024-09-20 13:08:03.091,426.9553384542748,1005
2024-09-20 13:08:03.106,426.9634622587705,12
2024-09-20 13:08:03.196,426.90034438911033,105
2024-09-20 13:08:03.379,426.96357819264256,96
2024-09-20 13:08:03.462,426.8993843433142,102
2024-09-20 13:08:03.578,426.96025030077385,1001
2024-09-20 13:08:03.601,426.9278324064504,13
2024-09-20 13:08:03.633,426.9726965420863,6
2024-09-20 13:08:03.658,426.95907522434175,1000
2024-09-20 13:08:03.723,426.9064540365948,12
2024-09-20 13:08:03.735,426.96684931028807,998
2024-09-20 13:08:03.749,426.9011911858058,1005
2024-09-20 13:08:03.754,426.9485623067272,101
2024-09-20 13:08:03.803,426.9649641259987,999
2024-09-20 13:08:03.873,426.9019505669557,13
2024-09-20 13:08:03.918,426.9203459042009,15
2024-09-20 13:08:03.967,426.9239229647417,6
2024-09-20 13:08:03.990,426.9566635356529,99
2024-09-20 13:08:04.101,426.9707615359528,95
2024-09-20 13:08:04.168,427.0034953029539,97
2024-09-20 13:08:04.221,426.96935879929697,10
2024-09-20 13:08:04.233,426.9847349440439,995
2024-09-20 13:08:04.241,426.9689750095756,12
2024-09-20 13:08:04.292,426.9632620565943,97
2024-09-20 13:08:04.316,426.9719267467702,15
2024-09-20 13:08:04.327,426.9689664786263,95
2024-09-20 13:08:04.362,426.97413213669694,13
2024-09-20 13:08:04.427,426.9947676926224,100
2024-09-20 13:08:04.436,427.001504436556,103
2024-09-20 13:08:04.463,426.9863423423769,996
2024-09-20 13:08:04.588,426.9869619894628,98
2024-09-20 13:08:04.590,426.9755506464497,1004
2024-09-20 13:08:04.708,426.9901978888476,13
2024-09-20 13:08:04.735,426.9980070816287,10
2024-09-20 13:08:04.801,426.9895542547517,99
2024-09-20 13:08:04.804,426.9791232888617,1004
2024-09-20 13:08:04.869,427.0015559815725,15
2024-09-20 13:08:04.949,427.0188181991832,8
2024-09-20 13:08:04.954,426.9982024920944,1002
2024-09-20 13:08:04.963,427.0069424710585,7
2024-09-20 13:08:05.017,426.9603306350782,99
2024-09-20 13:08:05.130,426.9914319087532,5
2024-09-20 13:08:05.189,426.98886513795935,15
2024-09-20 13:08:05.266,426.9911715336377,13
2024-09-20 13:08:05.470,427.0173675609538,1004
2024-09-20 13:08:05.499,427.0042647018121,12
2024-09-20 13:08:05.516,426.9442911003391,6
2024-09-20 13:08:05.529,427.02671175458494,12
2024-09-20 13:08:05.586,427.0071007445619,5
2024-09-20 13:08:05.594,426.99466427667375,96
2024-09-20 13:08:05.615,427.00822044856665,996
2024-09-20 13:08:05.622,426.9884550374177,1000
2024-09-20 13:08:05.696,426.98559303533256,6
2024-09-20 13:08:05.739,427.0112437534398,999
2024-09-20 13:08:05.798,427.0071486724093,95
2024-09-20 13:08:05.851,427.0055598384344,97
2024-09-20 13:08:05.851,426.99277211745687,105
2024-09-20 13:08:05.869,426.9898533499129,100
2024-09-20 13:08:05.893,427.0056862427231,6
2024-09-20 13:08:05.899,427.00725483793457,999
2024-09-20 13:08:05.918,427.0274794612516,999
2024-09-20 13:08:05.932,427.00283584182586,98
2024-09-20 13:08:05.963,426.9965637851086,997
2024-09-20 13:08:05.991,426.9489955184419,1001
2024-09-20 13:08:06.316,42.69677771342234,11
2024-09-20 13:08:06.435,426.9878618993018,105
2024-09-20 13:08:06.511,426.9882466760512,5
2024-09-20 13:08:07.000,427.05873498869886,5
2024-09-20 13:08:07.004,427.0682264785729,7
2024-09-20 13:08:07.046,427.0013718901927,999
2024-09-20 13:08:07.056,427.0223055310034,998
2024-09-20 13:08:07.079,-427.0476931110966,11
2024-09-20 13:08:07.094,427.07267842876007,1000
2024-09-20 13:08:07.193,427.0903089527455,999
2024-09-20 13:08:07.212,427.0098950951004,12
2024-09-20 13:08:07.312,427.0228195830234,998
2024-09-20 13:08:07.339,427.0905192214365,999
2024-09-20 13:08:07.367,427.0325129194384,101
2024-09-20 13:08:07.434,427.0033661916737,105
2024-09-20 13:08:07.446,427.07455804256887,99
2024-09-20 13:08:07.451,426.9896926452553,99
2024-09-20 13:08:07.451,427.054098627276,1002
2024-09-20 13:08:07.516,427.07996670770456,998
2024-09-20 13:08:07.610,427.0333491289877,99
2024-09-20 13:08:07.850,427.03563826830543,10
2024-09-20 13:08:07.880,427.0704047615828,998
2024-09-20 13:08:07.935,427.0558097788252,103
2024-09-20 13:08:07.987,427.0284917794372,1005
2024-09-20 13:08:08.031,427.07590326550826,1004
2024-09-20 13:08:08.106,427.0885531594376,15
2024-09-20 13:08:08.235,427.0886346960196,1004
2024-09-20 13:08:08.337,427.05426610745707,95
2024-09-20 13:08:08.343,427.0686833876735,15
2024-09-20 13:08:08.398,427.0579079316644,1004
2024-09-20 13:08:08.485,427.0660497093551,95
2024-09-20 13:08:08.552,427.0519301129428,1005
2024-09-20 13:08:08.556,427.0428241454632,103
2024-09-20 13:08:08.648,427.1279790199986,1005
2024-09-20 13:08:08.652,427.0288334414134,10
2024-09-20 13:08:08.673,427.08580597711057,13
2024-09-20 13:08:08.833,427.1170649548922,103
2024-09-20 13:08:08.855,427.0815378477884,1004
2024-09-20 13:08:08.879,427.0832226956176,98
2024-09-20 13:08:08.905,427.0785792822,1005
2024-09-20 13:08:09.045,427.072844551532,999
2024-09-20 13:08:09.112,427.1072522388964,7
2024-09-20 13:08:09.129,427.0655050738828,999
2024-09-20 13:08:09.221,427.0051819944998,13
2024-09-20 13:08:09.367,427.04010256983264,998
2024-09-20 13:08:09.423,427.0831400113991,96
2024-09-20 13:08:09.425,427.0053628232102,995
2024-09-20 13:08:09.441,427.00702221098993,1004
2024-09-20 13:08:09.468,427.04800128865776,99
2024-09-20 13:08:09.496,427.066658679728,15
2024-09-20 13:08:09.566,427.0304835797312,1003
2024-09-20 13:08:09.577,427.08079005860407,96
2024-09-20 13:08:09.589,427.0468233082535,5
2024-09-20 13:08:09.714,426.988983885496,7
2024-09-20 13:08:09.723,42.70579170361174,1001
2024-09-20 13:08:09.737,427.00778273064174,1002
2024-09-20 13:08:10.171,426.9812381676431,5
2024-09-20 13:08:10.855,426.9881893253129,997
2024-09-20 13:08:11.051,426.9716372707406,97
2024-09-20 13:08:11.083,426.9852051423538,995
2024-09-20 13:08:11.184,427.00304338161055,5
2024-09-20 13:08:11.305,426.9908570405991,8
2024-09-20 13:08:11.397,426.9888492621685,5
2024-09-20 13:08:11.410,427.00393104844,1001
2024-09-20 13:08:11.422,427.0137436325125,7
2024-09-20 13:08:11.598,426.97010474353146,999
2024-09-20 13:08:11.705,426.9820058012665,99
2024-09-20 13:08:11.706,426.9477913831727,96
2024-09-20 13:08:11.790,426.948161654058,96
2024-09-20 13:08:11.868,427.00194702206215,5
2024-09-20 13:08:11.964,426.9941395032741,103
2024-09-20 13:08:12.060,426.9733293567066,102
2024-09-20 13:08:12.115,427.004872668817,1003
2024-09-20 13:08:12.124,426.9711746113755,8
2024-09-20 13:08:12.167,427.02561174536936,1002
2024-09-20 13:08:12.241,426.9982044565718,6
2024-09-20 13:08:12.282,427.004389671145,996
2024-09-20 13:08:12.291,426.9688533813025,997
2024-09-20 13:08:12.316,426.97122067206175,15
2024-09-20 13:08:12.338,427.0000493230463,1005
2024-09-20 13:08:12.375,427.0141516085848,97
2024-09-20 13:08:12.392,,104
2024-09-20 13:08:12.429,426.961621418857,102
2024-09-20 13:08:12.633,427.01103369751087,1001
2024-09-20 13:08:12.794,426.9651763631248,1000
2024-09-20 13:08:12.821,427.0351694053721,100
2024-09-20 13:08:12.892,426.9794135746926,103
2024-09-20 13:08:12.952,426.9844954620211,1001
2024-09-20 13:08:12.957,427.009824103253,1003
2024-09-20 13:08:12.986,426.9586760630209,1000
2024-09-20 13:08:12.988,426.9790743307314,997
2024-09-20 13:08:13.076,42.69922892082994,101
2024-09-20 13:08:13.246,426.98892748337687,1004
2024-09-20 13:08:13.671,426.9733395665663,15
2024-09-20 13:08:13.830,426.98280799700194,997
2024-09-20 13:08:13.974,426.9912667081919,9
2024-09-20 13:08:14.007,426.848843410292,6
2024-09-20 13:08:14.031,426.91578184096153,995
2024-09-20 13:08:14.036,426.9359701713379,995
2024-09-20 13:08:14.084,426.8531224592359,10
2024-09-20 13:08:14.099,426.87755313127633,1004
2024-09-20 13:08:14.137,426.9298856613209,10
2024-09-20 13:08:14.163,426.8882164483509,995
2024-09-20 13:08:14.174,426.91749770519465,104
2024-09-20 13:08:14.195,42.68522273998714,95
2024-09-20 13:08:14.247,426.9801959369491,12
2024-09-20 13:08:14.287,426.857161698152,995
2024-09-20 13:08:14.325,426.8353589379119,95
2024-09-20 13:08:14.374,426.8994190900968,99
2024-09-20 13:08:14.392,426.89782789930536,14
2024-09-20 13:08:14.411,426.92969100850416,6
2024-09-20 13:08:14.462,426.8440084090922,1003
2024-09-20 13:08:14.530,426.9883747710803,102
2024-09-20 13:08:14.552,42.68894543620858,9
2024-09-20 13:08:14.583,426.8312132638076,15
2024-09-20 13:08:14.595,426.9087847988065,12
2024-09-20 13:08:14.737,426.9899164428877,10
2024-09-20 13:08:14.923,426.8980240821162,1004
2024-09-20 13:08:14.955,426.97928285045975,12
2024-09-20 13:08:14.963,426.9097948345348,998
2024-09-20 13:08:15.029,426.8130401462526,10
2024-09-20 13:08:15.044,426.84639277610574,14
2024-09-20 13:08:15.096,426.743677134115,98
2024-09-20 13:08:15.122,426.8528495997315,10
2024-09-20 13:08:15.125,426.7276706829529,15
2024-09-20 13:08:15.158,426.8387224065973,10
2024-09-20 13:08:15.206,426.7777290290661,102
2024-09-20 13:08:15.220,426.7169135220936,9
2024-09-20 13:08:15.300,426.79891922137546,99
2024-09-20 13:08:15.324,426.8323548884712,1003
2024-09-20 13:08:15.411,426.787625072509,99
2024-09-20 13:08:15.456,426.72294718792665,103
2024-09-20 13:08:15.462,426.8298625889112,99
2024-09-20 13:08:15.479,426.8609533158114,103
2024-09-20 13:08:15.526,426.8426581778603,98
2024-09-20 13:08:15.536,426.8202764791008,1005
2024-09-20 13:08:15.590,426.8507731775621,5
2024-09-20 13:08:15.616,426.8127075955731,96
2024-09-20 13:08:15.616,426.8543308711591,995
2024-09-20 13:08:15.633,426.8540785707953,5
2024-09-20 13:08:15.670,426.8301687741328,5
2024-09-20 13:08:15.672,426.76938239191486,997
2024-09-20 13:08:15.769,426.82871059454106,99
2024-09-20 13:08:15.778,426.76069435847023,10
2024-09-20 13:08:15.845,426.83887322551584,96
2024-09-20 13:08:15.857,426.747045522372,1001
2024-09-20 13:08:15.889,426.7362754468311,11
2024-09-20 13:08:15.896,426.8400675142986,14
2024-09-20 13:08:15.988,426.8064530041848,997
2024-09-20 13:08:15.996,-426.7450660087832,1005
2024-09-20 13:08:16.047,426.73664470898274,1004
2024-09-20 13:08:16.109,426.7123042766452,99
2024-09-20 13:08:16.135,-426.67420652772176,97
2024-09-20 13:08:16.143,426.6879235707503,1000
2024-09-20 13:08:16.198,426.7281408258218,12
2024-09-20 13:08:16.215,426.73193838091504,1001
2024-09-20 13:08:16.243,426.7089172599975,996
2024-09-20 13:08:16.271,426.684457098317,104
2024-09-20 13:08:16.292,426.7412698872269,1001
2024-09-20 13:08:16.299,426.69213038830566,1003
2024-09-20 13:08:16.344,426.7242372763211,995
2024-09-20 13:08:16.375,426.7121473552459,97
2024-09-20 13:08:16.386,426.6908892771623,95
2024-09-20 13:08:16.398,426.6887025850283,12
2024-09-20 13:08:16.467,426.7145809973616,995
2024-09-20 13:08:16.476,426.6884331339506,14
2024-09-20 13:08:16.544,426.7018728573353,997
2024-09-20 13:08:16.575,426.7082420230786,1003
2024-09-20 13:08:16.812,426.6902650834555,1004
2024-09-20 13:08:16.821,426.70729714904985,99
2024-09-20 13:08:16.824,426.6866609466208,9
2024-09-20 13:08:16.831,42.67126168736635,5
2024-09-20 13:08:16.885,426.7065175328876,13
2024-09-20 13:08:16.982,426.71808321180464,11
2024-09-20 13:08:17.007,426.7435953287477,1001
2024-09-20 13:08:17.012,426.7373706667311,102
2024-09-20 13:08:17.097,426.7466497493296,999
2024-09-20 13:08:17.442,426.7317833083637,99
2024-09-20 13:08:17.557,426.7044743889796,997
2024-09-20 13:08:17.594,426.7042285843908,6
2024-09-20 13:08:17.717,426.692605577491,100
2024-09-20 13:08:17.736,426.75505258156,105
2024-09-20 13:08:17.948,426.7260722687656,6
2024-09-20 13:08:18.046,426.8042298651101,1000
2024-09-20 13:08:18.126,426.7683922384988,6
2024-09-20 13:08:18.127,426.7814440594064,5
2024-09-20 13:08:18.196,426.7602673049145,9
2024-09-20 13:08:18.197,426.7302525126689,96
2024-09-20 13:08:18.325,426.7902178762981,10
2024-09-20 13:08:18.331,426.7632452020488,11
2024-09-20 13:08:18.375,426.7947666529817,1003
2024-09-20 13:08:18.416,426.8018448532552,6
2024-09-20 13:08:18.419,426.7865334340788,13
2024-09-20 13:08:18.423,426.751075688042,95
2024-09-20 13:08:18.499,426.80235579308834,995
2024-09-20 13:08:18.505,426.8042279785507,1003
2024-09-20 13:08:18.521,426.7648238449195,101
2024-09-20 13:08:18.524,426.7795388650904,103
2024-09-20 13:08:18.528,426.78799409374005,102
2024-09-20 13:08:18.561,426.7467006557117,998
2024-09-20 13:08:18.581,426.801186634466,104
2024-09-20 13:08:18.621,426.7583955259292,5
2024-09-20 13:08:18.660,426.7807969685081,105
2024-09-20 13:08:18.753,426.7911818543755,8
2024-09-20 13:08:18.788,426.7533347535095,100
2024-09-20 13:08:18.815,426.7491789789589,1005
2024-09-20 13:08:18.905,426.7677620254324,6
2024-09-20 13:08:18.944,426.7593936352478,104
2024-09-20 13:08:18.990,426.7558875977223,98
2024-09-20 13:08:19.040,426.7350458022166,103
2024-09-20 13:08:19.276,426.7043260096804,997
2024-09-20 13:08:19.331,426.7347023700195,1000
2024-09-20 13:08:19.348,426.7044585382023,997
2024-09-20 13:08:19.395,426.70431138815854,104
2024-09-20 13:08:19.512,426.7385290145069,105
2024-09-20 13:08:19.608,426.754212611127,9
2024-09-20 13:08:19.612,426.7376083164796,11
2024-09-20 13:08:19.625,426.7641351802079,6
2024-09-20 13:08:19.630,426.7667810792123,11
2024-09-20 13:08:19.650,426.71319622264303,14
2024-09-20 13:08:19.744,426.7076502078375,95
2024-09-20 13:08:19.930,426.7753474441929,997
2024-09-20 13:08:19.953,426.73759585916713,1000
2024-09-20 13:08:19.963,426.71792175685016,1003
2024-09-20 13:08:19.988,426.7455797602428,1004
2024-09-20 13:08:20.022,426.7867860773515,98
2024-09-20 13:08:20.051,426.8081638770264,13
2024-09-20 13:08:20.059,426.8213779853083,998
2024-09-20 13:08:20.125,426.7573497019569,996
2024-09-20 13:08:20.154,426.7352964295382,5
2024-09-20 13:08:20.164,426.7749941827398,9
2024-09-20 13:08:20.186,426.8277633170629,8
2024-09-20 13:08:20.230,426.7771883658989,1004
2024-09-20 13:08:20.287,426.7528003941547,1003
2024-09-20 13:08:20.367,426.7671695471111,101
2024-09-20 13:08:20.427,426.721403059346,12
2024-09-20 13:08:20.536,426.709205135214,1003
2024-09-20 13:08:20.580,426.8266533806479,96
2024-09-20 13:08:20.584,426.7315876762245,100
2024-09-20 13:08:20.663,426.77373419229264,99
2024-09-20 13:08:20.676,426.7715961968772,6
2024-09-20 13:08:20.686,426.8287315506006,998
2024-09-20 13:08:20.728,426.78161387804175,999
2024-09-20 13:08:20.750,426.8287093171929,1005
2024-09-20 13:08:20.777,-426.7367469039987,6
2024-09-20 13:08:20.780,426.7617596942308,15
2024-09-20 13:08:20.837,426.7889106193298,11
2024-09-20 13:08:20.851,426.8272892747933,9
2024-09-20 13:08:20.868,426.76985190775,7
2024-09-20 13:08:20.873,426.7679569830174,6
2024-09-20 13:08:20.941,426.7368110735976,14
2024-09-20 13:08:20.976,426.7905737187756,104
2024-09-20 13:08:20.999,426.7383859308316,104
2024-09-20 13:08:21.859,426.7586565066403,1001
2024-09-20 13:08:22.039,426.7289968475038,995
2024-09-20 13:08:22.151,426.7207543063019,1004
2024-09-20 13:08:22.216,426.6804736292234,9
2024-09-20 13:08:22.225,426.6902197931389,11
2024-09-20 13:08:22.270,426.6752568559127,103
2024-09-20 13:08:22.271,426.7458498419761,100
2024-09-20 13:08:22.277,426.7324638754863,105
2024-09-20 13:08:22.346,426.7089607047247,103
2024-09-20 13:08:22.351,426.756213635112,12
2024-09-20 13:08:22.352,426.6852001018406,103
2024-09-20 13:08:22.356,426.7340880808074,999
2024-09-20 13:08:22.398,426.7732359548041,998
2024-09-20 13:08:22.436,426.7331809200822,1000
2024-09-20 13:08:22.470,426.7003129456284,96
2024-09-20 13:08:22.476,426.76249867552,1001
2024-09-20 13:08:22.573,426.7264964702124,998
2024-09-20 13:08:22.615,426.7698115182045,102
2024-09-20 13:08:22.651,426.7172317327056,102
2024-09-20 13:08:22.670,426.7185059874106,99
2024-09-20 13:08:22.721,426.7022138892524,1002
2024-09-20 13:08:22.728,426.722169897081,996
2024-09-20 13:08:22.749,426.76610252296007,999
2024-09-20 13:08:22.780,426.7032710163924,1003
2024-09-20 13:08:22.782,426.6932108113171,95
2024-09-20 13:08:22.783,426.75586293748967,99
2024-09-20 13:08:22.800,426.7171084487055,13
2024-09-20 13:08:22.826,426.7216173680799,14
2024-09-20 13:08:22.847,426.7444723454861,996
2024-09-20 13:08:22.930,426.7261446571978,105
2024-09-20 13:08:23.003,426.83832348707006,13
2024-09-20 13:08:23.092,426.7612836112394,998
2024-09-20 13:08:23.098,426.7319231937383,1003
2024-09-20 13:08:23.135,426.86480718122175,1001
2024-09-20 13:08:23.161,426.8543447711874,12
2024-09-20 13:08:23.170,426.7780409048887,8
2024-09-20 13:08:23.190,426.8348876850495,97
2024-09-20 13:08:23.192,426.7347264290989,96
2024-09-20 13:08:23.243,426.8244734254836,97
2024-09-20 13:08:23.264,426.7463323267609,11
2024-09-20 13:08:23.294,426.8627453478846,14
2024-09-20 13:08:23.349,426.8041431573245,98
2024-09-20 13:08:23.645,426.75348688991465,12
2024-09-20 13:08:23.671,426.7416635433652,11
2024-09-20 13:08:23.675,426.8236627123005,11
2024-09-20 13:08:23.691,426.7433115422417,5
2024-09-20 13:08:23.734,426.8146009858892,6
2024-09-20 13:08:23.763,426.79607743213006,97
2024-09-20 13:08:23.764,426.74032867971,1000
2024-09-20 13:08:23.767,426.8891020120659,999
2024-09-20 13:08:23.785,426.88627835480185,6
2024-09-20 13:08:23.799,426.8955519377088,5
2024-09-20 13:08:23.816,426.84266396766986,1004
2024-09-20 13:08:23.879,426.81300519510006,997
2024-09-20 13:08:23.963,426.85970674250063,103
2024-09-20 13:08:24.053,426.8578282621168,10
2024-09-20 13:08:24.155,426.8671496623441,14
2024-09-20 13:08:24.241,426.8624384698008,15
2024-09-20 13:08:24.288,426.85705446179537,9
2024-09-20 13:08:24.295,426.8254754330768,996
2024-09-20 13:08:24.560,426.87981137892217,15
2024-09-20 13:08:24.562,426.8619035805038,1002
2024-09-20 13:08:24.622,426.8352223194751,95
2024-09-20 13:08:24.759,426.8735146900892,101
2024-09-20 13:08:24.940,426.86176159124886,11
2024-09-20 13:08:24.992,426.8533995539204,998
2024-09-20 13:08:25.054,426.86494896299456,12
2024-09-20 13:08:25.065,426.9408028365839,1000
2024-09-20 13:08:25.136,426.9163651041988,1000
2024-09-20 13:08:25.171,426.9456827390423,1000
2024-09-20 13:08:25.173,426.8221905915458,98
2024-09-20 13:08:25.223,426.9330897918653,1004
2024-09-20 13:08:25.232,426.95775466016863,96
2024-09-20 13:08:25.238,426.91249686589015,98
2024-09-20 13:08:25.278,426.920769392307,99
2024-09-20 13:08:25.341,426.8997480905133,101
2024-09-20 13:08:25.406,426.9567819458263,105
2024-09-20 13:08:25.437,426.9321596893896,999
2024-09-20 13:08:25.445,426.8843653056422,998
2024-09-20 13:08:25.510,426.9072674977755,101
2024-09-20 13:08:25.535,426.9179606348204,5
2024-09-20 13:08:25.560,426.9360118388133,1000
2024-09-20 13:08:25.569,426.9313304403475,996
2024-09-20 13:08:25.617,426.8965763182536,96
2024-09-20 13:08:25.662,426.9643265759685,9
2024-09-20 13:08:25.762,426.86072691298136,97
2024-09-20 13:08:25.829,426.85117056332473,1001
2024-09-20 13:08:25.892,426.8762968931901,104
2024-09-20 13:08:25.973,426.9178526389564,99
2024-09-20 13:08:26.017,426.9460129587361,12
2024-09-20 13:08:26.033,426.93287145812906,1003
2024-09-20 13:08:26.061,426.9010798597957,9
2024-09-20 13:08:26.134,426.8919133172315,100
2024-09-20 13:08:26.171,426.9106233905099,15
2024-09-20 13:08:26.184,426.95018888511794,996
2024-09-20 13:08:26.189,426.953903475732,14
2024-09-20 13:08:26.281,426.9526189795423,8
2024-09-20 13:08:26.323,426.9394433864388,9
2024-09-20 13:08:26.337,426.9302894803947,104
2024-09-20 13:08:26.415,426.9428788625308,102
2024-09-20 13:08:26.521,426.9675743927861,999
2024-09-20 13:08:26.540,426.963445639963,13
2024-09-20 13:08:26.609,426.9287171106388,999
2024-09-20 13:08:26.618,426.9564501518389,1005
2024-09-20 13:08:26.646,426.8992653069421,999
2024-09-20 13:08:26.799,426.9434123832397,997
2024-09-20 13:08:26.864,426.926601768547,99
2024-09-20 13:08:26.958,426.9051309262412,96
2024-09-20 13:08:27.032,426.9430197819171,1005
2024-09-20 13:08:27.046,426.9493979794645,15
2024-09-20 13:08:27.073,426.8986155451911,9
2024-09-20 13:08:27.154,426.9520270397487,99
2024-09-20 13:08:27.308,426.8812380444201,15
2024-09-20 13:08:27.376,426.9184928452767,997
2024-09-20 13:08:27.503,426.9403640467916,6
2024-09-20 13:08:27.650,426.91619456118406,996
2024-09-20 13:08:27.734,426.92870477059705,99
2024-09-20 13:08:27.764,426.9558874113929,13
2024-09-20 13:08:27.773,426.9534041173605,95
2024-09-20 13:08:27.790,426.90002223292345,100
2024-09-20 13:08:27.837,426.93802261065787,11
2024-09-20 13:08:27.861,426.95309319682383,103
2024-09-20 13:08:27.921,426.898165854824,104
2024-09-20 13:08:28.019,426.7343965439868,104
2024-09-20 13:08:28.019,426.7878237820879,96
2024-09-20 13:08:28.208,426.83302490473415,997
2024-09-20 13:08:28.216,426.7291037092508,995
2024-09-20 13:08:28.251,-426.7591776201825,15
2024-09-20 13:08:28.320,426.86104481777625,10
2024-09-20 13:08:28.353,426.8588924776665,8
2024-09-20 13:08:28.468,426.7421267314722,101
2024-09-20 13:08:28.490,426.8471854594857,96
2024-09-20 13:08:28.525,426.8519033597906,96
2024-09-20 13:08:28.679,426.8567005511897,998
2024-09-20 13:08:28.732,-426.8683354882096,99
2024-09-20 13:08:28.875,426.8704389228319,995
2024-09-20 13:08:28.925,426.8004848186491,96
2024-09-20 13:08:28.943,426.8527246915437,13
2024-09-20 13:08:29.061,426.7490360845881,96
2024-09-20 13:08:29.470,426.73551738139855,12
2024-09-20 13:08:30.029,426.7018689461545,97
2024-09-20 13:08:30.050,426.7771428401248,12
2024-09-20 13:08:30.081,426.7802094397889,998
2024-09-20 13:08:30.140,426.7546535876187,95
2024-09-20 13:08:30.150,426.75729307426775,103
2024-09-20 13:08:30.203,426.7041420610471,997
2024-09-20 13:08:30.343,426.7001327561916,12
2024-09-20 13:08:30.401,426.7713994936527,1001
2024-09-20 13:08:30.417,426.7738870804681,1005
2024-09-20 13:08:30.450,426.75782158173007,14
2024-09-20 13:08:30.470,426.7160753985402,98
2024-09-20 13:08:30.524,426.7716815119386,12
2024-09-20 13:08:30.540,426.76348191243926,998
2024-09-20 13:08:30.541,426.7070451673178,13
2024-09-20 13:08:30.556,426.7727417431025,1002
2024-09-20 13:08:30.612,426.7274887184312,15
2024-09-20 13:08:30.629,426.7701679412745,11
2024-09-20 13:08:30.639,426.7157053289824,1001
2024-09-20 13:08:30.658,426.7983698746282,97
2024-09-20 13:08:30.694,426.7714151977335,1000
2024-09-20 13:08:30.745,426.7330757793208,1001
2024-09-20 13:08:30.750,426.71414758263336,999
2024-09-20 13:08:30.769,426.7892547224002,12
2024-09-20 13:08:31.184,426.7717450189218,1002
2024-09-20 13:08:31.208,426.8564796431427,997
2024-09-20 13:08:31.304,426.8129797455131,1003
2024-09-20 13:08:31.346,426.8322081781501,7
2024-09-20 13:08:31.393,426.7942840550551,1002
2024-09-20 13:08:31.463,426.7812031956939,100
2024-09-20 13:08:31.478,426.8372170034007,1001
2024-09-20 13:08:31.492,426.84226062995,97
2024-09-20 13:08:31.626,426.81848059474174,1005
2024-09-20 13:08:31.641,426.8432549146597,996
2024-09-20 13:08:31.687,426.7807191085656,7
2024-09-20 13:08:31.721,426.7864603310937,6
2024-09-20 13:08:31.757,426.7912819605149,8
2024-09-20 13:08:31.798,426.7676879932464,8
2024-09-20 13:08:31.877,426.846670225735,996
2024-09-20 13:08:31.930,426.82740782517305,99
2024-09-20 13:08:31.978,426.8299868736773,104
2024-09-20 13:08:32.173,426.8441933483399,12
2024-09-20 13:08:32.437,426.8209082487494,105
2024-09-20 13:08:32.457,426.8141633925499,103
2024-09-20 13:08:32.599,426.8466943878023,95
2024-09-20 13:08:32.753,426.83899675919577,999
2024-09-20 13:08:32.760,426.81948023466816,11
2024-09-20 13:08:33.104,426.8350247449396,1001
2024-09-20 13:08:33.173,426.8236611615432,999
2024-09-20 13:08:33.196,426.84348366516286,5
2024-09-20 13:08:33.200,426.8434907195584,1005
2024-09-20 13:08:33.593,426.8403528237447,1003
2024-09-20 13:08:33.633,426.8438174990204,8
2024-09-20 13:08:33.690,426.8219690715579,101
2024-09-20 13:08:33.768,426.8196074303873,999
2024-09-20 13:08:33.886,426.84394530775984,1000
2024-09-20 13:08:34.238,426.8832858811578,12
2024-09-20 13:08:34.280,426.8538596655972,101
2024-09-20 13:08:34.295,426.87403548101264,100
2024-09-20 13:08:34.333,426.8811124415176,8
2024-09-20 13:08:34.604,426.8389960109471,15
2024-09-20 13:08:34.998,426.8865163487442,7
2024-09-20 13:08:35.009,426.8947521968114,10
2024-09-20 13:08:35.074,426.8348120893671,13
2024-09-20 13:08:35.087,426.8697409762116,1000
2024-09-20 13:08:35.090,426.8406101769314,997
2024-09-20 13:08:35.101,426.8720864840001,13
2024-09-20 13:08:35.126,426.87920047596833,101
2024-09-20 13:08:35.270,426.8579232568301,7
2024-09-20 13:08:35.318,426.8516842140359,10
2024-09-20 13:08:35.343,426.84621557255673,1004
2024-09-20 13:08:35.379,426.8269494785864,6
2024-09-20 13:08:35.418,426.8530996806872,100
2024-09-20 13:08:35.447,426.84629865205824,998
2024-09-20 13:08:35.508,426.807073685642,13
2024-09-20 13:08:35.517,426.8191795733538,103
2024-09-20 13:08:35.566,426.85125144113454,998
2024-09-20 13:08:35.577,426.8307216023748,104
2024-09-20 13:08:35.627,426.8833652159331,6
2024-09-20 13:08:35.631,426.8836093561817,995
2024-09-20 13:08:35.650,426.8845474272976,6
2024-09-20 13:08:35.675,426.8758261542857,14
2024-09-20 13:08:35.691,426.8294725753423,1003
2024-09-20 13:08:35.720,426.8375238908451,999
2024-09-20 13:08:35.754,426.8693479076098,14
2024-09-20 13:08:35.825,426.8543204432946,5
2024-09-20 13:08:35.829,426.8338468064101,11
2024-09-20 13:08:35.991,426.840662118645,8
2024-09-20 13:08:35.997,426.89050521146135,12
2024-09-20 13:08:36.043,426.7329686396781,12
2024-09-20 13:08:36.100,426.7730269153643,998
2024-09-20 13:08:36.169,426.8415461303657,1004
2024-09-20 13:08:36.202,426.8196708286295,102
2024-09-20 13:08:36.206,426.8336305139703,99
2024-09-20 13:08:36.250,426.8409093884248,96
2024-09-20 13:08:36.272,426.7759207538561,97
2024-09-20 13:08:36.277,426.7886672380603,996
2024-09-20 13:08:36.345,426.8206121366957,103
2024-09-20 13:08:36.430,426.76867773436254,11
2024-09-20 13:08:36.466,426.843105088264,6
2024-09-20 13:08:36.485,426.83648585408,10
2024-09-20 13:08:36.613,426.7679063271306,15
2024-09-20 13:08:36.632,426.77360518904845,999
2024-09-20 13:08:36.769,426.8365428430905,6
2024-09-20 13:08:36.850,426.7659986113943,14
2024-09-20 13:08:36.914,426.7729682756813,10
2024-09-20 13:08:37.002,426.7396426093075,11
2024-09-20 13:08:37.046,426.7175056370464,101
2024-09-20 13:08:37.070,426.7562908169538,997
2024-09-20 13:08:37.157,426.7667737905052,105
2024-09-20 13:08:37.424,426.7248545466055,95
2024-09-20 13:08:37.473,426.7307329250754,998
2024-09-20 13:08:37.474,426.7358461247511,13
2024-09-20 13:08:37.494,426.7202533095716,103
2024-09-20 13:08:37.587,426.7187136816213,9
2024-09-20 13:08:37.701,426.7221471826829,999
2024-09-20 13:08:37.767,426.7146019775643,5
2024-09-20 13:08:37.895,426.7177656710322,1001
2024-09-20 13:08:37.939,426.7267911731645,102
2024-09-20 13:08:37.951,426.702990489196,1004
2024-09-20 13:08:37.979,426.7483231097439,1000
2024-09-20 13:08:38.167,426.72895302254966,11
2024-09-20 13:08:38.442,426.7325258687964,9
2024-09-20 13:08:39.085,426.7066656161143,1004
2024-09-20 13:08:39.131,426.7150535520975,104
2024-09-20 13:08:39.229,426.7261330726232,8
2024-09-20 13:08:39.419,426.7049162786148,11
2024-09-20 13:08:39.500,426.7238664984717,998
2024-09-20 13:08:39.549,42.674406151557776,5
2024-09-20 13:08:39.913,426.7248824329509,1001
2024-09-20 13:08:40.154,426.823998262122,13
2024-09-20 13:08:40.183,426.8247044807943,15
2024-09-20 13:08:40.192,426.8122860685056,998
2024-09-20 13:08:40.220,426.73145627967295,14
2024-09-20 13:08:40.248,426.7897368101784,995
2024-09-20 13:08:40.330,426.7342375098205,98
2024-09-20 13:08:40.447,426.7995332422436,5
2024-09-20 13:08:40.536,426.7381408545056,1002
2024-09-20 13:08:40.557,426.73997884805937,102
2024-09-20 13:08:40.638,426.7972420325961,96
2024-09-20 13:08:40.653,426.7449120213899,13
2024-09-20 13:08:40.670,426.7568562879025,97
2024-09-20 13:08:40.685,426.8160764127239,998
2024-09-20 13:08:40.687,426.73057527929416,105
2024-09-20 13:08:40.818,426.8164489531151,998
2024-09-20 13:08:40.893,426.8007061303964,6
2024-09-20 13:08:40.941,426.74875750225016,103
2024-09-20 13:08:40.956,426.8287479707965,996
2024-09-20 13:08:40.978,426.7748675024226,100
2024-09-20 13:08:41.005,426.817742502581,13
2024-09-20 13:08:41.030,426.8077896823252,99
2024-09-20 13:08:41.038,426.76652407884353,13
2024-09-20 13:08:41.132,426.8309374927517,96
2024-09-20 13:08:41.252,426.8476616672807,1004
2024-09-20 13:08:41.306,426.8096762206949,996
2024-09-20 13:08:41.313,426.7829454161168,999
2024-09-20 13:08:41.315,426.7680748598894,1005
2024-09-20 13:08:41.355,426.8251945774112,998
2024-09-20 13:08:41.506,426.7865589418977,1000
2024-09-20 13:08:41.509,426.8048647979433,9
2024-09-20 13:08:41.550,426.8736569683652,102
2024-09-20 13:08:41.603,426.8307823555537,10
2024-09-20 13:08:41.627,426.8641822399165,105
2024-09-20 13:08:41.628,426.8345557776892,105
2024-09-20 13:08:41.637,426.82428371208186,13
2024-09-20 13:08:41.686,426.8538694782309,1000
2024-09-20 13:08:41.691,,13
2024-09-20 13:08:41.702,426.7898200179272,101
2024-09-20 13:08:41.750,426.8237858643822,95
2024-09-20 13:08:41.753,426.8567495362825,6
2024-09-20 13:08:41.784,426.8297412139588,95
2024-09-20 13:08:41.818,426.81703036720825,96
2024-09-20 13:08:41.830,426.84007198299446,996
2024-09-20 13:08:41.888,426.80607594942296,97
2024-09-20 13:08:41.911,426.820690470239,104
2024-09-20 13:08:41.952,426.83112444389695,995
2024-09-20 13:08:41.975,426.8085577007941,995
2024-09-20 13:08:42.054,426.6952864444447,997
2024-09-20 13:08:42.199,426.7863786793317,13
2024-09-20 13:08:42.221,426.798201360646,13
2024-09-20 13:08:42.231,426.7641587848279,11
2024-09-20 13:08:42.233,426.79334192802105,995
2024-09-20 13:08:42.268,426.7946301139909,15
2024-09-20 13:08:42.288,426.7700351070981,15
2024-09-20 13:08:42.307,426.7912806751993,105
2024-09-20 13:08:42.310,426.79497164766,14
2024-09-20 13:08:42.352,426.7039503946603,5
2024-09-20 13:08:42.367,426.7287734637766,10
2024-09-20 13:08:42.389,426.6978764640288,105
2024-09-20 13:08:42.394,426.7844415777648,995
2024-09-20 13:08:42.430,426.6976900355191,997
2024-09-20 13:08:42.441,426.7483611818978,7
2024-09-20 13:08:42.467,426.72060516130045,5
2024-09-20 13:08:42.471,426.7286893939017,6
2024-09-20 13:08:42.483,426.7562071962229,8
2024-09-20 13:08:42.491,426.68208621926425,99
2024-09-20 13:08:42.520,426.7321680652914,1001
2024-09-20 13:08:42.542,426.7170772680359,99
2024-09-20 13:08:42.649,426.71703030483513,1001
2024-09-20 13:08:42.669,426.7971023895566,1003
2024-09-20 13:08:42.688,426.7721837017512,95
2024-09-20 13:08:42.708,426.7372256874317,14
2024-09-20 13:08:42.798,426.79501630917525,11
2024-09-20 13:08:42.816,426.7697332134464,1005
2024-09-20 13:08:42.900,426.7883141859377,8
2024-09-20 13:08:42.926,426.7860711147293,996
2024-09-20 13:08:42.964,426.7815704428423,998
2024-09-20 13:08:43.013,426.65175322872,95
2024-09-20 13:08:43.298,426.6548940713072,999
2024-09-20 13:08:43.542,426.6588534268526,1004
2024-09-20 13:08:43.618,426.6673640869681,11
2024-09-20 13:08:44.004,426.7357868675172,95
2024-09-20 13:08:44.024,426.6798894242455,7
2024-09-20 13:08:44.048,426.7096338814338,14
2024-09-20 13:08:44.053,426.7332208008433,99
2024-09-20 13:08:44.081,426.7010196186968,104
2024-09-20 13:08:44.198,426.6740903865266,6
2024-09-20 13:08:44.234,426.73097992346,1002
2024-09-20 13:08:44.263,426.6902020395336,103
2024-09-20 13:08:44.366,426.73197135585553,102
2024-09-20 13:08:44.388,426.7450657292252,6
2024-09-20 13:08:44.479,426.6976252702965,997
2024-09-20 13:08:44.480,426.6962401834817,102
2024-09-20 13:08:44.612,426.7156365022578,15
2024-09-20 13:08:44.638,426.7206368249399,102
2024-09-20 13:08:44.648,426.672948855644,1004
2024-09-20 13:08:44.680,426.7147381317959,1000
2024-09-20 13:08:44.702,426.6824586011868,996
2024-09-20 13:08:44.766,426.72653372908593,14
2024-09-20 13:08:44.799,426.7293098126056,995
2024-09-20 13:08:44.891,426.7061121671959,5
2024-09-20 13:08:44.932,426.6829988690907,5
2024-09-20 13:08:44.935,426.6891710592169,95
2024-09-20 13:08:44.961,426.7286659657434,999
2024-09-20 13:08:45.012,426.7467359964711,15
2024-09-20 13:08:45.019,426.7260254597808,13
2024-09-20 13:08:45.033,426.7357923542185,7
2024-09-20 13:08:45.095,426.7397229698688,100
2024-09-20 13:08:45.151,426.7352407289988,11
2024-09-20 13:08:45.181,426.7298177690508,9
2024-09-20 13:08:45.266,426.7223745753873,100
2024-09-20 13:08:45.342,426.7418347323037,1000
2024-09-20 13:08:45.422,426.7378770101305,7
2024-09-20 13:08:45.442,426.7264205463729,101
2024-09-20 13:08:45.456,426.75086363989215,97
2024-09-20 13:08:45.460,426.7331930018318,995
2024-09-20 13:08:45.598,426.7254692192329,95
2024-09-20 13:08:45.671,426.6842877419238,95
2024-09-20 13:08:45.736,426.7249372444149,9
2024-09-20 13:08:45.744,426.7373726320634,99
2024-09-20 13:08:45.745,426.71305769874107,104
2024-09-20 13:08:45.927,426.73889428185873,999
2024-09-20 13:08:46.432,426.6687882465463,99
2024-09-20 13:08:46.452,426.7105924103319,102
2024-09-20 13:08:46.529,426.6519539246822,11
2024-09-20 13:08:46.569,426.6785688213018,101
2024-09-20 13:08:46.592,426.6925567286692,996
2024-09-20 13:08:46.687,426.644081825846,95
2024-09-20 13:08:46.706,426.64959506243616,1002
2024-09-20 13:08:46.739,426.72860056291694,13
2024-09-20 13:08:46.750,426.6550618418328,14
2024-09-20 13:08:46.854,426.71041291946113,96
2024-09-20 13:08:47.059,-426.7913182686093,1002
2024-09-20 13:08:47.064,426.7929588184706,7
2024-09-20 13:08:47.092,426.8074811311748,7
2024-09-20 13:08:47.131,426.7980473536771,96
2024-09-20 13:08:47.274,426.794583910493,7
2024-09-20 13:08:47.288,426.8064381600262,13
2024-09-20 13:08:47.371,426.7609786949719,1002
2024-09-20 13:08:47.389,426.80726635127456,11
2024-09-20 13:08:47.412,426.7618538975949,98
2024-09-20 13:08:47.552,426.7810222712918,105
2024-09-20 13:08:47.558,426.78954339034937,10
2024-09-20 13:08:47.584,426.7342098716378,1004
2024-09-20 13:08:47.588,426.7979844927182,102
2024-09-20 13:08:47.598,426.79601855292606,998
2024-09-20 13:08:47.626,426.7934549673465,995
2024-09-20 13:08:47.651,426.7544563988226,996
2024-09-20 13:08:47.771,426.7935182855964,13
2024-09-20 13:08:47.772,42.6804412773116,98
2024-09-20 13:08:47.829,426.79011962564914,10
2024-09-20 13:08:47.924,426.7621898135736,1004
2024-09-20 13:08:47.964,426.7913529939808,9
2024-09-20 13:08:47.970,426.769634515186,8
2024-09-20 13:08:47.998,-426.7413375590734,10
2024-09-20 13:08:48.243,426.7926373951876,13
2024-09-20 13:08:48.269,426.7538085822332,6
2024-09-20 13:08:48.362,426.7842708161253,97
2024-09-20 13:08:48.433,426.8099917582211,104
2024-09-20 13:08:48.700,426.8249492525383,1000
2024-09-20 13:08:49.024,426.7803167791179,13
2024-09-20 13:08:49.032,426.77139562836845,999
2024-09-20 13:08:49.080,426.7389151031307,105
2024-09-20 13:08:49.086,426.7912785253111,13
2024-09-20 13:08:49.177,426.7822448306268,999
2024-09-20 13:08:49.280,426.7800279790394,105
2024-09-20 13:08:49.305,426.7904329293868,1000
2024-09-20 13:08:49.344,426.7599663382591,11
2024-09-20 13:08:49.357,426.7572208565766,97
2024-09-20 13:08:49.437,426.800437727876,998
2024-09-20 13:08:49.463,426.7764348122731,995
2024-09-20 13:08:49.468,426.8030846041007,997
2024-09-20 13:08:49.478,426.73795769590953,1004
2024-09-20 13:08:49.488,426.79198127802,95
2024-09-20 13:08:49.540,426.7836698478831,998
2024-09-20 13:08:49.570,426.749894911592,5
2024-09-20 13:08:49.673,426.7901340299084,14
2024-09-20 13:08:49.712,426.7849267430773,97
2024-09-20 13:08:49.728,426.7725806725487,15
2024-09-20 13:08:49.758,426.73920943592873,1003
2024-09-20 13:08:49.801,426.8056087250521,996
2024-09-20 13:08:49.865,426.75765400412655,101
2024-09-20 13:08:49.911,426.7896548165934,13
2024-09-20 13:08:49.915,426.7741009147584,14
2024-09-20 13:08:49.917,426.7817137026537,103
2024-09-20 13:08:49.954,426.7248234773485,98
2024-09-20 13:08:49.979,426.7953440928408,8
2024-09-20 13:08:50.022,426.7969516557882,98
2024-09-20 13:08:50.025,426.77324669487047,1004
2024-09-20 13:08:50.025,426.7755373505814,6
2024-09-20 13:08:50.041,426.7646786439465,999
2024-09-20 13:08:50.071,426.7794641951783,1003
2024-09-20 13:08:50.083,426.7740295664071,100
2024-09-20 13:08:50.185,426.7750791086645,98
2024-09-20 13:08:50.232,426.7945199970954,995
2024-09-20 13:08:50.245,426.8025803990637,103
2024-09-20 13:08:50.303,426.7619261680841,9
2024-09-20 13:08:50.328,426.7747914966477,1003
2024-09-20 13:08:50.341,-426.8326117487008,13
2024-09-20 13:08:50.366,426.7486392375276,6
2024-09-20 13:08:50.384,426.7619271573715,95
2024-09-20 13:08:50.452,426.74136002667314,999
2024-09-20 13:08:50.557,426.7762558345738,100
2024-09-20 13:08:50.628,426.7571387749119,995
2024-09-20 13:08:50.769,426.7779235198141,13
2024-09-20 13:08:50.840,426.8038365664928,95
2024-09-20 13:08:50.948,426.7890178544958,995
2024-09-20 13:08:50.955,426.7569884273648,995
2024-09-20 13:08:50.996,426.7895336385324,998
2024-09-20 13:08:51.044,426.7427035299151,101
2024-09-20 13:08:51.062,426.7531864819167,13
2024-09-20 13:08:51.063,426.7608508379176,105
2024-09-20 13:08:51.071,426.73200119260525,10
2024-09-20 13:08:51.073,426.7460162619997,102
2024-09-20 13:08:51.149,426.717186590178,10
2024-09-20 13:08:51.200,426.7337896781997,1002
2024-09-20 13:08:51.209,426.7415462950908,995
2024-09-20 13:08:51.287,426.7292443849891,5
2024-09-20 13:08:51.340,426.7640857617984,996
2024-09-20 13:08:51.353,426.7373958002398,1002
2024-09-20 13:08:51.357,426.7303877444453,15
2024-09-20 13:08:51.435,426.72186137976064,7
2024-09-20 13:08:51.554,426.74676292658864,101
2024-09-20 13:08:51.603,426.76990741520353,1001
2024-09-20 13:08:51.656,426.7242336766601,95
2024-09-20 13:08:51.703,-426.73996668605264,14
2024-09-20 13:08:51.752,426.74384425512807,1005
2024-09-20 13:08:51.796,426.7311712905258,998
2024-09-20 13:08:51.907,426.76240877635536,998
2024-09-20 13:08:51.956,426.72763774619307,13
2024-09-20 13:08:51.980,426.735570585189,101
2024-09-20 13:08:51.994,426.7561336890416,8
2024-09-20 13:08:52.025,426.7379513600947,103
2024-09-20 13:08:52.172,426.7643454112096,12
2024-09-20 13:08:52.233,426.749645449122,96
2024-09-20 13:08:52.407,426.7752749826933,1001
2024-09-20 13:08:52.487,426.7471384217279,102
2024-09-20 13:08:52.650,426.7570181785076,12
2024-09-20 13:08:52.709,426.73741093341226,6
2024-09-20 13:08:52.833,426.7569102227801,95
2024-09-20 13:08:52.898,426.7340724859198,1002
2024-09-20 13:08:53.106,426.73302210969257,103
2024-09-20 13:08:53.206,426.7512930311629,1000
2024-09-20 13:08:53.280,426.7384995546172,100
2024-09-20 13:08:53.402,426.7386435693437,1001
2024-09-20 13:08:53.406,426.7294053104892,105
2024-09-20 13:08:53.450,426.74175172574746,9
2024-09-20 13:08:53.624,426.728970839478,12
2024-09-20 13:08:53.825,426.7404782130676,1001
2024-09-20 13:08:53.956,426.7432210558307,10
2024-09-20 13:08:55.096,426.780074033421,8
2024-09-20 13:08:55.445,426.76774460709015,11
2024-09-20 13:08:55.518,426.7840610845951,101
2024-09-20 13:08:55.552,426.7562435293429,11
2024-09-20 13:08:55.613,426.791625898737,997
2024-09-20 13:08:55.652,426.7723425373255,96
2024-09-20 13:08:55.759,426.7885368959482,105
2024-09-20 13:08:55.880,426.7733159988257,1002
2024-09-20 13:08:56.083,426.7544011551148,15
2024-09-20 13:08:56.214,426.76167232652784,7
2024-09-20 13:08:56.214,426.76271386157015,103
2024-09-20 13:08:56.266,426.76948707043147,96
2024-09-20 13:08:56.270,426.7434026153483,9
2024-09-20 13:08:56.361,426.7259976889637,5
2024-09-20 13:08:56.374,426.7538212539045,97
2024-09-20 13:08:56.403,426.74093176839256,105
2024-09-20 13:08:56.428,426.72509608241904,12
2024-09-20 13:08:56.501,426.7589615687258,997
2024-09-20 13:08:56.564,426.7365558896667,104
2024-09-20 13:08:56.637,426.7487777251861,95
2024-09-20 13:08:56.687,426.734358703407,998
2024-09-20 13:08:56.691,426.7339645514225,98
2024-09-20 13:08:56.710,426.7414366680469,11
2024-09-20 13:08:56.744,,1001
2024-09-20 13:08:56.879,426.75738384847256,100
2024-09-20 13:08:57.127,426.7565588161127,997
2024-09-20 13:08:57.745,426.7511385513495,104
2024-09-20 13:08:59.099,426.7719599025412,1000
2024-09-20 13:08:59.264,426.7751912239506,997
2024-09-20 13:08:59.465,426.7828059697623,10
2024-09-20 13:08:59.490,426.7659752810352,96
2024-09-20 13:08:59.536,426.7697504671909,1000
2024-09-20 13:08:59.779,426.7693328421571,6
2024-09-20 13:08:59.786,426.8022200065751,11
2024-09-20 13:08:59.803,426.8085145282491,101
2024-09-20 13:08:59.998,426.7779115628414,10
