Timestamp,Price,Size
2024-09-16 10:45:00.027,416.41412382837575,15
2024-09-16 10:45:00.236,416.4215210698651,13
2024-09-16 10:45:00.279,416.4207761452159,10
2024-09-16 10:45:00.329,416.4146839916599,105
2024-09-16 10:45:00.386,416.39467698241526,100
2024-09-16 10:45:00.399,416.39646894645256,5
2024-09-16 10:45:00.587,416.39014737883286,96
2024-09-16 10:45:00.736,416.3893689820114,995
2024-09-16 10:45:00.849,416.3947500419689,104
2024-09-16 10:45:00.889,416.4336360712368,998
2024-09-16 10:45:00.910,416.4399788497448,6
2024-09-16 10:45:00.945,416.3980148755913,995
2024-09-16 10:45:01.099,416.3954657612907,101
2024-09-16 10:45:01.115,416.3924429822802,101
2024-09-16 10:45:01.200,416.4375549932117,10
2024-09-16 10:45:01.226,416.39678591054576,1002
2024-09-16 10:45:01.256,416.4066721630265,105
2024-09-16 10:45:01.304,416.3894617414113,1001
2024-09-16 10:45:01.380,416.4000825316933,5
2024-09-16 10:45:01.414,416.41763712159377,97
2024-09-16 10:45:01.489,416.39335100037135,103
2024-09-16 10:45:01.492,416.415946363018,101
2024-09-16 10:45:01.527,416.4101459248892,104
2024-09-16 10:45:01.648,416.4045991204399,9
2024-09-16 10:45:01.672,41.64222524616031,95
2024-09-16 10:45:01.681,416.4027167741913,8
2024-09-16 10:45:01.684,416.4075996489463,1003
2024-09-16 10:45:01.715,416.4280033381394,5
2024-09-16 10:45:01.727,416.413239763342,10
2024-09-16 10:45:01.770,416.418849862383,999
2024-09-16 10:45:01.773,416.3923742394975,999
2024-09-16 10:45:01.797,416.39687838927694,97
2024-09-16 10:45:01.818,416.3871595437202,14
2024-09-16 10:45:01.870,416.3908951162366,1004
2024-09-16 10:45:01.874,416.4227863934672,8
2024-09-16 10:45:01.944,416.39831653597554,11
2024-09-16 10:45:01.973,416.3989231873464,1000
2024-09-16 10:45:02.118,416.38574407388944,997
2024-09-16 10:45:02.179,416.40976238735465,8
2024-09-16 10:45:02.284,416.389995244134,998
2024-09-16 10:45:02.796,416.4064369597566,97
2024-09-16 10:45:02.856,416.3819448095418,9
2024-09-16 10:45:02.981,416.3748894948712,97
2024-09-16 10:45:03.048,416.3122755302121,13
2024-09-16 10:45:03.073,416.3629139541566,1000
2024-09-16 10:45:03.084,416.3855389219752,97
2024-09-16 10:45:03.103,416.3776993221454,102
2024-09-16 10:45:03.147,416.3751636164192,1002
2024-09-16 10:45:03.184,416.3357281092654,995
2024-09-16 10:45:03.200,416.3803416801389,104
2024-09-16 10:45:03.214,416.3374164434926,98
2024-09-16 10:45:03.218,416.3320456788989,100
2024-09-16 10:45:03.236,416.328311900958,11
2024-09-16 10:45:03.246,416.3311565299258,5
2024-09-16 10:45:03.266,416.3932466381875,5
2024-09-16 10:45:03.314,416.3291123211472,102
2024-09-16 10:45:03.427,41.634963263463135,10
2024-09-16 10:45:03.487,416.3756626000927,105
2024-09-16 10:45:03.579,416.3708179984503,996
2024-09-16 10:45:03.588,416.3995659264811,1000
2024-09-16 10:45:03.607,416.3466288491797,996
2024-09-16 10:45:03.650,416.3402525019128,996
2024-09-16 10:45:03.726,416.3354249171716,12
2024-09-16 10:45:03.727,416.3407982720256,15
2024-09-16 10:45:03.750,416.37707728432525,999
2024-09-16 10:45:03.764,416.3345942535996,996
2024-09-16 10:45:03.835,416.3414344057995,995
2024-09-16 10:45:03.895,416.32108400266026,5
2024-09-16 10:45:03.928,416.3211323753649,105
2024-09-16 10:45:03.997,416.31497620144535,97
2024-09-16 10:45:04.021,416.2607267608687,104
2024-09-16 10:45:04.033,416.2793736062167,10
2024-09-16 10:45:04.036,416.28537480283774,1003
2024-09-16 10:45:04.046,416.2803745475584,1003
2024-09-16 10:45:04.138,416.2769189142717,5
2024-09-16 10:45:04.177,416.2847624429492,11
2024-09-16 10:45:04.233,416.2858972272471,997
2024-09-16 10:45:04.255,416.3002313223324,103
2024-09-16 10:45:04.341,416.29600693840575,15
2024-09-16 10:45:04.450,416.3167365268537,13
2024-09-16 10:45:04.519,416.297863719512,103
2024-09-16 10:45:04.526,416.3108712524351,997
2024-09-16 10:45:04.531,416.30377757510814,1000
2024-09-16 10:45:04.534,416.27765275646135,15
2024-09-16 10:45:04.569,416.2565363678437,104
2024-09-16 10:45:04.586,416.2767808246404,1004
2024-09-16 10:45:04.609,416.289299642868,8
2024-09-16 10:45:04.623,416.2978733283168,1002
2024-09-16 10:45:04.626,416.2793616431805,1002
2024-09-16 10:45:04.667,416.2981675984159,995
2024-09-16 10:45:04.714,416.2944772029905,8
2024-09-16 10:45:04.898,416.32475080067553,1000
2024-09-16 10:45:04.941,416.2702217426214,1002
2024-09-16 10:45:04.950,416.2956528628458,13
2024-09-16 10:45:04.984,416.3167403956614,105
2024-09-16 10:45:05.471,416.2711698957997,102
2024-09-16 10:45:05.688,416.2865685600271,97
2024-09-16 10:45:05.898,416.2842646700109,103
2024-09-16 10:45:05.925,416.2900313174002,1005
2024-09-16 10:45:06.435,416.2644531088057,100
2024-09-16 10:45:06.506,416.2509538659047,1004
2024-09-16 10:45:06.576,416.26762441020816,996
2024-09-16 10:45:06.740,416.2477477956635,102
2024-09-16 10:45:06.785,416.2768460604175,104
2024-09-16 10:45:06.790,416.2817235331535,1001
2024-09-16 10:45:06.962,416.2494485379556,15
2024-09-16 10:45:07.015,416.2648990542706,995
2024-09-16 10:45:07.024,416.237494929247,996
2024-09-16 10:45:07.053,416.20529118493454,8
2024-09-16 10:45:07.060,416.2747300496997,7
2024-09-16 10:45:07.072,416.2074293859382,997
2024-09-16 10:45:07.134,416.2857498549143,1001
2024-09-16 10:45:07.154,416.2395040170481,104
2024-09-16 10:45:07.185,416.2306160243683,995
2024-09-16 10:45:07.190,416.2500959717609,100
2024-09-16 10:45:07.213,416.227801083958,7
2024-09-16 10:45:07.317,416.2940312166687,15
2024-09-16 10:45:07.341,416.2732266078485,1005
2024-09-16 10:45:07.471,416.2337939512816,10
2024-09-16 10:45:07.518,416.2305670781144,10
2024-09-16 10:45:07.554,416.2748744945645,997
2024-09-16 10:45:07.616,416.2654777032668,998
2024-09-16 10:45:07.655,416.2272022868575,103
2024-09-16 10:45:07.683,416.2587775716288,101
2024-09-16 10:45:07.701,416.30470947132886,96
2024-09-16 10:45:07.718,416.2399500780752,96
2024-09-16 10:45:07.769,416.2247589572183,98
2024-09-16 10:45:07.785,416.263324360275,998
2024-09-16 10:45:07.829,416.2650227158264,102
2024-09-16 10:45:07.886,416.2079657008605,998
2024-09-16 10:45:08.016,416.2380997948523,8
2024-09-16 10:45:08.018,416.2225079681271,100
2024-09-16 10:45:08.075,416.2229768777574,104
2024-09-16 10:45:08.119,416.24449099884623,15
2024-09-16 10:45:08.196,416.2247084213469,101
2024-09-16 10:45:08.210,416.262206275426,14
2024-09-16 10:45:08.225,416.2086334271499,14
2024-09-16 10:45:08.254,416.2258047631325,997
2024-09-16 10:45:08.268,416.2816624518071,101
2024-09-16 10:45:08.314,416.2747268996604,11
2024-09-16 10:45:08.440,416.2229922787128,102
2024-09-16 10:45:08.444,416.240352178976,101
2024-09-16 10:45:08.452,416.2480489455636,95
2024-09-16 10:45:08.504,416.2567562953496,10
2024-09-16 10:45:08.527,416.2210073332884,998
2024-09-16 10:45:08.565,416.2594864744141,1004
2024-09-16 10:45:08.604,416.21321682461166,96
2024-09-16 10:45:08.757,416.2350851951412,98
2024-09-16 10:45:08.760,416.2296325622431,6
2024-09-16 10:45:08.780,41.62098225678001,999
2024-09-16 10:45:08.912,416.229850348651,15
2024-09-16 10:45:08.921,416.2330201120391,998
2024-09-16 10:45:08.944,416.274176897509,100
2024-09-16 10:45:08.986,416.2203535351233,6
2024-09-16 10:45:08.988,416.2013950321784,102
2024-09-16 10:45:08.989,416.2618893023375,14
2024-09-16 10:45:09.022,416.30179349074,96
2024-09-16 10:45:09.106,416.3217455474068,1002
2024-09-16 10:45:09.121,-416.32249686350025,997
2024-09-16 10:45:09.237,416.3160025454577,103
2024-09-16 10:45:09.239,416.3200382982459,8
2024-09-16 10:45:09.303,416.3038363040857,999
2024-09-16 10:45:09.580,416.3183796519902,1005
2024-09-16 10:45:09.756,416.3046376836005,98
2024-09-16 10:45:09.771,416.33361321186544,7
2024-09-16 10:45:09.896,416.3052299338199,998
2024-09-16 10:45:09.924,416.2839691083705,7
2024-09-16 10:45:09.954,416.3055474561422,103
2024-09-16 10:45:09.956,416.321188055987,6
2024-09-16 10:45:10.076,416.33472653480817,95
2024-09-16 10:45:10.099,416.30594581503937,102
2024-09-16 10:45:10.104,416.2705445363069,995
2024-09-16 10:45:10.119,416.223797303147,996
2024-09-16 10:45:10.177,416.31477627765474,1001
2024-09-16 10:45:10.177,416.27079450503976,10
2024-09-16 10:45:10.183,416.3218658256832,104
2024-09-16 10:45:10.189,-416.3057590989711,995
2024-09-16 10:45:10.254,416.24388908817286,9
2024-09-16 10:45:10.264,416.3133066690955,5
2024-09-16 10:45:10.269,416.3340917789248,11
2024-09-16 10:45:10.367,416.30909373790337,998
2024-09-16 10:45:10.413,416.22360334150295,6
2024-09-16 10:45:10.543,416.3157802488802,14
2024-09-16 10:45:10.716,416.2366302705541,5
2024-09-16 10:45:10.735,416.34354410993177,103
2024-09-16 10:45:10.778,416.34348235140527,998
2024-09-16 10:45:10.885,416.2881069902638,996
2024-09-16 10:45:10.926,416.30284765689737,105
2024-09-16 10:45:10.938,416.3250238005293,6
2024-09-16 10:45:10.946,416.29678829701936,97
2024-09-16 10:45:10.976,416.2629519480925,1002
2024-09-16 10:45:11.036,416.25999481084415,997
2024-09-16 10:45:11.043,416.2437757913129,997
2024-09-16 10:45:11.054,416.2108474115957,1003
2024-09-16 10:45:11.085,416.2219580332287,99
2024-09-16 10:45:11.149,416.1685421830771,5
2024-09-16 10:45:11.151,416.23739922101976,9
2024-09-16 10:45:11.192,416.26229959173406,1005
2024-09-16 10:45:11.406,416.2722555395283,1001
2024-09-16 10:45:11.558,416.202282684688,98
2024-09-16 10:45:11.584,416.2193881090417,96
2024-09-16 10:45:11.600,416.2081425629604,103
2024-09-16 10:45:11.621,416.2116412524253,104
2024-09-16 10:45:11.646,416.24950320608735,102
2024-09-16 10:45:11.650,416.2084991403559,995
2024-09-16 10:45:11.688,416.2015309043909,14
2024-09-16 10:45:11.692,416.263249678976,104
2024-09-16 10:45:11.693,416.1926797964773,1005
2024-09-16 10:45:11.710,416.2306458581445,95
2024-09-16 10:45:11.763,416.2485845668466,99
2024-09-16 10:45:11.765,416.2565684585844,15
2024-09-16 10:45:11.793,416.2015856486227,7
2024-09-16 10:45:11.830,416.2410014393216,105
2024-09-16 10:45:11.831,416.2484159748116,97
2024-09-16 10:45:11.853,416.21807042060505,1001
2024-09-16 10:45:11.855,416.2139293947933,96
2024-09-16 10:45:11.863,416.2195499625655,995
2024-09-16 10:45:11.884,416.2313906568178,105
2024-09-16 10:45:11.898,416.1933026719176,99
2024-09-16 10:45:11.978,416.19190285830007,8
2024-09-16 10:45:12.017,416.1824551191352,9
2024-09-16 10:45:12.017,416.16119673388215,97
2024-09-16 10:45:12.099,416.2445602434244,13
2024-09-16 10:45:12.113,-416.15988051418464,11
2024-09-16 10:45:12.167,416.1711707155797,1003
2024-09-16 10:45:12.193,416.1782784255023,10
2024-09-16 10:45:12.212,416.2041995805825,97
2024-09-16 10:45:12.270,416.185417070697,12
2024-09-16 10:45:12.297,416.20575847685,1002
2024-09-16 10:45:12.468,416.15875782737936,996
2024-09-16 10:45:12.580,416.223958576492,100
2024-09-16 10:45:12.790,416.22485278168506,7
2024-09-16 10:45:13.062,416.1726859774056,104
2024-09-16 10:45:13.206,416.2079194595841,97
2024-09-16 10:45:13.253,416.2156416249928,1002
2024-09-16 10:45:13.459,416.20651268360746,6
2024-09-16 10:45:13.489,416.16911764905626,5
2024-09-16 10:45:13.508,416.1845675817533,103
2024-09-16 10:45:13.543,416.1761028100569,102
2024-09-16 10:45:13.622,416.1913158550479,10
2024-09-16 10:45:13.657,416.19568699610215,101
2024-09-16 10:45:13.704,416.1759137128095,6
2024-09-16 10:45:13.826,416.2136872890397,101
2024-09-16 10:45:13.842,416.2172821577475,1001
2024-09-16 10:45:13.890,416.15899281975,996
2024-09-16 10:45:13.994,416.1824030600829,103
2024-09-16 10:45:14.010,416.22847110175104,97
2024-09-16 10:45:14.090,416.1770760390103,103
2024-09-16 10:45:14.139,416.16526949580975,99
2024-09-16 10:45:14.202,416.2443932883588,995
2024-09-16 10:45:14.264,416.2803018257532,15
2024-09-16 10:45:14.279,416.2841901400751,1002
2024-09-16 10:45:14.294,416.28503727501015,96
2024-09-16 10:45:14.304,416.2445803431553,996
2024-09-16 10:45:14.380,416.2504232665162,104
2024-09-16 10:45:14.393,416.1638618047253,103
2024-09-16 10:45:14.406,416.2268938031799,101
2024-09-16 10:45:14.431,416.25379331911086,1000
2024-09-16 10:45:14.530,416.1859960484484,99
2024-09-16 10:45:14.608,416.1821569920411,101
2024-09-16 10:45:14.614,416.1811208625207,13
2024-09-16 10:45:14.726,416.18007407033423,95
2024-09-16 10:45:14.768,416.1892994596427,1004
2024-09-16 10:45:14.782,416.2877268496203,15
2024-09-16 10:45:14.834,416.2497237976145,997
2024-09-16 10:45:14.835,416.2455981096503,14
2024-09-16 10:45:14.885,416.2086393651962,101
2024-09-16 10:45:14.904,416.27727866486015,998
2024-09-16 10:45:15.022,416.3043259807365,9
2024-09-16 10:45:15.110,416.2933451285954,1005
2024-09-16 10:45:15.256,416.3453807206133,9
2024-09-16 10:45:15.386,416.3352452468932,96
2024-09-16 10:45:15.398,416.3307855350967,996
2024-09-16 10:45:15.493,416.3065864084303,104
2024-09-16 10:45:15.512,416.3082537814962,10
2024-09-16 10:45:15.520,416.3047344065082,7
2024-09-16 10:45:15.565,416.2932404162901,996
2024-09-16 10:45:15.616,416.2973497951317,996
2024-09-16 10:45:15.645,416.2738498805635,98
2024-09-16 10:45:15.714,416.3032076491291,95
2024-09-16 10:45:15.761,416.2879480528632,1005
2024-09-16 10:45:15.779,-416.28532955912567,6
2024-09-16 10:45:15.870,416.3123905124102,5
2024-09-16 10:45:15.875,416.2850236097909,97
2024-09-16 10:45:16.015,416.3766323222017,102
2024-09-16 10:45:16.130,416.37216823728,1005
2024-09-16 10:45:16.159,416.3781983348153,12
2024-09-16 10:45:16.207,416.37631921179457,105
2024-09-16 10:45:16.224,416.34064000432136,8
2024-09-16 10:45:16.317,416.373175323362,96
2024-09-16 10:45:16.346,416.3853481974273,11
2024-09-16 10:45:16.411,416.3824011476045,98
2024-09-16 10:45:16.473,416.3839944754434,97
2024-09-16 10:45:16.586,416.3652334956723,995
2024-09-16 10:45:16.652,416.3353776476844,998
2024-09-16 10:45:16.756,416.3676519418088,997
2024-09-16 10:45:16.757,-416.3349008318813,6
2024-09-16 10:45:16.893,416.3700450355007,1000
2024-09-16 10:45:17.146,416.4095860605725,1000
2024-09-16 10:45:17.156,416.3392775870211,7
2024-09-16 10:45:17.175,416.3968641704972,97
2024-09-16 10:45:17.267,416.4145933130586,98
2024-09-16 10:45:17.392,416.4039258668507,96
2024-09-16 10:45:17.418,416.4075697730164,6
2024-09-16 10:45:17.431,416.4193765697889,104
2024-09-16 10:45:17.511,416.427585858572,101
2024-09-16 10:45:17.544,416.3521559813122,14
2024-09-16 10:45:17.656,416.40066547759153,101
2024-09-16 10:45:17.685,416.3969613353803,95
2024-09-16 10:45:17.718,416.3378204717365,100
2024-09-16 10:45:17.720,416.39369960820704,100
2024-09-16 10:45:17.766,416.4058776453592,8
2024-09-16 10:45:17.794,416.42213068353215,102
2024-09-16 10:45:17.872,416.383728375497,997
2024-09-16 10:45:17.907,416.37632063268114,1004
2024-09-16 10:45:17.908,416.32977610505,997
2024-09-16 10:45:17.992,416.396106597925,996
2024-09-16 10:45:18.062,416.3126474974347,1003
2024-09-16 10:45:18.099,416.3292089224372,10
2024-09-16 10:45:18.102,416.3459617934688,6
2024-09-16 10:45:18.185,416.3200063548187,8
2024-09-16 10:45:18.194,416.31774057689984,96
2024-09-16 10:45:18.209,416.3063969243212,96
2024-09-16 10:45:18.223,416.3218458794294,100
2024-09-16 10:45:18.226,416.3534689673517,1004
2024-09-16 10:45:18.235,416.2922829504996,100
2024-09-16 10:45:18.243,416.33533717833024,102
2024-09-16 10:45:18.332,416.3275516092594,103
2024-09-16 10:45:18.606,416.3382684306285,1004
2024-09-16 10:45:18.738,416.3034108552614,999
2024-09-16 10:45:18.785,416.2778569783067,10
2024-09-16 10:45:18.852,416.316076730796,15
2024-09-16 10:45:18.866,416.33113923910736,12
2024-09-16 10:45:18.905,416.2800856502807,998
2024-09-16 10:45:19.056,416.270311876665,104
2024-09-16 10:45:19.079,416.261469136185,95
2024-09-16 10:45:19.242,416.2527203104064,104
2024-09-16 10:45:19.335,416.2375289087733,999
2024-09-16 10:45:19.365,416.26982640082366,9
2024-09-16 10:45:19.412,416.2397285259224,995
2024-09-16 10:45:19.414,416.2374036427192,101
2024-09-16 10:45:19.436,416.2631309776145,101
2024-09-16 10:45:19.555,416.2533311321557,101
2024-09-16 10:45:19.560,416.2333346581886,103
2024-09-16 10:45:19.598,416.2538927611168,1001
2024-09-16 10:45:19.600,416.2793126309429,997
2024-09-16 10:45:19.627,416.2847576297488,1003
2024-09-16 10:45:19.737,416.2596534146552,104
2024-09-16 10:45:19.740,416.2684565634248,998
2024-09-16 10:45:19.895,416.2629609003424,11
2024-09-16 10:45:19.989,416.2805102779756,995
2024-09-16 10:45:20.420,416.2699658198158,96
2024-09-16 10:45:21.244,41.62919798313325,7
2024-09-16 10:45:21.338,416.28381705679885,97
2024-09-16 10:45:21.687,416.2693976106833,999
2024-09-16 10:45:22.095,416.3024946035994,1002
2024-09-16 10:45:22.109,416.3552961949091,996
2024-09-16 10:45:22.121,416.2657188512116,997
2024-09-16 10:45:22.142,416.2601224720893,7
2024-09-16 10:45:22.183,416.2431172007672,7
2024-09-16 10:45:22.274,416.2567211499157,10
2024-09-16 10:45:22.339,416.2628699749228,7
2024-09-16 10:45:22.436,416.2505411701399,98
2024-09-16 10:45:22.571,416.2577270401256,1004
2024-09-16 10:45:22.590,416.2486098328043,1001
2024-09-16 10:45:22.612,416.2873635183908,6
2024-09-16 10:45:22.614,416.28061905678106,1000
2024-09-16 10:45:22.625,416.2860765595765,999
2024-09-16 10:45:22.629,416.2947180269932,997
2024-09-16 10:45:22.638,416.2825768995808,14
2024-09-16 10:45:22.666,416.3198909002771,103
2024-09-16 10:45:22.668,416.2642990175897,105
2024-09-16 10:45:22.698,416.2896937507672,1001
2024-09-16 10:45:22.701,416.29955389544665,998
2024-09-16 10:45:22.736,416.3459450008244,99
2024-09-16 10:45:22.738,416.3278941716828,95
2024-09-16 10:45:22.760,416.33208633700485,9
2024-09-16 10:45:22.762,416.2911736863071,98
2024-09-16 10:45:22.779,416.2827396965472,11
2024-09-16 10:45:22.807,416.3442699412869,100
2024-09-16 10:45:22.837,416.25126930038414,1001
2024-09-16 10:45:22.850,416.34594002336144,999
2024-09-16 10:45:22.885,416.2852946531665,101
2024-09-16 10:45:22.893,416.3405410568877,105
2024-09-16 10:45:24.212,416.3899245528241,1000
2024-09-16 10:45:24.291,416.3502467609574,95
2024-09-16 10:45:24.294,416.375688806376,105
2024-09-16 10:45:24.310,416.364029354605,1001
2024-09-16 10:45:24.341,416.385687399035,999
2024-09-16 10:45:24.353,416.33193884342666,999
2024-09-16 10:45:24.403,416.32771479591895,99
2024-09-16 10:45:24.424,416.3809706060884,1003
2024-09-16 10:45:24.436,416.3533399246045,1002
2024-09-16 10:45:24.442,416.3599525485951,96
2024-09-16 10:45:24.446,416.373864236782,1002
2024-09-16 10:45:24.454,416.3265887532743,5
2024-09-16 10:45:24.456,416.3850440938156,1004
2024-09-16 10:45:24.475,416.3498849940346,996
2024-09-16 10:45:24.497,416.3942079546399,7
2024-09-16 10:45:24.541,416.375042946693,13
2024-09-16 10:45:24.559,416.3373657205056,100
2024-09-16 10:45:24.621,416.3740016238945,1003
2024-09-16 10:45:24.679,416.38699461574754,7
2024-09-16 10:45:24.680,416.39309423156647,6
2024-09-16 10:45:24.697,416.3503928282758,103
2024-09-16 10:45:24.708,416.3320977338054,97
2024-09-16 10:45:24.741,416.3511016419981,7
2024-09-16 10:45:24.743,416.3697203985292,1004
2024-09-16 10:45:24.803,416.4005420296679,1003
2024-09-16 10:45:24.817,416.36638940286656,1001
2024-09-16 10:45:24.822,416.3547705497862,103
2024-09-16 10:45:24.828,416.3788074479871,1005
2024-09-16 10:45:24.951,416.37038539104265,9
2024-09-16 10:45:24.993,416.335144582718,1001
2024-09-16 10:45:25.374,416.4292341964161,99
2024-09-16 10:45:25.396,416.4095797802095,1004
2024-09-16 10:45:25.429,416.4322102867756,6
2024-09-16 10:45:26.054,416.45552401117976,5
2024-09-16 10:45:26.166,416.464766722183,996
2024-09-16 10:45:26.172,416.4336171847117,96
2024-09-16 10:45:26.259,416.4542769922602,9
2024-09-16 10:45:26.291,416.4300306343946,9
2024-09-16 10:45:26.442,416.463612709678,5
2024-09-16 10:45:26.477,416.4493580259733,12
2024-09-16 10:45:26.512,416.4297801107996,1003
2024-09-16 10:45:26.513,416.4299978467885,6
2024-09-16 10:45:26.590,416.462621889036,103
2024-09-16 10:45:26.591,416.4526198324775,1001
2024-09-16 10:45:26.601,416.4296183125063,102
2024-09-16 10:45:26.608,416.4342605723824,96
2024-09-16 10:45:26.648,416.4559991014754,11
2024-09-16 10:45:26.699,416.42158527713775,12
2024-09-16 10:45:26.782,416.4641269206813,100
2024-09-16 10:45:26.853,416.47332486011993,997
2024-09-16 10:45:27.522,416.4553864753579,999
2024-09-16 10:45:27.634,416.4721082231009,7
2024-09-16 10:45:27.744,416.45833307443735,96
2024-09-16 10:45:27.911,416.4491438453714,13
2024-09-16 10:45:28.007,416.4123859529045,1005
2024-09-16 10:45:28.021,416.454716831963,15
2024-09-16 10:45:28.053,416.4516342439838,996
2024-09-16 10:45:28.192,416.4499343499575,8
2024-09-16 10:45:28.479,416.4391413279215,101
2024-09-16 10:45:28.495,416.4682438211285,102
2024-09-16 10:45:28.514,416.4414633399118,6
2024-09-16 10:45:28.523,416.3916339627163,7
2024-09-16 10:45:28.635,416.3951103694732,8
2024-09-16 10:45:28.696,416.4344156570344,1004
2024-09-16 10:45:28.705,416.40734102172416,9
2024-09-16 10:45:28.725,416.4352318495175,104
2024-09-16 10:45:28.833,416.4332116556955,1003
2024-09-16 10:45:28.857,416.44391947772266,102
2024-09-16 10:45:28.864,416.4401505935477,996
2024-09-16 10:45:28.868,416.41618002099847,101
2024-09-16 10:45:28.991,416.46995148909326,14
2024-09-16 10:45:28.992,416.4309539660545,998
2024-09-16 10:45:29.120,416.41751444631,6
2024-09-16 10:45:29.295,416.4542713852628,7
2024-09-16 10:45:29.299,416.4525643192264,102
2024-09-16 10:45:29.341,416.4712404453529,13
2024-09-16 10:45:29.423,416.4624841458709,104
2024-09-16 10:45:29.546,416.4781446264848,5
2024-09-16 10:45:29.592,416.4302642397699,5
2024-09-16 10:45:29.704,416.4267190370682,95
2024-09-16 10:45:29.778,416.48025802098135,103
2024-09-16 10:45:29.817,416.44692870096736,8
2024-09-16 10:45:29.894,416.45511085441245,104
2024-09-16 10:45:29.899,416.4442274752565,95
2024-09-16 10:45:29.901,416.4140937272962,997
2024-09-16 10:45:29.957,416.4137070582162,10
2024-09-16 10:45:30.010,416.4194148944184,1000
2024-09-16 10:45:30.011,416.423128492036,104
2024-09-16 10:45:30.015,416.4317215019879,11
2024-09-16 10:45:30.017,416.4488396100308,103
2024-09-16 10:45:30.033,416.42714294904937,1005
2024-09-16 10:45:30.059,416.4477217612688,99
2024-09-16 10:45:30.060,416.450042728218,998
2024-09-16 10:45:30.122,416.48703971495854,7
2024-09-16 10:45:30.211,416.4272612990197,100
2024-09-16 10:45:30.265,416.4616180303483,98
2024-09-16 10:45:30.276,416.4298865097979,1005
2024-09-16 10:45:30.298,416.4391936566224,998
2024-09-16 10:45:30.321,416.4749113163466,99
2024-09-16 10:45:30.376,416.3995337625528,1004
2024-09-16 10:45:30.399,416.42257999867246,15
2024-09-16 10:45:30.404,416.4668881986295,997
2024-09-16 10:45:30.473,416.4564032559248,11
2024-09-16 10:45:30.527,416.4464333896135,95
2024-09-16 10:45:30.637,416.451380562658,997
2024-09-16 10:45:30.639,416.4603351426345,5
2024-09-16 10:45:30.697,416.41932979545214,5
2024-09-16 10:45:30.718,416.4428883139851,15
2024-09-16 10:45:30.745,416.45535139425294,996
2024-09-16 10:45:30.788,416.4147121768791,15
2024-09-16 10:45:30.790,416.461236747723,1004
2024-09-16 10:45:30.968,416.4264392049846,11
2024-09-16 10:45:31.085,416.40835745266753,11
2024-09-16 10:45:31.160,416.40340320414566,1001
2024-09-16 10:45:31.160,416.4102150112717,10
2024-09-16 10:45:31.472,416.4135478137897,5
2024-09-16 10:45:31.503,416.4313064176293,12
2024-09-16 10:45:31.612,416.4180639014205,996
2024-09-16 10:45:31.970,416.4040967558609,14
2024-09-16 10:45:32.099,416.5330287835533,5
2024-09-16 10:45:32.115,416.4795323270252,99
2024-09-16 10:45:32.130,416.4702434993194,96
2024-09-16 10:45:32.141,416.4577686836441,999
2024-09-16 10:45:32.142,416.4738930700352,99
2024-09-16 10:45:32.246,416.4337659574517,995
2024-09-16 10:45:32.291,416.5389962339362,1000
2024-09-16 10:45:32.311,416.4915647552976,11
2024-09-16 10:45:32.320,416.4746326983837,10
2024-09-16 10:45:32.459,416.43627187143767,9
2024-09-16 10:45:32.479,416.431505739943,99
2024-09-16 10:45:32.543,416.5211694756441,100
2024-09-16 10:45:32.599,416.4787158039215,97
2024-09-16 10:45:32.609,416.45989797070206,105
2024-09-16 10:45:32.731,416.49474773211006,99
2024-09-16 10:45:32.899,416.4927031614361,8
2024-09-16 10:45:32.903,416.520215587933,6
2024-09-16 10:45:32.976,416.49921945866487,98
2024-09-16 10:45:32.978,416.5078286767144,7
2024-09-16 10:45:33.035,416.4390653377235,996
2024-09-16 10:45:33.074,416.4097770151392,95
2024-09-16 10:45:33.094,416.42094816537104,7
2024-09-16 10:45:33.222,416.4212552195344,99
2024-09-16 10:45:33.231,416.4247153192527,6
2024-09-16 10:45:33.330,416.4038072963818,102
2024-09-16 10:45:33.494,416.4185820011151,7
2024-09-16 10:45:33.512,416.4453504457264,100
2024-09-16 10:45:33.543,416.4535364705316,996
2024-09-16 10:45:33.545,416.4278132927343,1003
2024-09-16 10:45:33.664,416.4115726335766,1005
2024-09-16 10:45:33.674,416.4453176122788,100
2024-09-16 10:45:33.819,416.4375489959492,1002
2024-09-16 10:45:33.908,416.4351303144244,10
2024-09-16 10:45:33.975,416.4583683206585,99
2024-09-16 10:45:33.991,416.4452826416066,14
2024-09-16 10:45:35.051,416.43167099874256,13
2024-09-16 10:45:35.075,416.4206428668673,995
2024-09-16 10:45:35.124,416.4140424666268,7
2024-09-16 10:45:35.190,416.4183496956304,96
2024-09-16 10:45:35.194,416.446231901499,98
2024-09-16 10:45:35.204,416.44078671452456,1002
2024-09-16 10:45:35.319,416.4147261341972,97
2024-09-16 10:45:35.429,416.4364653630712,14
2024-09-16 10:45:35.482,-416.42078299554754,100
2024-09-16 10:45:35.724,416.4192980544957,104
2024-09-16 10:45:35.900,416.4051316377133,8
2024-09-16 10:45:36.040,416.4478623821729,13
2024-09-16 10:45:36.040,416.4816215944194,7
2024-09-16 10:45:36.067,416.45570850143815,105
2024-09-16 10:45:36.070,416.4532460568494,105
2024-09-16 10:45:36.204,416.49419011549946,999
2024-09-16 10:45:36.275,416.4369559066013,8
2024-09-16 10:45:36.280,416.47969688856887,1001
2024-09-16 10:45:36.302,416.4378229275485,995
2024-09-16 10:45:36.412,416.5036689127679,10
2024-09-16 10:45:36.417,416.4344875232948,10
2024-09-16 10:45:36.426,416.4491565268996,996
2024-09-16 10:45:36.430,416.4398000635998,7
2024-09-16 10:45:36.491,416.4957109454415,103
2024-09-16 10:45:36.557,416.4700307707111,5
2024-09-16 10:45:36.561,416.451846608793,101
2024-09-16 10:45:36.563,416.451549960368,103
2024-09-16 10:45:36.578,416.4712232112444,1003
2024-09-16 10:45:36.678,416.4627081911448,105
2024-09-16 10:45:36.680,416.4902931772994,103
2024-09-16 10:45:36.685,416.48338118542864,11
2024-09-16 10:45:36.765,416.44503490764544,99
2024-09-16 10:45:36.816,416.4531903412556,104
2024-09-16 10:45:36.824,416.4493186383047,5
2024-09-16 10:45:36.852,416.47755656372607,1001
2024-09-16 10:45:36.971,416.43570136896096,1004
2024-09-16 10:45:37.013,416.5156320670915,8
2024-09-16 10:45:37.029,416.5080817700046,1003
2024-09-16 10:45:37.057,416.5139120312661,12
2024-09-16 10:45:37.102,416.5089779936605,997
2024-09-16 10:45:37.210,416.53155594331366,103
2024-09-16 10:45:37.258,416.50491876347365,95
2024-09-16 10:45:37.360,416.5261393185043,8
2024-09-16 10:45:37.378,416.531984497956,7
2024-09-16 10:45:37.402,416.5256299357853,11
2024-09-16 10:45:37.455,416.528112360954,1004
2024-09-16 10:45:37.489,416.53007370244535,13
2024-09-16 10:45:37.515,416.5326589362808,9
2024-09-16 10:45:37.596,416.5051640898385,104
2024-09-16 10:45:37.769,416.49201294978894,999
2024-09-16 10:45:37.776,,15
2024-09-16 10:45:37.787,416.5244822440846,98
2024-09-16 10:45:37.853,416.4981326909111,99
2024-09-16 10:45:37.896,416.5187318609544,11
2024-09-16 10:45:38.038,416.5512286334239,10
2024-09-16 10:45:38.063,416.5765934532822,100
2024-09-16 10:45:38.065,416.5187963911154,999
2024-09-16 10:45:38.105,416.5776753662987,7
2024-09-16 10:45:38.122,416.5698930309901,996
2024-09-16 10:45:38.391,416.5383749535318,99
2024-09-16 10:45:38.576,416.5364085641269,1004
2024-09-16 10:45:38.585,416.5225369481101,105
2024-09-16 10:45:38.719,416.5313113772097,5
2024-09-16 10:45:38.745,416.5700352962424,11
2024-09-16 10:45:38.776,416.5511909199465,13
2024-09-16 10:45:38.824,416.5666523813087,98
2024-09-16 10:45:38.910,416.5711171741131,105
2024-09-16 10:45:39.238,416.5885865937802,13
2024-09-16 10:45:39.471,416.580695893898,5
2024-09-16 10:45:39.494,416.5756489135938,102
2024-09-16 10:45:39.502,416.5712031465195,10
2024-09-16 10:45:39.847,416.5739353953473,102
2024-09-16 10:45:39.852,416.5985165398798,1000
2024-09-16 10:45:39.911,416.584738530892,1004
2024-09-16 10:45:39.920,416.5748928806941,5
2024-09-16 10:45:40.303,416.5918526275864,98
2024-09-16 10:45:40.334,416.5863307442001,997
2024-09-16 10:45:40.584,416.5733080031284,97
2024-09-16 10:45:40.688,416.5649705934015,104
2024-09-16 10:45:40.716,416.6004156057661,14
2024-09-16 10:45:40.997,416.5765342177176,6
2024-09-16 10:45:41.571,416.6120094778929,14
2024-09-16 10:45:42.002,416.56188982573934,998
2024-09-16 10:45:42.028,416.534929826955,6
2024-09-16 10:45:42.032,416.58673502164527,997
2024-09-16 10:45:42.132,416.581286548216,98
2024-09-16 10:45:42.173,416.5216004852944,12
2024-09-16 10:45:42.178,416.5730188768708,9
2024-09-16 10:45:42.186,416.5729731526032,1005
2024-09-16 10:45:42.187,416.5686053356174,13
2024-09-16 10:45:42.194,416.51749250027575,103
2024-09-16 10:45:42.259,416.5573206462946,995
2024-09-16 10:45:42.357,416.5660993608689,96
2024-09-16 10:45:42.373,416.57708933607086,95
2024-09-16 10:45:42.439,416.5785310471945,101
2024-09-16 10:45:42.521,416.5419011407003,14
2024-09-16 10:45:42.555,416.5788518418019,101
2024-09-16 10:45:42.572,416.60204778898384,1004
2024-09-16 10:45:42.612,416.5472242392703,103
2024-09-16 10:45:42.649,416.60746271963205,996
2024-09-16 10:45:42.675,416.5368088229363,1002
2024-09-16 10:45:42.677,416.5081684662064,11
2024-09-16 10:45:42.724,416.5168331499029,102
2024-09-16 10:45:42.757,416.6008060356558,95
2024-09-16 10:45:42.791,416.5857951323262,8
2024-09-16 10:45:42.818,416.5435434785172,12
2024-09-16 10:45:42.881,416.5404040398601,96
2024-09-16 10:45:42.907,416.5926992653111,996
2024-09-16 10:45:42.917,416.5207273254165,104
2024-09-16 10:45:42.926,416.5927314785203,1002
2024-09-16 10:45:42.962,416.53342958862856,98
2024-09-16 10:45:42.997,416.51591217401057,101
2024-09-16 10:45:43.039,416.58000809142345,998
2024-09-16 10:45:43.052,416.4677450386063,1000
2024-09-16 10:45:43.073,416.4551775497632,1002
2024-09-16 10:45:43.083,416.49474070057255,105
2024-09-16 10:45:43.107,416.538548012664,101
2024-09-16 10:45:43.183,416.5150476555686,8
2024-09-16 10:45:43.261,416.4558144589496,996
2024-09-16 10:45:43.281,416.45101361885474,996
2024-09-16 10:45:43.308,416.4669296719274,1001
2024-09-16 10:45:43.349,416.5496948508469,102
2024-09-16 10:45:43.373,416.4922086977068,13
2024-09-16 10:45:43.437,416.4953322732208,11
2024-09-16 10:45:43.519,416.5705444328225,999
2024-09-16 10:45:43.572,416.4496203059799,6
2024-09-16 10:45:43.707,416.4441477417378,1005
2024-09-16 10:45:43.755,416.5717665911863,99
2024-09-16 10:45:43.757,416.5017607179487,7
2024-09-16 10:45:43.814,416.5696539138762,9
2024-09-16 10:45:43.837,416.4594433449403,96
2024-09-16 10:45:43.844,416.4788781120889,11
2024-09-16 10:45:43.894,416.4606448744653,97
2024-09-16 10:45:43.921,416.47507357388525,14
2024-09-16 10:45:43.923,416.4538229353169,96
2024-09-16 10:45:43.959,416.5476607619081,99
2024-09-16 10:45:43.971,416.4730706256171,10
2024-09-16 10:45:43.972,416.5042792956362,12
2024-09-16 10:45:43.983,416.45593785011096,14
2024-09-16 10:45:44.471,416.4664128164172,98
2024-09-16 10:45:44.486,416.4904603035955,1001
2024-09-16 10:45:44.524,416.4831223107494,7
2024-09-16 10:45:44.684,416.4930989923809,1000
2024-09-16 10:45:44.706,416.4799729546207,995
2024-09-16 10:45:44.730,416.4988559131919,11
2024-09-16 10:45:44.782,416.4615049894177,97
2024-09-16 10:45:44.846,416.5207935449573,12
2024-09-16 10:45:45.055,416.5412641084146,97
2024-09-16 10:45:45.141,416.5072539432381,999
2024-09-16 10:45:45.276,416.5340245964723,101
2024-09-16 10:45:45.409,416.520670330302,100
2024-09-16 10:45:45.534,416.55441110910544,11
2024-09-16 10:45:45.550,416.5400700568073,1004
2024-09-16 10:45:45.608,416.5370983297506,96
2024-09-16 10:45:45.780,416.4933613176596,101
2024-09-16 10:45:45.799,416.4669045165898,97
2024-09-16 10:45:46.489,416.4630194312184,1001
2024-09-16 10:45:47.079,416.4677152520577,12
2024-09-16 10:45:47.092,416.4672359380566,1004
2024-09-16 10:45:47.092,416.46123998066673,13
2024-09-16 10:45:47.121,416.4626545888897,104
2024-09-16 10:45:47.198,416.4709772970807,105
2024-09-16 10:45:47.235,416.4611844927972,97
2024-09-16 10:45:47.241,416.4691556322032,997
2024-09-16 10:45:47.327,416.45557810288193,1005
2024-09-16 10:45:47.329,416.49081778221455,105
2024-09-16 10:45:47.395,416.4726312509738,11
2024-09-16 10:45:47.408,416.4866974627114,995
2024-09-16 10:45:47.430,416.5074144836568,996
2024-09-16 10:45:47.491,416.4725247647843,8
2024-09-16 10:45:47.627,416.4740428716608,13
2024-09-16 10:45:47.789,416.4826993490447,11
2024-09-16 10:45:47.802,416.4575155785948,13
2024-09-16 10:45:47.819,416.50069893736935,104
2024-09-16 10:45:47.830,416.4695712334004,1001
2024-09-16 10:45:48.019,416.44629687564384,98
2024-09-16 10:45:48.061,416.4319435438004,1001
2024-09-16 10:45:48.284,416.439026312801,995
2024-09-16 10:45:48.442,416.44298822426487,8
2024-09-16 10:45:48.633,416.43351305428985,15
2024-09-16 10:45:48.658,416.4239075987835,1003
2024-09-16 10:45:48.783,416.4344584942071,15
2024-09-16 10:45:48.865,416.4403062415499,15
2024-09-16 10:45:48.946,-416.4450841426959,6
2024-09-16 10:45:48.968,416.4395301970624,5
2024-09-16 10:45:49.029,416.40159235754936,1005
2024-09-16 10:45:49.051,416.4025325456829,1000
2024-09-16 10:45:49.097,416.4025514799266,96
2024-09-16 10:45:49.319,416.38563142875097,10
2024-09-16 10:45:49.336,416.425375764213,14
2024-09-16 10:45:49.347,416.4226050337481,103
2024-09-16 10:45:49.515,416.4266011623895,9
2024-09-16 10:45:49.677,416.39292892792906,9
2024-09-16 10:45:49.698,416.3903565059453,1003
2024-09-16 10:45:49.748,416.3964578969456,1004
2024-09-16 10:45:49.801,416.4183032128655,9
2024-09-16 10:45:49.822,416.4115193639986,103
2024-09-16 10:45:50.209,416.44801569033785,12
2024-09-16 10:45:50.225,416.4346735760149,105
2024-09-16 10:45:50.298,416.4033950589456,997
2024-09-16 10:45:50.351,416.41993605801696,102
2024-09-16 10:45:50.492,416.4337102250841,7
2024-09-16 10:45:50.645,416.4427066107496,96
2024-09-16 10:45:50.734,416.4123903381136,99
2024-09-16 10:45:50.797,416.402032975737,96
2024-09-16 10:45:50.823,416.4267686067252,102
2024-09-16 10:45:51.025,416.50782438441394,103
2024-09-16 10:45:51.114,416.44393698446527,1001
2024-09-16 10:45:51.178,416.4691046921032,14
2024-09-16 10:45:51.258,416.4649508771083,12
2024-09-16 10:45:51.410,416.4978428911242,102
2024-09-16 10:45:51.420,416.5066650918534,12
2024-09-16 10:45:51.423,416.4598005689708,96
2024-09-16 10:45:51.699,416.48604525455386,99
2024-09-16 10:45:51.717,416.49917791055407,104
2024-09-16 10:45:51.754,416.4465555069019,998
2024-09-16 10:45:51.805,416.4548694404549,1004
2024-09-16 10:45:51.845,,15
2024-09-16 10:45:51.912,416.46314699497935,95
2024-09-16 10:45:52.095,416.4481215601689,96
2024-09-16 10:45:52.255,416.4859453063583,7
2024-09-16 10:45:52.313,416.4679087298624,8
2024-09-16 10:45:52.322,416.4975651393996,14
2024-09-16 10:45:52.355,416.4742731321112,9
2024-09-16 10:45:52.425,416.45832955559325,99
2024-09-16 10:45:52.458,416.4645530741499,1004
2024-09-16 10:45:52.573,416.5037686654413,1005
2024-09-16 10:45:52.592,416.4926365652932,100
2024-09-16 10:45:52.599,416.468764280928,97
2024-09-16 10:45:52.660,416.4630030995834,98
2024-09-16 10:45:52.796,416.4990797535946,99
2024-09-16 10:45:52.829,416.4671037564762,999
2024-09-16 10:45:52.830,416.4664945880157,8
2024-09-16 10:45:52.832,416.46636273705866,103
2024-09-16 10:45:52.868,416.49162757257074,11
2024-09-16 10:45:52.879,416.46767146577474,15
2024-09-16 10:45:53.132,416.5362892653864,1004
2024-09-16 10:45:53.146,416.50456201655766,96
2024-09-16 10:45:53.168,416.50352128475913,1004
2024-09-16 10:45:53.193,416.5186690217377,1003
2024-09-16 10:45:53.320,416.4955927979823,95
2024-09-16 10:45:53.352,416.5259450675858,13
2024-09-16 10:45:53.362,416.5127706420768,1003
2024-09-16 10:45:53.395,416.493115615073,997
2024-09-16 10:45:53.496,416.5175035714754,1004
2024-09-16 10:45:53.520,416.4911178298689,8
2024-09-16 10:45:53.595,416.51651828681287,97
2024-09-16 10:45:53.622,416.5169353221928,7
2024-09-16 10:45:53.627,416.50037477034095,97
2024-09-16 10:45:53.664,416.5024440364557,11
2024-09-16 10:45:53.742,416.5074914956516,9
2024-09-16 10:45:53.842,416.5181968812787,9
2024-09-16 10:45:53.884,416.51014539491,102
2024-09-16 10:45:53.888,416.5021547772711,95
2024-09-16 10:45:54.052,416.52386900700895,99
2024-09-16 10:45:54.054,416.5233498297039,997
2024-09-16 10:45:54.231,416.5070259402944,101
2024-09-16 10:45:54.278,416.5091994825173,995
2024-09-16 10:45:54.336,416.514039725729,1000
2024-09-16 10:45:54.382,416.5139931599047,11
2024-09-16 10:45:54.392,416.5170626538187,1005
2024-09-16 10:45:54.429,416.5219154064488,1005
2024-09-16 10:45:54.471,416.5034921881677,97
2024-09-16 10:45:54.485,416.5070415404064,13
2024-09-16 10:45:54.545,416.5113404723479,5
2024-09-16 10:45:54.554,416.492943934471,9
2024-09-16 10:45:54.828,41.65076908456349,105
2024-09-16 10:45:54.837,416.51916513386107,998
2024-09-16 10:45:54.867,416.50261590960673,1004
2024-09-16 10:45:54.903,416.518931742229,995
2024-09-16 10:45:54.911,416.53960600012607,1002
2024-09-16 10:45:54.933,416.5305206452852,95
2024-09-16 10:45:54.962,416.5210474947707,1004
2024-09-16 10:45:54.983,416.5189485138125,998
2024-09-16 10:45:55.047,416.4883526769091,13
2024-09-16 10:45:55.290,416.5108720338412,11
2024-09-16 10:45:55.293,416.5108344357502,7
2024-09-16 10:45:55.308,416.5236176793346,995
2024-09-16 10:45:55.464,416.4893671698395,12
2024-09-16 10:45:55.532,416.5041941092605,1005
2024-09-16 10:45:55.578,416.4955845917184,103
2024-09-16 10:45:55.755,-416.4812762531645,101
2024-09-16 10:45:56.037,416.5234334417384,1003
2024-09-16 10:45:56.067,416.5359775981528,11
2024-09-16 10:45:56.114,416.58272120780725,98
2024-09-16 10:45:56.138,416.5475897773517,103
2024-09-16 10:45:56.195,416.524677975302,6
2024-09-16 10:45:56.269,416.5693396129907,8
2024-09-16 10:45:56.290,416.5422936188731,10
2024-09-16 10:45:56.313,416.5392426649888,97
2024-09-16 10:45:56.336,416.5526235977393,997
2024-09-16 10:45:56.437,416.5528195877121,104
2024-09-16 10:45:56.481,416.5501904611412,12
2024-09-16 10:45:56.505,416.5383221172559,997
2024-09-16 10:45:56.521,416.529206207441,10
2024-09-16 10:45:56.568,416.5422833330344,10
2024-09-16 10:45:56.584,416.5282510337809,96
2024-09-16 10:45:56.606,416.5785831699481,999
2024-09-16 10:45:56.618,416.5015809794453,12
2024-09-16 10:45:56.654,416.5258427475554,1001
2024-09-16 10:45:56.737,416.5726116504725,1001
2024-09-16 10:45:56.755,416.5159613538984,997
2024-09-16 10:45:56.805,416.5567952998878,998
2024-09-16 10:45:56.832,416.5473008997151,10
2024-09-16 10:45:56.847,416.5548841300133,102
2024-09-16 10:45:56.931,416.5704524087118,1003
2024-09-16 10:45:57.039,416.4961276993279,9
2024-09-16 10:45:57.244,416.5125521929712,96
2024-09-16 10:45:57.273,416.5098256403798,103
2024-09-16 10:45:57.292,416.5003019302462,5
2024-09-16 10:45:57.294,416.5329752043128,102
2024-09-16 10:45:57.931,416.513490605933,100
2024-09-16 10:45:58.006,416.47185928989614,995
2024-09-16 10:45:58.042,416.42848790261297,1001
2024-09-16 10:45:58.146,416.480693386826,95
2024-09-16 10:45:58.149,416.3974048794572,7
2024-09-16 10:45:58.168,416.4350522870119,1003
2024-09-16 10:45:58.213,416.3898100193121,103
2024-09-16 10:45:58.220,416.42088313471055,12
2024-09-16 10:45:58.246,416.40525480775534,7
2024-09-16 10:45:58.263,416.4700628199246,999
2024-09-16 10:45:58.292,416.480975583564,102
2024-09-16 10:45:58.326,416.4554547007591,996
2024-09-16 10:45:58.347,416.4561156295191,95
2024-09-16 10:45:58.373,416.3931878599258,97
2024-09-16 10:45:58.430,416.40182117697344,1004
2024-09-16 10:45:58.448,416.43496166311616,7
2024-09-16 10:45:58.459,416.4667906034181,100
2024-09-16 10:45:58.541,416.3374158947502,101
2024-09-16 10:45:58.565,416.4297557265221,998
2024-09-16 10:45:58.664,416.35467587593234,1002
2024-09-16 10:45:58.675,416.4499722842533,104
2024-09-16 10:45:58.713,416.4352359760058,102
2024-09-16 10:45:58.727,416.3874260287543,7
2024-09-16 10:45:58.787,416.3537363421634,104
2024-09-16 10:45:58.849,416.4330206143997,103
2024-09-16 10:45:58.895,416.4308924186533,103
2024-09-16 10:45:58.932,416.4417845555536,9
2024-09-16 10:45:58.940,416.397802044768,995
2024-09-16 10:45:59.198,416.34358384695855,1000
2024-09-16 10:45:59.946,416.36178398914507,998
