Timestamp,Price,Size
2024-09-17 13:50:00.034,401.34731561552536,100
2024-09-17 13:50:00.070,401.3714312774641,995
2024-09-17 13:50:00.275,401.3481636546478,102
2024-09-17 13:50:00.578,401.34086730420046,100
2024-09-17 13:50:00.607,401.3595913757486,1005
2024-09-17 13:50:00.660,401.360933897376,96
2024-09-17 13:50:00.873,401.3491434661305,11
2024-09-17 13:50:01.089,401.3114566332509,105
2024-09-17 13:50:01.130,401.3166370752844,10
2024-09-17 13:50:01.241,401.3290891076387,101
2024-09-17 13:50:01.255,401.3081684982205,102
2024-09-17 13:50:01.307,401.3338871017536,997
2024-09-17 13:50:01.459,401.33049242567085,103
2024-09-17 13:50:01.510,401.3263377216833,105
2024-09-17 13:50:01.513,401.3178624794136,9
2024-09-17 13:50:01.629,401.3398381999889,13
2024-09-17 13:50:01.988,401.3163871001014,15
2024-09-17 13:50:02.002,401.288126364815,1004
2024-09-17 13:50:02.072,401.328162374409,101
2024-09-17 13:50:02.074,401.2112895237212,1004
2024-09-17 13:50:02.113,401.1926846582703,11
2024-09-17 13:50:02.122,401.2335391615848,996
2024-09-17 13:50:02.178,401.19386607801584,13
2024-09-17 13:50:02.218,401.1791798997565,97
2024-09-17 13:50:02.240,401.2059315234072,1000
2024-09-17 13:50:02.242,401.2515368955287,995
2024-09-17 13:50:02.344,401.2243676351612,96
2024-09-17 13:50:02.346,401.2263465212851,1001
2024-09-17 13:50:02.410,401.2257643174941,103
2024-09-17 13:50:02.415,401.21971462327446,13
2024-09-17 13:50:02.474,401.2984756033907,95
2024-09-17 13:50:02.502,401.2336125787703,1001
2024-09-17 13:50:02.670,401.1896450877844,98
2024-09-17 13:50:02.729,401.2321605693126,15
2024-09-17 13:50:02.765,401.1914809656917,103
2024-09-17 13:50:02.769,401.2858825880624,97
2024-09-17 13:50:02.799,401.23525141042654,13
2024-09-17 13:50:02.805,401.1973253027755,5
2024-09-17 13:50:02.819,401.2012079534804,95
2024-09-17 13:50:02.856,401.2019281077757,1003
2024-09-17 13:50:02.864,401.20069528336165,6
2024-09-17 13:50:02.922,401.1897409943597,101
2024-09-17 13:50:02.934,401.2323867297976,14
2024-09-17 13:50:02.938,401.2194272429203,105
2024-09-17 13:50:02.949,401.2992242105177,98
2024-09-17 13:50:02.957,401.22586383370464,95
2024-09-17 13:50:03.018,401.14296858656985,97
2024-09-17 13:50:03.084,401.1337193019818,12
2024-09-17 13:50:03.111,,14
2024-09-17 13:50:03.179,-401.1843225891204,105
2024-09-17 13:50:03.183,401.1410650177457,6
2024-09-17 13:50:03.300,401.1418524207013,6
2024-09-17 13:50:03.306,401.19006105889696,997
2024-09-17 13:50:03.366,401.1515543054242,102
2024-09-17 13:50:03.392,401.1652215837148,9
2024-09-17 13:50:03.437,401.13038371146206,105
2024-09-17 13:50:03.492,401.1618128607632,995
2024-09-17 13:50:03.501,401.1743570072123,15
2024-09-17 13:50:03.576,401.208076630464,95
2024-09-17 13:50:03.583,401.1930696479073,1003
2024-09-17 13:50:03.680,401.1644894836491,105
2024-09-17 13:50:03.731,401.2006291163746,999
2024-09-17 13:50:03.745,401.18899443903047,995
2024-09-17 13:50:03.746,401.1740392045376,98
2024-09-17 13:50:03.748,401.13335922196455,8
2024-09-17 13:50:03.878,401.16153869803605,1001
2024-09-17 13:50:03.904,401.17834902672,104
2024-09-17 13:50:03.962,401.1944618413117,1001
2024-09-17 13:50:04.000,401.1813153085766,96
2024-09-17 13:50:04.022,401.1750157582835,999
2024-09-17 13:50:04.025,401.193022463306,5
2024-09-17 13:50:04.142,401.2037931423148,5
2024-09-17 13:50:04.177,401.2100590719626,998
2024-09-17 13:50:04.239,401.13436685266703,1002
2024-09-17 13:50:04.385,40.11597748361991,100
2024-09-17 13:50:04.395,401.2073503087198,9
2024-09-17 13:50:04.445,401.1885137798873,996
2024-09-17 13:50:04.447,401.1263783767605,104
2024-09-17 13:50:04.476,401.2021622821607,1003
2024-09-17 13:50:04.510,401.1959148309163,998
2024-09-17 13:50:04.520,401.1999008282991,96
2024-09-17 13:50:04.544,401.2060816795952,12
2024-09-17 13:50:04.546,401.1278198887968,6
2024-09-17 13:50:04.559,401.1774288682655,9
2024-09-17 13:50:04.624,401.2257698737956,999
2024-09-17 13:50:04.629,401.191973393756,7
2024-09-17 13:50:04.668,401.1194147939856,101
2024-09-17 13:50:04.686,401.193435977555,100
2024-09-17 13:50:04.722,401.1365476647516,102
2024-09-17 13:50:04.732,401.1988508842433,99
2024-09-17 13:50:04.741,401.1686027211043,105
2024-09-17 13:50:04.768,401.2135090210904,101
2024-09-17 13:50:04.909,401.1909179439554,995
2024-09-17 13:50:04.945,401.13750651769385,12
2024-09-17 13:50:04.963,401.1393614636455,1003
2024-09-17 13:50:04.970,401.2108451736783,7
2024-09-17 13:50:04.993,401.1860580617424,1001
2024-09-17 13:50:05.083,401.11382690021856,96
2024-09-17 13:50:05.114,401.1425966006042,100
2024-09-17 13:50:05.174,401.1175299879307,1005
2024-09-17 13:50:05.175,401.17110713221234,95
2024-09-17 13:50:05.204,401.1230559154646,1000
2024-09-17 13:50:05.219,401.1752305488764,103
2024-09-17 13:50:05.233,401.1734074287597,9
2024-09-17 13:50:05.354,401.16272115495445,1003
2024-09-17 13:50:05.369,401.1296991743085,1002
2024-09-17 13:50:05.371,401.147406600073,1000
2024-09-17 13:50:05.396,401.1481294224133,15
2024-09-17 13:50:05.463,401.1822441191901,97
2024-09-17 13:50:05.472,401.1756441135823,1005
2024-09-17 13:50:05.504,40.11732368696289,96
2024-09-17 13:50:05.505,401.13599088053576,995
2024-09-17 13:50:05.550,401.12572333611774,11
2024-09-17 13:50:05.560,401.1385141934832,1002
2024-09-17 13:50:05.573,401.14482297807416,7
2024-09-17 13:50:05.677,401.1658244992853,98
2024-09-17 13:50:05.687,401.1509243451773,7
2024-09-17 13:50:05.755,401.17373755454,1001
2024-09-17 13:50:05.783,401.1740961768359,105
2024-09-17 13:50:05.790,401.12767021327744,999
2024-09-17 13:50:05.815,401.14205694064486,995
2024-09-17 13:50:05.845,40.11435361664246,1000
2024-09-17 13:50:05.912,401.1419027347485,12
2024-09-17 13:50:05.933,401.1225824353927,1001
2024-09-17 13:50:05.936,401.1397046556661,10
2024-09-17 13:50:05.996,401.1311842636202,1004
2024-09-17 13:50:06.041,401.2260774025416,97
2024-09-17 13:50:06.069,401.2064179753616,14
2024-09-17 13:50:06.214,401.164638946637,97
2024-09-17 13:50:06.273,401.1605998483136,1002
2024-09-17 13:50:06.286,401.1756630220721,100
2024-09-17 13:50:06.351,-401.1686875925613,96
2024-09-17 13:50:06.389,401.1861001377191,98
2024-09-17 13:50:06.443,-401.20178481578375,999
2024-09-17 13:50:06.461,401.1668637479534,100
2024-09-17 13:50:06.485,401.24045180696265,6
2024-09-17 13:50:06.491,401.1927825453676,103
2024-09-17 13:50:06.510,401.1675714510495,11
2024-09-17 13:50:06.613,401.1853405105156,98
2024-09-17 13:50:06.620,401.1473282719009,104
2024-09-17 13:50:06.847,401.2325958541601,9
2024-09-17 13:50:06.851,401.2181715499494,100
2024-09-17 13:50:06.867,401.2069502022403,1005
2024-09-17 13:50:06.926,401.2081506179096,102
2024-09-17 13:50:06.953,401.1845484160983,5
2024-09-17 13:50:07.025,401.2229693584408,1005
2024-09-17 13:50:07.035,401.256524705972,99
2024-09-17 13:50:07.056,401.2509032429408,96
2024-09-17 13:50:07.086,401.2618764688659,1002
2024-09-17 13:50:07.118,401.2615155498383,11
2024-09-17 13:50:07.145,401.2235921619367,96
2024-09-17 13:50:07.157,401.2229501517013,997
2024-09-17 13:50:07.170,401.196788671174,100
2024-09-17 13:50:07.191,401.2542883997106,12
2024-09-17 13:50:07.213,401.1793676119761,995
2024-09-17 13:50:07.222,401.2655597122817,1001
2024-09-17 13:50:07.268,401.2013840207681,1001
2024-09-17 13:50:07.286,401.2221423966975,99
2024-09-17 13:50:07.345,401.2383276480362,995
2024-09-17 13:50:07.351,401.2611176997333,996
2024-09-17 13:50:07.387,401.1848068003425,103
2024-09-17 13:50:07.446,401.2226780558539,10
2024-09-17 13:50:07.452,401.1876914668031,7
2024-09-17 13:50:07.541,401.1995582725097,96
2024-09-17 13:50:07.560,401.2373671417548,1000
2024-09-17 13:50:07.585,401.19918548907,99
2024-09-17 13:50:07.593,401.2062416445285,997
2024-09-17 13:50:07.703,401.21242641175513,11
2024-09-17 13:50:07.716,401.2116141318609,999
2024-09-17 13:50:07.724,401.1827305491031,6
2024-09-17 13:50:07.791,401.2452674296976,997
2024-09-17 13:50:07.978,401.20686297206856,998
2024-09-17 13:50:08.068,401.2821064442831,996
2024-09-17 13:50:08.072,40.127044575644014,11
2024-09-17 13:50:08.139,401.27678600436985,998
2024-09-17 13:50:08.175,401.2984033608034,97
2024-09-17 13:50:08.211,401.2675694593414,13
2024-09-17 13:50:08.261,401.27057339132176,997
2024-09-17 13:50:08.306,401.26687627293467,12
2024-09-17 13:50:08.341,401.2952981549157,5
2024-09-17 13:50:08.365,401.27512119746143,14
2024-09-17 13:50:08.474,401.27095857828095,13
2024-09-17 13:50:08.488,401.2703866091102,97
2024-09-17 13:50:08.576,401.2529173905592,11
2024-09-17 13:50:08.583,401.2910830885953,98
2024-09-17 13:50:08.616,401.2740608629077,100
2024-09-17 13:50:08.690,401.2657461519554,95
2024-09-17 13:50:08.886,401.2851564296623,1001
2024-09-17 13:50:08.958,401.2746003688762,1001
2024-09-17 13:50:08.962,401.27173957647005,104
2024-09-17 13:50:08.977,401.2694020081453,1000
2024-09-17 13:50:09.013,401.3109442578317,1000
2024-09-17 13:50:09.086,401.30554165675807,101
2024-09-17 13:50:09.161,401.30901438601376,996
2024-09-17 13:50:09.209,401.3067815999706,998
2024-09-17 13:50:09.227,,104
2024-09-17 13:50:09.296,401.2811499458757,996
2024-09-17 13:50:09.350,401.2907660297579,995
2024-09-17 13:50:09.484,401.3410001800357,1002
2024-09-17 13:50:09.611,401.283626247122,1003
2024-09-17 13:50:09.644,401.2675566764743,100
2024-09-17 13:50:09.672,401.33713162027846,998
2024-09-17 13:50:09.763,401.3782996168112,999
2024-09-17 13:50:09.791,401.2871552544325,8
2024-09-17 13:50:09.976,401.3640528364904,96
2024-09-17 13:50:10.011,401.3848972448341,100
2024-09-17 13:50:10.020,401.3664958007034,995
2024-09-17 13:50:10.178,401.3820087966743,95
2024-09-17 13:50:10.233,401.3798732547153,5
2024-09-17 13:50:10.261,401.405413066905,1000
2024-09-17 13:50:10.330,401.3938878091839,7
2024-09-17 13:50:10.404,401.3855990643049,95
2024-09-17 13:50:10.424,401.4086708833489,999
2024-09-17 13:50:10.434,401.3852187416157,102
2024-09-17 13:50:10.467,401.3633115504845,101
2024-09-17 13:50:10.480,401.3916410575434,8
2024-09-17 13:50:10.519,401.381988125411,104
2024-09-17 13:50:10.521,401.3587576152045,10
2024-09-17 13:50:10.554,401.39968682138186,1004
2024-09-17 13:50:10.584,401.39776721631085,997
2024-09-17 13:50:10.592,401.4096115339923,996
2024-09-17 13:50:10.638,-401.37217193136746,1003
2024-09-17 13:50:10.700,401.397316062156,13
2024-09-17 13:50:10.709,401.3739360331937,99
2024-09-17 13:50:10.715,401.3666247254587,10
2024-09-17 13:50:10.747,401.39609144434985,100
2024-09-17 13:50:10.763,401.3956489709789,1001
2024-09-17 13:50:10.882,401.4012417047538,103
2024-09-17 13:50:11.017,401.3709799187952,102
2024-09-17 13:50:11.227,401.37346059335454,102
2024-09-17 13:50:12.112,401.3809504801592,13
2024-09-17 13:50:12.229,401.3609355193117,998
2024-09-17 13:50:12.276,401.3757086240443,105
2024-09-17 13:50:12.489,401.3911737466002,13
2024-09-17 13:50:12.862,401.3846034695637,14
2024-09-17 13:50:12.889,401.3891749345794,1003
2024-09-17 13:50:13.004,401.3550497456205,98
2024-09-17 13:50:13.053,401.3353372930368,99
2024-09-17 13:50:13.055,401.3809219653891,8
2024-09-17 13:50:13.105,401.3724724473335,15
2024-09-17 13:50:13.112,401.3412503871639,15
2024-09-17 13:50:13.137,401.3828996686631,996
2024-09-17 13:50:13.154,401.3381259682413,7
2024-09-17 13:50:13.195,401.3408481757542,100
2024-09-17 13:50:13.321,401.35627851058615,11
2024-09-17 13:50:13.365,401.3522602473483,997
2024-09-17 13:50:13.376,401.3726790533977,105
2024-09-17 13:50:13.435,401.3563160960988,101
2024-09-17 13:50:13.483,401.3562728151731,997
2024-09-17 13:50:13.593,401.3632668817714,96
2024-09-17 13:50:13.655,401.3441272181805,998
2024-09-17 13:50:13.709,401.3395475863166,13
2024-09-17 13:50:13.742,401.35333384643553,7
2024-09-17 13:50:13.812,401.3457138889302,7
2024-09-17 13:50:13.824,401.3616686479675,11
2024-09-17 13:50:13.855,,995
2024-09-17 13:50:13.857,401.366908660154,96
2024-09-17 13:50:13.877,401.352482947534,6
2024-09-17 13:50:13.925,401.3559578884129,97
2024-09-17 13:50:14.217,40.13669962997872,12
2024-09-17 13:50:14.298,401.3806956540622,998
2024-09-17 13:50:14.372,401.357509678409,104
2024-09-17 13:50:14.393,401.3871564673351,99
2024-09-17 13:50:14.443,401.3711362462482,6
2024-09-17 13:50:14.552,401.3671765188234,96
2024-09-17 13:50:14.772,401.3759182805039,6
2024-09-17 13:50:15.067,401.3849464754572,9
2024-09-17 13:50:15.144,401.3818956230237,1000
2024-09-17 13:50:15.190,401.35658648392143,1000
2024-09-17 13:50:15.261,401.3843046764578,1005
2024-09-17 13:50:15.439,401.3751538536522,1003
2024-09-17 13:50:15.451,401.3922308456507,13
2024-09-17 13:50:15.559,401.362527019037,12
2024-09-17 13:50:15.586,401.360372504697,97
2024-09-17 13:50:15.856,401.3676342258647,100
2024-09-17 13:50:15.981,401.3953161255717,996
2024-09-17 13:50:16.067,401.3893705273867,999
2024-09-17 13:50:16.109,401.3754524667072,12
2024-09-17 13:50:16.194,401.39951346507166,10
2024-09-17 13:50:16.589,401.3868308823175,97
2024-09-17 13:50:16.611,401.3926753593364,995
2024-09-17 13:50:16.663,401.3928768205106,1002
2024-09-17 13:50:16.811,401.4008197157968,100
2024-09-17 13:50:16.886,401.3918785467738,1004
2024-09-17 13:50:16.895,401.40389298551,102
2024-09-17 13:50:17.101,401.3816734196405,996
2024-09-17 13:50:17.142,401.37897429119215,1004
2024-09-17 13:50:17.156,401.37660573824746,103
2024-09-17 13:50:17.178,401.39558387749184,10
2024-09-17 13:50:17.290,401.37545959954616,7
2024-09-17 13:50:17.351,,6
2024-09-17 13:50:17.363,401.3796245980571,11
2024-09-17 13:50:17.622,401.3625326232558,98
2024-09-17 13:50:17.651,401.3803902835113,13
2024-09-17 13:50:17.737,401.38868193102047,1002
2024-09-17 13:50:17.738,401.37569567664144,1004
2024-09-17 13:50:17.767,401.3756141393624,997
2024-09-17 13:50:17.773,401.3674371993497,98
2024-09-17 13:50:17.776,401.371871882799,10
2024-09-17 13:50:17.788,401.4011189293893,8
2024-09-17 13:50:17.861,401.35804338342086,997
2024-09-17 13:50:17.922,401.3924598575064,99
2024-09-17 13:50:17.936,401.3831695627952,997
2024-09-17 13:50:18.187,,1002
2024-09-17 13:50:18.314,401.4298570152573,101
2024-09-17 13:50:18.420,401.41985440061535,998
2024-09-17 13:50:18.497,40.14174749119596,15
2024-09-17 13:50:18.664,401.43678906746567,99
2024-09-17 13:50:18.703,401.4003527394903,998
2024-09-17 13:50:18.720,401.39431667697664,995
2024-09-17 13:50:18.969,401.3607803995177,100
2024-09-17 13:50:19.046,401.42729405632986,104
2024-09-17 13:50:19.081,401.4594972362293,105
2024-09-17 13:50:19.196,401.4490960215053,995
2024-09-17 13:50:19.212,401.4542808074332,5
2024-09-17 13:50:19.338,401.4392675326661,1000
2024-09-17 13:50:19.364,401.43117989281353,997
2024-09-17 13:50:19.488,-401.4557746998837,97
2024-09-17 13:50:19.575,401.46797318741926,95
2024-09-17 13:50:19.577,401.4570363493743,1005
2024-09-17 13:50:19.716,401.4514103184287,1005
2024-09-17 13:50:19.862,401.4482355971697,1000
2024-09-17 13:50:19.914,401.42848715263233,1003
2024-09-17 13:50:19.918,401.4566946742594,104
2024-09-17 13:50:19.943,401.4492347040816,99
2024-09-17 13:50:20.011,401.4429602025481,999
2024-09-17 13:50:20.042,,997
2024-09-17 13:50:20.078,401.41447821444257,1005
2024-09-17 13:50:20.087,401.42697631489,100
2024-09-17 13:50:20.097,401.4312455091784,99
2024-09-17 13:50:20.163,401.4381857918297,12
2024-09-17 13:50:20.245,401.4405628581665,999
2024-09-17 13:50:20.293,401.4282486969877,996
2024-09-17 13:50:20.315,-401.43655116709954,101
2024-09-17 13:50:20.323,401.4359987494583,100
2024-09-17 13:50:20.442,401.4371666276032,105
2024-09-17 13:50:20.442,401.4237453054483,95
2024-09-17 13:50:20.465,401.4331558685273,1002
2024-09-17 13:50:20.598,401.441199270192,102
2024-09-17 13:50:20.667,401.42814263191246,8
2024-09-17 13:50:20.735,401.43758429029,101
2024-09-17 13:50:20.738,401.43238109436913,101
2024-09-17 13:50:20.838,401.4311216211452,8
2024-09-17 13:50:20.897,401.4201762773139,1005
2024-09-17 13:50:20.903,401.4352448972019,99
2024-09-17 13:50:20.919,401.4537473549752,999
2024-09-17 13:50:20.925,401.4523659511594,9
2024-09-17 13:50:20.939,401.4463057751998,98
2024-09-17 13:50:20.944,401.4162454209341,99
2024-09-17 13:50:20.968,401.4386684024491,105
2024-09-17 13:50:21.036,401.4637060005711,14
2024-09-17 13:50:21.078,401.4964836705082,101
2024-09-17 13:50:21.106,401.47131967129206,1000
2024-09-17 13:50:21.123,401.4772390839272,95
2024-09-17 13:50:21.139,401.4957203980636,1000
2024-09-17 13:50:21.162,401.4872240552708,1001
2024-09-17 13:50:21.165,401.52962743675687,11
2024-09-17 13:50:21.196,401.4697393301295,102
2024-09-17 13:50:21.391,401.4472853504462,98
2024-09-17 13:50:21.497,401.4744871462632,1000
2024-09-17 13:50:21.530,401.4860724222712,96
2024-09-17 13:50:21.556,401.46700486011247,103
2024-09-17 13:50:21.557,401.4643466326923,998
2024-09-17 13:50:21.622,401.4417929207056,1004
2024-09-17 13:50:21.664,401.5039739077933,1000
2024-09-17 13:50:21.715,401.4541736323251,11
2024-09-17 13:50:21.741,401.4833787584908,998
2024-09-17 13:50:21.877,401.4434095036656,95
2024-09-17 13:50:21.881,401.52487690079937,1003
2024-09-17 13:50:22.022,401.5008882542246,13
2024-09-17 13:50:22.037,40.149095493572936,1002
2024-09-17 13:50:22.039,401.5103487063856,100
2024-09-17 13:50:22.098,401.4955403994073,8
2024-09-17 13:50:22.114,401.4639672875739,999
2024-09-17 13:50:22.134,401.48329324185664,105
2024-09-17 13:50:22.174,401.5111337005745,997
2024-09-17 13:50:22.268,401.4818446013919,15
2024-09-17 13:50:22.353,401.4414813619799,98
2024-09-17 13:50:22.368,401.49586520186574,1000
2024-09-17 13:50:22.421,401.4891525214409,102
2024-09-17 13:50:22.509,401.4911603225732,1005
2024-09-17 13:50:22.519,401.5004238181641,104
2024-09-17 13:50:22.562,401.5033772698337,95
2024-09-17 13:50:22.588,401.5121215306576,1003
2024-09-17 13:50:22.666,401.4827987472975,98
2024-09-17 13:50:22.721,401.51418792686377,1001
2024-09-17 13:50:22.780,401.4798770034458,105
2024-09-17 13:50:22.892,401.4694530230926,1005
2024-09-17 13:50:22.950,401.5066499431029,12
2024-09-17 13:50:22.972,401.4580726189613,997
2024-09-17 13:50:22.993,401.4825428539359,95
2024-09-17 13:50:23.102,401.4193298668196,13
2024-09-17 13:50:23.157,401.4565508634247,103
2024-09-17 13:50:23.193,401.4354454359648,14
2024-09-17 13:50:23.229,401.4293239465174,5
2024-09-17 13:50:23.232,401.4179527931316,12
2024-09-17 13:50:23.236,401.4820638102181,96
2024-09-17 13:50:23.364,401.4623496240004,1003
2024-09-17 13:50:23.418,401.4759581864761,995
2024-09-17 13:50:23.432,401.438079182448,105
2024-09-17 13:50:23.558,401.42132329198233,99
2024-09-17 13:50:23.575,401.4428667663466,95
2024-09-17 13:50:23.636,401.4974056003747,100
2024-09-17 13:50:23.672,401.4610668403646,6
2024-09-17 13:50:23.718,401.4280256406354,999
2024-09-17 13:50:23.730,401.4383638448857,5
2024-09-17 13:50:23.754,401.439201798651,15
2024-09-17 13:50:23.785,401.4381134646053,7
2024-09-17 13:50:23.812,401.4545163781086,1000
2024-09-17 13:50:23.837,401.4168813905109,102
2024-09-17 13:50:23.934,401.4282310404076,1002
2024-09-17 13:50:23.952,401.4564425312495,105
2024-09-17 13:50:24.655,401.4769781791741,103
2024-09-17 13:50:24.742,401.4562505065247,11
2024-09-17 13:50:24.893,401.47557244906665,13
2024-09-17 13:50:24.937,401.4661869447079,1001
2024-09-17 13:50:25.184,401.5079066956408,997
2024-09-17 13:50:25.348,401.4603966730946,15
2024-09-17 13:50:25.453,401.4983825889767,5
2024-09-17 13:50:25.485,401.4827867372008,15
2024-09-17 13:50:25.514,401.4777770254429,1000
2024-09-17 13:50:25.542,401.4515995366447,1003
2024-09-17 13:50:25.592,401.4967230156016,103
2024-09-17 13:50:25.619,401.4637962907817,105
2024-09-17 13:50:25.643,401.4740982657804,998
2024-09-17 13:50:25.696,401.48517557540055,13
2024-09-17 13:50:25.699,401.47272985908376,8
2024-09-17 13:50:25.767,401.49383588667337,10
2024-09-17 13:50:25.864,401.47636349236063,100
2024-09-17 13:50:25.993,401.4810063724479,998
2024-09-17 13:50:26.119,401.52517180755433,1005
2024-09-17 13:50:26.757,401.52168175126894,1005
2024-09-17 13:50:26.957,401.5133833577092,10
2024-09-17 13:50:27.225,401.514832284389,1005
2024-09-17 13:50:27.306,401.5186044383958,95
2024-09-17 13:50:27.745,401.5140754197822,1005
2024-09-17 13:50:27.983,401.4980686031887,1003
2024-09-17 13:50:28.014,401.5275030742214,100
2024-09-17 13:50:28.031,401.4810754759096,95
2024-09-17 13:50:28.047,401.5075057297433,100
2024-09-17 13:50:28.079,401.50671482834287,997
2024-09-17 13:50:28.141,401.5082379783195,997
2024-09-17 13:50:28.205,401.4919098188712,1002
2024-09-17 13:50:28.268,401.52448637527306,102
2024-09-17 13:50:28.277,401.51843594536825,998
2024-09-17 13:50:28.313,401.49928850580585,5
2024-09-17 13:50:28.338,401.51680412316745,10
2024-09-17 13:50:28.392,401.4954830190211,7
2024-09-17 13:50:28.496,401.5187954160608,12
2024-09-17 13:50:28.501,401.4840815848091,8
2024-09-17 13:50:28.590,401.4999584144813,10
2024-09-17 13:50:28.599,401.4892248898663,11
2024-09-17 13:50:28.604,401.5093931897807,996
2024-09-17 13:50:28.665,401.50363272567466,1002
2024-09-17 13:50:28.679,401.5150537261957,104
2024-09-17 13:50:28.697,401.51282288265054,997
2024-09-17 13:50:28.701,401.4960351234053,5
2024-09-17 13:50:28.714,401.5191375260191,1001
2024-09-17 13:50:28.772,401.4952627351788,995
2024-09-17 13:50:28.832,401.5173276065081,998
2024-09-17 13:50:28.833,401.5138805783072,1002
2024-09-17 13:50:28.859,401.5148643863169,14
2024-09-17 13:50:28.876,401.5298301509674,998
2024-09-17 13:50:28.881,401.5053388069929,96
2024-09-17 13:50:28.891,401.4979177783437,1001
2024-09-17 13:50:28.907,401.5274220563229,97
2024-09-17 13:50:28.936,401.499272696092,997
2024-09-17 13:50:29.018,401.46178109589454,100
2024-09-17 13:50:29.025,401.4607818678257,997
2024-09-17 13:50:29.051,401.4942310452368,999
2024-09-17 13:50:29.053,401.4757467443985,999
2024-09-17 13:50:29.105,401.4768443595368,105
2024-09-17 13:50:29.129,401.4982782371765,997
2024-09-17 13:50:29.159,401.48838799766713,999
2024-09-17 13:50:29.222,401.4861138716885,1004
2024-09-17 13:50:29.237,401.4902528009732,97
2024-09-17 13:50:29.239,401.49415084718026,103
2024-09-17 13:50:29.239,40.15301691221461,14
2024-09-17 13:50:29.271,401.4590083421648,95
2024-09-17 13:50:29.367,401.4814042427779,12
2024-09-17 13:50:29.430,401.5201806149074,996
2024-09-17 13:50:29.454,401.47539527918127,14
2024-09-17 13:50:29.492,401.4673696146867,1005
2024-09-17 13:50:29.635,401.5325098216825,997
2024-09-17 13:50:29.667,401.4917386262305,996
2024-09-17 13:50:29.681,401.4943658970489,1004
2024-09-17 13:50:29.689,401.5337142470491,10
2024-09-17 13:50:29.704,401.486502560738,104
2024-09-17 13:50:29.808,401.4648707840827,11
2024-09-17 13:50:29.828,401.504578537064,95
2024-09-17 13:50:29.921,401.5216364185022,1004
2024-09-17 13:50:29.952,401.4830162061224,10
2024-09-17 13:50:29.966,401.5205520249464,100
2024-09-17 13:50:29.971,401.50850823433416,999
2024-09-17 13:50:29.979,401.4639712092726,102
2024-09-17 13:50:30.080,401.52677784061,98
2024-09-17 13:50:30.083,401.5216333558634,998
2024-09-17 13:50:30.162,401.5278892350427,96
2024-09-17 13:50:30.203,401.5075466117471,5
2024-09-17 13:50:30.239,401.5092882875634,11
2024-09-17 13:50:30.326,401.51373632455216,7
2024-09-17 13:50:30.348,401.5294459834835,102
2024-09-17 13:50:30.440,401.509445624224,15
2024-09-17 13:50:30.486,401.5296130282943,7
2024-09-17 13:50:30.597,401.5373788835516,100
2024-09-17 13:50:30.634,401.550199939704,998
2024-09-17 13:50:30.652,401.5246571414999,14
2024-09-17 13:50:30.813,401.5158938163094,98
2024-09-17 13:50:30.969,401.52619058558383,13
2024-09-17 13:50:31.024,401.4946649399419,14
2024-09-17 13:50:31.095,401.45538960347216,995
2024-09-17 13:50:31.124,401.5133521903567,5
2024-09-17 13:50:31.134,401.4734780030657,1004
2024-09-17 13:50:31.202,401.4468442639529,996
2024-09-17 13:50:31.255,401.4562917460921,98
2024-09-17 13:50:31.284,401.5100440958044,1002
2024-09-17 13:50:31.302,401.5338457974973,104
2024-09-17 13:50:31.356,401.4302175603076,8
2024-09-17 13:50:31.432,401.5289695536673,999
2024-09-17 13:50:31.495,401.4372381787314,100
2024-09-17 13:50:31.511,401.5415458902808,1001
2024-09-17 13:50:31.531,401.5184867652438,1003
2024-09-17 13:50:31.538,401.5059844214125,5
2024-09-17 13:50:31.558,401.476701146201,96
2024-09-17 13:50:31.581,401.46977118028127,103
2024-09-17 13:50:31.605,401.532400257378,1003
2024-09-17 13:50:31.692,401.544651935584,1005
2024-09-17 13:50:31.698,401.51312770600094,14
2024-09-17 13:50:31.727,401.4526113961271,995
2024-09-17 13:50:31.765,401.45164492841343,1003
2024-09-17 13:50:31.833,401.5186395505417,999
2024-09-17 13:50:31.853,401.515546702878,995
2024-09-17 13:50:31.977,401.48742330062106,105
2024-09-17 13:50:31.989,401.5264163433204,98
2024-09-17 13:50:31.992,401.52964102545,11
2024-09-17 13:50:32.045,401.4202659124548,12
2024-09-17 13:50:32.090,401.4085942633224,101
2024-09-17 13:50:32.142,401.3977257450996,10
2024-09-17 13:50:32.164,401.421759133176,1005
2024-09-17 13:50:32.184,401.4411051098815,104
2024-09-17 13:50:32.189,401.42943202684967,103
2024-09-17 13:50:32.197,401.4532369048969,10
2024-09-17 13:50:32.262,401.3996961055976,997
2024-09-17 13:50:32.328,401.4349773249813,14
2024-09-17 13:50:32.607,401.4169075681039,9
2024-09-17 13:50:32.614,401.40341933975503,8
2024-09-17 13:50:32.797,401.4016830977304,98
2024-09-17 13:50:32.828,401.43145734650136,97
2024-09-17 13:50:32.838,401.4109653870706,999
2024-09-17 13:50:32.862,401.4004782684178,13
2024-09-17 13:50:33.022,401.4726087745267,15
2024-09-17 13:50:33.054,401.47922785654094,1001
2024-09-17 13:50:33.072,401.4633497036504,98
2024-09-17 13:50:33.100,401.4277406668363,997
2024-09-17 13:50:33.214,401.4586695693847,1005
2024-09-17 13:50:33.228,401.4641573178012,101
2024-09-17 13:50:33.259,401.42542947191487,100
2024-09-17 13:50:33.284,401.4454713979037,9
2024-09-17 13:50:33.315,401.4808035695809,5
2024-09-17 13:50:33.355,40.14587337043261,1004
2024-09-17 13:50:33.442,401.4500435565456,105
2024-09-17 13:50:33.444,401.4508840953093,995
2024-09-17 13:50:33.503,401.4708409168919,1004
2024-09-17 13:50:33.510,401.4235645729921,104
2024-09-17 13:50:33.519,401.45966021741657,105
2024-09-17 13:50:33.607,401.4579282195598,14
2024-09-17 13:50:33.727,401.46908465758486,1001
2024-09-17 13:50:33.741,401.4509307432996,97
2024-09-17 13:50:33.766,401.45521516534615,1002
2024-09-17 13:50:33.845,401.4571079972737,1001
2024-09-17 13:50:33.918,401.4503895237667,10
2024-09-17 13:50:34.003,401.4717325930539,103
2024-09-17 13:50:34.054,401.46716367499175,97
2024-09-17 13:50:34.337,401.4533839090054,9
2024-09-17 13:50:34.425,401.4597790441421,1003
2024-09-17 13:50:34.603,401.4533148192731,11
2024-09-17 13:50:34.744,401.4574443335511,102
2024-09-17 13:50:34.867,401.4582852686253,95
2024-09-17 13:50:35.001,401.4922916260278,101
2024-09-17 13:50:35.145,401.4318090199602,1004
2024-09-17 13:50:35.195,401.4435561384634,1002
2024-09-17 13:50:35.205,401.500790939533,99
2024-09-17 13:50:35.213,401.4591280315842,997
2024-09-17 13:50:35.222,401.505350902319,1002
2024-09-17 13:50:35.243,401.4900368215161,11
2024-09-17 13:50:35.276,401.4916734218083,1003
2024-09-17 13:50:35.276,401.3993611769908,999
2024-09-17 13:50:35.376,401.4235776618308,12
2024-09-17 13:50:35.414,401.44641738706736,105
2024-09-17 13:50:35.435,401.4669517981174,998
2024-09-17 13:50:35.480,401.5107077974262,103
2024-09-17 13:50:35.501,401.4755983743544,11
2024-09-17 13:50:35.518,401.49901598796697,99
2024-09-17 13:50:35.579,401.48042231745166,104
2024-09-17 13:50:35.622,401.5062202983822,5
2024-09-17 13:50:35.625,401.4650076950118,101
2024-09-17 13:50:35.710,401.4758321494641,15
2024-09-17 13:50:35.712,401.4860838797883,1004
2024-09-17 13:50:35.733,401.47963093186274,1000
2024-09-17 13:50:35.735,401.4503141682608,1000
2024-09-17 13:50:35.767,401.4780521754205,8
2024-09-17 13:50:35.792,401.444053657782,6
2024-09-17 13:50:35.824,-401.4757674881873,102
2024-09-17 13:50:35.871,401.4720252706401,102
2024-09-17 13:50:35.983,401.5009363018677,97
2024-09-17 13:50:36.070,401.3933255343339,11
2024-09-17 13:50:36.085,401.4419177120555,101
2024-09-17 13:50:36.092,401.4007895741232,8
2024-09-17 13:50:36.156,401.4958216152333,12
2024-09-17 13:50:36.204,401.4836815170745,5
2024-09-17 13:50:36.328,401.4867324255232,11
2024-09-17 13:50:36.392,401.4868971755924,102
2024-09-17 13:50:36.407,401.4745075755001,9
2024-09-17 13:50:36.475,401.4729041454947,15
2024-09-17 13:50:36.503,401.3881241658834,1003
2024-09-17 13:50:36.545,401.4706685476319,103
2024-09-17 13:50:36.646,401.40193375454487,6
2024-09-17 13:50:36.654,401.39872313283263,13
2024-09-17 13:50:36.662,401.4202006865819,999
2024-09-17 13:50:36.686,401.4620068485201,5
2024-09-17 13:50:36.705,401.4556736922036,13
2024-09-17 13:50:36.728,401.4568903591097,98
2024-09-17 13:50:36.752,401.4802407931938,1005
2024-09-17 13:50:36.769,401.4153546294259,12
2024-09-17 13:50:36.799,401.5027843546843,9
2024-09-17 13:50:36.804,401.50149044872177,15
2024-09-17 13:50:36.982,401.4760526884722,7
2024-09-17 13:50:37.002,401.4271736490038,96
2024-09-17 13:50:37.004,401.4168855169467,100
2024-09-17 13:50:37.020,401.42578124215777,15
2024-09-17 13:50:37.026,401.4490365805903,1001
2024-09-17 13:50:37.029,401.4383651474315,13
2024-09-17 13:50:37.037,401.4406081672219,15
2024-09-17 13:50:37.078,401.45422270670224,1002
2024-09-17 13:50:37.159,401.4589075199419,101
2024-09-17 13:50:37.176,401.4748781369221,999
2024-09-17 13:50:37.210,401.40800349656325,100
2024-09-17 13:50:37.218,401.4647100276024,997
2024-09-17 13:50:37.229,401.4259458487576,15
2024-09-17 13:50:37.330,401.44819397423066,10
2024-09-17 13:50:37.386,401.4472810075512,1004
2024-09-17 13:50:37.486,401.43227088148205,1001
2024-09-17 13:50:37.511,401.4329083726732,1004
2024-09-17 13:50:37.663,401.4745252364942,5
2024-09-17 13:50:37.690,401.4778856899622,105
2024-09-17 13:50:37.691,401.4085283477108,99
2024-09-17 13:50:37.731,401.4227344458788,98
2024-09-17 13:50:37.791,401.41971313560606,997
2024-09-17 13:50:37.834,401.4440097040032,97
2024-09-17 13:50:37.840,401.4354793340783,6
2024-09-17 13:50:37.855,401.4525019332132,1001
2024-09-17 13:50:37.857,401.4166550737065,998
2024-09-17 13:50:37.868,401.4426091748012,1003
2024-09-17 13:50:37.993,401.42863906041646,10
2024-09-17 13:50:37.996,401.440919628998,1002
2024-09-17 13:50:38.005,401.4583971223736,1000
2024-09-17 13:50:38.152,401.45307962274967,105
2024-09-17 13:50:38.231,401.4631561596409,103
2024-09-17 13:50:38.284,401.4713884635418,998
2024-09-17 13:50:38.383,401.4501063915969,11
2024-09-17 13:50:38.387,401.4450337970677,104
2024-09-17 13:50:38.389,401.4607389805278,102
2024-09-17 13:50:38.705,401.4567312835405,97
2024-09-17 13:50:38.760,401.435724124961,1005
2024-09-17 13:50:38.784,401.4424580428313,9
2024-09-17 13:50:38.798,401.46507071665286,995
2024-09-17 13:50:38.815,401.4569886658541,1001
2024-09-17 13:50:38.899,401.45927895469,11
2024-09-17 13:50:38.900,401.467632056273,6
2024-09-17 13:50:38.912,401.46546050653393,15
2024-09-17 13:50:38.960,401.4641864687352,995
2024-09-17 13:50:38.978,401.46293975333833,1001
2024-09-17 13:50:38.983,401.454368236868,6
2024-09-17 13:50:39.051,401.4694232636599,96
2024-09-17 13:50:39.100,401.5459009283655,998
2024-09-17 13:50:39.152,401.473902649262,99
2024-09-17 13:50:39.246,401.4733761167863,13
2024-09-17 13:50:39.276,401.4612754830171,102
2024-09-17 13:50:39.292,401.4368227984204,999
2024-09-17 13:50:39.308,401.5519661086359,995
2024-09-17 13:50:39.356,401.5633278876981,1003
2024-09-17 13:50:39.365,401.528390109132,101
2024-09-17 13:50:39.382,401.54694670698126,1001
2024-09-17 13:50:39.447,401.4584537122449,14
2024-09-17 13:50:39.452,401.52664866408384,6
2024-09-17 13:50:39.460,401.45358766302274,102
2024-09-17 13:50:39.477,401.5110031806983,102
2024-09-17 13:50:39.487,401.5332414038138,1004
2024-09-17 13:50:39.490,401.4849070531574,999
2024-09-17 13:50:39.547,401.4668462720404,9
2024-09-17 13:50:39.554,401.4154514856063,5
2024-09-17 13:50:39.566,401.47099342528367,96
2024-09-17 13:50:39.584,401.5504687642823,98
2024-09-17 13:50:39.647,401.467279688675,103
2024-09-17 13:50:39.655,401.49810215346,102
2024-09-17 13:50:39.691,401.4965858798489,99
2024-09-17 13:50:39.747,401.4381591125549,96
2024-09-17 13:50:39.762,401.45274455927847,1005
2024-09-17 13:50:39.785,401.4594257373761,103
2024-09-17 13:50:39.810,401.4194880306528,8
2024-09-17 13:50:39.845,401.5577279370159,7
2024-09-17 13:50:39.849,401.43880106300384,5
2024-09-17 13:50:39.988,401.4179640193572,105
2024-09-17 13:50:40.175,401.5556517421965,997
2024-09-17 13:50:40.284,401.5629936965997,100
2024-09-17 13:50:40.367,401.5712627445527,996
2024-09-17 13:50:40.383,401.5745496228264,15
2024-09-17 13:50:40.524,401.5650977609656,1005
2024-09-17 13:50:40.595,401.5628919499019,102
2024-09-17 13:50:40.846,401.57120272548366,8
2024-09-17 13:50:40.990,401.5485535684308,103
2024-09-17 13:50:41.008,401.53238534328335,99
2024-09-17 13:50:41.015,401.5502752232049,998
2024-09-17 13:50:41.114,401.5441299470307,996
2024-09-17 13:50:41.251,401.53657981620864,14
2024-09-17 13:50:41.398,401.5534694159097,100
2024-09-17 13:50:41.498,401.5546491261403,1000
2024-09-17 13:50:41.555,401.5343178697107,5
2024-09-17 13:50:41.752,401.54856722111816,96
2024-09-17 13:50:41.877,401.5438619238778,997
2024-09-17 13:50:42.227,401.5541729485465,6
2024-09-17 13:50:42.588,401.545902507431,6
2024-09-17 13:50:42.845,401.539958723622,9
2024-09-17 13:50:42.962,401.5430519130839,996
2024-09-17 13:50:43.076,401.53214947032666,102
2024-09-17 13:50:43.082,401.5315805042282,6
2024-09-17 13:50:43.140,401.5463578283388,12
2024-09-17 13:50:43.172,401.51986194261593,997
2024-09-17 13:50:43.343,401.51970886514,105
2024-09-17 13:50:43.370,401.52452954060624,6
2024-09-17 13:50:43.391,401.52500734377736,96
2024-09-17 13:50:43.654,401.5264312133575,100
2024-09-17 13:50:44.058,401.4687674157319,103
2024-09-17 13:50:44.117,401.5041057324856,105
2024-09-17 13:50:44.226,401.4643028513375,8
2024-09-17 13:50:44.265,401.5079508474983,14
2024-09-17 13:50:44.286,401.45649443113,14
2024-09-17 13:50:44.333,401.4565967089552,995
2024-09-17 13:50:44.336,401.5456018332576,15
2024-09-17 13:50:44.374,401.4809701802316,8
2024-09-17 13:50:44.407,401.4564962227592,999
2024-09-17 13:50:44.432,401.463840505666,104
2024-09-17 13:50:44.517,401.4771688919951,101
2024-09-17 13:50:44.586,401.5227536452001,103
2024-09-17 13:50:44.604,401.4989647564816,13
2024-09-17 13:50:44.608,401.493811737882,999
2024-09-17 13:50:44.610,40.15418355298777,14
2024-09-17 13:50:44.621,401.5495136771949,1002
2024-09-17 13:50:44.725,401.5003918212625,10
2024-09-17 13:50:44.728,,102
2024-09-17 13:50:44.921,401.48344515152405,98
2024-09-17 13:50:44.922,401.4618711316057,7
2024-09-17 13:50:44.985,401.4920294399178,995
2024-09-17 13:50:46.004,401.5833312561834,997
2024-09-17 13:50:46.118,401.58556183442977,13
2024-09-17 13:50:46.118,401.5896131835536,95
2024-09-17 13:50:46.133,401.5939817998039,15
2024-09-17 13:50:46.192,401.5972766728647,14
2024-09-17 13:50:46.250,401.5759218252127,15
2024-09-17 13:50:46.267,401.5900218461624,12
2024-09-17 13:50:46.271,401.5918503566157,1001
2024-09-17 13:50:46.274,401.56746316830873,11
2024-09-17 13:50:46.317,401.59968069100586,12
2024-09-17 13:50:46.317,401.6020873844814,1004
2024-09-17 13:50:46.393,401.5721427068567,1003
2024-09-17 13:50:46.428,401.5941247016502,9
2024-09-17 13:50:46.429,401.5870684366711,1004
2024-09-17 13:50:46.469,401.5862186843098,102
2024-09-17 13:50:46.482,401.5985512308398,995
2024-09-17 13:50:46.512,401.5984446967326,15
2024-09-17 13:50:46.597,401.5949624206417,11
2024-09-17 13:50:46.611,-401.59168534434303,10
2024-09-17 13:50:46.627,401.571977757788,8
2024-09-17 13:50:46.650,401.5905886999834,8
2024-09-17 13:50:46.703,401.5770969508086,998
2024-09-17 13:50:46.904,401.5866622964959,12
2024-09-17 13:50:46.915,401.5909353852182,12
2024-09-17 13:50:47.018,401.54858999028914,104
2024-09-17 13:50:47.070,401.55450716717456,7
2024-09-17 13:50:47.079,40.15562582907605,104
2024-09-17 13:50:47.151,401.5445004806312,15
2024-09-17 13:50:47.184,401.52312351940174,101
2024-09-17 13:50:47.201,401.5658432301785,6
2024-09-17 13:50:47.227,401.5403930033361,1000
2024-09-17 13:50:47.233,401.5621320473911,1000
2024-09-17 13:50:47.254,401.5608758977002,7
2024-09-17 13:50:47.286,401.5689459943665,12
2024-09-17 13:50:47.341,401.57024008291353,104
2024-09-17 13:50:47.353,401.5458981632295,14
2024-09-17 13:50:47.363,401.5713871961455,5
2024-09-17 13:50:47.373,401.5822940199821,1000
2024-09-17 13:50:47.413,401.5321015611384,1001
2024-09-17 13:50:47.549,401.5191434037429,105
2024-09-17 13:50:47.572,40.15488113404098,15
2024-09-17 13:50:47.577,401.5647538926119,1004
2024-09-17 13:50:47.596,401.5437179096751,13
2024-09-17 13:50:47.664,401.5479576012432,14
2024-09-17 13:50:47.671,401.5277100681559,99
2024-09-17 13:50:47.790,401.5371281024088,12
2024-09-17 13:50:47.883,401.55728000633343,101
2024-09-17 13:50:47.910,401.573768554868,105
2024-09-17 13:50:48.074,401.5516135688104,8
2024-09-17 13:50:48.141,401.5407153480888,99
2024-09-17 13:50:48.254,401.552905434035,1003
2024-09-17 13:50:48.324,401.570846182616,95
2024-09-17 13:50:48.326,401.531367639408,100
2024-09-17 13:50:48.401,401.5516800320207,10
2024-09-17 13:50:48.430,401.5155155344115,9
2024-09-17 13:50:48.557,401.54860130237154,1001
2024-09-17 13:50:48.564,401.5478199722445,996
2024-09-17 13:50:48.589,401.549313595872,999
2024-09-17 13:50:48.593,401.55633975836895,101
2024-09-17 13:50:48.620,-401.5117449470904,9
2024-09-17 13:50:48.680,401.5515702135439,999
2024-09-17 13:50:48.703,401.5432697947997,98
2024-09-17 13:50:48.726,401.5513571426578,1002
2024-09-17 13:50:48.731,401.5350404327078,14
2024-09-17 13:50:48.767,401.5594828968277,14
2024-09-17 13:50:48.804,401.5369905309338,100
2024-09-17 13:50:48.872,401.5348431657193,995
2024-09-17 13:50:48.920,401.5599290316858,996
2024-09-17 13:50:48.962,401.55691242588944,1004
2024-09-17 13:50:49.023,401.5686970929929,103
2024-09-17 13:50:49.023,40.15084741659823,1004
2024-09-17 13:50:49.043,401.5139951203004,5
2024-09-17 13:50:49.066,401.532584353752,13
2024-09-17 13:50:49.166,401.5505460122619,1002
2024-09-17 13:50:49.231,401.52974840276033,14
2024-09-17 13:50:49.321,401.5621510667764,98
2024-09-17 13:50:49.341,401.5195574974055,12
2024-09-17 13:50:49.427,401.5426288873334,996
2024-09-17 13:50:49.449,401.5135126712365,13
2024-09-17 13:50:49.458,401.5420069139389,100
2024-09-17 13:50:49.474,401.51462312454106,1001
2024-09-17 13:50:49.523,401.5344664098943,103
2024-09-17 13:50:49.546,401.53314607761627,1000
2024-09-17 13:50:49.593,401.5372761775734,103
2024-09-17 13:50:49.626,401.52773055557526,1004
2024-09-17 13:50:49.716,401.5327428587205,995
2024-09-17 13:50:49.785,401.5055031280353,998
2024-09-17 13:50:49.791,401.5194740126663,101
2024-09-17 13:50:49.791,401.517056264914,1001
2024-09-17 13:50:49.808,401.5180519175253,1001
2024-09-17 13:50:49.896,401.5481769144102,99
2024-09-17 13:50:49.899,401.5098087973432,100
2024-09-17 13:50:50.211,401.5172482021604,101
2024-09-17 13:50:50.395,401.4996309019865,998
2024-09-17 13:50:50.737,401.4891824249109,8
2024-09-17 13:50:51.016,401.5658499286962,99
2024-09-17 13:50:51.021,401.55453990142,95
2024-09-17 13:50:51.036,401.5484412907489,101
2024-09-17 13:50:51.073,401.55811139477,1000
2024-09-17 13:50:51.085,401.562695248124,5
2024-09-17 13:50:51.111,401.5670855045004,8
2024-09-17 13:50:51.189,401.5704462316934,99
2024-09-17 13:50:51.203,401.5116858642685,1001
2024-09-17 13:50:51.240,401.5487888128008,10
2024-09-17 13:50:51.250,401.5560733947537,998
2024-09-17 13:50:51.279,401.5328101879751,1003
2024-09-17 13:50:51.382,401.5420932572311,102
2024-09-17 13:50:51.390,401.5714614719327,1001
2024-09-17 13:50:51.493,401.5089287344933,102
2024-09-17 13:50:51.597,401.5707485619309,103
2024-09-17 13:50:51.788,401.5705699976237,1000
2024-09-17 13:50:51.843,401.5460062801088,998
2024-09-17 13:50:51.951,401.5768705584065,101
2024-09-17 13:50:51.957,401.5691239215621,14
2024-09-17 13:50:51.975,401.5482840755163,12
2024-09-17 13:50:52.086,401.5456356469524,95
2024-09-17 13:50:52.216,401.5362965991118,5
2024-09-17 13:50:52.418,401.5576419096349,104
2024-09-17 13:50:52.690,401.5545475332491,998
2024-09-17 13:50:53.004,401.53123943046864,96
2024-09-17 13:50:53.037,401.5327613036234,100
2024-09-17 13:50:53.129,401.5128081759725,1004
2024-09-17 13:50:53.161,401.52301626170487,7
2024-09-17 13:50:53.168,401.523774262536,103
2024-09-17 13:50:53.212,401.53425370323305,9
2024-09-17 13:50:53.213,401.5496132854734,6
2024-09-17 13:50:53.303,401.51194966346185,999
2024-09-17 13:50:53.323,401.5506732214066,999
2024-09-17 13:50:53.376,401.5381731620247,6
2024-09-17 13:50:53.437,401.5268279316006,999
2024-09-17 13:50:53.460,401.5686958677531,100
2024-09-17 13:50:53.467,401.5403599450567,998
2024-09-17 13:50:53.605,401.5202127099981,1001
2024-09-17 13:50:53.638,401.5051718689655,97
2024-09-17 13:50:53.638,401.5238887609998,14
2024-09-17 13:50:53.674,401.5470008175371,11
2024-09-17 13:50:53.698,401.5154563222378,999
2024-09-17 13:50:53.809,401.5588691059913,9
2024-09-17 13:50:53.886,401.5349285012529,999
2024-09-17 13:50:53.926,401.5077172741417,999
2024-09-17 13:50:53.941,401.5403174483543,14
2024-09-17 13:50:54.213,401.5471957406326,101
2024-09-17 13:50:54.535,401.5438334649703,996
2024-09-17 13:50:54.549,401.5348846195764,12
2024-09-17 13:50:54.613,401.5576433403943,6
2024-09-17 13:50:54.739,401.52905305140007,13
2024-09-17 13:50:54.817,401.54351856157393,997
2024-09-17 13:50:55.172,401.578855416717,101
2024-09-17 13:50:55.194,401.5727027645124,96
2024-09-17 13:50:55.196,401.540668283187,14
2024-09-17 13:50:55.236,401.5817220048401,98
2024-09-17 13:50:55.260,401.59532416658647,7
2024-09-17 13:50:55.323,401.5916919451025,1005
2024-09-17 13:50:55.411,401.5754498007746,9
2024-09-17 13:50:55.524,401.55239264215385,97
2024-09-17 13:50:55.549,401.6050738085502,14
2024-09-17 13:50:55.562,401.62873288464056,6
2024-09-17 13:50:55.573,401.53379387838777,5
2024-09-17 13:50:55.590,401.54477815633214,10
2024-09-17 13:50:55.607,401.5493966836865,100
2024-09-17 13:50:55.657,401.6115509182265,10
2024-09-17 13:50:55.667,401.598635045682,1002
2024-09-17 13:50:55.679,401.5425147990676,5
2024-09-17 13:50:55.717,401.55470601719486,999
2024-09-17 13:50:55.719,401.55517528338095,1000
2024-09-17 13:50:55.946,401.5524762389388,1002
2024-09-17 13:50:55.970,401.60557746111385,5
2024-09-17 13:50:55.979,401.56215885966446,13
2024-09-17 13:50:55.986,401.5707161250925,103
2024-09-17 13:50:56.126,401.5960720263997,997
2024-09-17 13:50:56.198,401.5711814388605,1001
2024-09-17 13:50:56.262,401.58527264425817,12
2024-09-17 13:50:56.528,401.5701441978673,102
2024-09-17 13:50:57.026,401.5917261296347,97
2024-09-17 13:50:57.298,401.6433569063856,1003
2024-09-17 13:50:57.300,401.6280251209992,99
2024-09-17 13:50:57.341,401.64202744407896,1002
2024-09-17 13:50:57.400,401.5864975187928,9
2024-09-17 13:50:57.403,401.6470385590616,102
2024-09-17 13:50:57.404,401.6192774456134,1003
2024-09-17 13:50:57.516,401.6310987118019,101
2024-09-17 13:50:57.521,401.6338429241055,996
2024-09-17 13:50:57.547,401.63939280323456,105
2024-09-17 13:50:57.707,401.6420773369584,13
2024-09-17 13:50:57.746,401.6121551535452,98
2024-09-17 13:50:57.762,401.58784790682,96
2024-09-17 13:50:57.865,401.6367567331631,105
2024-09-17 13:50:57.881,401.645377717556,12
2024-09-17 13:50:57.910,401.611426219053,998
2024-09-17 13:50:57.938,401.6378888256074,1005
2024-09-17 13:50:57.979,401.63576527353786,7
2024-09-17 13:50:58.203,401.6397573720336,1000
2024-09-17 13:50:58.391,401.63579447181536,95
2024-09-17 13:50:58.560,401.624912115988,97
2024-09-17 13:50:58.583,401.64448423521145,95
2024-09-17 13:50:58.747,401.6515130255983,997
2024-09-17 13:50:58.931,401.6396443895904,1000
2024-09-17 13:50:58.936,401.6530050533396,995
2024-09-17 13:50:59.071,401.70866570368,1000
2024-09-17 13:50:59.209,401.7030201243008,102
2024-09-17 13:50:59.225,401.6381459401478,105
2024-09-17 13:50:59.255,401.6306275140708,995
2024-09-17 13:50:59.334,401.6422071495,10
2024-09-17 13:50:59.419,401.6325087129544,1004
2024-09-17 13:50:59.425,401.6356789721482,11
2024-09-17 13:50:59.517,401.7057553106971,13
2024-09-17 13:50:59.529,401.6938853875714,998
2024-09-17 13:50:59.632,401.6458883916695,99
2024-09-17 13:50:59.638,401.6413181946764,96
2024-09-17 13:50:59.676,401.7242438175065,95
2024-09-17 13:50:59.800,401.6395768062837,11
2024-09-17 13:50:59.828,401.66545107818433,99
2024-09-17 13:50:59.897,401.6981209053495,6
2024-09-17 13:50:59.914,401.66106774122335,998
