Timestamp,Price,Size
2024-09-17 15:15:00.104,406.8330862790333,95
2024-09-17 15:15:00.124,406.811894675801,8
2024-09-17 15:15:00.168,40.6812781372283,5
2024-09-17 15:15:00.197,406.8183733571546,1004
2024-09-17 15:15:00.199,406.8410820322322,15
2024-09-17 15:15:00.200,406.8213593657248,996
2024-09-17 15:15:00.206,406.8331252515876,12
2024-09-17 15:15:00.241,406.8213197379324,13
2024-09-17 15:15:00.303,406.80916010859886,96
2024-09-17 15:15:00.352,40.681954844502535,1004
2024-09-17 15:15:00.392,406.8199802589474,1004
2024-09-17 15:15:00.417,406.82016495451165,8
2024-09-17 15:15:00.426,406.8042409686485,96
2024-09-17 15:15:00.514,406.8296224568714,15
2024-09-17 15:15:00.524,406.8329970904047,6
2024-09-17 15:15:00.526,406.8196983600631,5
2024-09-17 15:15:00.570,406.8329533616077,15
2024-09-17 15:15:00.608,406.833723210631,1002
2024-09-17 15:15:00.704,406.838070900062,99
2024-09-17 15:15:00.705,406.8217653826212,98
2024-09-17 15:15:00.708,406.8078466396125,996
2024-09-17 15:15:00.753,406.8291513904734,104
2024-09-17 15:15:00.804,406.8469032174376,1001
2024-09-17 15:15:00.807,406.8129683025813,1005
2024-09-17 15:15:00.809,406.82411669911306,998
2024-09-17 15:15:00.838,406.826380501882,6
2024-09-17 15:15:00.842,406.8286477735799,995
2024-09-17 15:15:00.884,406.8308918724976,996
2024-09-17 15:15:00.916,406.8236225191902,95
2024-09-17 15:15:00.935,406.81233507386384,14
2024-09-17 15:15:01.162,406.8250652162849,1002
2024-09-17 15:15:01.250,406.8370541990183,997
2024-09-17 15:15:02.079,406.8590870832493,999
2024-09-17 15:15:02.119,406.8828012153144,14
2024-09-17 15:15:02.134,406.86859227702814,104
2024-09-17 15:15:02.136,406.86670819765976,10
2024-09-17 15:15:02.143,406.86114373626697,1005
2024-09-17 15:15:02.197,406.8583090255257,997
2024-09-17 15:15:02.239,406.8636280045684,5
2024-09-17 15:15:02.363,406.83632005546167,97
2024-09-17 15:15:02.375,406.86124390499975,1002
2024-09-17 15:15:02.445,406.8346396136701,15
2024-09-17 15:15:02.634,406.8388932885193,103
2024-09-17 15:15:02.664,406.8355405183405,105
2024-09-17 15:15:02.683,,103
2024-09-17 15:15:02.691,40.68783432574725,998
2024-09-17 15:15:02.719,406.8516186602751,9
2024-09-17 15:15:02.829,406.8374653359864,8
2024-09-17 15:15:02.835,406.8580470320031,1005
2024-09-17 15:15:02.848,406.86018442428514,5
2024-09-17 15:15:02.871,406.8383475555245,10
2024-09-17 15:15:02.909,406.8356650426061,104
2024-09-17 15:15:02.933,406.8621963520405,995
2024-09-17 15:15:02.970,406.8737654562027,100
2024-09-17 15:15:03.168,406.8915613208858,995
2024-09-17 15:15:03.215,406.88056899364415,102
2024-09-17 15:15:03.346,406.8481811283975,100
2024-09-17 15:15:03.372,406.8428009633736,99
2024-09-17 15:15:03.377,406.8360538640226,995
2024-09-17 15:15:03.410,406.8496031623634,13
2024-09-17 15:15:03.420,406.8435260788754,12
2024-09-17 15:15:03.472,406.854907343457,14
2024-09-17 15:15:03.586,406.90052162777766,97
2024-09-17 15:15:03.636,406.8811788051416,95
2024-09-17 15:15:03.716,406.8702059672961,9
2024-09-17 15:15:03.757,406.8664267882116,1001
2024-09-17 15:15:03.772,406.8467014201554,995
2024-09-17 15:15:03.785,406.8596413595798,1000
2024-09-17 15:15:03.801,406.8551039755509,1000
2024-09-17 15:15:03.902,406.86023686038334,9
2024-09-17 15:15:03.906,406.8577867501986,995
2024-09-17 15:15:03.912,406.8940094076192,100
2024-09-17 15:15:03.995,406.85843837041006,103
2024-09-17 15:15:04.022,406.85230787110896,100
2024-09-17 15:15:04.023,406.8550650785773,105
2024-09-17 15:15:04.445,406.8305469409511,1003
2024-09-17 15:15:04.731,406.8506347767624,5
2024-09-17 15:15:05.233,406.85573144694473,1001
2024-09-17 15:15:05.346,406.86585245542415,10
2024-09-17 15:15:05.395,406.8602052816093,10
2024-09-17 15:15:05.458,406.8605702127744,998
2024-09-17 15:15:05.753,406.8833145505425,999
2024-09-17 15:15:05.901,406.84842273104886,15
2024-09-17 15:15:06.031,406.92371649370233,103
2024-09-17 15:15:06.101,406.8719866439784,11
2024-09-17 15:15:06.138,406.9414937252844,7
2024-09-17 15:15:06.146,406.89583595918685,100
2024-09-17 15:15:06.236,406.8268705558576,8
2024-09-17 15:15:06.236,406.9522613290207,998
2024-09-17 15:15:06.260,406.8394131454328,100
2024-09-17 15:15:06.261,406.9038410362608,95
2024-09-17 15:15:06.318,406.91261140361945,997
2024-09-17 15:15:06.328,406.87298826347,995
2024-09-17 15:15:06.377,406.8203674478213,8
2024-09-17 15:15:06.379,406.86696739879903,105
2024-09-17 15:15:06.403,406.8672377594241,1002
2024-09-17 15:15:06.457,406.910805383142,97
2024-09-17 15:15:06.526,406.9258901147957,103
2024-09-17 15:15:06.527,406.9036689569556,100
2024-09-17 15:15:06.649,406.8349589423533,9
2024-09-17 15:15:06.688,406.9295638978537,96
2024-09-17 15:15:06.730,406.8658206175908,102
2024-09-17 15:15:06.731,406.9085736852021,97
2024-09-17 15:15:06.771,406.87297132128464,995
2024-09-17 15:15:06.792,406.9002575895775,1003
2024-09-17 15:15:06.832,406.947240746048,8
2024-09-17 15:15:06.833,406.8186371215912,1001
2024-09-17 15:15:06.852,406.90182056037565,996
2024-09-17 15:15:06.870,40.69642797965248,12
2024-09-17 15:15:06.930,406.8898299453911,97
2024-09-17 15:15:06.955,406.8434471502754,104
2024-09-17 15:15:06.980,406.8859608150548,997
2024-09-17 15:15:07.020,406.9657917341239,996
2024-09-17 15:15:07.244,406.9300089990927,100
2024-09-17 15:15:07.254,406.9680869052581,97
2024-09-17 15:15:07.302,406.9520240532007,11
2024-09-17 15:15:07.340,406.9527931770149,95
2024-09-17 15:15:07.356,406.9642334371634,102
2024-09-17 15:15:07.460,406.96471691713,105
2024-09-17 15:15:07.612,406.92269932197206,12
2024-09-17 15:15:07.732,406.947489990074,11
2024-09-17 15:15:07.748,406.9615496463318,105
2024-09-17 15:15:07.847,406.92362267541125,11
2024-09-17 15:15:08.003,406.9770252336007,13
2024-09-17 15:15:08.025,406.9789628316984,98
2024-09-17 15:15:08.085,406.9456445429754,1004
2024-09-17 15:15:08.176,406.972420825494,105
2024-09-17 15:15:08.779,406.9841844716608,14
2024-09-17 15:15:08.994,406.9465509651004,95
2024-09-17 15:15:09.009,406.9336659608599,1004
2024-09-17 15:15:09.009,406.91107824371136,6
2024-09-17 15:15:09.031,406.9191388070289,998
2024-09-17 15:15:09.065,40.695747157467096,999
2024-09-17 15:15:09.086,406.9660134017707,15
2024-09-17 15:15:09.098,406.94542626918974,1003
2024-09-17 15:15:09.100,406.9552590670111,97
2024-09-17 15:15:09.107,406.9833862026602,101
2024-09-17 15:15:09.139,406.9609010200247,95
2024-09-17 15:15:09.169,406.9654082018609,6
2024-09-17 15:15:09.183,406.9859649777677,6
2024-09-17 15:15:09.265,406.91822160925375,998
2024-09-17 15:15:09.268,406.9388182143937,997
2024-09-17 15:15:09.352,406.9522262467124,12
2024-09-17 15:15:09.448,406.9695333255478,1002
2024-09-17 15:15:09.453,406.9741867175922,103
2024-09-17 15:15:09.472,406.9609173065842,1000
2024-09-17 15:15:09.490,406.9672108641552,8
2024-09-17 15:15:09.519,406.9754967373141,100
2024-09-17 15:15:09.542,406.96774489217984,11
2024-09-17 15:15:09.567,406.94287718973743,9
2024-09-17 15:15:09.608,406.9526380507093,1000
2024-09-17 15:15:09.658,406.995945976931,1001
2024-09-17 15:15:09.799,406.8962840673968,1002
2024-09-17 15:15:09.808,406.985852405589,12
2024-09-17 15:15:09.853,,7
2024-09-17 15:15:09.870,406.9927063582776,102
2024-09-17 15:15:09.920,406.9721267671524,99
2024-09-17 15:15:09.997,406.90457639737457,998
2024-09-17 15:15:10.066,407.0134618660552,10
2024-09-17 15:15:10.184,406.9560284338159,1001
2024-09-17 15:15:10.236,407.0086647672934,103
2024-09-17 15:15:10.295,407.0091788329405,99
2024-09-17 15:15:10.297,406.9844561911823,105
2024-09-17 15:15:10.454,,15
2024-09-17 15:15:10.479,406.96774824111134,95
2024-09-17 15:15:10.599,406.9687607213399,95
2024-09-17 15:15:10.784,406.96225321451374,7
2024-09-17 15:15:11.018,406.9854936886926,1000
2024-09-17 15:15:11.424,406.9829552912802,1002
2024-09-17 15:15:11.675,406.9762033307638,998
2024-09-17 15:15:11.793,414.0288068726836,995
2024-09-17 15:15:11.858,406.9871587169426,97
2024-09-17 15:15:11.866,406.989438369205,7
2024-09-17 15:15:11.907,406.980106730359,1004
2024-09-17 15:15:11.918,406.995117436824,996
2024-09-17 15:15:12.055,406.9655906504584,995
2024-09-17 15:15:12.221,406.9804767890705,6
2024-09-17 15:15:12.237,406.9830071852199,13
2024-09-17 15:15:12.323,406.90706733845497,6
2024-09-17 15:15:12.360,406.9696005186916,100
2024-09-17 15:15:12.400,406.9457897173748,996
2024-09-17 15:15:12.407,406.9661217820722,6
2024-09-17 15:15:12.413,406.97905231764656,1004
2024-09-17 15:15:12.414,406.971280277029,96
2024-09-17 15:15:12.654,406.9658823158156,97
2024-09-17 15:15:12.670,406.96074133586274,14
2024-09-17 15:15:12.687,406.9381054915919,99
2024-09-17 15:15:12.701,406.9895728711588,5
2024-09-17 15:15:12.729,406.94036042072,1005
2024-09-17 15:15:12.854,406.9025213947416,15
2024-09-17 15:15:12.987,406.8817907619854,8
2024-09-17 15:15:13.040,406.8860404254089,102
2024-09-17 15:15:13.201,406.8775981396319,995
2024-09-17 15:15:13.497,406.8861757701337,996
2024-09-17 15:15:13.561,406.886458765666,97
2024-09-17 15:15:14.143,406.84140623121607,15
2024-09-17 15:15:14.175,406.89060844370056,1001
2024-09-17 15:15:14.303,406.8393050461178,104
2024-09-17 15:15:14.389,406.822072303127,5
2024-09-17 15:15:14.414,406.8339916589826,9
2024-09-17 15:15:14.427,406.82633045921256,11
2024-09-17 15:15:14.543,406.8149936607363,11
2024-09-17 15:15:14.600,406.862030829836,104
2024-09-17 15:15:14.608,406.83009558296345,10
2024-09-17 15:15:14.632,406.8389892453945,8
2024-09-17 15:15:14.682,-406.80563310552543,99
2024-09-17 15:15:14.822,406.8668546088118,11
2024-09-17 15:15:14.972,406.8515247658965,8
2024-09-17 15:15:14.987,406.8290179486167,1004
2024-09-17 15:15:15.000,406.8493755277702,96
2024-09-17 15:15:15.008,406.7834879103811,104
2024-09-17 15:15:15.030,406.8581439291444,9
2024-09-17 15:15:15.041,406.870178694285,997
2024-09-17 15:15:15.070,406.86324692250577,1001
2024-09-17 15:15:15.078,406.88551503608346,14
2024-09-17 15:15:15.117,414.0993795256046,1001
2024-09-17 15:15:15.124,406.8777329509253,1002
2024-09-17 15:15:15.146,406.8541858361341,12
2024-09-17 15:15:15.151,406.85710236392697,999
2024-09-17 15:15:15.184,406.8482464086205,15
2024-09-17 15:15:15.241,406.8906168915672,7
2024-09-17 15:15:15.327,406.8664407641094,1002
2024-09-17 15:15:15.349,406.8384478055074,6
2024-09-17 15:15:15.355,406.8621536877369,995
2024-09-17 15:15:15.411,406.88297260582885,8
2024-09-17 15:15:15.490,406.85297261889593,8
2024-09-17 15:15:15.495,406.7970397835261,1002
2024-09-17 15:15:15.539,406.8691475378128,98
2024-09-17 15:15:15.544,406.8685887141251,1001
2024-09-17 15:15:15.550,406.85514197978745,1005
2024-09-17 15:15:15.555,406.83657201502615,997
2024-09-17 15:15:15.672,406.87254260147614,995
2024-09-17 15:15:15.673,406.7991016676648,996
2024-09-17 15:15:15.745,406.8635404525312,1000
2024-09-17 15:15:15.803,406.7996349314786,12
2024-09-17 15:15:15.813,406.8565356339427,96
2024-09-17 15:15:15.903,406.80543877374873,98
2024-09-17 15:15:16.397,406.7834221155663,95
2024-09-17 15:15:16.542,406.7830960863212,1003
2024-09-17 15:15:16.636,406.8225771299083,15
2024-09-17 15:15:16.694,406.77730300478606,103
2024-09-17 15:15:16.817,406.7920233657735,100
2024-09-17 15:15:16.893,406.7911219381881,95
2024-09-17 15:15:16.938,406.7915347153775,1002
2024-09-17 15:15:16.982,406.7862824703868,998
2024-09-17 15:15:17.004,406.81265427019486,104
2024-09-17 15:15:17.028,40.68862599438952,995
2024-09-17 15:15:17.097,406.8089933264257,6
2024-09-17 15:15:17.156,406.8725466851658,1002
2024-09-17 15:15:17.167,406.7778581232362,100
2024-09-17 15:15:17.179,406.7703242838181,101
2024-09-17 15:15:17.199,406.8412933262521,99
2024-09-17 15:15:17.310,406.8687640467677,15
2024-09-17 15:15:17.322,406.8518881385973,98
2024-09-17 15:15:17.340,,96
2024-09-17 15:15:17.395,406.8847191336663,96
2024-09-17 15:15:17.462,406.8917683217047,98
2024-09-17 15:15:17.464,406.8422830082706,98
2024-09-17 15:15:17.530,406.79965035278303,1005
2024-09-17 15:15:17.635,406.7774586308898,12
2024-09-17 15:15:17.697,406.8654654577166,1005
2024-09-17 15:15:17.717,406.7630825939869,102
2024-09-17 15:15:17.751,406.8762847557617,105
2024-09-17 15:15:17.756,406.767508809793,101
2024-09-17 15:15:17.785,406.8490327190206,9
2024-09-17 15:15:17.789,406.8851178359427,5
2024-09-17 15:15:17.793,406.8253072990333,996
2024-09-17 15:15:17.826,406.7682578907115,98
2024-09-17 15:15:17.856,406.8085960611563,95
2024-09-17 15:15:17.876,406.85498931290914,1000
2024-09-17 15:15:17.876,406.8025793831933,1003
2024-09-17 15:15:17.930,406.7598918234275,9
2024-09-17 15:15:17.984,406.837385079352,100
2024-09-17 15:15:18.065,406.8859817583388,1000
2024-09-17 15:15:18.065,406.9131946812923,11
2024-09-17 15:15:18.158,406.8561466377678,14
2024-09-17 15:15:18.165,406.8785533663369,101
2024-09-17 15:15:18.175,406.8729695945851,1004
2024-09-17 15:15:18.181,406.8792986153948,102
2024-09-17 15:15:18.221,406.9243455950492,11
2024-09-17 15:15:18.237,406.8862092572497,1005
2024-09-17 15:15:18.272,406.9030387117661,10
2024-09-17 15:15:18.307,406.9121507529196,14
2024-09-17 15:15:18.369,406.90394619599874,102
2024-09-17 15:15:18.412,406.87973016140455,13
2024-09-17 15:15:18.493,406.9038954513621,8
2024-09-17 15:15:18.507,406.8898414935742,100
2024-09-17 15:15:18.658,406.8804304900134,99
2024-09-17 15:15:18.689,406.91629187758,6
2024-09-17 15:15:18.755,406.9171002491854,96
2024-09-17 15:15:18.806,406.9168351429501,95
2024-09-17 15:15:18.861,406.8754044585656,99
2024-09-17 15:15:18.877,406.883382941777,1002
2024-09-17 15:15:18.963,406.8889291019981,14
2024-09-17 15:15:18.995,406.9054783318285,95
2024-09-17 15:15:19.266,406.8409106247072,15
2024-09-17 15:15:19.319,406.86577841923713,102
2024-09-17 15:15:19.374,406.8403938697968,15
2024-09-17 15:15:19.398,406.9003347762728,1001
2024-09-17 15:15:19.751,406.8651928781,9
2024-09-17 15:15:19.772,406.85485539009727,997
2024-09-17 15:15:19.805,406.8624155182272,103
2024-09-17 15:15:19.843,406.8383115310644,998
2024-09-17 15:15:19.867,406.88220177110287,98
2024-09-17 15:15:19.914,406.8916961442599,101
2024-09-17 15:15:20.029,406.91673627529536,1004
2024-09-17 15:15:20.060,406.94287712108985,9
2024-09-17 15:15:20.131,406.9415524217113,99
2024-09-17 15:15:20.168,406.8990317382945,998
2024-09-17 15:15:20.204,406.8756236914722,1000
2024-09-17 15:15:20.235,406.9094909279172,105
2024-09-17 15:15:20.250,406.9321290018228,100
2024-09-17 15:15:20.257,406.9131914429854,1001
2024-09-17 15:15:20.265,406.8937311625037,7
2024-09-17 15:15:20.343,406.91885455856215,98
2024-09-17 15:15:20.440,406.91683928485145,99
2024-09-17 15:15:20.446,406.8898164179633,97
2024-09-17 15:15:20.524,406.8819481399921,97
2024-09-17 15:15:20.558,406.9083983645364,8
2024-09-17 15:15:20.649,406.89359113250526,996
2024-09-17 15:15:20.666,406.8890382163669,102
2024-09-17 15:15:20.725,406.89663225865496,1000
2024-09-17 15:15:20.742,406.90463852005934,10
2024-09-17 15:15:20.826,406.8830942530918,103
2024-09-17 15:15:20.838,406.9440817632966,101
2024-09-17 15:15:20.858,406.89843514281296,1005
2024-09-17 15:15:20.871,406.8631244963123,102
2024-09-17 15:15:20.898,406.90752084279023,1001
2024-09-17 15:15:20.902,406.8902796504327,1004
2024-09-17 15:15:20.913,406.867040772131,8
2024-09-17 15:15:20.925,406.892727838355,996
2024-09-17 15:15:21.080,406.82813316266623,1002
2024-09-17 15:15:21.122,406.84208024394246,999
2024-09-17 15:15:21.209,406.8427829398462,1004
2024-09-17 15:15:21.372,406.8506958073576,1003
2024-09-17 15:15:21.443,406.8408082028877,97
2024-09-17 15:15:21.588,406.83995442356974,100
2024-09-17 15:15:21.629,406.84252967219214,8
2024-09-17 15:15:21.650,406.83829513631866,1004
2024-09-17 15:15:21.666,406.8376277248595,13
2024-09-17 15:15:21.847,406.8249909745383,98
2024-09-17 15:15:21.925,406.8267159560792,1002
2024-09-17 15:15:21.940,406.8471883073655,13
2024-09-17 15:15:22.101,406.83932677642025,97
2024-09-17 15:15:22.165,406.8453662415377,996
2024-09-17 15:15:22.204,406.87406479041033,100
2024-09-17 15:15:22.211,406.8361684359812,1003
2024-09-17 15:15:22.269,406.857300799363,96
2024-09-17 15:15:22.297,406.831602407196,102
2024-09-17 15:15:22.339,406.8317416899778,1001
2024-09-17 15:15:22.427,406.8819070160766,7
2024-09-17 15:15:22.436,406.83368119665033,8
2024-09-17 15:15:22.506,406.8675904303717,997
2024-09-17 15:15:22.608,406.8406943284543,101
2024-09-17 15:15:22.649,406.8428307845235,104
2024-09-17 15:15:22.699,406.8553669687182,104
2024-09-17 15:15:22.793,406.8770975281861,14
2024-09-17 15:15:22.919,406.8426311414141,997
2024-09-17 15:15:22.941,406.83220140270447,997
2024-09-17 15:15:22.982,406.8299303484403,12
2024-09-17 15:15:23.020,406.8946512012628,95
2024-09-17 15:15:23.023,406.8734147608545,9
2024-09-17 15:15:23.025,413.7919498033321,100
2024-09-17 15:15:23.035,406.8909173280912,6
2024-09-17 15:15:23.079,406.9119948550353,6
2024-09-17 15:15:23.144,406.8884951865596,999
2024-09-17 15:15:23.166,406.9071274950067,15
2024-09-17 15:15:23.185,406.8641001522657,105
2024-09-17 15:15:23.285,406.90645268513714,997
2024-09-17 15:15:23.356,406.924397940768,13
2024-09-17 15:15:23.591,406.894909604676,97
2024-09-17 15:15:23.676,406.88995322221166,98
2024-09-17 15:15:23.677,406.8218638594088,98
2024-09-17 15:15:23.699,406.86274634755017,100
2024-09-17 15:15:23.699,406.916553590493,998
2024-09-17 15:15:23.739,406.8533645146682,999
2024-09-17 15:15:23.785,406.81071940991865,8
2024-09-17 15:15:24.007,406.8004564822736,105
2024-09-17 15:15:24.022,406.7963562857728,1002
2024-09-17 15:15:24.048,406.7964860302,101
2024-09-17 15:15:24.051,406.809426672533,995
2024-09-17 15:15:24.075,406.8171140638578,8
2024-09-17 15:15:24.125,406.81888353339855,1001
2024-09-17 15:15:24.159,406.8215718379211,100
2024-09-17 15:15:24.174,406.7956153596074,103
2024-09-17 15:15:24.193,406.79846653071706,100
2024-09-17 15:15:24.318,406.7903098336067,15
2024-09-17 15:15:24.345,406.8341679074271,1001
2024-09-17 15:15:24.456,406.7950284132157,98
2024-09-17 15:15:24.462,406.7859106697885,7
2024-09-17 15:15:24.503,406.79139071015777,1005
2024-09-17 15:15:24.509,406.7877084597271,12
2024-09-17 15:15:24.546,406.8158346243949,997
2024-09-17 15:15:24.552,406.8173833472176,8
2024-09-17 15:15:24.673,,1002
2024-09-17 15:15:24.745,406.7912643296568,103
2024-09-17 15:15:24.826,406.7912151120712,103
2024-09-17 15:15:24.954,406.7921220121883,1001
2024-09-17 15:15:24.967,406.8032666820024,102
2024-09-17 15:15:24.980,406.7959025866916,8
2024-09-17 15:15:25.087,406.829673347092,14
2024-09-17 15:15:25.258,406.8342530336016,1000
2024-09-17 15:15:25.353,406.8109327023651,99
2024-09-17 15:15:25.736,406.8186686154776,9
2024-09-17 15:15:25.790,406.82901796083473,12
2024-09-17 15:15:25.803,406.8151241450072,15
2024-09-17 15:15:25.860,406.7984333987889,105
2024-09-17 15:15:25.876,40.681792952620135,13
2024-09-17 15:15:26.017,406.82271416901193,999
2024-09-17 15:15:26.230,406.8289403006868,1003
2024-09-17 15:15:26.330,406.8083049821087,1004
2024-09-17 15:15:26.431,406.8151817939205,102
2024-09-17 15:15:26.592,406.7952024550031,1004
2024-09-17 15:15:26.626,406.8133400438469,996
2024-09-17 15:15:26.682,406.8072263844675,105
2024-09-17 15:15:26.765,406.8131534921753,8
2024-09-17 15:15:26.826,406.8174227453115,995
2024-09-17 15:15:27.044,406.8214431856728,99
2024-09-17 15:15:27.287,406.8151053505559,1004
2024-09-17 15:15:27.512,406.81960964193695,14
2024-09-17 15:15:27.822,406.82036952653846,999
2024-09-17 15:15:28.076,406.8256869453791,11
2024-09-17 15:15:28.089,406.8982088977052,97
2024-09-17 15:15:28.112,406.8788204350897,997
2024-09-17 15:15:28.126,406.81418516726814,1002
2024-09-17 15:15:28.182,406.86473687751504,999
2024-09-17 15:15:28.202,406.8297789533773,9
2024-09-17 15:15:28.217,406.822661746175,996
2024-09-17 15:15:28.317,406.8257741238152,7
2024-09-17 15:15:28.374,406.83620368315655,1004
2024-09-17 15:15:28.406,406.8129353789026,1002
2024-09-17 15:15:28.450,406.804355967759,101
2024-09-17 15:15:28.483,406.9259588520193,104
2024-09-17 15:15:28.484,406.81461673674494,102
2024-09-17 15:15:28.505,406.8640520050201,995
2024-09-17 15:15:28.512,406.82215245714815,12
2024-09-17 15:15:28.584,406.8445032661986,998
2024-09-17 15:15:28.609,406.8250311708167,12
2024-09-17 15:15:28.614,406.8503660312851,105
2024-09-17 15:15:28.639,406.8465154161324,996
2024-09-17 15:15:28.645,406.81690466141146,100
2024-09-17 15:15:28.741,406.82675529148304,9
2024-09-17 15:15:28.746,406.8502591180125,97
2024-09-17 15:15:28.777,406.83384408493765,13
2024-09-17 15:15:28.802,-406.823549482859,8
2024-09-17 15:15:28.840,406.8286177894577,100
2024-09-17 15:15:28.865,406.8189157420342,7
2024-09-17 15:15:28.894,406.823612617019,1005
2024-09-17 15:15:28.922,406.82360128679466,997
2024-09-17 15:15:28.967,406.8286207486448,8
2024-09-17 15:15:29.067,406.9849488634191,14
2024-09-17 15:15:29.075,406.9695886976865,1005
2024-09-17 15:15:29.155,406.96700796315247,11
2024-09-17 15:15:29.186,406.9719192278854,13
2024-09-17 15:15:29.210,406.95226543697504,102
2024-09-17 15:15:29.227,406.98286108611705,98
2024-09-17 15:15:29.602,-406.99867924433016,1002
2024-09-17 15:15:29.848,407.0011466742381,99
2024-09-17 15:15:29.878,406.9587953620162,995
2024-09-17 15:15:29.934,406.9905313311704,15
2024-09-17 15:15:30.026,407.00680130667337,14
2024-09-17 15:15:30.096,407.0233930192881,999
2024-09-17 15:15:30.097,407.0249647819744,1000
2024-09-17 15:15:30.101,407.01019891314326,102
2024-09-17 15:15:30.136,407.0199673900406,6
2024-09-17 15:15:30.182,407.0211647814288,8
2024-09-17 15:15:30.190,407.0201632812479,7
2024-09-17 15:15:30.214,407.02486796672656,96
2024-09-17 15:15:30.258,407.0028179649403,12
2024-09-17 15:15:30.348,407.03006402453485,996
2024-09-17 15:15:30.431,407.0044206562935,7
2024-09-17 15:15:30.453,407.0098987444695,99
2024-09-17 15:15:30.498,407.0190538948536,97
2024-09-17 15:15:30.614,407.0121901678971,995
2024-09-17 15:15:30.636,407.0077722423276,11
2024-09-17 15:15:30.709,406.998016063125,95
2024-09-17 15:15:30.729,407.0369257890046,998
2024-09-17 15:15:30.782,407.0128116808908,9
2024-09-17 15:15:30.805,407.01360544254914,9
2024-09-17 15:15:30.853,407.0172676198181,1002
2024-09-17 15:15:31.036,407.0083962668347,995
2024-09-17 15:15:31.086,406.9950009906245,995
2024-09-17 15:15:31.438,,11
2024-09-17 15:15:31.464,406.97807343914326,101
2024-09-17 15:15:31.481,406.9984309066406,96
2024-09-17 15:15:31.520,406.9666656401764,997
2024-09-17 15:15:31.588,406.9727522067312,8
2024-09-17 15:15:31.624,407.00902668729424,9
2024-09-17 15:15:31.656,406.9777601324034,98
2024-09-17 15:15:31.678,406.98038540433686,6
2024-09-17 15:15:31.712,406.98524292492505,999
2024-09-17 15:15:31.783,,96
2024-09-17 15:15:31.951,406.9755305841834,15
2024-09-17 15:15:31.961,406.9902236624376,1001
2024-09-17 15:15:32.670,406.96086142089047,95
2024-09-17 15:15:33.043,406.8529716054828,96
2024-09-17 15:15:33.074,406.930210598661,1001
2024-09-17 15:15:33.286,406.9452100045742,8
2024-09-17 15:15:33.292,406.87270845591024,8
2024-09-17 15:15:33.298,406.9420776838698,1005
2024-09-17 15:15:33.327,406.952323274329,12
2024-09-17 15:15:33.349,406.9060669879246,103
2024-09-17 15:15:33.398,406.9423777771416,104
2024-09-17 15:15:33.400,406.8520082916763,1003
2024-09-17 15:15:33.414,,12
2024-09-17 15:15:33.456,406.8295888186396,14
2024-09-17 15:15:33.490,406.9295960374885,105
2024-09-17 15:15:33.498,406.9332576811508,102
2024-09-17 15:15:33.509,406.8922437200875,101
2024-09-17 15:15:33.536,406.8518551728647,1002
2024-09-17 15:15:33.547,406.9448484973996,11
2024-09-17 15:15:33.609,406.8540880285645,100
2024-09-17 15:15:33.644,406.8505124375628,96
2024-09-17 15:15:33.669,406.8076906397134,6
2024-09-17 15:15:33.727,406.8437727143794,1002
2024-09-17 15:15:33.754,406.9565107140429,14
2024-09-17 15:15:33.833,406.8418918494646,7
2024-09-17 15:15:33.886,406.95769865664914,997
2024-09-17 15:15:33.886,406.9427358409346,1004
2024-09-17 15:15:33.921,406.8502578450385,1005
2024-09-17 15:15:33.937,406.93826656905657,15
2024-09-17 15:15:34.012,406.8140640425892,14
2024-09-17 15:15:34.034,406.7824158964245,8
2024-09-17 15:15:34.055,406.7953752155832,95
2024-09-17 15:15:34.074,406.7897112047506,1000
2024-09-17 15:15:34.112,406.7804692096671,12
2024-09-17 15:15:34.145,406.7633777632786,12
2024-09-17 15:15:34.351,406.79596212925526,5
2024-09-17 15:15:34.388,406.7695531377563,995
2024-09-17 15:15:34.425,406.80271547714136,7
2024-09-17 15:15:34.477,406.8278327926042,96
2024-09-17 15:15:34.490,406.7878275529238,104
2024-09-17 15:15:34.497,406.8197765320995,996
2024-09-17 15:15:34.548,406.819506890541,99
2024-09-17 15:15:34.572,406.8068838258438,95
2024-09-17 15:15:34.575,406.7981007942811,996
2024-09-17 15:15:34.649,406.7890873487172,102
2024-09-17 15:15:34.790,406.78049580282897,1004
2024-09-17 15:15:34.794,406.8124254811008,14
2024-09-17 15:15:34.832,406.7814975244,98
2024-09-17 15:15:34.924,406.7997076413762,103
2024-09-17 15:15:35.026,406.7509833322292,14
2024-09-17 15:15:35.064,406.7565182317022,14
2024-09-17 15:15:35.081,406.7650917029128,8
2024-09-17 15:15:35.087,406.7515886539139,11
2024-09-17 15:15:35.192,406.76820493680543,1004
2024-09-17 15:15:35.217,406.76025076257247,1005
2024-09-17 15:15:35.243,406.7460331610105,1004
2024-09-17 15:15:35.279,406.82629992848894,12
2024-09-17 15:15:35.283,-406.7716524169709,995
2024-09-17 15:15:35.297,406.7497551696872,97
2024-09-17 15:15:35.343,406.7503681904133,15
2024-09-17 15:15:35.440,406.76732746082587,11
2024-09-17 15:15:35.467,406.8185002583783,104
2024-09-17 15:15:35.484,406.8291194052745,15
2024-09-17 15:15:35.579,406.8128718812846,997
2024-09-17 15:15:35.602,406.7656212692809,97
2024-09-17 15:15:35.619,406.7596041525767,95
2024-09-17 15:15:35.648,406.7435674008218,15
2024-09-17 15:15:35.681,406.75619984042953,8
2024-09-17 15:15:35.716,406.7597981497162,997
2024-09-17 15:15:35.735,406.8215310050008,103
2024-09-17 15:15:35.736,406.7923242894386,10
2024-09-17 15:15:35.748,406.8041395240157,98
2024-09-17 15:15:35.898,406.74246935082033,13
2024-09-17 15:15:35.969,406.7642534496055,97
2024-09-17 15:15:35.990,406.8039707821248,5
2024-09-17 15:15:35.997,406.7659437862392,1000
2024-09-17 15:15:36.001,406.88581922935816,95
2024-09-17 15:15:36.059,406.8977238323125,98
2024-09-17 15:15:36.065,406.8556795417699,102
2024-09-17 15:15:36.086,406.8870162098133,1004
2024-09-17 15:15:36.108,406.86467557129873,8
2024-09-17 15:15:36.153,406.886225221466,1002
2024-09-17 15:15:36.161,406.8606819043981,97
2024-09-17 15:15:36.171,406.8947517537754,997
2024-09-17 15:15:36.259,406.8918131193771,12
2024-09-17 15:15:36.605,406.8771672370869,1004
2024-09-17 15:15:36.607,406.8394758831752,997
2024-09-17 15:15:36.643,406.8936363708468,13
2024-09-17 15:15:36.679,406.873805659776,8
2024-09-17 15:15:36.685,406.8964874169316,1001
2024-09-17 15:15:36.692,406.8919839796723,103
2024-09-17 15:15:36.707,406.8713505396738,6
2024-09-17 15:15:36.769,406.8831121010216,15
2024-09-17 15:15:36.789,406.88695319954,5
2024-09-17 15:15:36.933,406.8808034228551,95
2024-09-17 15:15:37.061,406.8425882537058,995
2024-09-17 15:15:37.112,406.8767146661683,97
2024-09-17 15:15:37.181,,999
2024-09-17 15:15:37.189,406.8518001290885,13
2024-09-17 15:15:37.234,406.878969108408,997
2024-09-17 15:15:37.371,406.8955498371692,1001
2024-09-17 15:15:37.468,406.8617358879578,14
2024-09-17 15:15:37.485,406.85926334534935,97
2024-09-17 15:15:37.558,406.845935885241,6
2024-09-17 15:15:37.596,406.8513549866012,1001
2024-09-17 15:15:37.608,406.841356038671,105
2024-09-17 15:15:37.622,406.878188751606,1002
2024-09-17 15:15:37.637,406.8874482351772,1003
2024-09-17 15:15:37.673,406.85548386080177,5
2024-09-17 15:15:37.722,406.86763396597627,10
2024-09-17 15:15:37.727,406.8530115914573,102
2024-09-17 15:15:37.776,40.68646148188868,9
2024-09-17 15:15:37.807,406.878283255041,11
2024-09-17 15:15:37.810,406.8668784424361,999
2024-09-17 15:15:37.884,406.8504144759861,102
2024-09-17 15:15:37.909,406.8606170639519,997
2024-09-17 15:15:37.947,406.8765340065322,14
2024-09-17 15:15:38.000,406.8462751827756,12
2024-09-17 15:15:38.022,406.8430587563424,100
2024-09-17 15:15:38.155,406.8218575599776,8
2024-09-17 15:15:38.166,406.8236269973714,995
2024-09-17 15:15:38.202,406.8252203154289,996
2024-09-17 15:15:38.316,406.8389544031283,103
2024-09-17 15:15:38.330,406.81316768840605,104
2024-09-17 15:15:38.339,406.87813215541325,11
2024-09-17 15:15:38.344,406.86871838376265,101
2024-09-17 15:15:38.367,406.8892917910509,998
2024-09-17 15:15:38.477,406.8321049688013,10
2024-09-17 15:15:38.493,406.8477303180911,104
2024-09-17 15:15:38.594,406.814686643486,96
2024-09-17 15:15:38.604,406.82666405691566,102
2024-09-17 15:15:38.616,406.8550994131732,100
2024-09-17 15:15:38.622,406.82091274212337,997
2024-09-17 15:15:38.673,406.8661193880312,9
2024-09-17 15:15:38.675,406.81797919241495,1000
2024-09-17 15:15:38.707,406.86093675063,1005
2024-09-17 15:15:38.748,413.6313371676625,97
2024-09-17 15:15:38.763,406.8720170198665,101
2024-09-17 15:15:38.774,406.8147545393336,11
2024-09-17 15:15:38.807,406.8683641145021,97
2024-09-17 15:15:38.832,406.87199308141845,999
2024-09-17 15:15:39.064,406.8612761731721,1000
2024-09-17 15:15:39.266,406.8373817735465,13
2024-09-17 15:15:39.336,406.8564860723106,100
2024-09-17 15:15:39.412,406.83795134802085,102
2024-09-17 15:15:39.537,406.86174925346,95
2024-09-17 15:15:39.537,406.8359333826059,9
2024-09-17 15:15:39.584,406.83687945041817,1001
2024-09-17 15:15:39.640,406.8572138125134,98
2024-09-17 15:15:39.661,406.8299894436808,12
2024-09-17 15:15:39.690,406.8617657584152,996
2024-09-17 15:15:39.731,406.84657913242495,96
2024-09-17 15:15:39.788,406.82179886642297,100
2024-09-17 15:15:40.708,,7
2024-09-17 15:15:40.728,406.8036531985972,99
2024-09-17 15:15:40.734,406.80778963867056,105
2024-09-17 15:15:40.825,406.8103718673761,105
2024-09-17 15:15:41.005,406.718380066097,998
2024-09-17 15:15:41.153,406.7266095597847,1001
2024-09-17 15:15:41.163,,97
2024-09-17 15:15:41.269,406.7995430172504,105
2024-09-17 15:15:41.285,406.7454606186136,103
2024-09-17 15:15:41.293,,5
2024-09-17 15:15:41.326,406.80028954925217,95
2024-09-17 15:15:41.340,406.7693875581729,103
2024-09-17 15:15:41.470,406.77389385728014,11
2024-09-17 15:15:41.492,406.75422336194265,103
2024-09-17 15:15:41.511,406.7272812259114,101
2024-09-17 15:15:41.567,406.7310279030782,11
2024-09-17 15:15:41.593,406.7474386368927,1000
2024-09-17 15:15:41.599,406.7798121388193,8
2024-09-17 15:15:41.667,406.7278535775483,96
2024-09-17 15:15:41.679,406.73708427982274,998
2024-09-17 15:15:41.714,406.78147541494747,5
2024-09-17 15:15:41.781,406.7174869834415,5
2024-09-17 15:15:41.787,406.77974719561,1005
2024-09-17 15:15:41.804,406.78167806401433,995
2024-09-17 15:15:41.853,406.7290102046507,15
2024-09-17 15:15:41.892,406.7257092121646,10
2024-09-17 15:15:41.915,406.7693030996249,97
2024-09-17 15:15:41.958,406.7693096003039,105
2024-09-17 15:15:41.983,406.75079982267977,96
2024-09-17 15:15:41.991,406.7231679256851,6
2024-09-17 15:15:42.038,406.806819714496,15
2024-09-17 15:15:42.039,406.8335679584858,105
2024-09-17 15:15:42.043,,95
2024-09-17 15:15:42.051,-406.8239694917709,1000
2024-09-17 15:15:42.078,406.7903632395111,999
2024-09-17 15:15:42.171,406.7014950046015,13
2024-09-17 15:15:42.198,406.720046492172,105
2024-09-17 15:15:42.243,406.6927030545076,8
2024-09-17 15:15:42.287,406.70337876562456,1004
2024-09-17 15:15:42.472,406.7729400694399,997
2024-09-17 15:15:42.633,406.7676579134071,100
2024-09-17 15:15:42.637,406.838534182067,9
2024-09-17 15:15:42.647,406.83125451900383,100
2024-09-17 15:15:42.680,406.716643170168,104
2024-09-17 15:15:42.691,406.7172541219858,103
2024-09-17 15:15:42.696,406.7720584490874,96
2024-09-17 15:15:42.752,406.71649370556014,995
2024-09-17 15:15:42.770,406.7607725362906,98
2024-09-17 15:15:42.819,406.76246639716726,6
2024-09-17 15:15:42.852,406.7065149696179,99
2024-09-17 15:15:42.856,406.8223220292136,101
2024-09-17 15:15:42.888,406.7121940454523,995
2024-09-17 15:15:43.060,406.809623046862,13
2024-09-17 15:15:43.077,406.8673482607144,11
2024-09-17 15:15:43.301,406.8253236755255,105
2024-09-17 15:15:43.808,406.8486242132578,6
2024-09-17 15:15:43.882,406.82343502529,997
2024-09-17 15:15:44.032,406.8253569495504,104
2024-09-17 15:15:44.131,406.8525831688954,8
2024-09-17 15:15:44.260,,101
2024-09-17 15:15:44.305,406.8113295460673,102
2024-09-17 15:15:44.330,406.820937133426,13
2024-09-17 15:15:44.365,406.8220385227857,15
2024-09-17 15:15:44.384,406.8326598278379,996
2024-09-17 15:15:44.407,406.81097555588747,999
2024-09-17 15:15:44.426,406.8114291176332,6
2024-09-17 15:15:44.457,406.8507911823959,998
2024-09-17 15:15:44.470,406.80632321322975,995
2024-09-17 15:15:44.537,406.8422655874504,996
2024-09-17 15:15:44.694,406.83441065075897,98
2024-09-17 15:15:44.744,406.8348739476178,996
2024-09-17 15:15:44.752,406.8261719600399,105
2024-09-17 15:15:44.810,406.7841297585327,105
2024-09-17 15:15:44.841,406.8599325904152,1004
2024-09-17 15:15:44.854,406.8037677509437,105
2024-09-17 15:15:44.894,406.8040860971982,96
2024-09-17 15:15:44.904,406.8013540482285,1004
2024-09-17 15:15:44.910,406.8026528605001,7
2024-09-17 15:15:44.924,406.8520064444625,102
2024-09-17 15:15:44.933,406.8387411733101,6
2024-09-17 15:15:44.963,406.78904284038487,7
2024-09-17 15:15:45.015,406.73702819684695,1002
2024-09-17 15:15:45.053,40.66969064308693,997
2024-09-17 15:15:45.125,406.72207924722017,997
2024-09-17 15:15:45.155,406.7060590223873,105
2024-09-17 15:15:45.157,406.7370729236351,96
2024-09-17 15:15:45.173,406.7247922803407,1001
2024-09-17 15:15:45.188,406.7044323720677,5
2024-09-17 15:15:45.205,406.7625279111597,7
2024-09-17 15:15:45.258,406.7582833630396,13
2024-09-17 15:15:45.310,406.7087707100357,13
2024-09-17 15:15:45.367,406.7478520063212,997
2024-09-17 15:15:45.400,406.72085555148857,11
2024-09-17 15:15:45.409,406.743295398676,1005
2024-09-17 15:15:45.452,406.7486376259912,105
2024-09-17 15:15:45.472,406.7113300749728,999
2024-09-17 15:15:45.489,406.7323056922255,14
2024-09-17 15:15:45.578,406.7514902782328,5
2024-09-17 15:15:45.611,406.7225045717809,105
2024-09-17 15:15:45.764,406.7178299332783,1002
2024-09-17 15:15:45.778,406.7187357409798,8
2024-09-17 15:15:45.985,-406.7180653317736,103
2024-09-17 15:15:46.035,406.73223782711074,998
2024-09-17 15:15:46.060,406.6131459671823,99
2024-09-17 15:15:46.087,406.7319963017271,1003
2024-09-17 15:15:46.094,406.68750040994775,102
2024-09-17 15:15:46.098,406.641668099014,103
2024-09-17 15:15:46.118,406.7146040993827,7
2024-09-17 15:15:46.252,406.6490644728987,95
2024-09-17 15:15:46.288,406.6618116614517,102
2024-09-17 15:15:46.302,406.66210448030176,97
2024-09-17 15:15:46.315,406.7459335471943,100
2024-09-17 15:15:46.349,406.7420258441285,9
2024-09-17 15:15:46.386,406.6499995342645,1004
2024-09-17 15:15:46.393,406.65807039611326,99
2024-09-17 15:15:46.507,406.73847037227705,999
2024-09-17 15:15:46.507,406.6536719041623,1001
2024-09-17 15:15:46.528,406.6558918323523,6
2024-09-17 15:15:46.530,406.7614149050344,14
2024-09-17 15:15:46.537,,96
2024-09-17 15:15:46.550,406.6505927085424,9
2024-09-17 15:15:46.602,406.6608777802607,100
2024-09-17 15:15:46.630,406.65492611831024,1004
2024-09-17 15:15:46.779,406.6353083539772,8
2024-09-17 15:15:46.821,406.7415452260078,100
2024-09-17 15:15:46.854,,1005
2024-09-17 15:15:46.868,406.7279132499359,103
2024-09-17 15:15:46.882,406.65918706871673,12
2024-09-17 15:15:46.897,406.755002268823,7
2024-09-17 15:15:46.914,406.64033188218815,1001
2024-09-17 15:15:47.009,406.6651315364896,1002
2024-09-17 15:15:47.147,406.6563369452607,9
2024-09-17 15:15:47.251,406.6634647355109,11
2024-09-17 15:15:47.266,406.6710674109254,5
2024-09-17 15:15:47.281,406.650876357661,101
2024-09-17 15:15:47.495,406.6463253614835,1001
2024-09-17 15:15:47.503,406.6429267381162,1002
2024-09-17 15:15:47.561,406.6677226743668,98
2024-09-17 15:15:47.580,406.64007694324187,11
2024-09-17 15:15:47.585,406.6506192511873,14
2024-09-17 15:15:47.781,406.6331979972043,96
2024-09-17 15:15:47.798,406.6485456912962,998
2024-09-17 15:15:47.910,406.6773406718542,996
2024-09-17 15:15:47.969,,102
2024-09-17 15:15:48.001,406.7436996476751,7
2024-09-17 15:15:48.001,406.7765003278024,995
2024-09-17 15:15:48.029,406.7619512701041,1000
2024-09-17 15:15:48.033,406.7613187429716,99
2024-09-17 15:15:48.034,406.77362766879753,103
2024-09-17 15:15:48.046,406.7808169715967,97
2024-09-17 15:15:48.046,406.72896236612166,14
2024-09-17 15:15:48.063,406.7228650894451,102
2024-09-17 15:15:48.076,406.68413730999134,96
2024-09-17 15:15:48.077,406.7707613082483,13
2024-09-17 15:15:48.110,406.6671620045905,105
2024-09-17 15:15:48.126,406.69614482546655,1000
2024-09-17 15:15:48.193,406.7891393903617,6
2024-09-17 15:15:48.278,406.6769891792599,15
2024-09-17 15:15:48.302,406.6583542344749,103
2024-09-17 15:15:48.344,406.7740367047719,104
2024-09-17 15:15:48.546,406.6903594412598,10
2024-09-17 15:15:48.574,406.7550848482822,98
2024-09-17 15:15:48.605,406.7565599846833,1002
2024-09-17 15:15:48.606,406.7522952118318,5
2024-09-17 15:15:48.606,406.6536416786382,995
2024-09-17 15:15:48.608,406.7596234517355,105
2024-09-17 15:15:48.630,406.71032840649553,6
2024-09-17 15:15:48.678,406.7417960584314,96
2024-09-17 15:15:48.791,406.7752287417937,95
2024-09-17 15:15:48.816,406.6875907385219,100
2024-09-17 15:15:48.889,406.7527488724783,99
2024-09-17 15:15:48.891,406.69757747861655,102
2024-09-17 15:15:49.194,406.7820270284929,998
2024-09-17 15:15:49.404,406.7906031682178,1001
2024-09-17 15:15:49.903,406.792600012829,998
2024-09-17 15:15:50.043,413.7487436011245,1000
2024-09-17 15:15:50.159,406.8030709120192,100
2024-09-17 15:15:50.165,406.79746136449927,7
2024-09-17 15:15:50.176,406.7906755816846,99
2024-09-17 15:15:50.481,406.7922269352396,999
2024-09-17 15:15:50.619,406.81345344576727,12
2024-09-17 15:15:50.659,406.8191469374967,96
2024-09-17 15:15:50.693,406.7953955630378,995
2024-09-17 15:15:50.724,406.7924010838228,995
2024-09-17 15:15:50.970,406.7986682663207,105
2024-09-17 15:15:51.140,406.8771442164739,95
2024-09-17 15:15:51.179,406.8884843936671,101
2024-09-17 15:15:51.186,406.89058934666457,1005
2024-09-17 15:15:51.247,406.825826446832,1002
2024-09-17 15:15:51.263,406.88789269204347,104
2024-09-17 15:15:51.283,406.8963600012512,104
2024-09-17 15:15:51.286,406.8985843879517,95
2024-09-17 15:15:51.408,406.8577903367804,998
2024-09-17 15:15:51.424,406.8156948930108,96
2024-09-17 15:15:51.469,406.80580387389216,995
2024-09-17 15:15:51.502,406.87216657390303,13
2024-09-17 15:15:51.569,406.8264472933061,996
2024-09-17 15:15:51.580,406.8201602313943,103
2024-09-17 15:15:51.585,406.8988309084358,7
2024-09-17 15:15:51.590,406.9068926153431,1001
2024-09-17 15:15:51.593,406.8817991642461,11
2024-09-17 15:15:51.709,406.8063619439422,15
2024-09-17 15:15:51.743,406.9017232586116,6
2024-09-17 15:15:51.775,406.88876984691336,14
2024-09-17 15:15:51.781,406.88794725041095,10
2024-09-17 15:15:51.814,406.8445715269584,14
2024-09-17 15:15:51.824,406.8408009649955,997
2024-09-17 15:15:51.903,406.905868701331,1002
2024-09-17 15:15:51.926,406.8492292898528,95
2024-09-17 15:15:51.956,406.8456883242257,12
2024-09-17 15:15:51.958,406.9090059099003,103
2024-09-17 15:15:51.982,406.8094809587037,12
2024-09-17 15:15:52.005,406.906173129319,98
2024-09-17 15:15:52.021,406.9519583847867,12
2024-09-17 15:15:52.114,-406.9604015029354,104
2024-09-17 15:15:52.124,406.9069289789475,7
2024-09-17 15:15:52.151,406.9469249237276,12
2024-09-17 15:15:52.185,406.9556456167711,105
2024-09-17 15:15:52.193,-406.9337257365797,996
2024-09-17 15:15:52.225,406.9546302420014,998
2024-09-17 15:15:52.271,,99
2024-09-17 15:15:52.323,406.9463771061166,9
2024-09-17 15:15:52.343,406.9283622595618,999
2024-09-17 15:15:52.360,406.9451082468476,996
2024-09-17 15:15:52.385,406.9630396806117,98
2024-09-17 15:15:52.454,406.9378478539383,102
2024-09-17 15:15:52.465,406.9451458216042,1005
2024-09-17 15:15:52.500,,100
2024-09-17 15:15:52.667,406.93157949831726,105
2024-09-17 15:15:52.687,406.9151523426699,9
2024-09-17 15:15:52.688,406.9246938699145,97
2024-09-17 15:15:52.698,406.9580059798439,999
2024-09-17 15:15:52.711,406.9247966163401,1005
2024-09-17 15:15:52.791,406.9437414060437,12
2024-09-17 15:15:52.868,406.9256586283397,100
2024-09-17 15:15:52.898,406.9316429239262,9
2024-09-17 15:15:52.959,406.972527215732,998
2024-09-17 15:15:52.969,406.9454448376873,1000
2024-09-17 15:15:53.037,406.91320559243377,12
2024-09-17 15:15:53.294,406.90116790247697,995
2024-09-17 15:15:53.295,406.9335824033258,99
2024-09-17 15:15:53.406,406.9378432933341,10
2024-09-17 15:15:53.410,406.92447765186193,999
2024-09-17 15:15:53.555,406.8975252745751,8
2024-09-17 15:15:53.599,406.91681641231247,999
2024-09-17 15:15:53.648,406.9859740586412,1004
2024-09-17 15:15:53.684,406.9469574440991,104
2024-09-17 15:15:53.763,406.9117287787125,11
2024-09-17 15:15:53.784,406.9222389903649,14
2024-09-17 15:15:53.798,406.90611213724094,1000
2024-09-17 15:15:53.803,406.8968984037632,1000
2024-09-17 15:15:53.820,406.9332527912806,1005
2024-09-17 15:15:53.908,406.9087193612676,996
2024-09-17 15:15:53.932,,104
2024-09-17 15:15:53.975,406.93646509744985,103
2024-09-17 15:15:53.979,,99
2024-09-17 15:15:54.151,406.9754381767694,10
2024-09-17 15:15:54.251,406.9338515551951,6
2024-09-17 15:15:54.272,406.9863204822187,8
2024-09-17 15:15:54.498,406.9499595558565,6
2024-09-17 15:15:54.501,406.92489196513577,999
2024-09-17 15:15:54.567,407.003729932428,999
2024-09-17 15:15:54.647,406.9952741645399,1000
2024-09-17 15:15:54.763,407.0020949222673,15
2024-09-17 15:15:55.014,406.9126529870008,100
2024-09-17 15:15:55.085,406.9438725089168,1003
2024-09-17 15:15:55.274,406.9279144743312,1004
2024-09-17 15:15:55.340,40.69383123419079,98
2024-09-17 15:15:55.345,406.9424393043302,998
2024-09-17 15:15:55.350,406.92487600468695,104
2024-09-17 15:15:55.399,406.9271306740631,104
2024-09-17 15:15:55.457,406.9275745743254,105
2024-09-17 15:15:55.656,406.9447639099596,1002
2024-09-17 15:15:55.659,406.9319916507881,99
2024-09-17 15:15:55.673,406.9139897764381,1002
2024-09-17 15:15:55.746,406.9195832335009,6
2024-09-17 15:15:55.762,406.9338374616551,99
2024-09-17 15:15:55.795,406.9296277947419,1003
2024-09-17 15:15:55.795,406.9281170455648,101
2024-09-17 15:15:55.854,406.9233191809418,7
2024-09-17 15:15:55.877,406.91930728019895,5
2024-09-17 15:15:55.903,406.9170366535305,999
2024-09-17 15:15:56.000,406.9883278527201,1005
2024-09-17 15:15:56.020,407.01169921321554,1001
2024-09-17 15:15:56.111,407.0057523718827,99
2024-09-17 15:15:56.155,406.9940292598667,999
2024-09-17 15:15:56.396,406.9956100751004,7
2024-09-17 15:15:56.420,406.9512919887315,5
2024-09-17 15:15:56.435,407.03144676279777,102
2024-09-17 15:15:56.462,406.9516653625838,996
2024-09-17 15:15:56.474,406.981050614526,98
2024-09-17 15:15:56.477,406.99910000647486,998
2024-09-17 15:15:56.507,406.9992568037165,14
2024-09-17 15:15:56.520,406.9520400526388,997
2024-09-17 15:15:56.567,-407.0291568319186,101
2024-09-17 15:15:56.574,406.9471987466258,8
2024-09-17 15:15:56.591,407.0444147951579,1001
2024-09-17 15:15:56.592,406.96135402284807,96
2024-09-17 15:15:56.733,406.97939913171393,999
2024-09-17 15:15:56.744,406.9401341581348,103
2024-09-17 15:15:56.782,406.9369296526672,104
2024-09-17 15:15:56.825,407.0228438516888,103
2024-09-17 15:15:56.858,407.0279777921031,14
2024-09-17 15:15:56.898,406.9786966074344,104
2024-09-17 15:15:56.898,407.00619986939057,12
2024-09-17 15:15:56.960,406.97091785009343,97
2024-09-17 15:15:56.990,407.01759422750894,1003
2024-09-17 15:15:57.061,407.0108310091379,999
2024-09-17 15:15:57.132,406.9800491195696,96
2024-09-17 15:15:57.228,407.0228803867179,9
2024-09-17 15:15:57.319,407.0039105380279,997
2024-09-17 15:15:57.446,406.99014427928427,105
2024-09-17 15:15:57.581,406.9799009083356,101
2024-09-17 15:15:57.789,406.97778628586656,99
2024-09-17 15:15:57.919,407.0234915234059,10
2024-09-17 15:15:57.963,407.0039191646196,999
2024-09-17 15:15:58.067,406.9639710207396,1003
2024-09-17 15:15:58.189,406.9668774454988,104
2024-09-17 15:15:58.888,406.9557241625325,1001
2024-09-17 15:15:59.076,406.9876349717183,1002
2024-09-17 15:15:59.084,406.9757237609562,100
2024-09-17 15:15:59.116,406.9958587826126,100
2024-09-17 15:15:59.150,406.9687241077286,997
2024-09-17 15:15:59.158,407.0150579460637,998
2024-09-17 15:15:59.266,406.9788765001744,13
2024-09-17 15:15:59.341,406.9632984002701,104
2024-09-17 15:15:59.369,407.0122285854421,6
2024-09-17 15:15:59.416,407.00061862262015,12
2024-09-17 15:15:59.477,40.69797029560343,101
2024-09-17 15:15:59.522,407.001875841312,5
2024-09-17 15:15:59.553,406.98716395273954,95
2024-09-17 15:15:59.567,407.0082453356227,96
2024-09-17 15:15:59.576,406.9913638201042,998
2024-09-17 15:15:59.580,406.9858961649643,101
2024-09-17 15:15:59.621,406.9755089935368,98
2024-09-17 15:15:59.758,407.0136652968321,998
2024-09-17 15:15:59.839,406.95949670445066,1002
2024-09-17 15:15:59.878,406.9777265589397,104
2024-09-17 15:15:59.947,406.971121930784,98
2024-09-17 15:15:59.957,407.0233390993338,97
