Timestamp,Price,Size
2024-09-17 12:50:00.043,406.6329413903714,101
2024-09-17 12:50:00.057,406.6606737200971,96
2024-09-17 12:50:00.092,406.6306290890116,105
2024-09-17 12:50:00.096,406.64246732188633,9
2024-09-17 12:50:00.101,406.648105951756,96
2024-09-17 12:50:00.115,406.6775186193637,13
2024-09-17 12:50:00.195,406.66240055137865,5
2024-09-17 12:50:00.196,406.6633324368536,995
2024-09-17 12:50:00.200,406.6508502962738,1004
2024-09-17 12:50:00.242,406.6691612035806,6
2024-09-17 12:50:00.319,406.6325996322656,1004
2024-09-17 12:50:00.361,406.6353818768104,998
2024-09-17 12:50:00.382,406.6609718742613,100
2024-09-17 12:50:00.384,406.66978058134447,11
2024-09-17 12:50:00.514,406.6601792066038,995
2024-09-17 12:50:00.521,406.6799415732612,96
2024-09-17 12:50:00.530,406.66148064271925,996
2024-09-17 12:50:00.563,406.6450899230985,1005
2024-09-17 12:50:00.622,406.6730184047818,6
2024-09-17 12:50:00.709,406.65286175685486,100
2024-09-17 12:50:00.712,406.6501668648344,99
2024-09-17 12:50:00.806,406.6548044587547,101
2024-09-17 12:50:00.887,406.63012001201474,997
2024-09-17 12:50:00.916,406.6453227028774,1005
2024-09-17 12:50:01.146,406.6499809837472,1003
2024-09-17 12:50:01.212,406.6203541661199,100
2024-09-17 12:50:01.303,406.6014171268907,999
2024-09-17 12:50:01.351,406.614359449712,100
2024-09-17 12:50:01.381,406.6037076544143,103
2024-09-17 12:50:01.466,406.630339963848,995
2024-09-17 12:50:01.494,406.6445923826587,9
2024-09-17 12:50:01.588,406.5947200835869,8
2024-09-17 12:50:01.804,406.5939925076888,105
2024-09-17 12:50:01.816,406.5990510904007,98
2024-09-17 12:50:02.012,406.6329653753564,102
2024-09-17 12:50:02.063,406.6182780426723,100
2024-09-17 12:50:02.203,,14
2024-09-17 12:50:02.209,406.5969453890867,10
2024-09-17 12:50:02.229,406.6024617199136,5
2024-09-17 12:50:02.348,406.62985252791606,997
2024-09-17 12:50:02.387,406.6435600042212,1002
2024-09-17 12:50:02.525,406.64023830908826,1003
2024-09-17 12:50:03.125,406.6568877940096,999
2024-09-17 12:50:03.371,406.6897013668488,1002
2024-09-17 12:50:03.395,406.7167399395794,5
2024-09-17 12:50:03.696,406.680791364774,1004
2024-09-17 12:50:03.706,406.68000364593183,101
2024-09-17 12:50:03.749,406.7140575171758,100
2024-09-17 12:50:03.909,406.6505566316847,1001
2024-09-17 12:50:03.918,406.7248979361856,6
2024-09-17 12:50:03.928,406.7147310953167,995
2024-09-17 12:50:04.123,406.6948058654027,104
2024-09-17 12:50:04.497,406.69904749183297,95
2024-09-17 12:50:04.762,406.7186391190719,100
2024-09-17 12:50:04.961,406.71560215144063,12
2024-09-17 12:50:05.018,406.69674227143287,96
2024-09-17 12:50:05.114,406.7391710510034,9
2024-09-17 12:50:05.118,406.7590675224498,9
2024-09-17 12:50:05.165,406.7217790936504,997
2024-09-17 12:50:05.168,406.6964894547149,13
2024-09-17 12:50:05.235,406.7305918225892,997
2024-09-17 12:50:05.241,406.73043891033535,12
2024-09-17 12:50:05.262,406.7031808225427,11
2024-09-17 12:50:05.352,406.7141504829583,1000
2024-09-17 12:50:05.383,406.7484446165195,1005
2024-09-17 12:50:05.413,406.7137664484314,1002
2024-09-17 12:50:05.444,406.73255730272297,98
2024-09-17 12:50:05.463,406.7561428074293,1001
2024-09-17 12:50:05.483,406.7228344547856,99
2024-09-17 12:50:05.505,406.7398245738328,996
2024-09-17 12:50:05.658,406.7278075121951,104
2024-09-17 12:50:05.674,406.7165515727365,1005
2024-09-17 12:50:05.692,406.73566076147335,14
2024-09-17 12:50:05.733,406.72369355864777,1001
2024-09-17 12:50:05.745,406.7045189362067,15
2024-09-17 12:50:05.792,406.73969048575697,998
2024-09-17 12:50:05.851,406.7443437078136,95
2024-09-17 12:50:05.892,406.7305560335016,1002
2024-09-17 12:50:05.990,406.7270476716646,995
2024-09-17 12:50:06.176,406.7442201960041,10
2024-09-17 12:50:06.204,406.7288393680723,103
2024-09-17 12:50:06.389,406.7827805422738,996
2024-09-17 12:50:06.491,406.7512167352551,5
2024-09-17 12:50:06.725,406.7721650579874,995
2024-09-17 12:50:06.870,406.75404449430977,103
2024-09-17 12:50:07.006,406.77744319608246,1005
2024-09-17 12:50:07.051,406.8189316168378,1002
2024-09-17 12:50:07.078,406.8066821949466,95
2024-09-17 12:50:07.129,406.7941586534645,998
2024-09-17 12:50:07.140,406.78051335420986,1005
2024-09-17 12:50:07.151,406.7796890098822,8
2024-09-17 12:50:07.151,406.81293858198,11
2024-09-17 12:50:07.174,406.8227111702536,9
2024-09-17 12:50:07.395,406.7784955180559,14
2024-09-17 12:50:07.402,406.7692753492201,1001
2024-09-17 12:50:07.409,406.7665819445724,103
2024-09-17 12:50:07.422,406.77378751369537,97
2024-09-17 12:50:07.431,406.7737002339615,103
2024-09-17 12:50:07.486,406.8254612464478,8
2024-09-17 12:50:07.488,406.7991604289165,1000
2024-09-17 12:50:07.498,406.7753475198239,97
2024-09-17 12:50:07.558,406.7819073417194,14
2024-09-17 12:50:07.559,406.8019602192603,104
2024-09-17 12:50:07.590,406.7891116905255,95
2024-09-17 12:50:07.623,406.8347617281081,1004
2024-09-17 12:50:07.646,406.8226647041561,1002
2024-09-17 12:50:07.741,406.827905738833,11
2024-09-17 12:50:07.745,406.7864198766749,14
2024-09-17 12:50:07.780,406.7884298072216,1001
2024-09-17 12:50:07.799,406.7880388300207,9
2024-09-17 12:50:07.966,406.78256272239287,12
2024-09-17 12:50:07.969,406.8037373342111,1005
2024-09-17 12:50:07.974,406.8314630167294,995
2024-09-17 12:50:09.077,406.8651940971818,997
2024-09-17 12:50:09.096,406.90198104643247,9
2024-09-17 12:50:09.140,406.8766773963456,15
2024-09-17 12:50:09.141,406.9423653136676,103
2024-09-17 12:50:09.179,406.9326400680189,95
2024-09-17 12:50:09.185,406.8734753472386,105
2024-09-17 12:50:09.239,406.870154678614,999
2024-09-17 12:50:09.322,406.958720551129,998
2024-09-17 12:50:09.406,406.96021040335074,95
2024-09-17 12:50:09.447,406.89626108774127,996
2024-09-17 12:50:09.567,406.8569392908384,96
2024-09-17 12:50:09.630,406.9624835387275,11
2024-09-17 12:50:09.645,406.92567117782096,6
2024-09-17 12:50:09.656,406.9537917534839,6
2024-09-17 12:50:09.678,406.9637000320761,96
2024-09-17 12:50:09.731,406.82799966810296,10
2024-09-17 12:50:09.746,406.8991342244147,105
2024-09-17 12:50:09.788,406.8741316251038,96
2024-09-17 12:50:09.817,406.94994385592827,104
2024-09-17 12:50:09.835,406.93597795730807,99
2024-09-17 12:50:09.842,406.9251012957319,101
2024-09-17 12:50:09.902,406.9538700920455,104
2024-09-17 12:50:09.983,406.9398008447183,97
2024-09-17 12:50:10.060,406.9580838437972,100
2024-09-17 12:50:10.077,406.9475570194687,1000
2024-09-17 12:50:10.113,406.9390669631889,7
2024-09-17 12:50:10.190,406.92595036437297,13
2024-09-17 12:50:10.192,406.9228012880084,9
2024-09-17 12:50:10.208,406.9713110971732,12
2024-09-17 12:50:10.210,406.9416782458964,97
2024-09-17 12:50:10.218,406.9777522064449,13
2024-09-17 12:50:10.329,406.943714785546,1001
2024-09-17 12:50:10.349,406.8857475220963,101
2024-09-17 12:50:10.386,406.9935825275194,98
2024-09-17 12:50:10.444,406.93820390372457,104
2024-09-17 12:50:10.509,-406.94468569932894,104
2024-09-17 12:50:10.563,406.9803789148917,11
2024-09-17 12:50:10.605,406.9442997562599,13
2024-09-17 12:50:10.639,406.97102373367375,98
2024-09-17 12:50:10.684,406.8862239828262,14
2024-09-17 12:50:10.686,406.8897677479259,97
2024-09-17 12:50:10.689,406.8967201009752,101
2024-09-17 12:50:10.705,406.9023014357267,6
2024-09-17 12:50:10.814,406.9417235102078,105
2024-09-17 12:50:10.849,406.8964116496837,11
2024-09-17 12:50:10.906,406.9254319044341,995
2024-09-17 12:50:10.911,406.9152532791401,12
2024-09-17 12:50:11.062,406.96153445980445,11
2024-09-17 12:50:11.099,406.9594186584106,100
2024-09-17 12:50:11.099,406.9548602251273,997
2024-09-17 12:50:11.115,406.9637452367485,7
2024-09-17 12:50:11.124,406.9752451014542,13
2024-09-17 12:50:11.165,406.96881928470185,95
2024-09-17 12:50:11.236,406.9769934658068,99
2024-09-17 12:50:11.338,406.9954608510976,101
2024-09-17 12:50:11.343,406.95654650326185,1004
2024-09-17 12:50:11.383,406.9645621464648,997
2024-09-17 12:50:11.473,406.96955074118966,97
2024-09-17 12:50:11.527,406.98886954504553,1001
2024-09-17 12:50:11.558,406.9699396723534,1001
2024-09-17 12:50:11.569,406.969521143438,105
2024-09-17 12:50:11.573,406.9804947270384,6
2024-09-17 12:50:11.583,406.9818604679263,101
2024-09-17 12:50:11.587,406.96444495988726,95
2024-09-17 12:50:11.593,406.9852312304461,1001
2024-09-17 12:50:11.596,406.9606726391668,1002
2024-09-17 12:50:11.620,,11
2024-09-17 12:50:11.631,406.9778786016703,995
2024-09-17 12:50:11.722,406.9697201431398,1004
2024-09-17 12:50:11.741,406.9778699422458,999
2024-09-17 12:50:11.755,406.96710564505247,97
2024-09-17 12:50:11.772,406.9691007197272,1000
2024-09-17 12:50:11.794,406.983316543205,12
2024-09-17 12:50:11.807,406.95891588992737,12
2024-09-17 12:50:11.832,406.9577636333021,1001
2024-09-17 12:50:11.861,406.9748566018035,1004
2024-09-17 12:50:11.986,406.9712774291109,999
2024-09-17 12:50:12.007,406.9867656470251,12
2024-09-17 12:50:12.007,407.00398684199206,101
2024-09-17 12:50:12.044,406.96041364678007,96
2024-09-17 12:50:12.127,406.9839740557003,1002
2024-09-17 12:50:12.150,406.96634804578815,1001
2024-09-17 12:50:12.162,406.95981290494905,99
2024-09-17 12:50:12.207,406.986131463813,14
2024-09-17 12:50:12.210,406.966914625404,995
2024-09-17 12:50:12.216,406.96899614954185,98
2024-09-17 12:50:12.232,40.69802727001199,96
2024-09-17 12:50:12.273,406.9669314781536,100
2024-09-17 12:50:12.452,406.95572522674337,100
2024-09-17 12:50:12.486,406.9691892172538,101
2024-09-17 12:50:12.525,406.96596163941706,14
2024-09-17 12:50:12.529,406.9649830505447,998
2024-09-17 12:50:12.534,406.97709272204304,103
2024-09-17 12:50:12.551,406.962834357426,1003
2024-09-17 12:50:12.584,406.9779271758629,7
2024-09-17 12:50:12.594,406.9705827599216,10
2024-09-17 12:50:12.622,406.9889403194408,10
2024-09-17 12:50:12.706,406.97060357359305,100
2024-09-17 12:50:12.806,406.9715848027367,15
2024-09-17 12:50:12.871,406.9576763575175,997
2024-09-17 12:50:12.900,406.9607967715856,96
2024-09-17 12:50:12.909,406.9856960332954,104
2024-09-17 12:50:12.937,406.9671921251245,14
2024-09-17 12:50:12.984,407.0042671806745,15
2024-09-17 12:50:12.998,406.98954557319433,995
2024-09-17 12:50:13.345,406.99283096470873,1000
2024-09-17 12:50:13.409,406.9831515250763,105
2024-09-17 12:50:13.871,406.98392189513913,1001
2024-09-17 12:50:14.165,407.0386566582352,102
2024-09-17 12:50:14.522,407.0630798023718,995
2024-09-17 12:50:14.547,407.0410036128417,1000
2024-09-17 12:50:14.620,407.02378790525546,1002
2024-09-17 12:50:14.977,407.0932542004308,1003
2024-09-17 12:50:15.077,407.1462051824967,8
2024-09-17 12:50:15.089,407.1472659509608,1001
2024-09-17 12:50:15.145,407.1192649397405,8
2024-09-17 12:50:15.214,407.1091823413215,101
2024-09-17 12:50:15.281,407.10713659759176,1003
2024-09-17 12:50:15.305,407.1219983673817,105
2024-09-17 12:50:15.512,407.1291296199137,100
2024-09-17 12:50:15.659,407.1420571461997,1005
2024-09-17 12:50:15.791,407.1443228194675,5
2024-09-17 12:50:15.819,407.1376376470857,10
2024-09-17 12:50:15.842,407.1458752999637,995
2024-09-17 12:50:15.867,407.1210312334174,9
2024-09-17 12:50:16.027,407.1115107969109,10
2024-09-17 12:50:16.071,407.1485673662671,97
2024-09-17 12:50:16.080,407.1580315943112,13
2024-09-17 12:50:16.172,407.1472540750246,98
2024-09-17 12:50:16.225,407.15118731207474,13
2024-09-17 12:50:16.362,407.1549878191215,1001
2024-09-17 12:50:16.366,407.13146509392647,9
2024-09-17 12:50:16.412,407.1440479041337,5
2024-09-17 12:50:16.436,407.1498718376826,9
2024-09-17 12:50:16.475,407.1497246010464,998
2024-09-17 12:50:17.002,407.0949776271468,12
2024-09-17 12:50:17.157,407.0885170230281,15
2024-09-17 12:50:17.166,407.09715000174384,12
2024-09-17 12:50:17.204,407.0905627636651,97
2024-09-17 12:50:17.528,407.07552262822185,5
2024-09-17 12:50:17.773,407.10871353884863,9
2024-09-17 12:50:17.804,407.1058116467095,999
2024-09-17 12:50:18.180,407.16329779331215,102
2024-09-17 12:50:18.261,407.0665815735514,95
2024-09-17 12:50:18.284,407.0724841873607,1003
2024-09-17 12:50:18.352,407.09997847455946,998
2024-09-17 12:50:18.379,407.1116060021096,998
2024-09-17 12:50:18.485,407.08233965909375,999
2024-09-17 12:50:18.497,407.08380395004616,1003
2024-09-17 12:50:18.506,407.0602039905192,15
2024-09-17 12:50:18.600,407.1039788620186,998
2024-09-17 12:50:18.611,407.15616948263806,1003
2024-09-17 12:50:18.616,407.12397017002735,98
2024-09-17 12:50:18.617,407.1430621855152,102
2024-09-17 12:50:18.623,407.088348695775,1001
2024-09-17 12:50:18.674,407.0967822000986,96
2024-09-17 12:50:18.810,407.0782071924784,103
2024-09-17 12:50:18.884,-407.100877521086,95
2024-09-17 12:50:18.917,407.1204789536532,103
2024-09-17 12:50:18.919,407.1199123050768,14
2024-09-17 12:50:18.951,407.0741696389995,1005
2024-09-17 12:50:19.284,407.1372033555333,100
2024-09-17 12:50:20.127,407.1644322126369,997
2024-09-17 12:50:20.190,407.128560052551,102
2024-09-17 12:50:20.266,407.1550051405294,996
2024-09-17 12:50:20.338,407.1627471558427,995
2024-09-17 12:50:20.339,407.1408653012018,105
2024-09-17 12:50:20.410,407.147824179979,998
2024-09-17 12:50:20.417,407.1607614224399,6
2024-09-17 12:50:20.443,407.1423426520781,98
2024-09-17 12:50:20.508,407.1471898263784,104
2024-09-17 12:50:20.615,407.1654254416362,103
2024-09-17 12:50:20.749,407.1460193905756,97
2024-09-17 12:50:20.817,407.1580289013671,101
2024-09-17 12:50:20.890,407.1488539478652,7
2024-09-17 12:50:20.930,407.1405189426656,105
2024-09-17 12:50:21.042,407.1185390957703,96
2024-09-17 12:50:21.245,407.1397779679457,6
2024-09-17 12:50:21.276,407.14367625358216,1005
2024-09-17 12:50:21.307,407.141730326526,999
2024-09-17 12:50:21.318,407.1563722215632,1000
2024-09-17 12:50:21.377,407.1527717141709,997
2024-09-17 12:50:21.429,407.1438438019112,11
2024-09-17 12:50:21.558,,7
2024-09-17 12:50:21.750,407.1357265475978,9
2024-09-17 12:50:22.043,407.1060725851849,104
2024-09-17 12:50:22.344,407.08274448563577,103
2024-09-17 12:50:22.548,407.0919428333574,103
2024-09-17 12:50:22.618,407.0760014614992,97
2024-09-17 12:50:22.695,407.0776015978674,11
2024-09-17 12:50:22.773,407.1027705030335,7
2024-09-17 12:50:22.938,407.1033676386614,997
2024-09-17 12:50:23.176,407.1113532773777,95
2024-09-17 12:50:24.057,407.1780103339216,1001
2024-09-17 12:50:24.069,407.17474068331467,1003
2024-09-17 12:50:24.091,407.1942626913509,95
2024-09-17 12:50:24.154,407.18261359613865,8
2024-09-17 12:50:24.205,407.1074924586379,7
2024-09-17 12:50:24.209,407.1016376500886,1003
2024-09-17 12:50:24.367,407.1002619458212,1001
2024-09-17 12:50:24.371,407.19214847209344,99
2024-09-17 12:50:24.377,407.1815211440439,100
2024-09-17 12:50:24.391,407.167845144304,1003
2024-09-17 12:50:24.417,407.1713201505403,996
2024-09-17 12:50:24.539,407.1675786841637,104
2024-09-17 12:50:24.552,407.199438517429,1005
2024-09-17 12:50:24.558,407.1393561722405,1001
2024-09-17 12:50:24.656,407.1568315627477,6
2024-09-17 12:50:24.693,407.2258832202147,15
2024-09-17 12:50:24.769,407.12434139386414,7
2024-09-17 12:50:24.902,407.2202892977705,1002
2024-09-17 12:50:24.912,407.1533699831962,997
2024-09-17 12:50:24.934,407.1290161209921,10
2024-09-17 12:50:25.085,407.2260166983722,9
2024-09-17 12:50:25.099,407.2084710379296,1005
2024-09-17 12:50:25.163,407.227326661997,14
2024-09-17 12:50:25.320,407.21683115805536,96
2024-09-17 12:50:25.504,407.1956099519284,9
2024-09-17 12:50:25.548,407.21001593827424,105
2024-09-17 12:50:25.552,407.22010427418127,95
2024-09-17 12:50:25.570,-407.21807265645896,10
2024-09-17 12:50:25.585,407.21398288117217,11
2024-09-17 12:50:25.619,407.1980280361812,14
2024-09-17 12:50:25.677,407.2220958932617,7
2024-09-17 12:50:25.753,407.2198838139641,998
2024-09-17 12:50:25.757,407.2358781769444,104
2024-09-17 12:50:25.862,407.19728926594246,5
2024-09-17 12:50:26.008,407.22906816918,98
2024-09-17 12:50:26.018,407.2131325587357,102
2024-09-17 12:50:26.033,407.2163776828244,95
2024-09-17 12:50:26.067,407.1669205653236,8
2024-09-17 12:50:26.148,407.1475280952757,103
2024-09-17 12:50:26.172,407.1620828739244,996
2024-09-17 12:50:26.193,407.1758195547021,1004
2024-09-17 12:50:26.197,407.1956393463033,999
2024-09-17 12:50:26.274,407.2117655234658,105
2024-09-17 12:50:26.302,407.1508286205252,1003
2024-09-17 12:50:26.355,407.2482176484304,997
2024-09-17 12:50:26.359,407.1737763035321,99
2024-09-17 12:50:26.363,407.2386690997717,100
2024-09-17 12:50:26.374,407.1527010362795,1001
2024-09-17 12:50:26.393,407.2190558731911,11
2024-09-17 12:50:26.458,407.1790000318565,13
2024-09-17 12:50:26.478,407.2455197796121,96
2024-09-17 12:50:26.509,407.2441873521388,98
2024-09-17 12:50:26.577,407.133819972276,98
2024-09-17 12:50:26.631,407.18610912965454,12
2024-09-17 12:50:26.655,407.1615740905581,100
2024-09-17 12:50:26.658,407.15471899977257,14
2024-09-17 12:50:26.718,407.204997392697,96
2024-09-17 12:50:26.795,407.2606376476143,999
2024-09-17 12:50:26.799,407.2246498647496,995
2024-09-17 12:50:26.820,407.22772852894894,5
2024-09-17 12:50:26.824,407.1598017010113,98
2024-09-17 12:50:26.912,407.20368408751966,103
2024-09-17 12:50:27.421,407.1542877666331,96
2024-09-17 12:50:27.649,407.1458179783892,997
2024-09-17 12:50:27.707,407.14493404177966,95
2024-09-17 12:50:27.809,407.1561940365676,11
2024-09-17 12:50:27.911,407.1608321530648,103
2024-09-17 12:50:28.002,407.1393705211602,14
2024-09-17 12:50:28.268,407.1601895955421,102
2024-09-17 12:50:28.385,407.1526872733195,12
2024-09-17 12:50:28.847,407.1585087399845,1001
2024-09-17 12:50:29.015,407.15482379985343,6
2024-09-17 12:50:29.043,407.1582207076495,997
2024-09-17 12:50:29.109,407.2588775576935,1005
2024-09-17 12:50:29.262,407.19700773309273,1000
2024-09-17 12:50:29.328,407.2460882793378,97
2024-09-17 12:50:29.339,407.2275443823122,12
2024-09-17 12:50:29.399,407.1963575396427,104
2024-09-17 12:50:29.435,407.17844781720703,105
2024-09-17 12:50:29.450,407.2246463341537,1001
2024-09-17 12:50:29.454,407.17087226750135,999
2024-09-17 12:50:29.566,407.1891121078361,1001
2024-09-17 12:50:29.581,407.1914522200444,14
2024-09-17 12:50:29.624,407.15805046540913,102
2024-09-17 12:50:29.720,407.15042520854433,998
2024-09-17 12:50:29.733,407.1637397909867,1003
2024-09-17 12:50:29.816,407.2486432642596,1003
2024-09-17 12:50:29.855,407.17298681318135,14
2024-09-17 12:50:29.863,407.1838642362752,104
2024-09-17 12:50:29.887,407.1607433776725,9
2024-09-17 12:50:29.904,407.2533812975167,998
2024-09-17 12:50:29.975,407.1626952157788,104
2024-09-17 12:50:30.037,407.235498964862,11
2024-09-17 12:50:30.054,407.2139906852858,1002
2024-09-17 12:50:30.124,407.2173699024479,105
2024-09-17 12:50:30.148,407.2145761734404,105
2024-09-17 12:50:30.220,407.24466347755055,998
2024-09-17 12:50:30.231,407.2500326466829,10
2024-09-17 12:50:30.285,407.2293218782376,12
2024-09-17 12:50:30.314,407.2551536773725,105
2024-09-17 12:50:30.327,407.2062261757228,1000
2024-09-17 12:50:30.442,407.2393279412626,98
2024-09-17 12:50:30.522,407.2106926088401,101
2024-09-17 12:50:30.585,407.233662679685,103
2024-09-17 12:50:30.625,407.2003125483919,6
2024-09-17 12:50:30.738,407.2502840843262,8
2024-09-17 12:50:30.765,407.23556486244246,96
2024-09-17 12:50:30.781,407.2112898730125,102
2024-09-17 12:50:30.794,407.2401980021688,997
2024-09-17 12:50:30.819,407.2151472482973,8
2024-09-17 12:50:30.821,407.2327813254959,996
2024-09-17 12:50:30.887,407.22283206840297,998
2024-09-17 12:50:30.909,407.2476294017637,998
2024-09-17 12:50:31.776,407.2274834997191,96
2024-09-17 12:50:31.844,407.2078745548853,102
2024-09-17 12:50:32.093,407.2068366741668,1005
2024-09-17 12:50:32.209,407.2124994410042,14
2024-09-17 12:50:32.247,407.2313477839245,8
2024-09-17 12:50:32.261,407.2254227177812,11
2024-09-17 12:50:32.307,407.2304791370004,101
2024-09-17 12:50:32.437,407.2241466358286,995
2024-09-17 12:50:32.444,407.2304516493979,104
2024-09-17 12:50:32.529,407.22850877718673,1002
2024-09-17 12:50:32.575,,95
2024-09-17 12:50:32.682,407.2084655685226,6
2024-09-17 12:50:33.062,407.1928044856791,13
2024-09-17 12:50:33.211,407.19762649263686,7
2024-09-17 12:50:33.239,407.1919660518653,97
2024-09-17 12:50:33.633,407.2049718165196,102
2024-09-17 12:50:33.655,407.1859074076496,97
2024-09-17 12:50:33.835,407.1919267477759,98
2024-09-17 12:50:33.836,407.21037399686736,996
2024-09-17 12:50:33.840,407.19863227424366,15
2024-09-17 12:50:33.992,407.1907418672399,1001
2024-09-17 12:50:33.998,407.1778078122729,101
2024-09-17 12:50:34.053,407.203032790871,104
2024-09-17 12:50:34.169,40.71599442999235,104
2024-09-17 12:50:34.187,407.1636606966732,98
2024-09-17 12:50:34.192,407.162011600065,14
2024-09-17 12:50:34.220,407.1350603724114,1001
2024-09-17 12:50:34.386,407.1745074134986,11
2024-09-17 12:50:34.424,407.1988664344583,13
2024-09-17 12:50:34.430,407.1488312503063,13
2024-09-17 12:50:34.475,407.1743578898991,97
2024-09-17 12:50:34.564,407.1536935103663,6
2024-09-17 12:50:34.612,407.14940600465695,1001
2024-09-17 12:50:34.656,407.152651167792,7
2024-09-17 12:50:34.862,407.1547144938575,1000
2024-09-17 12:50:34.867,407.1792347828441,99
2024-09-17 12:50:34.918,407.1402079954013,97
2024-09-17 12:50:35.021,407.1659842371847,998
2024-09-17 12:50:35.498,407.1576031625039,1000
2024-09-17 12:50:36.056,407.1780902545827,97
2024-09-17 12:50:36.060,407.2065370110453,101
2024-09-17 12:50:36.372,407.18275496968687,105
2024-09-17 12:50:36.380,407.1802094936632,5
2024-09-17 12:50:36.744,407.1905504936369,1002
2024-09-17 12:50:36.747,407.1907702872874,1001
2024-09-17 12:50:36.823,407.18926219777694,104
2024-09-17 12:50:36.991,407.2009726859267,1005
2024-09-17 12:50:37.076,407.2115471351267,995
2024-09-17 12:50:37.086,407.2102491166041,100
2024-09-17 12:50:38.020,407.26528350466685,1003
2024-09-17 12:50:38.098,407.26947389871145,1001
2024-09-17 12:50:38.140,407.296025367197,5
2024-09-17 12:50:38.227,407.2663042633991,999
2024-09-17 12:50:38.247,407.246785745121,7
2024-09-17 12:50:38.276,407.24252236311486,105
2024-09-17 12:50:38.333,407.2839330792476,102
2024-09-17 12:50:38.434,407.25691480654297,97
2024-09-17 12:50:38.446,407.216918179161,998
2024-09-17 12:50:38.472,407.28050430306223,8
2024-09-17 12:50:38.498,407.256679578998,103
2024-09-17 12:50:38.499,407.2582270492315,997
2024-09-17 12:50:38.530,407.2896810353572,1002
2024-09-17 12:50:38.600,407.28400832101823,102
2024-09-17 12:50:38.786,407.2931488015074,995
2024-09-17 12:50:38.811,407.2771777066952,13
2024-09-17 12:50:38.923,407.2525633685701,96
2024-09-17 12:50:38.971,407.2608212695899,96
2024-09-17 12:50:39.198,407.28012185285615,997
2024-09-17 12:50:39.200,407.2919542743549,997
2024-09-17 12:50:39.374,407.2956562894632,11
2024-09-17 12:50:39.506,407.2831840384101,997
2024-09-17 12:50:39.534,407.2870562600396,5
2024-09-17 12:50:39.763,407.2660612304464,9
2024-09-17 12:50:39.843,407.28690134676873,103
2024-09-17 12:50:39.894,407.2816322346193,11
2024-09-17 12:50:39.920,407.28866228224746,1002
2024-09-17 12:50:39.943,407.28893055477016,8
2024-09-17 12:50:40.006,407.2885787363847,99
2024-09-17 12:50:40.037,407.2921375708255,7
2024-09-17 12:50:40.175,407.28386785673655,1005
2024-09-17 12:50:40.239,407.2826254791412,7
2024-09-17 12:50:40.245,407.2920190440765,996
2024-09-17 12:50:40.271,407.2916353620456,13
2024-09-17 12:50:40.441,407.3053614267852,96
2024-09-17 12:50:40.464,407.2900609478765,6
2024-09-17 12:50:40.537,407.2837538333397,1000
2024-09-17 12:50:40.547,,1005
2024-09-17 12:50:40.622,407.2908749004188,11
2024-09-17 12:50:40.866,407.2908914869073,1003
2024-09-17 12:50:41.045,407.31372425267614,98
2024-09-17 12:50:42.156,407.3493180478709,1000
2024-09-17 12:50:42.180,407.34049680515824,99
2024-09-17 12:50:42.183,407.3602699599451,15
2024-09-17 12:50:42.475,-407.34283205217946,1002
2024-09-17 12:50:42.864,407.3246079366205,7
2024-09-17 12:50:42.885,407.31117456510987,1003
2024-09-17 12:50:43.094,407.33215619770834,995
2024-09-17 12:50:43.226,407.3423948425744,5
2024-09-17 12:50:43.268,407.3455049610261,11
2024-09-17 12:50:43.320,407.3601990064999,996
2024-09-17 12:50:43.416,407.35499540487393,1003
2024-09-17 12:50:43.566,407.3555593246241,1003
2024-09-17 12:50:43.635,407.34877456155056,98
2024-09-17 12:50:43.716,407.33416207896346,5
2024-09-17 12:50:43.846,407.33937403258136,104
2024-09-17 12:50:44.072,407.3532550605496,1004
2024-09-17 12:50:44.077,407.3584243416916,6
2024-09-17 12:50:44.143,407.3431307013202,998
2024-09-17 12:50:44.549,,11
2024-09-17 12:50:44.747,407.352227623554,103
2024-09-17 12:50:44.777,407.3749850188099,13
2024-09-17 12:50:44.853,407.38749902173214,1002
2024-09-17 12:50:44.881,407.3644832255205,100
2024-09-17 12:50:44.897,407.39727061329296,102
2024-09-17 12:50:45.003,407.4188209874383,99
2024-09-17 12:50:45.203,407.433454493657,997
2024-09-17 12:50:45.244,407.4076408731451,8
2024-09-17 12:50:45.268,407.4318631324783,100
2024-09-17 12:50:45.268,407.3783071306643,15
2024-09-17 12:50:45.290,407.40224991399646,1003
2024-09-17 12:50:45.329,407.35746541274005,103
2024-09-17 12:50:45.477,407.3533901419262,1001
2024-09-17 12:50:45.623,407.3725152444,996
2024-09-17 12:50:45.625,407.42299087794544,10
2024-09-17 12:50:45.698,407.4060006734398,9
2024-09-17 12:50:45.781,,104
2024-09-17 12:50:45.822,407.43376325065145,105
2024-09-17 12:50:45.880,407.3937766377348,13
2024-09-17 12:50:45.919,407.3940267178086,1005
2024-09-17 12:50:45.926,407.39682851267486,15
2024-09-17 12:50:45.975,407.3514851871016,100
2024-09-17 12:50:45.984,407.4284019758076,100
2024-09-17 12:50:47.092,407.3887314599434,8
2024-09-17 12:50:47.644,407.3905736860609,7
2024-09-17 12:50:47.698,407.3779821123314,996
2024-09-17 12:50:47.718,407.3715106730292,96
2024-09-17 12:50:47.809,407.3946119376462,102
2024-09-17 12:50:48.011,407.39961330727607,96
2024-09-17 12:50:48.119,407.3393731803218,103
2024-09-17 12:50:48.190,407.38259312285,97
2024-09-17 12:50:48.257,407.37923170955344,8
2024-09-17 12:50:48.341,407.4242514187218,14
2024-09-17 12:50:48.412,407.36756027908535,102
2024-09-17 12:50:48.432,407.41622386390566,102
2024-09-17 12:50:48.457,407.3531921200589,1001
2024-09-17 12:50:48.500,407.385407114591,9
2024-09-17 12:50:48.561,407.384686521438,997
2024-09-17 12:50:48.580,407.4072397303189,996
2024-09-17 12:50:48.589,407.40778973522765,98
2024-09-17 12:50:48.676,407.3303329640412,1000
2024-09-17 12:50:48.719,407.3571210554608,997
2024-09-17 12:50:48.770,407.40732238696177,12
2024-09-17 12:50:48.894,407.41087482169337,7
2024-09-17 12:50:48.919,407.36999768115095,105
2024-09-17 12:50:48.920,407.4095460528398,1004
2024-09-17 12:50:48.949,407.3933112396231,11
2024-09-17 12:50:48.999,407.33237773495927,100
2024-09-17 12:50:49.129,407.3461773519036,95
2024-09-17 12:50:49.155,407.3696501018107,997
2024-09-17 12:50:49.290,407.3386375762134,1003
2024-09-17 12:50:49.294,407.34426987857466,10
2024-09-17 12:50:49.309,407.3600665047768,1002
2024-09-17 12:50:49.343,407.3514328561546,1001
2024-09-17 12:50:49.376,407.36963847722336,999
2024-09-17 12:50:49.387,407.3685058848714,101
2024-09-17 12:50:49.505,407.3380546152437,1003
2024-09-17 12:50:49.774,407.3476435417692,103
2024-09-17 12:50:49.833,407.355500103467,5
2024-09-17 12:50:49.986,407.380993843899,1004
2024-09-17 12:50:50.172,407.3458404641501,98
2024-09-17 12:50:50.233,407.3461288204943,105
2024-09-17 12:50:50.267,407.3340363560261,96
2024-09-17 12:50:50.288,407.3610622194169,9
2024-09-17 12:50:50.312,407.3601157487117,13
2024-09-17 12:50:50.350,407.3555136050013,97
2024-09-17 12:50:50.385,407.3463756818254,14
2024-09-17 12:50:50.406,407.3557871719103,95
2024-09-17 12:50:50.430,407.3535079645389,996
2024-09-17 12:50:50.437,407.3532793369026,996
2024-09-17 12:50:50.449,407.3481622149247,996
2024-09-17 12:50:50.460,407.3565562275089,999
2024-09-17 12:50:50.591,407.3483860383702,102
2024-09-17 12:50:50.656,407.34214666598393,96
2024-09-17 12:50:50.749,407.3624727745577,998
2024-09-17 12:50:50.779,407.3564919880336,96
2024-09-17 12:50:50.792,407.36499643765626,996
2024-09-17 12:50:50.796,407.3514822308506,14
2024-09-17 12:50:50.802,407.3597772089916,13
2024-09-17 12:50:50.818,407.3468242475073,102
2024-09-17 12:50:50.828,407.344255763592,9
2024-09-17 12:50:50.882,407.3149604013887,1005
2024-09-17 12:50:50.890,407.3438253137874,99
2024-09-17 12:50:50.932,407.35139994955904,103
2024-09-17 12:50:50.932,407.3489211773686,995
2024-09-17 12:50:50.961,407.33825813674537,9
2024-09-17 12:50:51.195,407.3336536826059,9
2024-09-17 12:50:52.205,407.3206853763273,1003
2024-09-17 12:50:52.521,407.3403988510294,996
2024-09-17 12:50:52.662,407.32411639047,8
2024-09-17 12:50:52.815,407.3029853681641,8
2024-09-17 12:50:54.648,407.2725668675458,100
2024-09-17 12:50:54.725,407.25419178226105,1002
2024-09-17 12:50:55.038,407.28763205589337,101
2024-09-17 12:50:55.209,407.276560145231,995
2024-09-17 12:50:55.865,407.26125385668274,999
2024-09-17 12:50:56.035,407.31562555132695,97
2024-09-17 12:50:56.153,407.3230790252976,7
2024-09-17 12:50:56.289,407.3120847664845,103
2024-09-17 12:50:56.330,407.3142003706309,1002
2024-09-17 12:50:56.565,-407.3274912131546,998
2024-09-17 12:50:56.581,407.35525528517377,98
2024-09-17 12:50:56.634,407.3237613969512,10
2024-09-17 12:50:56.658,407.318582557918,6
2024-09-17 12:50:56.717,407.3343498899073,11
2024-09-17 12:50:56.752,407.28766325191214,99
2024-09-17 12:50:56.803,407.3567473513962,95
2024-09-17 12:50:56.884,407.3080470401615,1004
2024-09-17 12:50:57.608,407.3489978758859,14
2024-09-17 12:50:57.793,407.3606290236156,104
2024-09-17 12:50:58.017,407.3771897777981,15
2024-09-17 12:50:58.031,407.39732558258254,1005
2024-09-17 12:50:58.038,407.3973055410759,99
2024-09-17 12:50:58.071,407.3969081025714,997
2024-09-17 12:50:58.169,407.36856930021,1002
2024-09-17 12:50:58.386,407.3567954640259,10
2024-09-17 12:50:58.443,407.38133089140285,101
2024-09-17 12:50:58.504,407.3688324412898,997
2024-09-17 12:50:58.519,407.3900211623617,97
2024-09-17 12:50:58.573,407.3646858577952,8
2024-09-17 12:50:58.598,407.3694763572937,11
2024-09-17 12:50:58.632,407.380730722797,1002
2024-09-17 12:50:58.820,407.3831674746593,103
2024-09-17 12:50:58.838,407.3811457619809,12
2024-09-17 12:50:59.005,407.3846855636968,1002
2024-09-17 12:50:59.116,407.3554914974232,100
2024-09-17 12:50:59.155,407.3855776193466,5
2024-09-17 12:50:59.370,407.3814934163905,995
2024-09-17 12:50:59.409,40.73816173608837,9
2024-09-17 12:50:59.462,,996
2024-09-17 12:50:59.575,407.3567054933625,105
2024-09-17 12:50:59.576,407.37576441726986,104
2024-09-17 12:50:59.648,407.3902722250482,1005
2024-09-17 12:50:59.723,407.38284323561993,96
2024-09-17 12:50:59.919,407.360099423674,995
2024-09-17 12:50:59.981,407.35694796873406,1002
