Timestamp,Price,Size
2024-09-17 10:34:00.140,414.74114431525584,1005
2024-09-17 10:34:00.160,414.74987554280295,1004
2024-09-17 10:34:00.182,414.7559023505717,995
2024-09-17 10:34:00.211,414.7360988308545,1004
2024-09-17 10:34:00.240,414.7510848961801,12
2024-09-17 10:34:00.318,414.7564517622548,14
2024-09-17 10:34:00.407,414.7628800265692,1002
2024-09-17 10:34:00.408,414.7448462305197,998
2024-09-17 10:34:00.472,414.7676284090703,100
2024-09-17 10:34:00.505,414.7388817726762,6
2024-09-17 10:34:00.533,414.740943744809,7
2024-09-17 10:34:00.548,414.73754513897353,10
2024-09-17 10:34:00.689,414.7308923384629,97
2024-09-17 10:34:00.703,414.7315473137708,997
2024-09-17 10:34:00.746,414.74855486232656,11
2024-09-17 10:34:00.762,414.74689929672434,995
2024-09-17 10:34:00.779,414.7230973215436,1000
2024-09-17 10:34:00.818,414.74568631683945,1003
2024-09-17 10:34:00.830,414.7352648931409,1004
2024-09-17 10:34:00.873,414.74412166539366,96
2024-09-17 10:34:00.884,414.7395350898277,103
2024-09-17 10:34:00.965,414.7430513911615,995
2024-09-17 10:34:00.980,414.7458856134612,7
2024-09-17 10:34:01.177,414.719458549144,15
2024-09-17 10:34:01.231,414.69899601244754,97
2024-09-17 10:34:01.298,414.6671533088167,105
2024-09-17 10:34:01.373,414.696503996823,103
2024-09-17 10:34:01.483,414.7078778992429,101
2024-09-17 10:34:01.552,414.7123963189149,999
2024-09-17 10:34:01.556,414.6860736754885,11
2024-09-17 10:34:01.572,414.65193409369925,9
2024-09-17 10:34:01.789,414.7478220636227,105
2024-09-17 10:34:01.822,414.6845558085338,9
2024-09-17 10:34:01.867,414.752113258452,14
2024-09-17 10:34:01.877,414.6929239849263,103
2024-09-17 10:34:04.063,414.72113289335545,1005
2024-09-17 10:34:04.342,414.7239046139499,6
2024-09-17 10:34:04.358,414.7270689040604,103
2024-09-17 10:34:04.436,414.72711469401816,96
2024-09-17 10:34:04.604,414.73441894130485,96
2024-09-17 10:34:04.880,414.7387245381656,1005
2024-09-17 10:34:05.001,414.7439592769928,10
2024-09-17 10:34:05.055,414.7572887787033,104
2024-09-17 10:34:05.056,414.7421516343391,5
2024-09-17 10:34:05.087,414.758228181057,98
2024-09-17 10:34:05.181,414.7734509178984,100
2024-09-17 10:34:05.258,414.7621334914214,10
2024-09-17 10:34:05.313,-414.7626820448233,10
2024-09-17 10:34:05.336,414.75871174481534,95
2024-09-17 10:34:05.350,414.7853640183869,997
2024-09-17 10:34:05.391,414.7783291189565,97
2024-09-17 10:34:05.392,414.7413643760365,101
2024-09-17 10:34:05.393,414.7411158478344,1000
2024-09-17 10:34:05.408,414.7811314312767,104
2024-09-17 10:34:05.408,414.7631932281079,1001
2024-09-17 10:34:05.448,414.7759410425433,1005
2024-09-17 10:34:05.471,414.7618044233305,14
2024-09-17 10:34:05.562,414.7783353078807,12
2024-09-17 10:34:05.574,414.7881844241953,97
2024-09-17 10:34:05.577,414.7444472667189,1001
2024-09-17 10:34:05.638,414.7547240062021,1001
2024-09-17 10:34:05.693,414.7485268163233,103
2024-09-17 10:34:05.708,414.76037500281626,6
2024-09-17 10:34:05.726,414.7667421774692,11
2024-09-17 10:34:05.766,414.7640785494533,995
2024-09-17 10:34:05.782,414.7750127560748,98
2024-09-17 10:34:05.851,414.7501361432064,1002
2024-09-17 10:34:05.851,414.7741655244209,14
2024-09-17 10:34:05.875,414.77943371714986,98
2024-09-17 10:34:05.905,414.7432404201545,12
2024-09-17 10:34:05.978,414.7516632059064,1003
2024-09-17 10:34:06.026,414.7552971695013,1005
2024-09-17 10:34:06.030,414.76859006342426,102
2024-09-17 10:34:06.098,414.7529079592844,13
2024-09-17 10:34:06.139,414.7598726769467,9
2024-09-17 10:34:06.199,414.7501468897319,14
2024-09-17 10:34:06.202,414.7574842646566,97
2024-09-17 10:34:06.225,414.760811332495,97
2024-09-17 10:34:06.326,414.759674113824,99
2024-09-17 10:34:06.337,414.7475585446341,98
2024-09-17 10:34:06.356,414.7513728261321,997
2024-09-17 10:34:06.357,414.7353075464639,1002
2024-09-17 10:34:06.387,414.7461026898529,98
2024-09-17 10:34:06.488,414.7545071850453,103
2024-09-17 10:34:06.494,414.7573627850146,999
2024-09-17 10:34:06.523,414.7365074812594,102
2024-09-17 10:34:06.640,414.7554327124744,14
2024-09-17 10:34:06.736,414.7562194895382,8
2024-09-17 10:34:06.752,414.7675161327342,996
2024-09-17 10:34:06.783,41.47617716971281,12
2024-09-17 10:34:06.808,414.73220221047166,1001
2024-09-17 10:34:06.852,414.73599641752935,996
2024-09-17 10:34:07.037,414.7575975973477,8
2024-09-17 10:34:07.178,414.7665229017457,1000
2024-09-17 10:34:07.292,414.75597295244086,1001
2024-09-17 10:34:07.811,414.7445892340648,1002
2024-09-17 10:34:08.055,414.8231792876082,996
2024-09-17 10:34:08.128,414.8468587043516,996
2024-09-17 10:34:08.328,414.7938717927136,97
2024-09-17 10:34:08.421,414.76955417616,998
2024-09-17 10:34:08.437,414.7905902551209,101
2024-09-17 10:34:08.465,414.8547530666432,6
2024-09-17 10:34:08.511,414.7564569705388,95
2024-09-17 10:34:08.590,414.7775862863477,1001
2024-09-17 10:34:08.647,414.7979933138353,12
2024-09-17 10:34:08.821,414.81107215421457,13
2024-09-17 10:34:08.903,414.8155474114533,1005
2024-09-17 10:34:08.954,414.7607538546985,99
2024-09-17 10:34:08.988,414.816025314943,998
2024-09-17 10:34:09.218,414.8762433613346,103
2024-09-17 10:34:09.305,414.874598851698,104
2024-09-17 10:34:09.423,414.8900636758439,105
2024-09-17 10:34:09.425,414.8648195122517,101
2024-09-17 10:34:09.453,414.8697945135677,104
2024-09-17 10:34:09.583,414.85073738399615,13
2024-09-17 10:34:09.663,414.8619324122094,996
2024-09-17 10:34:09.699,414.8858463169077,7
2024-09-17 10:34:09.762,414.8704016035917,1003
2024-09-17 10:34:09.769,414.85171646029823,96
2024-09-17 10:34:09.810,414.83580376002885,1004
2024-09-17 10:34:09.825,414.864816200991,97
2024-09-17 10:34:09.838,414.8781117959859,102
2024-09-17 10:34:09.935,414.879991539759,8
2024-09-17 10:34:10.016,414.8580770871129,15
2024-09-17 10:34:10.030,414.826547052213,15
2024-09-17 10:34:10.045,414.83591707663567,1005
2024-09-17 10:34:10.099,414.8611332586958,13
2024-09-17 10:34:10.102,414.8663854261968,97
2024-09-17 10:34:10.267,414.82626904239294,96
2024-09-17 10:34:10.291,414.83503506314463,999
2024-09-17 10:34:10.372,414.857381489785,996
2024-09-17 10:34:10.452,414.8280959802879,14
2024-09-17 10:34:10.510,414.8246442457697,99
2024-09-17 10:34:10.570,414.8335878121856,1003
2024-09-17 10:34:10.577,414.83945519169424,997
2024-09-17 10:34:10.649,414.8445876227455,5
2024-09-17 10:34:10.743,414.8607356420905,11
2024-09-17 10:34:10.770,414.8549730647237,1000
2024-09-17 10:34:10.806,414.8660520480531,105
2024-09-17 10:34:10.840,414.87449114830366,999
2024-09-17 10:34:10.866,,98
2024-09-17 10:34:10.899,414.8839617661321,102
2024-09-17 10:34:10.978,414.8570946464189,95
2024-09-17 10:34:11.064,414.8335037918137,6
2024-09-17 10:34:11.090,414.8647784098966,103
2024-09-17 10:34:11.105,414.84754345123145,6
2024-09-17 10:34:11.109,414.8719984485227,97
2024-09-17 10:34:11.139,414.828113454513,14
2024-09-17 10:34:11.174,414.82607140687054,1001
2024-09-17 10:34:11.267,414.84934401025663,1005
2024-09-17 10:34:11.292,414.8303229953477,95
2024-09-17 10:34:11.303,414.8370735298328,6
2024-09-17 10:34:11.323,414.8330871503397,996
2024-09-17 10:34:11.324,414.8409534845708,7
2024-09-17 10:34:11.352,414.8527807822013,9
2024-09-17 10:34:11.371,414.82350435873866,8
2024-09-17 10:34:11.442,414.8466052717797,1003
2024-09-17 10:34:11.486,414.8446538374979,996
2024-09-17 10:34:11.565,414.8366441910277,11
2024-09-17 10:34:11.582,414.8847487554567,101
2024-09-17 10:34:11.624,414.8306335471868,96
2024-09-17 10:34:11.668,414.8568518497329,995
2024-09-17 10:34:11.688,414.8582504614721,15
2024-09-17 10:34:11.689,414.8309592761608,995
2024-09-17 10:34:11.706,414.8533157005397,8
2024-09-17 10:34:11.715,414.866369861326,96
2024-09-17 10:34:11.726,414.8497213509633,1005
2024-09-17 10:34:11.747,414.85408191760376,103
2024-09-17 10:34:11.778,414.8169450075351,15
2024-09-17 10:34:11.931,414.8393600541872,95
2024-09-17 10:34:11.938,414.85459971807137,1005
2024-09-17 10:34:11.966,414.8413844708632,96
2024-09-17 10:34:12.063,414.87285815128814,15
2024-09-17 10:34:12.077,414.8759638635125,99
2024-09-17 10:34:12.158,414.8626051586533,14
2024-09-17 10:34:12.163,414.8502571154392,14
2024-09-17 10:34:12.207,414.8818938664402,1001
2024-09-17 10:34:12.230,41.49091721624703,99
2024-09-17 10:34:12.255,414.8813512541837,8
2024-09-17 10:34:12.265,414.859074862113,9
2024-09-17 10:34:12.295,414.9018466551287,13
2024-09-17 10:34:12.319,414.8624886306934,11
2024-09-17 10:34:12.348,414.88024232951705,15
2024-09-17 10:34:12.364,414.8434690018058,99
2024-09-17 10:34:12.377,414.8788257693851,101
2024-09-17 10:34:12.380,414.8907707019533,95
2024-09-17 10:34:12.439,414.8921607641887,103
2024-09-17 10:34:12.536,414.86331044975975,98
2024-09-17 10:34:12.540,414.8769614414177,15
2024-09-17 10:34:12.546,414.868347916146,95
2024-09-17 10:34:12.629,414.8714592170346,6
2024-09-17 10:34:12.647,414.87143931238296,12
2024-09-17 10:34:12.679,414.8807306565802,1000
2024-09-17 10:34:12.750,414.8730405241957,1004
2024-09-17 10:34:12.763,414.8560912811137,9
2024-09-17 10:34:12.935,414.868617000833,1005
2024-09-17 10:34:13.105,414.8471537685555,15
2024-09-17 10:34:13.162,414.84386117701706,10
2024-09-17 10:34:13.287,414.8226056976831,99
2024-09-17 10:34:13.410,414.86509339245725,1001
2024-09-17 10:34:13.431,414.8719239972871,95
2024-09-17 10:34:13.462,414.872335596087,997
2024-09-17 10:34:13.486,414.833310591976,1001
2024-09-17 10:34:13.532,414.8293318073704,1005
2024-09-17 10:34:13.566,414.8236245323805,1000
2024-09-17 10:34:13.579,414.8580063461112,101
2024-09-17 10:34:13.718,414.8298002292921,103
2024-09-17 10:34:13.721,414.8553678048717,96
2024-09-17 10:34:13.836,414.85510167560943,97
2024-09-17 10:34:13.853,414.83392012585045,98
2024-09-17 10:34:13.889,414.85046675154047,999
2024-09-17 10:34:13.912,414.8124068488704,9
2024-09-17 10:34:14.016,414.9133027587209,7
2024-09-17 10:34:14.039,414.9130609705462,10
2024-09-17 10:34:14.076,414.9019365539761,9
2024-09-17 10:34:14.149,414.9341532307653,7
2024-09-17 10:34:14.336,414.9368660378598,8
2024-09-17 10:34:14.351,414.868968712859,996
2024-09-17 10:34:14.352,414.910435567276,1001
2024-09-17 10:34:14.400,414.9366344764075,105
2024-09-17 10:34:14.577,414.8971166378588,998
2024-09-17 10:34:14.599,414.8641017900476,104
2024-09-17 10:34:14.622,414.9137185205473,105
2024-09-17 10:34:14.642,414.8698255071424,14
2024-09-17 10:34:14.681,414.90607423897694,99
2024-09-17 10:34:14.681,414.9159163993672,100
2024-09-17 10:34:14.702,414.9367616335978,99
2024-09-17 10:34:14.764,414.8845591613058,6
2024-09-17 10:34:14.772,414.8737965034449,9
2024-09-17 10:34:14.794,414.9232589092197,12
2024-09-17 10:34:14.819,414.8989521276522,99
2024-09-17 10:34:14.850,414.9099081607784,98
2024-09-17 10:34:14.919,414.8593029801574,96
2024-09-17 10:34:14.983,414.9238689011285,15
2024-09-17 10:34:15.121,414.9203870808988,997
2024-09-17 10:34:15.141,414.8893803414321,102
2024-09-17 10:34:15.217,414.9156134700978,105
2024-09-17 10:34:15.331,414.8902531808517,996
2024-09-17 10:34:15.375,414.8819027769566,100
2024-09-17 10:34:15.397,414.9329701048909,101
2024-09-17 10:34:15.521,414.8957545509046,13
2024-09-17 10:34:15.540,414.93346317805657,1003
2024-09-17 10:34:15.542,414.9053306446176,95
2024-09-17 10:34:15.678,414.9267683532816,100
2024-09-17 10:34:15.723,414.90383042520426,100
2024-09-17 10:34:15.742,414.9070689833642,8
2024-09-17 10:34:15.760,414.9276371618192,12
2024-09-17 10:34:15.763,414.8766608961611,98
2024-09-17 10:34:15.813,414.93695817949015,8
2024-09-17 10:34:15.823,414.8865977531259,103
2024-09-17 10:34:15.930,414.8990616464192,1004
2024-09-17 10:34:16.159,414.8304735340819,10
2024-09-17 10:34:16.234,414.87970932771486,12
2024-09-17 10:34:16.442,414.864316970702,103
2024-09-17 10:34:16.483,414.8683747669008,11
2024-09-17 10:34:16.498,414.8539558608732,1000
2024-09-17 10:34:16.859,414.87151564982537,1002
2024-09-17 10:34:17.090,414.9131269578423,6
2024-09-17 10:34:17.101,414.8882678549889,100
2024-09-17 10:34:17.126,414.8572951957012,999
2024-09-17 10:34:17.149,414.8875712746811,97
2024-09-17 10:34:17.218,414.93061209274526,6
2024-09-17 10:34:17.227,414.9282524231518,104
2024-09-17 10:34:17.238,414.8469662891978,1002
2024-09-17 10:34:17.257,414.8450569325085,996
2024-09-17 10:34:17.302,414.8664389497888,99
2024-09-17 10:34:17.343,414.8699308987048,100
2024-09-17 10:34:17.355,414.85287653472966,9
2024-09-17 10:34:17.367,414.9017832276376,15
2024-09-17 10:34:17.377,414.85103698589296,12
2024-09-17 10:34:17.405,414.8518710574592,1003
2024-09-17 10:34:17.427,414.9141108469833,999
2024-09-17 10:34:17.542,414.89069115426025,102
2024-09-17 10:34:17.688,414.8676697232525,97
2024-09-17 10:34:17.727,414.8391929021235,1002
2024-09-17 10:34:17.790,414.84904579054125,997
2024-09-17 10:34:17.798,414.8641414802973,1004
2024-09-17 10:34:17.865,414.8638788746993,98
2024-09-17 10:34:18.132,414.9280888131999,95
2024-09-17 10:34:18.156,414.9396684652221,13
2024-09-17 10:34:18.165,414.9821496749272,1000
2024-09-17 10:34:18.194,414.9305776707531,14
2024-09-17 10:34:18.204,414.9614972094014,101
2024-09-17 10:34:18.269,414.9485872805161,105
2024-09-17 10:34:18.295,-414.93443226975455,95
2024-09-17 10:34:18.327,414.9420999945696,10
2024-09-17 10:34:18.337,414.9468749882063,105
2024-09-17 10:34:18.377,414.9384352838927,99
2024-09-17 10:34:18.386,414.9458024437434,1005
2024-09-17 10:34:18.394,414.9300855083516,99
2024-09-17 10:34:18.399,414.94871971585695,11
2024-09-17 10:34:18.505,414.97766927655147,15
2024-09-17 10:34:18.553,414.9362191140087,14
2024-09-17 10:34:18.612,414.9460336826985,100
2024-09-17 10:34:18.641,414.9428449355646,6
2024-09-17 10:34:18.682,414.9579619010224,1002
2024-09-17 10:34:18.720,414.9322297979416,998
2024-09-17 10:34:18.818,414.9415917431684,104
2024-09-17 10:34:18.839,414.9572101617328,8
2024-09-17 10:34:18.885,414.9436163283149,13
2024-09-17 10:34:18.922,414.9510828394154,9
2024-09-17 10:34:18.933,414.9350270612103,1003
2024-09-17 10:34:18.960,414.9767970925869,997
2024-09-17 10:34:19.048,414.9637136657252,11
2024-09-17 10:34:19.165,414.97162179261227,99
2024-09-17 10:34:19.309,414.980472248162,5
2024-09-17 10:34:19.313,414.9408558127122,11
2024-09-17 10:34:19.349,414.9475724990868,95
2024-09-17 10:34:19.468,414.9564077519454,7
2024-09-17 10:34:19.495,414.9611698140241,1005
2024-09-17 10:34:19.512,414.9326574355997,1005
2024-09-17 10:34:19.513,414.9837304526087,14
2024-09-17 10:34:19.626,414.9497030423608,995
2024-09-17 10:34:19.633,414.9377640722834,103
2024-09-17 10:34:19.659,414.93195839696006,7
2024-09-17 10:34:19.675,414.9545025434524,6
2024-09-17 10:34:19.774,414.9368594556835,14
2024-09-17 10:34:19.838,414.9267011204271,998
2024-09-17 10:34:19.854,414.971899701322,100
2024-09-17 10:34:19.921,414.9212823910864,998
2024-09-17 10:34:20.010,415.0549589439884,9
2024-09-17 10:34:20.015,415.0533219860158,97
2024-09-17 10:34:20.050,415.0359934488485,101
2024-09-17 10:34:20.105,415.06161804991336,997
2024-09-17 10:34:20.174,415.0029588339055,98
2024-09-17 10:34:20.194,414.9660856837625,104
2024-09-17 10:34:20.225,415.02992344264527,8
2024-09-17 10:34:20.268,415.07036630674816,1000
2024-09-17 10:34:20.334,415.0128368337844,7
2024-09-17 10:34:20.353,415.0580887563436,98
2024-09-17 10:34:20.440,415.0486079407494,998
2024-09-17 10:34:20.446,415.05366194210944,103
2024-09-17 10:34:20.471,415.0573278799562,998
2024-09-17 10:34:20.509,415.04118304612615,1004
2024-09-17 10:34:20.550,414.9897570214797,995
2024-09-17 10:34:20.630,415.0600099196251,1001
2024-09-17 10:34:20.686,414.9416880151401,6
2024-09-17 10:34:20.715,415.02678563473154,14
2024-09-17 10:34:20.762,415.0207076071546,999
2024-09-17 10:34:20.771,414.94371623453975,1000
2024-09-17 10:34:20.861,415.03137119169776,1004
2024-09-17 10:34:20.873,415.0296178801398,96
2024-09-17 10:34:20.883,415.0517135253486,1000
2024-09-17 10:34:20.898,414.9878224271625,97
2024-09-17 10:34:20.910,414.96883103704977,1001
2024-09-17 10:34:20.929,415.0695797372528,101
2024-09-17 10:34:20.978,415.036600504939,1003
2024-09-17 10:34:21.005,414.9942519011797,1004
2024-09-17 10:34:21.110,415.00602452128265,8
2024-09-17 10:34:21.167,414.9783448716715,105
2024-09-17 10:34:21.173,415.00358299874097,105
2024-09-17 10:34:21.217,414.9970276228983,10
2024-09-17 10:34:21.302,415.0371655486973,105
2024-09-17 10:34:21.387,414.9930833175303,98
2024-09-17 10:34:21.393,414.9929947493702,6
2024-09-17 10:34:21.447,414.9921978335688,1002
2024-09-17 10:34:21.490,414.9704957352682,100
2024-09-17 10:34:21.510,415.0090866485942,14
2024-09-17 10:34:21.521,415.0134420767535,100
2024-09-17 10:34:21.617,415.0047791126414,96
2024-09-17 10:34:21.640,414.999346942343,15
2024-09-17 10:34:21.700,415.0159692953561,105
2024-09-17 10:34:21.718,415.0470916639129,5
2024-09-17 10:34:21.759,414.99754925777,15
2024-09-17 10:34:21.775,414.98649031532585,7
2024-09-17 10:34:21.786,415.0331051097858,12
2024-09-17 10:34:21.831,415.0081181897065,14
2024-09-17 10:34:21.842,415.0049202507,997
2024-09-17 10:34:21.885,415.0115708271432,103
2024-09-17 10:34:21.907,415.0101285357881,997
2024-09-17 10:34:21.929,415.00564331989614,14
2024-09-17 10:34:21.940,415.02852285343744,1004
2024-09-17 10:34:21.964,415.02143381467306,7
2024-09-17 10:34:21.984,415.0114406499511,1003
2024-09-17 10:34:21.987,415.0073613349553,996
2024-09-17 10:34:22.104,415.0346703760405,997
2024-09-17 10:34:22.148,415.0534188311489,11
2024-09-17 10:34:22.155,415.0043084023506,99
2024-09-17 10:34:22.209,415.0682690427851,997
2024-09-17 10:34:22.292,415.0035994873512,998
2024-09-17 10:34:22.399,415.0766174229488,101
2024-09-17 10:34:22.500,415.0122816769045,6
2024-09-17 10:34:22.559,415.09787655226455,8
2024-09-17 10:34:22.576,415.0701765096461,10
2024-09-17 10:34:22.580,415.0393077384121,98
2024-09-17 10:34:22.592,415.076624982095,1001
2024-09-17 10:34:22.752,415.0695883600661,9
2024-09-17 10:34:22.829,415.038366463533,8
2024-09-17 10:34:22.858,415.012362821724,1002
2024-09-17 10:34:22.912,415.0458942913992,5
2024-09-17 10:34:22.926,415.0962610112418,101
2024-09-17 10:34:22.937,415.01560175857776,999
2024-09-17 10:34:22.950,415.0898159656485,997
2024-09-17 10:34:23.033,414.98706334009626,11
2024-09-17 10:34:23.086,414.93436794607226,104
2024-09-17 10:34:23.241,414.9147288077686,997
2024-09-17 10:34:23.271,414.9747077599522,12
2024-09-17 10:34:23.272,414.9828175676605,14
2024-09-17 10:34:23.385,414.8947048615259,97
2024-09-17 10:34:23.438,415.0002454430363,95
2024-09-17 10:34:23.449,415.0032441426013,103
2024-09-17 10:34:23.470,414.9707767804148,104
2024-09-17 10:34:23.482,415.0029355066024,14
2024-09-17 10:34:23.533,414.994219825076,103
2024-09-17 10:34:23.613,414.97191384465214,997
2024-09-17 10:34:23.618,414.99887245285777,1001
2024-09-17 10:34:23.689,414.99107934402826,105
2024-09-17 10:34:23.796,414.94597542693725,5
2024-09-17 10:34:23.808,414.8888683727962,12
2024-09-17 10:34:23.851,414.9843852931476,1004
2024-09-17 10:34:23.921,414.9690818926285,103
2024-09-17 10:34:23.971,414.9720249789268,996
2024-09-17 10:34:24.131,414.8884877064871,100
2024-09-17 10:34:24.183,414.87590123769,95
2024-09-17 10:34:24.307,414.8824504704235,1005
2024-09-17 10:34:24.755,414.87381259078,997
2024-09-17 10:34:24.762,414.88774834235466,105
2024-09-17 10:34:24.900,414.900815177168,14
2024-09-17 10:34:25.176,414.8668857397022,12
2024-09-17 10:34:25.226,414.8386286399936,8
2024-09-17 10:34:25.313,414.8685992247955,13
2024-09-17 10:34:25.388,414.8711595053837,96
2024-09-17 10:34:25.676,414.8497756398097,998
2024-09-17 10:34:25.757,414.85520747310727,100
2024-09-17 10:34:25.986,414.83656717860646,996
2024-09-17 10:34:26.134,414.8558676055383,1002
2024-09-17 10:34:26.271,414.85341237859336,100
2024-09-17 10:34:26.282,414.8528764047799,97
2024-09-17 10:34:26.390,414.8470383495207,13
2024-09-17 10:34:26.506,414.8472169603801,10
2024-09-17 10:34:26.542,414.8531212001236,9
2024-09-17 10:34:26.568,414.8638493519704,95
2024-09-17 10:34:26.705,414.8669535754865,1004
2024-09-17 10:34:26.858,414.8717365894202,999
2024-09-17 10:34:26.873,414.8731684330195,5
2024-09-17 10:34:26.891,414.8625973341944,8
2024-09-17 10:34:26.899,414.86967524191664,105
2024-09-17 10:34:27.004,414.88704395696095,1004
2024-09-17 10:34:27.123,414.88518024244246,105
2024-09-17 10:34:27.137,414.89775913474,995
2024-09-17 10:34:27.142,414.84680529257406,999
2024-09-17 10:34:27.146,414.8875003470461,1000
2024-09-17 10:34:27.169,414.9247263553481,998
2024-09-17 10:34:27.183,414.9067816618279,14
2024-09-17 10:34:27.218,414.8788767888345,15
2024-09-17 10:34:27.330,414.91713816491045,13
2024-09-17 10:34:27.366,414.9162020526273,995
2024-09-17 10:34:27.386,414.89977022084656,6
2024-09-17 10:34:27.402,414.91075130232167,998
2024-09-17 10:34:27.410,414.8531748525164,101
2024-09-17 10:34:27.427,414.9309995452451,6
2024-09-17 10:34:27.452,414.8482629216601,6
2024-09-17 10:34:27.558,414.8792614128834,996
2024-09-17 10:34:27.766,414.8435049392336,13
2024-09-17 10:34:27.806,414.89244620969896,1000
2024-09-17 10:34:27.849,414.8763038073315,997
2024-09-17 10:34:27.858,414.9285872185528,1003
2024-09-17 10:34:27.877,414.9135180098276,11
2024-09-17 10:34:27.916,414.88939432203847,996
2024-09-17 10:34:27.917,414.91786497853167,1003
2024-09-17 10:34:27.984,414.9246378943101,95
2024-09-17 10:34:27.986,414.8858808818145,999
2024-09-17 10:34:27.991,414.84540239813447,1001
2024-09-17 10:34:28.018,414.7547291829637,96
2024-09-17 10:34:28.038,414.7855308263574,104
2024-09-17 10:34:28.118,414.7700764692878,996
2024-09-17 10:34:28.140,414.8355024735507,98
2024-09-17 10:34:28.235,414.7994428287873,104
2024-09-17 10:34:28.259,414.7996563482382,11
2024-09-17 10:34:28.388,414.8308658012583,997
2024-09-17 10:34:28.484,414.7878145531553,95
2024-09-17 10:34:28.549,414.7388694437518,105
2024-09-17 10:34:28.571,414.7532519970644,102
2024-09-17 10:34:28.681,414.7325018260557,12
2024-09-17 10:34:28.732,414.7341611767017,11
2024-09-17 10:34:28.744,414.7706788032496,13
2024-09-17 10:34:28.841,414.7276958170959,95
2024-09-17 10:34:28.853,414.82140471530266,99
2024-09-17 10:34:28.928,414.7456965036541,995
2024-09-17 10:34:29.005,414.75544199721145,102
2024-09-17 10:34:29.009,414.74651477977466,104
2024-09-17 10:34:29.058,414.74117295705815,14
2024-09-17 10:34:29.131,414.7501505317532,14
2024-09-17 10:34:29.162,-414.72350168689707,96
2024-09-17 10:34:29.184,414.7511168944197,8
2024-09-17 10:34:29.193,414.6993351026373,1001
2024-09-17 10:34:29.267,414.7248331265795,997
2024-09-17 10:34:29.282,414.7503621988707,6
2024-09-17 10:34:29.313,414.7609132685763,1003
2024-09-17 10:34:29.327,-414.7506874674765,998
2024-09-17 10:34:29.419,414.7236563080458,999
2024-09-17 10:34:29.466,414.74568896366577,8
2024-09-17 10:34:29.667,414.7469640794923,99
2024-09-17 10:34:29.676,414.7536143066629,996
2024-09-17 10:34:29.691,414.7331939197046,14
2024-09-17 10:34:29.757,414.7513081386575,14
2024-09-17 10:34:29.784,414.7517812199916,8
2024-09-17 10:34:29.804,414.73641900271593,11
2024-09-17 10:34:29.845,414.7595782329118,11
2024-09-17 10:34:29.882,,99
2024-09-17 10:34:29.944,414.75835875623625,15
2024-09-17 10:34:29.958,41.47485836892757,998
2024-09-17 10:34:30.288,414.7042419657501,101
2024-09-17 10:34:30.291,414.6956259034133,14
2024-09-17 10:34:30.322,414.7107514437189,8
2024-09-17 10:34:30.356,414.6933706015234,14
2024-09-17 10:34:30.499,414.70430901251336,1003
2024-09-17 10:34:30.563,414.6997243777868,96
2024-09-17 10:34:30.607,414.6787505442624,100
2024-09-17 10:34:30.817,414.6887326352069,102
2024-09-17 10:34:30.862,414.6965527052855,1002
2024-09-17 10:34:30.877,414.7144543467844,95
2024-09-17 10:34:31.167,414.7033976550776,8
2024-09-17 10:34:31.277,414.7151036269357,99
2024-09-17 10:34:31.582,414.7114266978036,95
2024-09-17 10:34:31.622,414.6888652286996,7
2024-09-17 10:34:31.715,414.7220250438952,8
2024-09-17 10:34:31.721,414.6957601432286,995
2024-09-17 10:34:31.726,414.6990626896646,12
2024-09-17 10:34:31.747,414.6856567072886,1005
2024-09-17 10:34:32.018,414.75058585080535,101
2024-09-17 10:34:32.165,414.7133681854673,9
2024-09-17 10:34:32.199,414.7478654109213,1005
2024-09-17 10:34:32.214,414.6976014712272,995
2024-09-17 10:34:32.215,414.7438303483889,995
2024-09-17 10:34:32.273,414.7408233300072,11
2024-09-17 10:34:32.293,414.7159761053018,1002
2024-09-17 10:34:32.310,414.73396266560974,998
2024-09-17 10:34:32.329,414.6951062927935,99
2024-09-17 10:34:32.356,414.7349665468048,104
2024-09-17 10:34:32.391,414.7456413917871,8
2024-09-17 10:34:32.393,414.7399939571793,15
2024-09-17 10:34:32.429,414.7489911951146,104
2024-09-17 10:34:32.447,414.73300421033167,995
2024-09-17 10:34:32.472,414.7148639151448,15
2024-09-17 10:34:32.602,414.71906015774886,1005
2024-09-17 10:34:32.615,414.73727823978703,96
2024-09-17 10:34:32.652,414.7120403115837,96
2024-09-17 10:34:32.750,414.7221601516702,8
2024-09-17 10:34:32.896,414.71371549121386,8
2024-09-17 10:34:32.956,414.7308303394794,12
2024-09-17 10:34:34.020,414.61744169058727,99
2024-09-17 10:34:34.021,414.669890001717,101
2024-09-17 10:34:34.121,414.57639181853,1001
2024-09-17 10:34:34.187,414.6772982751359,104
2024-09-17 10:34:34.218,414.6497409815998,104
2024-09-17 10:34:34.362,414.7021432666549,15
2024-09-17 10:34:34.465,414.6494154127689,6
2024-09-17 10:34:34.504,414.6525549320979,100
2024-09-17 10:34:34.532,414.6886940203239,1002
2024-09-17 10:34:34.540,414.66130848171264,14
2024-09-17 10:34:34.619,414.65338732186126,1001
2024-09-17 10:34:34.630,414.6618724451623,1001
2024-09-17 10:34:34.641,414.6812907089508,12
2024-09-17 10:34:34.683,414.6879412539793,98
2024-09-17 10:34:34.685,414.7032104697235,101
2024-09-17 10:34:34.717,414.6650421550818,100
2024-09-17 10:34:34.750,414.678895715598,105
2024-09-17 10:34:34.822,414.6613059710891,9
2024-09-17 10:34:34.842,414.6342133656717,14
2024-09-17 10:34:34.880,414.6672346249216,103
2024-09-17 10:34:34.978,414.6025639550778,6
2024-09-17 10:34:35.244,414.6075685828723,104
2024-09-17 10:34:35.375,414.5886418856332,5
2024-09-17 10:34:35.421,414.6045995610385,999
2024-09-17 10:34:35.488,414.6072993468103,5
2024-09-17 10:34:35.663,414.5973376892368,1001
2024-09-17 10:34:35.667,414.59621334611046,998
2024-09-17 10:34:35.808,414.6291331815966,12
2024-09-17 10:34:36.000,414.61984420297296,99
2024-09-17 10:34:36.033,414.5742941873165,104
2024-09-17 10:34:36.054,414.5734788645721,7
2024-09-17 10:34:36.095,414.59251880133166,7
2024-09-17 10:34:36.145,414.6258380928928,97
2024-09-17 10:34:36.343,414.5638875542789,100
2024-09-17 10:34:36.434,414.5802250641133,7
2024-09-17 10:34:36.444,414.5924931580247,11
2024-09-17 10:34:36.491,414.5986005731002,8
2024-09-17 10:34:36.491,414.5638349568893,998
2024-09-17 10:34:36.511,414.599059027876,996
2024-09-17 10:34:36.515,414.5962353560704,95
2024-09-17 10:34:36.521,414.6011253801043,997
2024-09-17 10:34:36.576,414.6050446230131,100
2024-09-17 10:34:36.628,414.6091892123151,14
2024-09-17 10:34:36.660,414.5934556947736,1001
2024-09-17 10:34:36.668,414.6096148004195,10
2024-09-17 10:34:36.699,414.6157840915466,1002
2024-09-17 10:34:36.955,414.6139332128855,999
2024-09-17 10:34:36.997,414.5834487079503,14
2024-09-17 10:34:37.118,414.56567037191854,8
2024-09-17 10:34:37.203,414.5614469290086,97
2024-09-17 10:34:37.221,414.5766935496925,6
2024-09-17 10:34:37.269,414.6072342872667,102
2024-09-17 10:34:37.454,414.60712238440175,96
2024-09-17 10:34:37.462,414.6065716821366,13
2024-09-17 10:34:37.566,414.58667161519406,100
2024-09-17 10:34:37.578,414.5928035810393,6
2024-09-17 10:34:37.899,414.6130974111816,6
2024-09-17 10:34:37.938,414.5950884183757,9
2024-09-17 10:34:37.972,414.5980339246569,1000
2024-09-17 10:34:38.004,414.66684888575975,98
2024-09-17 10:34:38.009,414.6607795087304,998
2024-09-17 10:34:38.020,414.6011615422484,102
2024-09-17 10:34:38.033,414.6810876240887,96
2024-09-17 10:34:38.046,414.567119460717,12
2024-09-17 10:34:38.166,414.6327417419223,9
2024-09-17 10:34:38.214,414.7329891835985,997
2024-09-17 10:34:38.239,414.6561890112725,100
2024-09-17 10:34:38.259,414.7344012642586,1000
2024-09-17 10:34:38.280,414.6876840382651,99
2024-09-17 10:34:38.306,414.63513166285423,996
2024-09-17 10:34:38.354,414.6951352614191,12
2024-09-17 10:34:38.439,414.618487268834,1003
2024-09-17 10:34:38.506,414.7287696238696,7
2024-09-17 10:34:38.523,414.5653733623025,998
2024-09-17 10:34:38.582,,7
2024-09-17 10:34:38.611,414.71355036688976,97
2024-09-17 10:34:38.612,414.67845685225615,996
2024-09-17 10:34:38.629,414.68085136293337,1000
2024-09-17 10:34:38.654,414.5857001695511,1001
2024-09-17 10:34:38.714,414.62866448470254,96
2024-09-17 10:34:38.776,414.7330182108171,1003
2024-09-17 10:34:38.787,414.719330137231,998
2024-09-17 10:34:38.802,414.55659935827225,99
2024-09-17 10:34:38.846,414.6308739135315,1004
2024-09-17 10:34:38.890,414.5873100228934,97
2024-09-17 10:34:38.945,414.58966384777216,15
2024-09-17 10:34:38.947,414.7300448038898,14
2024-09-17 10:34:38.948,414.5686430132902,1005
2024-09-17 10:34:38.987,414.6515593675248,997
2024-09-17 10:34:39.132,414.6963222865258,5
2024-09-17 10:34:40.017,414.6774929433981,1003
2024-09-17 10:34:40.157,414.70194605988064,14
2024-09-17 10:34:40.265,414.6955087254149,998
2024-09-17 10:34:40.269,414.68639090150407,101
2024-09-17 10:34:40.291,414.7533285884245,7
2024-09-17 10:34:40.315,414.695696603487,103
2024-09-17 10:34:40.346,414.7216874456688,1001
2024-09-17 10:34:40.460,414.70388916808224,996
2024-09-17 10:34:40.467,414.6913130339549,102
2024-09-17 10:34:40.473,414.7057882560924,1005
2024-09-17 10:34:40.658,414.6925020228256,1004
2024-09-17 10:34:40.712,414.7183233603415,996
2024-09-17 10:34:40.733,414.7421968168354,12
2024-09-17 10:34:40.877,414.71779181707234,99
2024-09-17 10:34:41.012,414.70123338542993,11
2024-09-17 10:34:41.022,414.7354563004249,15
2024-09-17 10:34:41.156,414.7342539641953,102
2024-09-17 10:34:41.172,414.742827688364,13
2024-09-17 10:34:41.235,414.75082867285374,1000
2024-09-17 10:34:41.297,414.7455832424697,8
2024-09-17 10:34:41.320,414.7412258853794,996
2024-09-17 10:34:41.397,41.473785315847664,13
2024-09-17 10:34:41.410,414.7385332117319,8
2024-09-17 10:34:41.439,414.7418069279107,103
2024-09-17 10:34:41.483,414.734500608256,1001
2024-09-17 10:34:41.524,414.7472575577125,102
2024-09-17 10:34:41.565,414.75697962551794,98
2024-09-17 10:34:41.565,414.7460575342163,11
2024-09-17 10:34:41.728,414.68873759041526,13
2024-09-17 10:34:41.777,414.750852555836,98
2024-09-17 10:34:41.867,414.75577807601553,97
2024-09-17 10:34:41.914,414.7410218247311,996
2024-09-17 10:34:41.967,414.7334903907863,102
2024-09-17 10:34:41.985,414.733517827074,1004
2024-09-17 10:34:42.001,414.7401428134256,99
2024-09-17 10:34:42.103,414.7389966319636,11
2024-09-17 10:34:42.121,414.7574037142553,100
2024-09-17 10:34:42.123,414.68167452089966,6
2024-09-17 10:34:42.146,414.7562364403433,14
2024-09-17 10:34:42.188,414.69008704262734,1002
2024-09-17 10:34:42.227,414.6645975027138,13
2024-09-17 10:34:42.236,414.74465425169655,1003
2024-09-17 10:34:42.259,414.6617708045849,998
2024-09-17 10:34:42.298,414.7717704086017,10
2024-09-17 10:34:42.309,414.7677117253642,998
2024-09-17 10:34:42.340,414.703257818368,998
2024-09-17 10:34:42.348,414.7135459753978,8
2024-09-17 10:34:42.503,414.7032496404729,105
2024-09-17 10:34:42.593,414.7559894531201,101
2024-09-17 10:34:42.604,414.6766966248256,1000
2024-09-17 10:34:42.625,414.7054499714872,999
2024-09-17 10:34:42.637,414.7436660603457,15
2024-09-17 10:34:42.640,414.7696883547674,100
2024-09-17 10:34:42.753,414.6869383000012,104
2024-09-17 10:34:42.838,414.7539001622189,100
2024-09-17 10:34:42.912,414.7581098378256,7
2024-09-17 10:34:42.948,414.6903483255533,999
2024-09-17 10:34:43.033,414.71439924349136,1000
2024-09-17 10:34:43.069,414.73462851755465,102
2024-09-17 10:34:43.094,414.7136525316936,1003
2024-09-17 10:34:43.261,414.6975407993701,997
2024-09-17 10:34:43.266,414.74949471032505,7
2024-09-17 10:34:43.305,414.74419673704966,1002
2024-09-17 10:34:43.495,414.6925546537033,996
2024-09-17 10:34:43.531,41.47555993883771,10
2024-09-17 10:34:43.602,414.7504557432344,996
2024-09-17 10:34:43.653,41.47280352941395,995
2024-09-17 10:34:43.683,414.7186678136188,1004
2024-09-17 10:34:43.771,414.7464699961051,101
2024-09-17 10:34:43.794,414.7340298259261,1003
2024-09-17 10:34:43.824,414.737964968331,95
2024-09-17 10:34:43.919,414.7509848266348,997
2024-09-17 10:34:43.926,414.7531730006751,1002
2024-09-17 10:34:43.940,414.7312487350681,1001
2024-09-17 10:34:44.010,414.69134824845344,96
2024-09-17 10:34:44.143,414.6950514601721,1003
2024-09-17 10:34:44.207,414.6963286166624,9
2024-09-17 10:34:44.218,414.6719366100224,6
2024-09-17 10:34:44.225,414.71630251182216,1004
2024-09-17 10:34:44.233,414.70793277107725,100
2024-09-17 10:34:44.238,414.7201452767736,105
2024-09-17 10:34:44.394,414.70661583860914,13
2024-09-17 10:34:44.429,414.7183391867468,5
2024-09-17 10:34:44.483,414.7156005423051,1005
2024-09-17 10:34:44.495,414.7091590633365,995
2024-09-17 10:34:44.517,414.71141916385216,997
2024-09-17 10:34:44.542,414.6901242621131,9
2024-09-17 10:34:44.902,414.6882020304028,100
2024-09-17 10:34:44.953,414.7144905218144,12
2024-09-17 10:34:44.966,414.6811404407951,98
2024-09-17 10:34:45.137,414.7140348553044,13
2024-09-17 10:34:45.156,414.722526611774,9
2024-09-17 10:34:45.264,414.7261165543956,998
2024-09-17 10:34:45.328,414.7236384084948,96
2024-09-17 10:34:45.345,414.734598452137,105
2024-09-17 10:34:45.371,414.73333968571137,997
2024-09-17 10:34:45.546,414.7341280656983,8
2024-09-17 10:34:45.663,414.7152115689771,5
2024-09-17 10:34:45.744,-414.7277904310882,99
2024-09-17 10:34:45.775,414.7007970704199,998
2024-09-17 10:34:45.846,414.68817877844015,997
2024-09-17 10:34:45.864,414.7307897279184,99
2024-09-17 10:34:45.901,414.7271403122468,103
2024-09-17 10:34:45.961,414.73046305913215,5
2024-09-17 10:34:46.009,414.7632642965552,995
2024-09-17 10:34:46.079,414.7643725221354,997
2024-09-17 10:34:46.196,414.7704514460093,103
2024-09-17 10:34:46.246,414.7665178538103,12
2024-09-17 10:34:46.300,414.7524059306054,1003
2024-09-17 10:34:46.301,414.7852518146458,9
2024-09-17 10:34:46.439,414.7476948525818,95
2024-09-17 10:34:46.524,414.76223856740313,102
2024-09-17 10:34:46.621,414.7560954307069,105
2024-09-17 10:34:46.681,414.7571140698464,99
2024-09-17 10:34:46.724,414.8043242219344,102
2024-09-17 10:34:46.724,414.77032924369234,99
2024-09-17 10:34:46.740,414.7775619470895,97
2024-09-17 10:34:46.777,414.7473381170122,999
2024-09-17 10:34:46.792,414.77037527137503,1004
2024-09-17 10:34:46.796,414.7561124038432,101
2024-09-17 10:34:46.820,414.7464021781501,7
2024-09-17 10:34:46.845,414.7701194123189,998
2024-09-17 10:34:46.928,414.7925007322796,1003
2024-09-17 10:34:47.120,414.7547080830578,998
2024-09-17 10:34:47.324,414.71753971862944,99
2024-09-17 10:34:47.353,414.6659751440511,7
2024-09-17 10:34:47.359,414.7095984982367,14
2024-09-17 10:34:47.405,414.7310808735084,103
2024-09-17 10:34:47.494,414.6621684758755,97
2024-09-17 10:34:47.616,414.6729897092952,105
2024-09-17 10:34:47.655,414.6874801554827,997
2024-09-17 10:34:47.661,414.722709866714,1003
2024-09-17 10:34:47.699,41.46544560216611,13
2024-09-17 10:34:47.737,414.6967708744498,997
2024-09-17 10:34:47.760,414.67506992667467,104
2024-09-17 10:34:47.786,414.66398493495313,998
2024-09-17 10:34:47.859,414.6892161114832,7
2024-09-17 10:34:47.882,414.688277773009,6
2024-09-17 10:34:47.895,414.67172381106224,105
2024-09-17 10:34:47.948,414.7149938431579,1005
2024-09-17 10:34:47.974,414.6933135570508,101
2024-09-17 10:34:48.129,414.6937105201119,97
2024-09-17 10:34:48.165,414.6989838365489,15
2024-09-17 10:34:48.291,414.6709955411915,10
2024-09-17 10:34:48.465,414.6999496411698,96
2024-09-17 10:34:48.550,414.6974234556453,13
2024-09-17 10:34:48.644,414.6774926092884,99
2024-09-17 10:34:48.841,414.6987469857822,5
2024-09-17 10:34:48.982,414.7046782029464,5
2024-09-17 10:34:49.768,414.7051928080252,997
2024-09-17 10:34:49.892,414.6898824437977,105
2024-09-17 10:34:50.010,414.6499748449575,5
2024-09-17 10:34:50.115,414.6646145437023,105
2024-09-17 10:34:50.123,414.69528298412615,13
2024-09-17 10:34:50.146,,102
2024-09-17 10:34:50.173,414.704064185798,103
2024-09-17 10:34:50.270,414.6513107688506,102
2024-09-17 10:34:50.362,414.6648429264412,101
2024-09-17 10:34:50.407,414.6656266811687,8
2024-09-17 10:34:50.460,414.6611038150825,1000
2024-09-17 10:34:50.514,414.6928770633949,98
2024-09-17 10:34:50.696,414.7003836214759,1001
2024-09-17 10:34:50.707,414.6548245063796,95
2024-09-17 10:34:50.787,414.70978213998944,99
2024-09-17 10:34:50.792,414.6595995592247,104
2024-09-17 10:34:50.800,414.6910977315415,1000
2024-09-17 10:34:50.810,414.70095923803353,1003
2024-09-17 10:34:50.839,414.6566826494272,7
2024-09-17 10:34:50.841,414.6730541826176,1001
2024-09-17 10:34:50.960,414.6705871114877,14
2024-09-17 10:34:51.030,414.6957279897695,104
2024-09-17 10:34:51.067,414.6682424105389,103
2024-09-17 10:34:51.106,414.68540157674425,996
2024-09-17 10:34:51.111,414.65806653749735,105
2024-09-17 10:34:51.306,414.6785018028723,96
2024-09-17 10:34:51.354,414.61610106263225,11
2024-09-17 10:34:51.383,414.6715154315589,995
2024-09-17 10:34:51.423,414.66824322704,11
2024-09-17 10:34:51.426,414.6429170856924,1003
2024-09-17 10:34:51.442,414.68211913813377,1001
2024-09-17 10:34:51.453,414.6163894998947,100
2024-09-17 10:34:51.562,414.6512244002072,6
2024-09-17 10:34:51.606,414.6755688202599,999
2024-09-17 10:34:51.749,414.6652494660682,5
2024-09-17 10:34:51.795,414.6892218027096,15
2024-09-17 10:34:51.821,414.6090667367309,999
2024-09-17 10:34:51.897,,998
2024-09-17 10:34:51.932,414.6726635562994,8
2024-09-17 10:34:52.066,414.61869738169486,10
2024-09-17 10:34:52.238,414.579158509733,1003
2024-09-17 10:34:52.294,414.5559914988671,995
2024-09-17 10:34:52.391,414.6119657924616,104
2024-09-17 10:34:52.412,414.61116101420777,99
2024-09-17 10:34:52.523,414.55392944919663,7
2024-09-17 10:34:52.531,414.5844436158951,998
2024-09-17 10:34:52.537,414.609842947332,998
2024-09-17 10:34:52.544,414.6334297271295,6
2024-09-17 10:34:52.699,414.5897508346778,98
2024-09-17 10:34:52.711,414.62182849336887,15
2024-09-17 10:34:52.739,41.45723599857288,7
2024-09-17 10:34:52.811,414.5874566124572,102
2024-09-17 10:34:52.850,414.6301632487738,95
2024-09-17 10:34:52.851,414.6008095114725,12
2024-09-17 10:34:52.873,414.60034611283663,5
2024-09-17 10:34:52.946,414.591161049837,995
2024-09-17 10:34:53.118,41.462813158447496,96
2024-09-17 10:34:53.119,414.6740814585334,996
2024-09-17 10:34:53.178,414.6401027796998,14
2024-09-17 10:34:53.197,414.6326297005938,9
2024-09-17 10:34:53.226,-414.6579067209343,1004
2024-09-17 10:34:53.253,414.6481589239792,98
2024-09-17 10:34:53.265,414.6515763391354,11
2024-09-17 10:34:53.312,414.6753926458378,103
2024-09-17 10:34:53.347,414.6204294092369,104
2024-09-17 10:34:53.377,414.6479229654583,13
2024-09-17 10:34:53.422,414.61828525921135,11
2024-09-17 10:34:53.461,414.6267948015764,7
2024-09-17 10:34:53.483,414.6573289188352,103
2024-09-17 10:34:53.677,414.66028917529866,12
2024-09-17 10:34:53.736,414.65019914713,13
2024-09-17 10:34:53.788,41.45885190169763,105
2024-09-17 10:34:53.838,414.6028503539384,98
2024-09-17 10:34:53.895,414.6497715557701,13
2024-09-17 10:34:53.952,414.6631469586984,103
2024-09-17 10:34:54.004,414.6739211078161,1001
2024-09-17 10:34:54.017,414.6641309911902,1003
2024-09-17 10:34:54.083,414.6161824666133,11
2024-09-17 10:34:54.100,414.6882598619651,1001
2024-09-17 10:34:54.119,414.6661640732589,7
2024-09-17 10:34:54.122,414.6202938250474,103
2024-09-17 10:34:54.134,414.6983726751493,104
2024-09-17 10:34:54.164,414.6204350792969,101
2024-09-17 10:34:54.213,414.6846429028855,999
2024-09-17 10:34:54.230,414.6618807983492,1004
2024-09-17 10:34:54.291,414.6323328910596,96
2024-09-17 10:34:54.292,414.60669997556687,95
2024-09-17 10:34:54.295,414.681937766244,104
2024-09-17 10:34:54.299,414.6640344571163,1001
2024-09-17 10:34:54.361,414.6840198220095,1005
2024-09-17 10:34:54.389,414.6386942974245,997
2024-09-17 10:34:54.389,414.6957811946293,8
2024-09-17 10:34:54.487,414.68765862974766,1005
2024-09-17 10:34:54.495,41.46352866388959,1003
2024-09-17 10:34:54.540,414.6552958120647,104
2024-09-17 10:34:54.642,414.6485522613159,104
2024-09-17 10:34:54.713,414.5996951220483,102
2024-09-17 10:34:54.726,414.6335218855016,997
2024-09-17 10:34:54.768,414.6381019524092,996
2024-09-17 10:34:54.797,414.6162129881346,12
2024-09-17 10:34:54.819,414.5979129609694,8
2024-09-17 10:34:54.963,414.64662683515326,995
2024-09-17 10:34:54.987,414.6039290073773,12
2024-09-17 10:34:54.987,414.6678480007312,6
2024-09-17 10:34:55.343,41.468357946969626,1005
2024-09-17 10:34:55.364,414.6913013504257,103
2024-09-17 10:34:55.394,414.6976283937648,995
2024-09-17 10:34:55.414,414.6879280476968,995
2024-09-17 10:34:55.732,414.6936261361548,1001
2024-09-17 10:34:55.762,414.7033939813736,1003
2024-09-17 10:34:55.946,414.6929593485432,100
2024-09-17 10:34:57.029,414.7286318271102,1002
2024-09-17 10:34:57.074,414.7396185269207,1001
2024-09-17 10:34:57.106,414.7527888930841,100
2024-09-17 10:34:57.125,414.7191805305634,1002
2024-09-17 10:34:57.172,414.7351620300979,996
2024-09-17 10:34:57.208,414.7421726078895,1003
2024-09-17 10:34:57.266,414.7113702058681,98
2024-09-17 10:34:57.300,414.7660510551656,999
2024-09-17 10:34:57.355,414.723340840992,1002
2024-09-17 10:34:57.411,414.7202828589798,11
2024-09-17 10:34:57.449,414.72632691367073,999
2024-09-17 10:34:57.482,414.6926006296555,1003
2024-09-17 10:34:57.501,414.6954449069128,105
2024-09-17 10:34:57.502,414.763110995046,101
2024-09-17 10:34:57.521,414.774623546415,104
2024-09-17 10:34:57.525,414.77045986695146,1003
2024-09-17 10:34:57.566,414.6897957108292,999
2024-09-17 10:34:57.573,414.7529817664851,15
2024-09-17 10:34:57.698,414.7190540124065,9
2024-09-17 10:34:57.752,414.7515899169108,996
2024-09-17 10:34:57.788,414.7305162469255,12
2024-09-17 10:34:57.972,414.770342067146,104
2024-09-17 10:34:57.988,414.7327132169475,99
2024-09-17 10:34:58.010,414.814371749572,1000
2024-09-17 10:34:58.055,414.7868961778878,996
2024-09-17 10:34:58.082,414.7994050358664,15
2024-09-17 10:34:58.198,414.8420343545114,998
2024-09-17 10:34:58.217,414.8235471746856,96
2024-09-17 10:34:58.320,414.8321883716087,105
2024-09-17 10:34:58.348,414.8168273606368,103
2024-09-17 10:34:58.349,414.8133378859851,12
2024-09-17 10:34:58.359,414.81427485052046,100
2024-09-17 10:34:58.393,414.778404747476,997
2024-09-17 10:34:58.433,414.7962411635471,7
2024-09-17 10:34:58.447,414.7911989046312,98
2024-09-17 10:34:58.459,414.84694877700906,100
2024-09-17 10:34:58.484,414.814173704682,102
2024-09-17 10:34:58.488,,13
2024-09-17 10:34:58.517,414.80235924123787,998
2024-09-17 10:34:58.643,414.8369226398444,95
2024-09-17 10:34:58.666,414.7951260731772,1005
2024-09-17 10:34:58.669,414.8127920325144,12
2024-09-17 10:34:58.696,414.8163403804672,1005
2024-09-17 10:34:58.707,414.8161727486444,1000
2024-09-17 10:34:58.713,414.8024418499949,95
2024-09-17 10:34:58.773,41.48323149215563,98
2024-09-17 10:34:59.088,414.78652538262094,11
2024-09-17 10:34:59.104,414.76730237917945,5
2024-09-17 10:34:59.124,414.786283604197,6
2024-09-17 10:34:59.170,414.8222356249155,5
2024-09-17 10:34:59.275,414.7768525946077,1005
2024-09-17 10:34:59.443,414.8316945787456,6
2024-09-17 10:34:59.530,414.7978868349782,7
2024-09-17 10:34:59.551,414.7948974713272,1004
2024-09-17 10:34:59.693,414.78133418032814,1005
2024-09-17 10:34:59.737,414.828939538795,9
2024-09-17 10:34:59.765,414.8078672439498,1004
2024-09-17 10:34:59.851,414.7640860962219,1001
2024-09-17 10:34:59.876,414.7907933296052,11
2024-09-17 10:34:59.898,414.77722263787166,995
