Timestamp,Price,Size
2024-09-19 10:48:00.175,418.4633483168728,1003
2024-09-19 10:48:00.325,418.4696334265424,12
2024-09-19 10:48:00.422,418.47212487568544,995
2024-09-19 10:48:00.629,418.4699869240965,1002
2024-09-19 10:48:00.656,418.46561016681017,10
2024-09-19 10:48:00.766,418.4640598422978,99
2024-09-19 10:48:00.852,418.4681215526886,1005
2024-09-19 10:48:00.957,418.4880542107121,995
2024-09-19 10:48:00.985,418.47251453686073,1004
2024-09-19 10:48:01.128,418.455800654236,13
2024-09-19 10:48:01.129,418.4330398912427,996
2024-09-19 10:48:01.143,418.4281468457334,102
2024-09-19 10:48:01.294,418.4153103938264,96
2024-09-19 10:48:01.351,,12
2024-09-19 10:48:01.503,418.4289377176112,11
2024-09-19 10:48:01.570,418.4508150907114,102
2024-09-19 10:48:01.673,418.4239815321558,105
2024-09-19 10:48:01.812,,13
2024-09-19 10:48:01.903,418.4493237608195,103
2024-09-19 10:48:01.904,418.4388299301869,95
2024-09-19 10:48:01.955,418.4556395338644,100
2024-09-19 10:48:02.004,41.83605852893007,100
2024-09-19 10:48:02.031,418.36841265313086,15
2024-09-19 10:48:02.123,418.3488891341653,996
2024-09-19 10:48:02.188,418.3432473792072,13
2024-09-19 10:48:02.261,418.3520091043985,101
2024-09-19 10:48:02.276,418.3324434008247,1005
2024-09-19 10:48:02.322,418.3419838810535,15
2024-09-19 10:48:02.370,418.3594748642584,104
2024-09-19 10:48:02.377,418.3635764512546,999
2024-09-19 10:48:02.437,418.3566718153021,102
2024-09-19 10:48:02.450,418.3617851218361,7
2024-09-19 10:48:02.641,418.3757579815195,999
2024-09-19 10:48:02.669,418.3908095902906,9
2024-09-19 10:48:02.839,418.3611527667196,10
2024-09-19 10:48:02.842,418.35168565896447,1005
2024-09-19 10:48:02.900,418.3599656493692,95
2024-09-19 10:48:03.040,418.3011255090856,1005
2024-09-19 10:48:03.108,418.30828822981937,9
2024-09-19 10:48:03.141,418.340465093532,95
2024-09-19 10:48:03.195,418.31577279318407,1003
2024-09-19 10:48:03.285,418.3016078383093,10
2024-09-19 10:48:03.315,418.3236127437351,996
2024-09-19 10:48:03.357,418.29759694179023,9
2024-09-19 10:48:03.622,418.2974040158029,1004
2024-09-19 10:48:03.622,418.30593738184217,9
2024-09-19 10:48:03.843,418.29657491200993,6
2024-09-19 10:48:03.934,418.32531969701705,6
2024-09-19 10:48:03.968,41.83372411090925,997
2024-09-19 10:48:04.014,418.2627878363695,1002
2024-09-19 10:48:04.123,418.2643086120697,101
2024-09-19 10:48:04.123,418.2601736157038,103
2024-09-19 10:48:04.130,418.2353659085344,13
2024-09-19 10:48:04.205,418.2575128372707,101
2024-09-19 10:48:04.240,418.2768602685818,996
2024-09-19 10:48:04.333,418.2123233553826,6
2024-09-19 10:48:04.385,418.21043036239496,9
2024-09-19 10:48:04.386,418.2637196564594,11
2024-09-19 10:48:04.442,418.2595580193108,96
2024-09-19 10:48:04.625,418.2666968328932,995
2024-09-19 10:48:04.743,418.2218790711036,1003
2024-09-19 10:48:04.767,418.25163615498616,104
2024-09-19 10:48:04.803,418.2882995986727,102
2024-09-19 10:48:04.936,418.2612644718637,98
2024-09-19 10:48:04.938,418.27150303106976,13
2024-09-19 10:48:04.948,418.2640854063678,99
2024-09-19 10:48:04.953,418.2607712030028,9
2024-09-19 10:48:04.967,418.203522904078,12
2024-09-19 10:48:04.985,418.2189179741952,1001
2024-09-19 10:48:05.011,418.2793329941622,1002
2024-09-19 10:48:05.027,418.201360807389,995
2024-09-19 10:48:05.041,418.2108302088537,1004
2024-09-19 10:48:05.058,41.817776075378994,97
2024-09-19 10:48:05.068,418.21268529011695,7
2024-09-19 10:48:05.077,418.2260689893064,1003
2024-09-19 10:48:05.078,418.2712143795345,12
2024-09-19 10:48:05.183,-418.3081043717964,1004
2024-09-19 10:48:05.320,418.1888386280975,8
2024-09-19 10:48:05.424,418.223526003971,96
2024-09-19 10:48:05.494,418.2983404618839,105
2024-09-19 10:48:05.505,418.28031192084,1003
2024-09-19 10:48:05.506,418.1898124203049,1005
2024-09-19 10:48:05.595,418.2916643427072,103
2024-09-19 10:48:05.605,418.1975607957397,103
2024-09-19 10:48:05.609,418.2920454378325,998
2024-09-19 10:48:05.612,418.1983532095505,96
2024-09-19 10:48:05.618,418.2818479608516,104
2024-09-19 10:48:05.622,418.23248873069736,100
2024-09-19 10:48:05.666,418.187698821941,105
2024-09-19 10:48:05.679,418.2383481388309,105
2024-09-19 10:48:05.686,418.29665913823504,100
2024-09-19 10:48:05.736,418.207616589278,96
2024-09-19 10:48:05.754,418.2545597738055,8
2024-09-19 10:48:05.813,418.2077469354435,12
2024-09-19 10:48:05.830,418.2111790385997,6
2024-09-19 10:48:05.848,418.30561472358295,95
2024-09-19 10:48:05.975,418.18494010472654,8
2024-09-19 10:48:06.001,418.31587613124265,99
2024-09-19 10:48:06.022,418.3261760394296,103
2024-09-19 10:48:06.088,418.2778629308801,11
2024-09-19 10:48:06.134,418.3660031920618,8
2024-09-19 10:48:06.170,418.3272186048263,102
2024-09-19 10:48:06.198,418.2961201279071,98
2024-09-19 10:48:06.218,418.3306664316154,6
2024-09-19 10:48:06.318,418.3205097970318,995
2024-09-19 10:48:06.380,418.3240016321846,7
2024-09-19 10:48:06.453,418.28967653130064,14
2024-09-19 10:48:06.455,418.3026172988645,102
2024-09-19 10:48:06.463,418.296999429308,13
2024-09-19 10:48:06.486,418.3436129771231,7
2024-09-19 10:48:06.496,418.30361127885504,1002
2024-09-19 10:48:06.605,418.2988332715846,101
2024-09-19 10:48:06.638,418.3188823927081,998
2024-09-19 10:48:06.676,418.3269598008627,996
2024-09-19 10:48:06.676,418.315766228076,1004
2024-09-19 10:48:06.681,418.3553014611279,10
2024-09-19 10:48:06.682,418.3513895553049,98
2024-09-19 10:48:06.711,418.3712553479803,96
2024-09-19 10:48:06.717,418.3483124453948,5
2024-09-19 10:48:06.767,418.322959658572,5
2024-09-19 10:48:06.800,-418.3184629290819,96
2024-09-19 10:48:06.882,418.3032097821908,15
2024-09-19 10:48:06.895,418.3405770854607,1004
2024-09-19 10:48:06.921,418.34621975296784,995
2024-09-19 10:48:07.024,418.46491925387625,1003
2024-09-19 10:48:07.025,418.456091005563,997
2024-09-19 10:48:07.040,418.3729452660596,8
2024-09-19 10:48:07.075,418.4507167853265,98
2024-09-19 10:48:07.122,418.4609578519964,12
2024-09-19 10:48:07.154,418.3854467198569,101
2024-09-19 10:48:07.252,418.4676511755504,102
2024-09-19 10:48:07.258,418.4122705459751,14
2024-09-19 10:48:07.341,418.4567429865314,996
2024-09-19 10:48:07.357,418.4460514939938,105
2024-09-19 10:48:07.498,418.4382458880482,97
2024-09-19 10:48:07.582,418.4318135773258,97
2024-09-19 10:48:07.583,418.4457695111645,1002
2024-09-19 10:48:07.632,418.36608724542094,1003
2024-09-19 10:48:07.670,418.4440941560812,103
2024-09-19 10:48:07.731,418.47251133016886,6
2024-09-19 10:48:07.825,418.3955917230712,103
2024-09-19 10:48:07.902,418.4581252435807,14
2024-09-19 10:48:07.910,418.4656458958624,998
2024-09-19 10:48:07.922,418.3750317266886,6
2024-09-19 10:48:07.958,418.3873867242151,10
2024-09-19 10:48:07.984,418.43013904424487,10
2024-09-19 10:48:08.073,418.5126223794567,10
2024-09-19 10:48:08.136,418.4776355508397,100
2024-09-19 10:48:08.208,418.4602104435617,1003
2024-09-19 10:48:08.212,418.5055648580642,1002
2024-09-19 10:48:08.321,418.5141630837084,104
2024-09-19 10:48:08.471,418.50753812775713,7
2024-09-19 10:48:08.538,418.50745564469855,99
2024-09-19 10:48:08.636,418.5180756000447,1004
2024-09-19 10:48:08.720,418.5136644644013,1000
2024-09-19 10:48:08.799,418.4682679576481,98
2024-09-19 10:48:08.962,,99
2024-09-19 10:48:08.977,418.5073952658586,996
2024-09-19 10:48:09.017,418.5327766843975,1000
2024-09-19 10:48:09.034,-418.56687896108497,105
2024-09-19 10:48:09.060,418.56115914730026,8
2024-09-19 10:48:09.095,418.53127195521927,100
2024-09-19 10:48:09.097,418.4955286442223,1001
2024-09-19 10:48:09.128,418.5723613219957,9
2024-09-19 10:48:09.135,418.5485852180772,12
2024-09-19 10:48:09.135,418.5294758139902,97
2024-09-19 10:48:09.140,418.5350275909974,7
2024-09-19 10:48:09.226,418.53958849602446,99
2024-09-19 10:48:09.293,418.5702272560107,98
2024-09-19 10:48:09.330,418.5260381963445,13
2024-09-19 10:48:09.397,418.5347459214504,1001
2024-09-19 10:48:09.461,418.53631674032624,998
2024-09-19 10:48:09.562,418.55792206858416,1000
2024-09-19 10:48:09.600,418.5626888925309,997
2024-09-19 10:48:09.618,418.56840194589057,105
2024-09-19 10:48:09.693,418.535218255443,11
2024-09-19 10:48:09.722,418.4997957203924,102
2024-09-19 10:48:09.773,418.5174735208898,98
2024-09-19 10:48:09.816,418.5278208299414,97
2024-09-19 10:48:09.847,418.5305932312668,11
2024-09-19 10:48:09.986,418.5127206471348,102
2024-09-19 10:48:10.033,418.6142204261744,101
2024-09-19 10:48:10.049,418.6068396959111,15
2024-09-19 10:48:10.277,418.5957284515605,99
2024-09-19 10:48:10.442,418.5910385657233,97
2024-09-19 10:48:10.469,418.6114555315193,1002
2024-09-19 10:48:10.721,418.59805265291067,10
2024-09-19 10:48:10.844,418.62874625847263,1000
2024-09-19 10:48:10.846,418.6067855720764,12
2024-09-19 10:48:10.921,418.60169922387473,105
2024-09-19 10:48:11.005,418.7048710719992,105
2024-09-19 10:48:11.033,418.65826400174416,99
2024-09-19 10:48:11.108,418.668925806642,1001
2024-09-19 10:48:11.117,418.686432778984,104
2024-09-19 10:48:11.153,418.66257900108695,10
2024-09-19 10:48:11.191,418.6744363488704,1003
2024-09-19 10:48:11.270,418.6579860527573,11
2024-09-19 10:48:11.279,-418.5872586061086,102
2024-09-19 10:48:11.298,418.6949864900576,1000
2024-09-19 10:48:11.337,418.6094536923688,996
2024-09-19 10:48:11.427,41.85850063617252,6
2024-09-19 10:48:11.493,418.7262792106568,8
2024-09-19 10:48:11.494,418.6600213848772,105
2024-09-19 10:48:11.515,418.6532719932887,103
2024-09-19 10:48:11.555,418.6371228942713,100
2024-09-19 10:48:11.815,418.67076029871686,102
2024-09-19 10:48:11.815,418.66725435472233,100
2024-09-19 10:48:11.833,418.6433301143376,101
2024-09-19 10:48:11.929,418.7324317254919,102
2024-09-19 10:48:12.081,418.70104912842754,99
2024-09-19 10:48:12.196,418.6928538935929,13
2024-09-19 10:48:12.246,418.6938724572226,8
2024-09-19 10:48:12.295,418.7135242889021,10
2024-09-19 10:48:12.918,418.7047738372432,1002
2024-09-19 10:48:12.991,418.67092231586497,96
2024-09-19 10:48:13.182,418.69793700949856,997
2024-09-19 10:48:13.263,418.6693552644347,9
2024-09-19 10:48:13.417,418.6649056513813,996
2024-09-19 10:48:13.711,418.7212580906488,97
2024-09-19 10:48:13.752,418.6951206337499,14
2024-09-19 10:48:13.783,418.6706635097583,95
2024-09-19 10:48:14.034,418.6598981416011,995
2024-09-19 10:48:14.122,418.6493214086367,97
2024-09-19 10:48:14.380,418.6576570970854,104
2024-09-19 10:48:14.670,418.6711245520425,1003
2024-09-19 10:48:14.739,418.65556438823177,15
2024-09-19 10:48:14.827,418.66837658856,101
2024-09-19 10:48:14.920,418.6616486823143,105
2024-09-19 10:48:14.991,418.6628903356624,103
2024-09-19 10:48:15.012,418.6691098173625,105
2024-09-19 10:48:15.012,418.70047630086,998
2024-09-19 10:48:15.159,418.70615027681765,98
2024-09-19 10:48:15.160,418.7020478441249,7
2024-09-19 10:48:15.218,418.6747210133344,998
2024-09-19 10:48:15.391,418.7248427910432,5
2024-09-19 10:48:15.402,418.70474439198006,99
2024-09-19 10:48:15.427,418.714337090767,105
2024-09-19 10:48:15.519,418.70183046373705,10
2024-09-19 10:48:15.561,418.705775875949,11
2024-09-19 10:48:15.626,418.7196216084034,1000
2024-09-19 10:48:15.653,418.6857169173917,11
2024-09-19 10:48:15.757,418.67917907130135,11
2024-09-19 10:48:15.789,418.6792955630525,6
2024-09-19 10:48:15.940,418.68618655986427,95
2024-09-19 10:48:16.010,418.6400344897716,101
2024-09-19 10:48:16.270,418.68227651832063,996
2024-09-19 10:48:16.289,418.640492303716,6
2024-09-19 10:48:16.356,418.6690975703304,98
2024-09-19 10:48:16.407,418.6795347119592,1005
2024-09-19 10:48:16.490,418.6446327264853,1003
2024-09-19 10:48:16.590,418.6873454454861,10
2024-09-19 10:48:16.624,418.67405032146576,99
2024-09-19 10:48:16.791,418.6537582039002,99
2024-09-19 10:48:16.903,418.64325948516864,103
2024-09-19 10:48:16.920,418.65688754446086,99
2024-09-19 10:48:16.959,418.6732024654708,11
2024-09-19 10:48:16.994,418.6368495753269,6
2024-09-19 10:48:17.072,418.6865923540965,995
2024-09-19 10:48:17.196,418.61804167189257,9
2024-09-19 10:48:17.206,418.6775401844287,995
2024-09-19 10:48:17.225,418.6390674580319,13
2024-09-19 10:48:17.233,418.6695717666919,11
2024-09-19 10:48:17.297,418.6497148602096,997
2024-09-19 10:48:17.331,418.6609936089062,104
2024-09-19 10:48:17.358,418.6888842868025,1005
2024-09-19 10:48:17.360,418.6874881286215,998
2024-09-19 10:48:17.365,418.6297692466222,10
2024-09-19 10:48:17.404,418.6540332165477,996
2024-09-19 10:48:17.497,418.654128291368,14
2024-09-19 10:48:17.507,418.639069547052,12
2024-09-19 10:48:17.542,418.6887293723632,997
2024-09-19 10:48:17.570,418.6771747567678,1001
2024-09-19 10:48:17.603,418.6460389540432,8
2024-09-19 10:48:17.674,418.6428410440981,1000
2024-09-19 10:48:17.677,418.6658518235337,997
2024-09-19 10:48:17.690,418.6689632725052,8
2024-09-19 10:48:17.723,418.62572006236553,14
2024-09-19 10:48:17.826,418.6381751775641,13
2024-09-19 10:48:17.831,418.6646762929354,998
2024-09-19 10:48:17.891,418.6630756176313,104
2024-09-19 10:48:17.947,418.6913407767264,9
2024-09-19 10:48:18.411,418.6324478903222,995
2024-09-19 10:48:18.915,418.65095602420456,997
2024-09-19 10:48:19.040,418.5844697784319,98
2024-09-19 10:48:19.069,418.56667289217376,1001
2024-09-19 10:48:19.193,418.60766140164975,99
2024-09-19 10:48:19.236,418.6095114687914,101
2024-09-19 10:48:19.237,,105
2024-09-19 10:48:19.286,418.58354795624126,1003
2024-09-19 10:48:19.379,41.8601157963346,103
2024-09-19 10:48:19.424,418.5804086194663,103
2024-09-19 10:48:19.512,418.60280331094685,14
2024-09-19 10:48:19.591,418.58073283478143,998
2024-09-19 10:48:19.808,418.62545585779,8
2024-09-19 10:48:19.964,418.625648785838,6
2024-09-19 10:48:20.000,418.6786498894844,999
2024-09-19 10:48:20.016,418.5877743771911,997
2024-09-19 10:48:20.037,418.6972804393444,14
2024-09-19 10:48:20.206,418.59223241795127,1001
2024-09-19 10:48:20.212,418.68992449350657,95
2024-09-19 10:48:20.219,418.63297926604895,99
2024-09-19 10:48:20.268,418.7155528304397,1004
2024-09-19 10:48:20.277,418.6723356638413,1004
2024-09-19 10:48:20.314,418.57350437536655,995
2024-09-19 10:48:20.320,418.6830258368212,1001
2024-09-19 10:48:20.367,418.69695295597865,14
2024-09-19 10:48:20.378,418.6773598445788,97
2024-09-19 10:48:20.421,-418.6231576078408,98
2024-09-19 10:48:20.479,418.66714869888114,96
2024-09-19 10:48:20.518,418.5787252365543,102
2024-09-19 10:48:20.527,418.7165703876207,95
2024-09-19 10:48:20.539,418.5777929913023,1005
2024-09-19 10:48:20.576,418.6498681785295,996
2024-09-19 10:48:20.602,418.5979980315563,99
2024-09-19 10:48:20.603,418.6515953398658,6
2024-09-19 10:48:20.723,,98
2024-09-19 10:48:20.823,418.5724581470495,104
2024-09-19 10:48:20.865,418.62245852682383,95
2024-09-19 10:48:20.875,418.61124083261177,100
2024-09-19 10:48:20.947,418.5725552283772,9
2024-09-19 10:48:20.948,418.5774478075282,997
2024-09-19 10:48:20.950,418.559263526163,97
2024-09-19 10:48:20.959,418.5688373066808,1001
2024-09-19 10:48:20.966,418.5673603120269,95
2024-09-19 10:48:20.970,418.6130729962245,13
2024-09-19 10:48:21.371,418.7162593627393,995
2024-09-19 10:48:21.503,418.6916306606229,1000
2024-09-19 10:48:21.535,418.7170667319188,997
2024-09-19 10:48:21.535,-418.6821014028436,997
2024-09-19 10:48:21.683,418.7189578480933,998
2024-09-19 10:48:21.716,418.7020705268369,996
2024-09-19 10:48:21.774,418.68157947022,1003
2024-09-19 10:48:21.798,418.6793070903755,1005
2024-09-19 10:48:21.901,418.7060185486599,5
2024-09-19 10:48:21.991,418.7111706858409,1004
2024-09-19 10:48:22.089,418.68037489474807,1000
2024-09-19 10:48:22.156,418.7045902627376,999
2024-09-19 10:48:22.359,418.6994837778267,1005
2024-09-19 10:48:22.430,418.6965440794625,97
2024-09-19 10:48:22.568,418.6989961787925,997
2024-09-19 10:48:22.853,418.7056600866508,999
2024-09-19 10:48:22.962,418.6795567288974,12
2024-09-19 10:48:23.105,418.6520869075459,95
2024-09-19 10:48:23.114,418.699975529426,100
2024-09-19 10:48:23.120,418.65679170321886,11
2024-09-19 10:48:23.126,418.6153196307262,998
2024-09-19 10:48:23.165,418.6607057573461,104
2024-09-19 10:48:23.197,418.6388504302808,998
2024-09-19 10:48:23.204,418.6541522267747,12
2024-09-19 10:48:23.213,-418.6389558113006,95
2024-09-19 10:48:23.233,418.6417923595479,1001
2024-09-19 10:48:23.355,418.6622320635178,995
2024-09-19 10:48:23.361,418.6759218294032,13
2024-09-19 10:48:23.491,418.6420158924024,1000
2024-09-19 10:48:23.614,418.6223807696501,11
2024-09-19 10:48:23.619,418.6423681790628,99
2024-09-19 10:48:23.742,418.66067951816586,14
2024-09-19 10:48:23.762,418.6802812060115,101
2024-09-19 10:48:23.780,418.65393224232537,995
2024-09-19 10:48:23.867,418.642562662657,99
2024-09-19 10:48:23.977,418.6507158935764,104
2024-09-19 10:48:23.999,418.6554875399494,9
2024-09-19 10:48:24.006,418.5984739551066,95
2024-09-19 10:48:24.056,418.5806379459932,995
2024-09-19 10:48:24.106,418.58003548026505,995
2024-09-19 10:48:24.149,418.6042695416816,5
2024-09-19 10:48:24.153,418.59095396986777,997
2024-09-19 10:48:24.220,418.6121294341374,8
2024-09-19 10:48:24.282,418.6034885535783,15
2024-09-19 10:48:24.347,418.594758510531,102
2024-09-19 10:48:24.353,418.6018873848342,1000
2024-09-19 10:48:24.400,418.5924679755034,998
2024-09-19 10:48:24.428,418.5887572388801,105
2024-09-19 10:48:24.521,418.6013364596676,96
2024-09-19 10:48:24.522,418.60989898944246,997
2024-09-19 10:48:24.535,418.596348555899,1005
2024-09-19 10:48:24.554,418.6239878981524,9
2024-09-19 10:48:24.628,418.6002447589957,103
2024-09-19 10:48:24.661,418.6342163437595,95
2024-09-19 10:48:24.662,418.5912967241361,998
2024-09-19 10:48:24.721,418.619155972469,99
2024-09-19 10:48:24.730,418.59735057421767,13
2024-09-19 10:48:24.757,418.578760130978,1005
2024-09-19 10:48:24.821,418.5618811930983,95
2024-09-19 10:48:24.862,418.5519736564449,11
2024-09-19 10:48:24.867,418.6306807306119,997
2024-09-19 10:48:24.890,,97
2024-09-19 10:48:24.898,418.6257459549961,995
2024-09-19 10:48:24.916,418.5921946823306,6
2024-09-19 10:48:24.920,418.613837871085,100
2024-09-19 10:48:25.009,,1002
2024-09-19 10:48:25.017,418.527332791403,995
2024-09-19 10:48:25.043,418.55152568968606,9
2024-09-19 10:48:25.061,418.5497674923366,996
2024-09-19 10:48:25.149,418.51711232926,1000
2024-09-19 10:48:25.151,418.5244855260655,995
2024-09-19 10:48:25.205,418.5530114455744,1001
2024-09-19 10:48:25.276,418.543193367466,15
2024-09-19 10:48:25.315,418.550556868328,102
2024-09-19 10:48:25.470,418.54359209393215,97
2024-09-19 10:48:25.649,418.5524159065623,997
2024-09-19 10:48:25.679,418.542793790946,15
2024-09-19 10:48:25.746,418.57646806227774,996
2024-09-19 10:48:25.772,418.542662211702,101
2024-09-19 10:48:25.898,418.55854983848496,999
2024-09-19 10:48:25.917,418.5499730374029,105
2024-09-19 10:48:25.922,418.5466257580402,101
2024-09-19 10:48:25.928,41.85321968142751,101
2024-09-19 10:48:25.973,418.5514935626056,1004
2024-09-19 10:48:26.017,418.5249926441111,1000
2024-09-19 10:48:26.141,418.5378884054659,104
2024-09-19 10:48:26.174,418.5046435654233,102
2024-09-19 10:48:26.236,418.4988143986681,99
2024-09-19 10:48:26.240,418.5173658178952,5
2024-09-19 10:48:26.257,418.5376099681845,1001
2024-09-19 10:48:26.369,418.4836822577267,101
2024-09-19 10:48:26.378,418.5232140639909,8
2024-09-19 10:48:26.387,418.506525745154,9
2024-09-19 10:48:26.507,418.54863217157,9
2024-09-19 10:48:26.541,418.5199070846877,101
2024-09-19 10:48:26.626,418.5183641927061,997
2024-09-19 10:48:26.636,418.5208443729002,1002
2024-09-19 10:48:26.687,418.52775463647833,9
2024-09-19 10:48:26.695,418.546101916246,11
2024-09-19 10:48:26.699,418.5174717676738,11
2024-09-19 10:48:26.732,418.5039986748626,996
2024-09-19 10:48:26.738,418.5534009368732,103
2024-09-19 10:48:26.754,418.5700108582153,1000
2024-09-19 10:48:26.837,418.54615726856593,97
2024-09-19 10:48:26.892,418.5127920595765,999
2024-09-19 10:48:26.936,418.5421947518279,10
2024-09-19 10:48:26.951,418.5664951901541,15
2024-09-19 10:48:27.058,418.507240379579,11
2024-09-19 10:48:27.095,418.5338103233467,996
2024-09-19 10:48:27.099,418.5632287042689,995
2024-09-19 10:48:27.182,-418.5211672273993,5
2024-09-19 10:48:27.201,418.5414817672583,105
2024-09-19 10:48:27.202,418.5050388018424,103
2024-09-19 10:48:27.211,418.5252105391778,6
2024-09-19 10:48:27.218,418.5156003475036,101
2024-09-19 10:48:27.277,418.56435713563405,105
2024-09-19 10:48:27.307,418.5476083525369,15
2024-09-19 10:48:27.314,418.5558108319006,10
2024-09-19 10:48:27.451,418.5093039805377,101
2024-09-19 10:48:27.456,418.54024715957553,6
2024-09-19 10:48:27.478,418.50713473960514,104
2024-09-19 10:48:27.599,418.5204483959256,1003
2024-09-19 10:48:27.619,418.5339698227108,5
2024-09-19 10:48:27.628,418.5168871860298,9
2024-09-19 10:48:27.684,418.5004564750823,996
2024-09-19 10:48:27.712,418.5076397686391,996
2024-09-19 10:48:27.754,418.554766020128,15
2024-09-19 10:48:27.823,418.5205398039222,5
2024-09-19 10:48:27.857,418.51352176094247,999
2024-09-19 10:48:27.891,418.5266227769191,997
2024-09-19 10:48:27.940,418.5008772071381,15
2024-09-19 10:48:27.948,418.5705805508277,100
2024-09-19 10:48:27.951,418.5720112480195,1001
2024-09-19 10:48:27.963,418.525784297776,996
2024-09-19 10:48:27.967,418.5518621349068,6
2024-09-19 10:48:27.971,418.5525274420597,999
2024-09-19 10:48:27.977,418.5550827165235,995
2024-09-19 10:48:28.124,418.5550468283876,96
2024-09-19 10:48:28.435,418.5641679365849,7
2024-09-19 10:48:28.845,418.5359737745565,97
2024-09-19 10:48:28.868,418.5683646776938,105
2024-09-19 10:48:28.960,418.5735385757623,95
2024-09-19 10:48:29.112,418.5675788170232,104
2024-09-19 10:48:29.139,418.5659869881329,97
2024-09-19 10:48:29.148,418.56000034352655,15
2024-09-19 10:48:29.231,418.536995844264,14
2024-09-19 10:48:29.298,418.53774938184273,104
2024-09-19 10:48:29.317,418.5326601744361,1005
2024-09-19 10:48:29.379,418.5529482001053,97
2024-09-19 10:48:29.885,418.5718662098625,10
2024-09-19 10:48:29.976,418.5296772022926,99
2024-09-19 10:48:30.008,418.63920533330014,103
2024-09-19 10:48:30.010,418.634189462286,98
2024-09-19 10:48:30.120,418.60308271011047,96
2024-09-19 10:48:30.131,418.6269815264799,100
2024-09-19 10:48:30.203,418.598416320987,8
2024-09-19 10:48:30.241,418.6310644930838,7
2024-09-19 10:48:30.272,418.6174125400738,105
2024-09-19 10:48:30.312,418.61447740846586,1001
2024-09-19 10:48:30.313,418.6410819969888,95
2024-09-19 10:48:30.333,418.6076449089799,8
2024-09-19 10:48:30.401,418.6050993878469,102
2024-09-19 10:48:30.417,418.6351412995271,1002
2024-09-19 10:48:30.449,418.6075899498376,102
2024-09-19 10:48:30.503,418.635109267235,98
2024-09-19 10:48:30.549,418.6104909640371,8
2024-09-19 10:48:30.575,418.6347088536239,13
2024-09-19 10:48:30.591,418.6176520321473,103
2024-09-19 10:48:30.655,418.6180075404518,101
2024-09-19 10:48:30.661,418.63241945940297,10
2024-09-19 10:48:30.671,418.6275264969448,6
2024-09-19 10:48:30.680,418.6335458944509,12
2024-09-19 10:48:30.742,418.58816488807753,999
2024-09-19 10:48:30.836,41.86276795698326,12
2024-09-19 10:48:30.850,418.63262337322,5
2024-09-19 10:48:30.956,418.6319861061712,7
2024-09-19 10:48:31.141,418.6369558277614,14
2024-09-19 10:48:31.195,418.6505003935771,9
2024-09-19 10:48:31.233,418.66084503619606,105
2024-09-19 10:48:31.250,-418.6592446039475,99
2024-09-19 10:48:31.339,418.6642703600629,1002
2024-09-19 10:48:31.445,418.6579301863617,98
2024-09-19 10:48:31.504,418.6652083810027,98
2024-09-19 10:48:31.544,418.662007006384,101
2024-09-19 10:48:31.631,418.6348398666111,103
2024-09-19 10:48:31.750,418.62675572833473,6
2024-09-19 10:48:31.887,418.6641940249761,101
2024-09-19 10:48:31.914,418.6244630147271,14
2024-09-19 10:48:31.915,418.6290331324652,15
2024-09-19 10:48:31.924,418.6504327529795,12
2024-09-19 10:48:31.948,418.62140431809087,105
2024-09-19 10:48:31.987,418.6699027391955,7
2024-09-19 10:48:32.055,-418.6972517114123,15
2024-09-19 10:48:32.074,418.6937935041969,98
2024-09-19 10:48:32.170,418.6426671027907,99
2024-09-19 10:48:32.228,418.7075998343079,1000
2024-09-19 10:48:32.229,418.6405510320819,97
2024-09-19 10:48:32.304,418.6994993339983,997
2024-09-19 10:48:32.512,418.71479491932894,10
2024-09-19 10:48:32.544,418.65886638340055,104
2024-09-19 10:48:32.597,418.6826886819389,9
2024-09-19 10:48:32.610,418.6865734849108,8
2024-09-19 10:48:32.650,418.7027419839178,10
2024-09-19 10:48:32.652,418.6877691484355,15
2024-09-19 10:48:32.693,418.698425629589,999
2024-09-19 10:48:32.710,418.688433646134,99
2024-09-19 10:48:32.839,418.7035655677691,104
2024-09-19 10:48:32.925,418.70714803298125,5
2024-09-19 10:48:32.949,418.6970449335348,998
2024-09-19 10:48:32.954,418.6979513846905,96
2024-09-19 10:48:32.973,418.6900539143104,998
2024-09-19 10:48:33.054,418.6979510114073,1004
2024-09-19 10:48:33.256,418.6976683542304,9
2024-09-19 10:48:33.390,418.70527060027047,10
2024-09-19 10:48:33.435,418.6872694186864,999
2024-09-19 10:48:33.596,418.6780825045385,1001
2024-09-19 10:48:33.754,,101
2024-09-19 10:48:33.853,418.6735675904267,99
2024-09-19 10:48:33.929,418.6885082547244,103
2024-09-19 10:48:34.003,418.6781778350587,999
2024-09-19 10:48:34.009,418.665964744208,1004
2024-09-19 10:48:34.087,418.7064363408001,8
2024-09-19 10:48:34.099,418.66475239452296,1000
2024-09-19 10:48:34.168,418.66927195612647,103
2024-09-19 10:48:34.189,418.6760101753118,104
2024-09-19 10:48:34.197,418.6796221071125,997
2024-09-19 10:48:34.291,418.69653757819975,998
2024-09-19 10:48:34.410,418.6463889979648,103
2024-09-19 10:48:34.414,418.6726965626669,104
2024-09-19 10:48:34.481,418.68511354588605,95
2024-09-19 10:48:34.500,418.6813507996784,100
2024-09-19 10:48:34.681,418.68638671600223,97
2024-09-19 10:48:34.739,41.871361539011424,12
2024-09-19 10:48:34.751,418.67439709303727,102
2024-09-19 10:48:34.798,418.7094182522756,8
2024-09-19 10:48:34.889,418.6555264243398,996
2024-09-19 10:48:34.925,418.6754744250261,99
2024-09-19 10:48:34.956,418.67695936506885,1005
2024-09-19 10:48:34.997,418.6990013822277,14
2024-09-19 10:48:35.003,418.68214586128,15
2024-09-19 10:48:35.070,418.7108578057155,996
2024-09-19 10:48:35.071,418.70306823902274,999
2024-09-19 10:48:35.148,418.6974176340258,98
2024-09-19 10:48:35.213,418.6966558437887,104
2024-09-19 10:48:35.216,418.70742136741336,102
2024-09-19 10:48:35.295,418.6958005256067,103
2024-09-19 10:48:35.569,418.7033353199642,998
2024-09-19 10:48:35.607,418.7099641730757,100
2024-09-19 10:48:35.725,418.6857068482775,100
2024-09-19 10:48:35.732,418.6999943209132,12
2024-09-19 10:48:35.774,418.6999146388548,13
2024-09-19 10:48:35.887,418.6934428092286,105
2024-09-19 10:48:36.056,418.7024765439269,996
2024-09-19 10:48:36.064,418.7033892902488,997
2024-09-19 10:48:36.141,418.707533206728,1001
2024-09-19 10:48:36.203,418.7289495863442,999
2024-09-19 10:48:36.281,418.68853180846384,1002
2024-09-19 10:48:36.341,418.68370198316586,995
2024-09-19 10:48:36.353,418.7101677160726,1000
2024-09-19 10:48:36.408,418.6992052016243,999
2024-09-19 10:48:36.414,418.702546995361,97
2024-09-19 10:48:36.434,418.6782920179298,14
2024-09-19 10:48:36.488,418.6880613767175,9
2024-09-19 10:48:36.489,418.7076721281184,14
2024-09-19 10:48:36.571,418.7037878603659,1001
2024-09-19 10:48:36.656,418.72073760847326,998
2024-09-19 10:48:36.662,418.7373284959783,101
2024-09-19 10:48:36.809,418.67028430200537,7
2024-09-19 10:48:36.852,418.6670919897428,97
2024-09-19 10:48:36.938,418.6873966057864,8
2024-09-19 10:48:36.979,418.6944812003252,14
2024-09-19 10:48:37.051,41.87940394290489,104
2024-09-19 10:48:37.066,418.740399210376,103
2024-09-19 10:48:37.084,418.7288156448013,999
2024-09-19 10:48:37.112,418.75064748829845,1000
2024-09-19 10:48:37.215,418.7714729863272,999
2024-09-19 10:48:37.336,418.6996297589688,95
2024-09-19 10:48:37.347,418.7636459489268,1001
2024-09-19 10:48:37.442,418.6943893352111,103
2024-09-19 10:48:37.491,418.6739970528912,1004
2024-09-19 10:48:37.542,418.7664782272335,12
2024-09-19 10:48:37.630,418.78071091492336,5
2024-09-19 10:48:37.673,418.7813735047677,104
2024-09-19 10:48:37.676,418.71022792819525,997
2024-09-19 10:48:37.742,418.7181316497717,96
2024-09-19 10:48:37.763,418.69859986504,13
2024-09-19 10:48:37.828,418.7182108648372,996
2024-09-19 10:48:37.852,418.71554295441393,95
2024-09-19 10:48:37.860,418.701909001271,1002
2024-09-19 10:48:37.872,418.71118706804737,12
2024-09-19 10:48:37.873,418.7184706680024,1002
2024-09-19 10:48:37.902,418.77876129159273,996
2024-09-19 10:48:37.906,418.71251484904695,95
2024-09-19 10:48:37.930,418.7232373372421,97
2024-09-19 10:48:37.957,418.7916304720015,14
2024-09-19 10:48:37.969,418.7789217991659,100
2024-09-19 10:48:38.048,418.8261197930568,999
2024-09-19 10:48:38.086,418.855825856188,97
2024-09-19 10:48:38.100,418.83977777089126,103
2024-09-19 10:48:38.109,418.8372962010354,1004
2024-09-19 10:48:38.152,418.839248617355,10
2024-09-19 10:48:38.235,418.8370781700322,1003
2024-09-19 10:48:38.348,418.7901056633586,98
2024-09-19 10:48:38.571,418.8546333789993,996
2024-09-19 10:48:38.597,418.801283570927,101
2024-09-19 10:48:38.628,418.83294450324144,98
2024-09-19 10:48:38.732,418.8548876744764,103
2024-09-19 10:48:38.798,418.7838068229344,95
2024-09-19 10:48:39.071,418.84547106190905,5
2024-09-19 10:48:39.075,418.82305133897626,13
2024-09-19 10:48:39.086,418.85572684179647,13
2024-09-19 10:48:39.114,418.82844406159535,1000
2024-09-19 10:48:39.182,418.8797946272945,5
2024-09-19 10:48:39.183,418.87318622865473,996
2024-09-19 10:48:39.219,418.8174576753327,998
2024-09-19 10:48:39.250,418.8250664976905,9
2024-09-19 10:48:39.316,418.85111702209537,105
2024-09-19 10:48:39.332,418.8473200080965,99
2024-09-19 10:48:39.343,418.8652549954333,8
2024-09-19 10:48:39.369,418.8379462218906,105
2024-09-19 10:48:39.489,418.84139361462593,12
2024-09-19 10:48:39.493,418.8646418620015,98
2024-09-19 10:48:39.507,418.7979840061887,95
2024-09-19 10:48:39.521,418.8774310939502,8
2024-09-19 10:48:39.589,418.8572197269645,1000
2024-09-19 10:48:39.617,418.8365106317656,100
2024-09-19 10:48:39.664,418.8434741190642,1005
2024-09-19 10:48:39.665,418.8817446234611,104
2024-09-19 10:48:39.698,418.8128048317324,1000
2024-09-19 10:48:39.778,418.8376379996496,997
2024-09-19 10:48:39.866,418.84064992419366,14
2024-09-19 10:48:39.887,418.85352183074576,9
2024-09-19 10:48:39.903,418.84889908316165,105
2024-09-19 10:48:41.025,418.8044687003124,96
2024-09-19 10:48:41.070,-418.8322225821955,7
2024-09-19 10:48:41.122,41.88343065336102,995
2024-09-19 10:48:41.181,418.8557652517879,100
2024-09-19 10:48:41.200,418.76308624995073,15
2024-09-19 10:48:41.223,418.8070943029575,5
2024-09-19 10:48:41.292,418.8196739506079,105
2024-09-19 10:48:41.337,418.83766451418376,14
2024-09-19 10:48:41.344,418.8455380569585,13
2024-09-19 10:48:41.380,418.8272135447786,5
2024-09-19 10:48:41.422,418.8589617686312,105
2024-09-19 10:48:41.453,418.83479983172464,15
2024-09-19 10:48:41.468,418.8244569825486,15
2024-09-19 10:48:41.489,418.7778069514747,99
2024-09-19 10:48:41.516,418.8549428289134,98
2024-09-19 10:48:41.572,418.8417491124949,1000
2024-09-19 10:48:41.600,418.8030843558363,13
2024-09-19 10:48:41.714,418.7980410661565,102
2024-09-19 10:48:41.756,418.7999679704802,14
2024-09-19 10:48:41.828,418.8142074744199,15
2024-09-19 10:48:41.885,418.7938655384424,999
2024-09-19 10:48:41.938,418.8079240731645,105
2024-09-19 10:48:41.947,418.8104963815445,103
2024-09-19 10:48:41.954,418.8143537929746,7
2024-09-19 10:48:42.015,418.77344855931005,1002
2024-09-19 10:48:42.022,418.7469259924036,997
2024-09-19 10:48:42.039,418.77913189203497,101
2024-09-19 10:48:42.240,418.746281195929,1004
2024-09-19 10:48:42.295,418.76375756731136,1002
2024-09-19 10:48:42.302,418.7903768463541,8
2024-09-19 10:48:42.306,418.7781863280742,10
2024-09-19 10:48:42.406,418.7529079714126,1002
2024-09-19 10:48:42.413,418.7874541099051,1000
2024-09-19 10:48:42.445,418.74448700196257,1002
2024-09-19 10:48:42.483,418.7788129934224,1001
2024-09-19 10:48:42.487,418.7477376541541,5
2024-09-19 10:48:42.571,418.7392837050698,1003
2024-09-19 10:48:42.584,418.8037123827932,13
2024-09-19 10:48:42.589,418.746105696975,12
2024-09-19 10:48:42.602,418.74688000388966,1000
2024-09-19 10:48:42.729,418.79371730215456,98
2024-09-19 10:48:42.742,418.7603968401435,997
2024-09-19 10:48:42.758,418.7583446322729,1005
2024-09-19 10:48:42.795,418.72942366961473,9
2024-09-19 10:48:42.811,418.80021553334575,105
2024-09-19 10:48:42.863,418.7353663135629,8
2024-09-19 10:48:42.964,418.785328044038,104
2024-09-19 10:48:43.061,418.7966170675299,104
2024-09-19 10:48:43.077,418.7709396851436,12
2024-09-19 10:48:43.247,418.8038346662167,1005
2024-09-19 10:48:43.252,418.76211270255607,9
2024-09-19 10:48:43.540,418.7634078408304,13
2024-09-19 10:48:43.553,418.7668461907358,995
2024-09-19 10:48:43.559,418.761367608201,8
2024-09-19 10:48:43.578,418.7904722460969,98
2024-09-19 10:48:43.600,418.798200181264,1001
2024-09-19 10:48:43.611,418.8011695379521,998
2024-09-19 10:48:43.648,418.8095350565692,1004
2024-09-19 10:48:43.658,418.7808035827916,999
2024-09-19 10:48:43.706,418.7768674951012,11
2024-09-19 10:48:43.722,418.7836283168278,8
2024-09-19 10:48:43.793,418.7927939996264,7
2024-09-19 10:48:43.799,418.79757991957297,7
2024-09-19 10:48:43.890,418.78004974478586,101
2024-09-19 10:48:43.901,418.80411648061335,1003
2024-09-19 10:48:44.128,418.7815914883661,1005
2024-09-19 10:48:44.540,418.782397375816,10
2024-09-19 10:48:44.662,418.79998545782536,105
2024-09-19 10:48:44.664,418.8297122464528,1005
2024-09-19 10:48:44.666,418.81186337126366,102
2024-09-19 10:48:44.680,418.8309395974861,13
2024-09-19 10:48:44.854,418.7931210503809,1000
2024-09-19 10:48:44.864,418.7729509445697,104
2024-09-19 10:48:45.020,418.8477388453938,11
2024-09-19 10:48:45.039,418.8352064412107,9
2024-09-19 10:48:45.046,418.8572859620911,15
2024-09-19 10:48:45.059,418.8303971323426,100
2024-09-19 10:48:45.117,418.8448949781614,997
2024-09-19 10:48:45.178,41.88726436016258,102
2024-09-19 10:48:45.203,418.8421097555312,997
2024-09-19 10:48:45.330,418.8179777432896,9
2024-09-19 10:48:45.347,418.8525856623274,1005
2024-09-19 10:48:45.376,418.8507815432409,999
2024-09-19 10:48:45.391,418.86950366806064,995
2024-09-19 10:48:45.474,418.82507596337433,1003
2024-09-19 10:48:45.737,418.80953865688986,996
2024-09-19 10:48:45.877,418.83240356002494,7
2024-09-19 10:48:45.936,418.8514381764702,1000
2024-09-19 10:48:45.992,418.84611809141694,103
2024-09-19 10:48:46.058,418.8713892496784,1005
2024-09-19 10:48:46.111,418.8558032335597,997
2024-09-19 10:48:46.242,418.89396650339705,1000
2024-09-19 10:48:46.263,418.9112756561668,96
2024-09-19 10:48:46.265,418.9092612985125,101
2024-09-19 10:48:46.271,418.9056257266158,995
2024-09-19 10:48:46.281,418.8557769771133,5
2024-09-19 10:48:46.583,418.8566164586846,7
2024-09-19 10:48:46.841,418.8406183152448,11
2024-09-19 10:48:46.844,418.8558881515298,15
2024-09-19 10:48:46.917,418.8748296672798,1000
2024-09-19 10:48:46.927,418.9040099531184,99
2024-09-19 10:48:46.958,418.9000624263366,9
2024-09-19 10:48:46.968,418.8592852478489,8
2024-09-19 10:48:47.015,418.9202478075172,996
2024-09-19 10:48:47.048,418.8666226676803,97
2024-09-19 10:48:47.072,418.90016835542974,1000
2024-09-19 10:48:47.082,418.8903273925978,10
2024-09-19 10:48:47.090,418.8584508592291,102
2024-09-19 10:48:47.106,418.861145800885,999
2024-09-19 10:48:47.159,418.84129769500544,998
2024-09-19 10:48:47.337,418.8649251706362,11
2024-09-19 10:48:47.375,418.8814088080096,100
2024-09-19 10:48:47.451,418.8991908670234,996
2024-09-19 10:48:47.451,418.9237070534479,104
2024-09-19 10:48:47.463,418.8730259361204,7
2024-09-19 10:48:47.545,418.8960189204585,14
2024-09-19 10:48:47.548,418.84241503239065,105
2024-09-19 10:48:47.613,418.8583512846917,101
2024-09-19 10:48:47.716,418.92986287966727,995
2024-09-19 10:48:47.721,418.86118241643067,15
2024-09-19 10:48:47.891,418.8793385642744,1002
2024-09-19 10:48:47.985,,1003
2024-09-19 10:48:48.273,418.91259662558144,15
2024-09-19 10:48:48.554,418.9157994533503,995
2024-09-19 10:48:48.664,418.9482320449119,1000
2024-09-19 10:48:48.774,418.9213368868832,98
2024-09-19 10:48:49.242,418.9703869827959,999
2024-09-19 10:48:49.873,418.9673804493495,98
2024-09-19 10:48:49.902,418.9670139636409,98
2024-09-19 10:48:50.219,418.95346248725593,14
2024-09-19 10:48:50.221,418.9607284408128,99
2024-09-19 10:48:50.558,418.9535532457211,998
2024-09-19 10:48:51.003,418.95474934405286,95
2024-09-19 10:48:51.061,418.9834070808822,1004
2024-09-19 10:48:51.206,418.96718525097,1004
2024-09-19 10:48:51.208,418.9405641766269,11
2024-09-19 10:48:51.230,418.9989830169933,100
2024-09-19 10:48:51.350,418.9759848970144,1002
2024-09-19 10:48:51.392,418.9724566658223,1001
2024-09-19 10:48:51.470,419.00254662546473,98
2024-09-19 10:48:51.486,418.9531900194884,104
2024-09-19 10:48:51.493,419.0074682707431,1000
2024-09-19 10:48:51.529,419.00459396482944,1004
2024-09-19 10:48:51.529,418.966723158162,103
2024-09-19 10:48:51.529,418.9969998547486,1003
2024-09-19 10:48:51.551,418.9657405872002,12
2024-09-19 10:48:51.562,418.9442174527962,1000
2024-09-19 10:48:51.636,418.9967439548311,10
2024-09-19 10:48:51.771,419.0028201562554,105
2024-09-19 10:48:51.795,418.9533863884257,9
2024-09-19 10:48:51.810,418.9760642613333,14
2024-09-19 10:48:51.843,418.95325911678026,5
2024-09-19 10:48:51.852,418.979216624801,1005
2024-09-19 10:48:51.894,418.96331147097,8
2024-09-19 10:48:51.949,418.9733528417,103
2024-09-19 10:48:51.977,418.99814463843234,9
2024-09-19 10:48:52.010,418.9925435450618,5
2024-09-19 10:48:52.097,418.9801834187852,1000
2024-09-19 10:48:52.256,418.99028435410577,11
2024-09-19 10:48:52.346,418.9881422656115,1002
2024-09-19 10:48:52.470,418.9958206868007,14
2024-09-19 10:48:52.494,419.0132900671434,1001
2024-09-19 10:48:52.512,418.9936897945428,103
2024-09-19 10:48:52.524,418.98040235518624,9
2024-09-19 10:48:52.617,418.9857039649176,11
2024-09-19 10:48:52.643,418.9799612250736,7
2024-09-19 10:48:52.646,418.9667468601368,996
2024-09-19 10:48:52.651,418.9876638268238,997
2024-09-19 10:48:52.708,418.97079852907154,102
2024-09-19 10:48:52.945,418.9706807693721,995
2024-09-19 10:48:53.215,418.9492019050882,9
2024-09-19 10:48:53.373,418.9333688618849,1003
2024-09-19 10:48:53.410,418.9029299926639,10
2024-09-19 10:48:53.820,418.9153273618981,9
2024-09-19 10:48:54.012,,996
2024-09-19 10:48:54.049,419.00963228246,1001
2024-09-19 10:48:54.163,418.97064543666255,95
2024-09-19 10:48:54.163,419.0066859883127,15
2024-09-19 10:48:54.338,419.0137604086703,6
2024-09-19 10:48:54.371,418.99617095719054,11
2024-09-19 10:48:54.487,419.0151986389935,96
2024-09-19 10:48:54.512,419.01385861784905,15
2024-09-19 10:48:54.690,419.0183530905958,97
2024-09-19 10:48:54.725,418.9495408802906,105
2024-09-19 10:48:54.776,418.99076335492936,105
2024-09-19 10:48:54.786,419.0071898901839,99
2024-09-19 10:48:54.790,419.0100685170169,998
2024-09-19 10:48:54.854,418.9872531997845,996
2024-09-19 10:48:54.891,418.9765068947653,14
2024-09-19 10:48:54.986,418.9845140484594,12
2024-09-19 10:48:55.015,418.986437874452,10
2024-09-19 10:48:55.020,419.0257942445492,102
2024-09-19 10:48:55.035,418.9696046696956,1003
2024-09-19 10:48:55.090,419.0013924974143,99
2024-09-19 10:48:55.098,418.97366816700026,1005
2024-09-19 10:48:55.114,419.0141167038764,15
2024-09-19 10:48:55.152,418.9609526523583,998
2024-09-19 10:48:55.161,418.9917221291837,995
2024-09-19 10:48:55.171,418.9787109102639,1002
2024-09-19 10:48:55.189,419.00254262056814,6
2024-09-19 10:48:55.189,419.0135680135224,13
2024-09-19 10:48:55.209,418.9969217146681,101
2024-09-19 10:48:55.211,418.98733047590497,7
2024-09-19 10:48:55.271,-418.9735995487786,995
2024-09-19 10:48:55.285,41.8987733648724,9
2024-09-19 10:48:55.305,418.9937099525652,105
2024-09-19 10:48:55.356,418.9974888924968,104
2024-09-19 10:48:55.405,418.9740490485363,97
2024-09-19 10:48:55.425,419.0013762689301,99
2024-09-19 10:48:55.455,418.9554716747603,1000
2024-09-19 10:48:55.558,418.98322355108087,104
2024-09-19 10:48:55.601,418.9835928962545,105
2024-09-19 10:48:55.619,419.0067886533208,15
2024-09-19 10:48:55.658,418.9949095831991,5
2024-09-19 10:48:55.672,419.0088266355318,8
2024-09-19 10:48:55.714,418.983429370256,101
2024-09-19 10:48:55.811,419.0077380243246,997
2024-09-19 10:48:55.864,418.98111395475473,104
2024-09-19 10:48:55.916,418.9612614719208,999
2024-09-19 10:48:56.236,418.96757960168543,995
2024-09-19 10:48:56.280,418.9181935626655,11
2024-09-19 10:48:56.306,418.95446788159535,6
2024-09-19 10:48:56.452,418.932744309597,100
2024-09-19 10:48:56.941,418.93287150495263,7
2024-09-19 10:48:57.046,418.89495707461833,997
2024-09-19 10:48:57.122,418.8935742434491,14
2024-09-19 10:48:57.149,418.92174566589927,12
2024-09-19 10:48:57.583,418.902852969274,8
2024-09-19 10:48:57.765,41.89017015133555,103
2024-09-19 10:48:58.092,418.8990922238944,1004
2024-09-19 10:48:58.166,,5
2024-09-19 10:48:58.201,418.885609663063,15
2024-09-19 10:48:58.222,418.9005572149813,11
2024-09-19 10:48:58.255,418.8805851384008,101
2024-09-19 10:48:58.495,418.9196906281061,97
2024-09-19 10:48:58.817,418.8656974511594,7
2024-09-19 10:48:58.851,418.9639737850337,1004
2024-09-19 10:48:58.870,418.9258252112165,1004
2024-09-19 10:48:58.941,418.9083840939166,103
2024-09-19 10:48:58.946,418.8829549629566,997
2024-09-19 10:48:58.950,418.9122986394021,99
2024-09-19 10:48:58.998,418.8909358156481,101
2024-09-19 10:48:59.120,418.96389881714896,105
2024-09-19 10:48:59.120,418.9481054879571,105
2024-09-19 10:48:59.140,418.9369103322864,13
2024-09-19 10:48:59.189,418.952928185173,7
2024-09-19 10:48:59.198,418.9710397120981,97
2024-09-19 10:48:59.249,418.9401131917579,104
2024-09-19 10:48:59.325,418.9491518680189,104
2024-09-19 10:48:59.352,418.9880836864872,1005
2024-09-19 10:48:59.352,418.98285155709175,1004
2024-09-19 10:48:59.357,419.00222230390415,13
2024-09-19 10:48:59.421,418.9888948839578,999
2024-09-19 10:48:59.442,418.9660249649521,95
2024-09-19 10:48:59.476,418.97182783427576,5
2024-09-19 10:48:59.499,418.9690429540392,1005
2024-09-19 10:48:59.523,418.9433974474912,101
2024-09-19 10:48:59.532,418.9526525259996,5
2024-09-19 10:48:59.601,418.9453186518062,105
2024-09-19 10:48:59.670,418.9852799586032,99
2024-09-19 10:48:59.684,41.89448305678712,96
2024-09-19 10:48:59.698,418.95199070727074,98
2024-09-19 10:48:59.850,418.9606751891093,1002
2024-09-19 10:48:59.855,418.9828153734329,103
2024-09-19 10:48:59.977,418.9440033658016,995
2024-09-19 10:48:59.979,418.99127931154544,99
