Timestamp,Price,Size
2024-09-17 11:07:00.272,413.7325233838212,1002
2024-09-17 11:07:00.349,413.73836265882574,100
2024-09-17 11:07:00.374,413.7296619651726,1000
2024-09-17 11:07:00.461,413.7247630760029,98
2024-09-17 11:07:00.525,413.7389834183496,105
2024-09-17 11:07:00.665,413.7173463711652,102
2024-09-17 11:07:00.705,413.7329981003728,104
2024-09-17 11:07:00.805,413.7618450443614,1002
2024-09-17 11:07:00.820,413.7393332745058,15
2024-09-17 11:07:00.940,413.7227295490093,999
2024-09-17 11:07:00.959,413.7172416784479,1004
2024-09-17 11:07:01.058,413.7588573538488,95
2024-09-17 11:07:01.068,413.768120454484,14
2024-09-17 11:07:01.105,413.7874805403407,100
2024-09-17 11:07:01.221,413.7934991473748,100
2024-09-17 11:07:01.241,413.7802112478388,100
2024-09-17 11:07:01.294,413.7536315821365,997
2024-09-17 11:07:01.423,413.785979954934,11
2024-09-17 11:07:01.427,413.8004434668583,100
2024-09-17 11:07:01.433,413.80377450444297,101
2024-09-17 11:07:01.620,413.7911632883256,100
2024-09-17 11:07:01.668,413.7810801827777,102
2024-09-17 11:07:01.683,413.804393916928,1001
2024-09-17 11:07:01.695,413.7826051173216,7
2024-09-17 11:07:01.820,413.777283301508,99
2024-09-17 11:07:01.980,413.7905326486164,105
2024-09-17 11:07:02.313,413.806356690573,96
2024-09-17 11:07:02.317,413.785522234212,100
2024-09-17 11:07:02.353,413.7823590106357,997
2024-09-17 11:07:02.379,413.7961762289656,15
2024-09-17 11:07:02.382,413.76591357174,15
2024-09-17 11:07:02.447,413.8007203564468,12
2024-09-17 11:07:02.540,413.7706755941013,104
2024-09-17 11:07:02.643,413.7742640038121,103
2024-09-17 11:07:02.737,413.7815754893703,1000
2024-09-17 11:07:02.751,413.7880598151946,1001
2024-09-17 11:07:02.819,413.78769827731486,103
2024-09-17 11:07:02.909,413.80179503979474,9
2024-09-17 11:07:02.966,413.772506204485,102
2024-09-17 11:07:03.005,413.7688826109841,9
2024-09-17 11:07:03.025,413.7400254394219,1004
2024-09-17 11:07:03.050,413.7819603526252,96
2024-09-17 11:07:03.072,413.79390337468175,99
2024-09-17 11:07:03.161,413.8065731288893,997
2024-09-17 11:07:03.251,413.7372932759879,5
2024-09-17 11:07:03.300,413.7824029902271,996
2024-09-17 11:07:03.353,413.76196686443257,15
2024-09-17 11:07:03.411,413.7915548998161,102
2024-09-17 11:07:03.449,413.7817287895657,1001
2024-09-17 11:07:03.486,413.7310918866256,104
2024-09-17 11:07:03.496,413.7299810277141,103
2024-09-17 11:07:03.540,413.7855224311104,997
2024-09-17 11:07:03.543,413.7669959746565,5
2024-09-17 11:07:03.550,413.78144735537927,9
2024-09-17 11:07:03.569,413.7696473564556,103
2024-09-17 11:07:03.646,413.7233134812796,101
2024-09-17 11:07:03.697,413.7500038227039,12
2024-09-17 11:07:03.833,413.77856967594505,98
2024-09-17 11:07:03.872,413.7984960083903,95
2024-09-17 11:07:03.932,413.7136146643013,99
2024-09-17 11:07:03.995,413.7730867772708,104
2024-09-17 11:07:04.048,413.7120067380402,998
2024-09-17 11:07:04.078,413.7241765323589,101
2024-09-17 11:07:04.134,413.7521232115846,1003
2024-09-17 11:07:04.355,413.72859712684834,101
2024-09-17 11:07:04.692,413.71605237721576,998
2024-09-17 11:07:04.716,413.7129690926766,10
2024-09-17 11:07:04.728,413.73674812459,10
2024-09-17 11:07:04.900,413.7145575599539,996
2024-09-17 11:07:04.974,413.741494100666,1002
2024-09-17 11:07:05.019,413.7694934731954,1003
2024-09-17 11:07:05.100,413.75338972643226,996
2024-09-17 11:07:05.146,413.7664504053213,6
2024-09-17 11:07:05.195,413.7800370564373,13
2024-09-17 11:07:05.200,413.7624416862392,15
2024-09-17 11:07:05.293,,1001
2024-09-17 11:07:05.333,413.7701885864155,995
2024-09-17 11:07:05.559,413.7594058533479,13
2024-09-17 11:07:05.575,413.7583306742666,102
2024-09-17 11:07:05.653,413.7345163174018,11
2024-09-17 11:07:05.656,413.7230363978293,102
2024-09-17 11:07:05.853,413.7749955536775,96
2024-09-17 11:07:05.924,413.7358408505475,15
2024-09-17 11:07:06.049,413.8006659982008,103
2024-09-17 11:07:06.487,413.7800925905637,96
2024-09-17 11:07:06.663,413.8119319966427,12
2024-09-17 11:07:06.711,413.7929348610432,995
2024-09-17 11:07:06.773,413.7965099316117,999
2024-09-17 11:07:06.783,413.7772522657848,14
2024-09-17 11:07:07.093,413.8090270457751,1001
2024-09-17 11:07:07.216,413.8224717681365,104
2024-09-17 11:07:07.772,41.38107939391473,1002
2024-09-17 11:07:08.285,413.8061144303489,96
2024-09-17 11:07:09.004,413.81280127943046,97
2024-09-17 11:07:09.106,413.80319797659456,5
2024-09-17 11:07:09.150,413.8037845547932,996
2024-09-17 11:07:09.153,413.8519410232392,103
2024-09-17 11:07:09.198,413.8664618944146,98
2024-09-17 11:07:09.211,413.7880809652752,1002
2024-09-17 11:07:09.281,413.89134060358685,9
2024-09-17 11:07:09.335,413.8899877382639,11
2024-09-17 11:07:09.365,413.8793651928895,10
2024-09-17 11:07:09.433,413.85390680909074,1003
2024-09-17 11:07:09.474,413.8548975419975,998
2024-09-17 11:07:09.500,413.80734385896767,998
2024-09-17 11:07:09.734,413.840700352125,98
2024-09-17 11:07:09.761,413.8346354747899,98
2024-09-17 11:07:09.767,413.83300537293184,97
2024-09-17 11:07:09.789,413.8970537560936,8
2024-09-17 11:07:09.833,413.8035825714765,95
2024-09-17 11:07:09.888,413.7974536356434,95
2024-09-17 11:07:09.903,413.7860174203643,15
2024-09-17 11:07:09.960,413.8541797787976,996
2024-09-17 11:07:09.970,413.7876683825606,101
2024-09-17 11:07:09.986,413.8538009794685,100
2024-09-17 11:07:10.040,413.9708366394301,1005
2024-09-17 11:07:10.101,413.9413586019288,100
2024-09-17 11:07:10.194,413.93804739349525,997
2024-09-17 11:07:10.209,413.96718729697744,101
2024-09-17 11:07:10.262,413.98121229742577,7
2024-09-17 11:07:10.303,413.9875955320312,15
2024-09-17 11:07:10.370,413.98788472549126,10
2024-09-17 11:07:10.376,413.93784944999845,1000
2024-09-17 11:07:10.514,414.0069895973649,12
2024-09-17 11:07:10.537,413.9488067553201,1004
2024-09-17 11:07:10.597,413.90277086586514,1004
2024-09-17 11:07:10.752,413.9727815472692,6
2024-09-17 11:07:10.788,413.9054961668675,9
2024-09-17 11:07:10.866,413.9404880260109,95
2024-09-17 11:07:10.897,413.9061098499018,105
2024-09-17 11:07:10.976,41.3977369345005,98
2024-09-17 11:07:10.993,-413.907848651893,997
2024-09-17 11:07:11.209,414.0556110056429,5
2024-09-17 11:07:11.299,414.0480665553766,1003
2024-09-17 11:07:11.356,414.004860675876,95
2024-09-17 11:07:11.372,414.055230899036,98
2024-09-17 11:07:11.381,414.0611385132213,1004
2024-09-17 11:07:11.383,414.052280142744,1004
2024-09-17 11:07:11.397,414.0368044839403,1001
2024-09-17 11:07:11.439,414.0384690278575,999
2024-09-17 11:07:11.624,414.0334703990489,15
2024-09-17 11:07:11.664,414.0748909516825,1004
2024-09-17 11:07:11.668,414.0700019601028,12
2024-09-17 11:07:11.682,414.0679199911103,6
2024-09-17 11:07:11.704,413.9981690980596,13
2024-09-17 11:07:11.873,414.0598514604864,7
2024-09-17 11:07:11.946,414.01548101788376,104
2024-09-17 11:07:12.046,414.0467443562361,104
2024-09-17 11:07:12.180,414.0521622066857,12
2024-09-17 11:07:12.221,414.0660341470801,9
2024-09-17 11:07:12.240,414.05786271814605,998
2024-09-17 11:07:12.512,414.0626885238988,102
2024-09-17 11:07:12.812,-414.0681808975008,998
2024-09-17 11:07:12.945,414.0483288537802,100
2024-09-17 11:07:13.039,414.025553533248,1005
2024-09-17 11:07:13.047,414.02114386991855,9
2024-09-17 11:07:13.274,414.0444082719631,1004
2024-09-17 11:07:13.378,414.03907490341606,1001
2024-09-17 11:07:14.074,414.03918125254376,11
2024-09-17 11:07:14.157,414.0263354914151,1002
2024-09-17 11:07:14.462,414.034800886491,104
2024-09-17 11:07:14.539,414.0430866624444,103
2024-09-17 11:07:14.552,414.0434028445526,15
2024-09-17 11:07:14.559,414.0221166753303,96
2024-09-17 11:07:14.591,414.042600394707,13
2024-09-17 11:07:14.603,414.0386792671414,100
2024-09-17 11:07:15.016,414.0356456617898,1001
2024-09-17 11:07:15.053,414.033013938512,8
2024-09-17 11:07:15.057,414.0303955957119,11
2024-09-17 11:07:15.124,414.0312203839986,103
2024-09-17 11:07:15.206,414.063695056964,102
2024-09-17 11:07:15.252,414.050179474825,11
2024-09-17 11:07:15.255,41.39893201839335,1004
2024-09-17 11:07:15.257,414.0344742609576,7
2024-09-17 11:07:15.328,414.0437862677105,5
2024-09-17 11:07:15.347,413.9607626091585,997
2024-09-17 11:07:15.369,413.9611615831675,103
2024-09-17 11:07:15.389,414.05074809700665,1000
2024-09-17 11:07:15.399,413.9755361359205,101
2024-09-17 11:07:15.425,414.0169942236106,1005
2024-09-17 11:07:15.459,414.0420243412572,101
2024-09-17 11:07:15.534,413.9575757331797,105
2024-09-17 11:07:15.538,-413.9712032175981,96
2024-09-17 11:07:15.603,41.39540838623718,95
2024-09-17 11:07:15.628,414.0335565768757,102
2024-09-17 11:07:15.646,414.0536272607424,8
2024-09-17 11:07:15.706,413.9476413991647,5
2024-09-17 11:07:15.717,413.9650484863147,7
2024-09-17 11:07:15.741,414.0264929335633,105
2024-09-17 11:07:15.859,413.9454716992069,95
2024-09-17 11:07:15.868,414.05766901782295,997
2024-09-17 11:07:15.872,413.9257533628551,9
2024-09-17 11:07:15.889,414.05290985228777,100
2024-09-17 11:07:15.901,413.9443570251251,997
2024-09-17 11:07:15.964,413.93997143115297,95
2024-09-17 11:07:15.971,413.9236715272648,8
2024-09-17 11:07:16.009,413.9266190424578,103
2024-09-17 11:07:16.092,413.95188877097934,95
2024-09-17 11:07:16.100,413.9414914269742,999
2024-09-17 11:07:16.131,413.92461731056216,8
2024-09-17 11:07:16.213,413.9207509831219,11
2024-09-17 11:07:16.214,413.958436492409,999
2024-09-17 11:07:16.278,413.96700733969567,1001
2024-09-17 11:07:16.286,413.95849549612217,15
2024-09-17 11:07:16.309,413.9227595071231,99
2024-09-17 11:07:16.314,413.9197544654871,1004
2024-09-17 11:07:16.401,413.91126946457376,100
2024-09-17 11:07:16.407,413.9424872656761,997
2024-09-17 11:07:16.415,413.94614778971567,996
2024-09-17 11:07:16.454,413.9558432872288,1000
2024-09-17 11:07:16.464,413.9453026695904,997
2024-09-17 11:07:16.473,413.9220553352891,12
2024-09-17 11:07:16.531,413.9345539355302,997
2024-09-17 11:07:16.642,413.9544181727612,102
2024-09-17 11:07:16.670,413.9228437973068,1000
2024-09-17 11:07:16.734,413.90266472806496,1000
2024-09-17 11:07:16.749,413.9319218858662,14
2024-09-17 11:07:16.785,413.91853179124206,1005
2024-09-17 11:07:16.837,413.9410331397273,14
2024-09-17 11:07:17.004,413.885994129962,10
2024-09-17 11:07:17.019,413.8668148015882,11
2024-09-17 11:07:17.021,413.8318549025915,101
2024-09-17 11:07:17.063,413.8837359357268,95
2024-09-17 11:07:17.094,413.90722229784575,96
2024-09-17 11:07:17.095,413.82473502399927,11
2024-09-17 11:07:17.096,413.839456378564,995
2024-09-17 11:07:17.101,413.86607540066007,8
2024-09-17 11:07:17.233,413.9333276997386,12
2024-09-17 11:07:17.242,413.8866412503653,998
2024-09-17 11:07:17.245,413.89872422741513,15
2024-09-17 11:07:17.317,413.89488543679903,7
2024-09-17 11:07:17.321,413.8663018037059,1000
2024-09-17 11:07:17.400,413.89620660451465,15
2024-09-17 11:07:17.415,413.9414146372508,12
2024-09-17 11:07:17.433,413.8433074535395,95
2024-09-17 11:07:17.446,413.869058162138,1001
2024-09-17 11:07:17.518,413.9101612205713,1003
2024-09-17 11:07:17.631,413.8991425904624,9
2024-09-17 11:07:17.644,413.9258033247549,13
2024-09-17 11:07:17.681,,998
2024-09-17 11:07:17.735,413.9080219430523,104
2024-09-17 11:07:17.756,413.8588845824901,103
2024-09-17 11:07:17.761,413.8308239198045,101
2024-09-17 11:07:17.825,413.83227229085344,6
2024-09-17 11:07:17.896,413.90314896277454,105
2024-09-17 11:07:17.931,413.92099710192207,96
2024-09-17 11:07:17.999,413.92433166040377,104
2024-09-17 11:07:18.025,414.00021852373936,99
2024-09-17 11:07:18.183,413.9495216668221,1005
2024-09-17 11:07:18.211,413.9659076504043,101
2024-09-17 11:07:18.223,414.0462692710256,103
2024-09-17 11:07:18.342,414.0144968080498,1000
2024-09-17 11:07:18.716,413.9837028930544,99
2024-09-17 11:07:18.836,413.9678555025307,1005
2024-09-17 11:07:19.101,414.0374310519404,6
2024-09-17 11:07:19.124,413.9873043240319,103
2024-09-17 11:07:19.150,414.0218115681098,8
2024-09-17 11:07:19.152,413.9836502102841,104
2024-09-17 11:07:19.228,413.997243774431,995
2024-09-17 11:07:19.255,413.99194369551736,1002
2024-09-17 11:07:19.263,414.0057466739268,9
2024-09-17 11:07:19.324,414.020221268589,15
2024-09-17 11:07:19.389,414.0274699070971,1001
2024-09-17 11:07:19.416,414.00216251616393,98
2024-09-17 11:07:19.439,414.0122608089835,9
2024-09-17 11:07:19.440,413.9902409959045,995
2024-09-17 11:07:19.457,413.98737964657545,103
2024-09-17 11:07:19.459,414.0134978372647,105
2024-09-17 11:07:19.465,413.9897071567338,100
2024-09-17 11:07:19.528,413.9828894906421,1002
2024-09-17 11:07:19.636,414.00427374891234,7
2024-09-17 11:07:19.713,413.98796197019146,14
2024-09-17 11:07:19.804,414.0341176745305,7
2024-09-17 11:07:19.843,413.9834028643392,15
2024-09-17 11:07:19.931,413.9926009175559,101
2024-09-17 11:07:19.992,41.40084836040032,103
2024-09-17 11:07:19.999,413.9963306160991,14
2024-09-17 11:07:20.108,413.96598896264095,1003
2024-09-17 11:07:20.182,413.98675815956966,10
2024-09-17 11:07:20.208,413.95572738094864,997
2024-09-17 11:07:20.271,413.99843921916647,105
2024-09-17 11:07:20.296,414.0196909697367,10
2024-09-17 11:07:20.331,413.994729405212,15
2024-09-17 11:07:20.505,413.97145557231175,995
2024-09-17 11:07:20.524,413.98888940599227,105
2024-09-17 11:07:20.537,413.9887760329146,100
2024-09-17 11:07:20.589,414.018836833136,5
2024-09-17 11:07:20.590,413.9650259861975,15
2024-09-17 11:07:20.628,414.0108717738783,5
2024-09-17 11:07:20.654,413.94817296610097,5
2024-09-17 11:07:20.677,413.9971844194641,104
2024-09-17 11:07:20.699,413.9567459047457,15
2024-09-17 11:07:20.751,413.97275285793,95
2024-09-17 11:07:20.772,413.99076745096806,1003
2024-09-17 11:07:20.791,414.0009689736442,998
2024-09-17 11:07:20.904,414.0148993855241,97
2024-09-17 11:07:21.056,414.006208602564,98
2024-09-17 11:07:21.065,413.9583359925642,12
2024-09-17 11:07:21.138,413.9684326443048,1002
2024-09-17 11:07:21.156,413.9683361887616,101
2024-09-17 11:07:21.250,414.0169670783907,100
2024-09-17 11:07:21.297,413.9898191802578,96
2024-09-17 11:07:21.315,413.9574534444479,103
2024-09-17 11:07:21.492,413.9529724084302,96
2024-09-17 11:07:21.527,413.9859731157818,1005
2024-09-17 11:07:21.710,414.009674216563,12
2024-09-17 11:07:21.733,413.96851708871657,102
2024-09-17 11:07:21.750,414.0118714259641,15
2024-09-17 11:07:21.783,413.9779523723085,1001
2024-09-17 11:07:21.830,413.94528200718594,1001
2024-09-17 11:07:21.836,413.9588664021072,8
2024-09-17 11:07:22.006,414.0339904534112,995
2024-09-17 11:07:22.045,414.0575428723223,15
2024-09-17 11:07:22.055,413.9586733999651,12
2024-09-17 11:07:22.097,414.05603693690256,103
2024-09-17 11:07:22.142,413.9963500339514,9
2024-09-17 11:07:22.144,414.06292120329954,102
2024-09-17 11:07:22.168,413.9528465105168,100
2024-09-17 11:07:22.210,413.9848989979399,98
2024-09-17 11:07:22.210,414.05438495686775,105
2024-09-17 11:07:22.239,414.005082315184,12
2024-09-17 11:07:22.266,414.0948773465773,99
2024-09-17 11:07:22.331,414.0518013262905,7
2024-09-17 11:07:22.394,413.9665339317483,7
2024-09-17 11:07:22.400,413.9438384067464,997
2024-09-17 11:07:22.403,414.07471204974576,999
2024-09-17 11:07:22.409,414.0422304360147,7
2024-09-17 11:07:22.414,414.0981525133151,7
2024-09-17 11:07:22.457,414.06490851955874,101
2024-09-17 11:07:22.485,414.08851482475217,97
2024-09-17 11:07:22.549,414.0674182367582,105
2024-09-17 11:07:22.554,413.9769729123455,997
2024-09-17 11:07:22.567,414.0824752459261,5
2024-09-17 11:07:22.649,414.05415684980574,102
2024-09-17 11:07:22.740,414.053242329988,997
2024-09-17 11:07:22.772,414.0778174436434,105
2024-09-17 11:07:22.918,413.9566070094724,1000
2024-09-17 11:07:22.999,414.08963894644,11
2024-09-17 11:07:22.999,414.0479392699868,999
2024-09-17 11:07:23.148,414.0409372153527,6
2024-09-17 11:07:23.264,414.0631864547206,8
2024-09-17 11:07:23.278,414.06688315224665,9
2024-09-17 11:07:23.366,414.0703590349855,1001
2024-09-17 11:07:23.435,414.0709764537976,995
2024-09-17 11:07:23.439,414.0427172879254,995
2024-09-17 11:07:23.507,414.07706418075423,100
2024-09-17 11:07:23.527,414.0603936943072,6
2024-09-17 11:07:23.620,414.0783315214629,99
2024-09-17 11:07:23.643,414.0288051800191,1003
2024-09-17 11:07:23.723,414.0573147646519,105
2024-09-17 11:07:23.739,414.03123568543646,996
2024-09-17 11:07:23.770,414.0179035981195,997
2024-09-17 11:07:23.795,414.08062320240674,1005
2024-09-17 11:07:23.810,414.0161705347478,100
2024-09-17 11:07:23.818,414.0642475465608,996
2024-09-17 11:07:23.870,414.0533235828397,101
2024-09-17 11:07:23.919,,1002
2024-09-17 11:07:24.016,414.1267394965328,996
2024-09-17 11:07:24.049,413.96510789888896,997
2024-09-17 11:07:24.052,414.0554476720153,999
2024-09-17 11:07:24.069,413.9689562664629,100
2024-09-17 11:07:24.112,413.9835506193535,995
2024-09-17 11:07:24.213,413.9647135194904,997
2024-09-17 11:07:24.295,413.9901739393723,10
2024-09-17 11:07:24.342,414.1326450039989,8
2024-09-17 11:07:24.352,413.9615184677493,98
2024-09-17 11:07:24.392,414.0264394994381,1000
2024-09-17 11:07:24.396,413.9657508634698,1000
2024-09-17 11:07:24.423,413.9722891418122,6
2024-09-17 11:07:24.485,413.996327555742,997
2024-09-17 11:07:24.492,414.146654642324,1005
2024-09-17 11:07:24.504,413.9624629923781,102
2024-09-17 11:07:24.514,413.9780065036416,97
2024-09-17 11:07:24.524,414.0134874439733,99
2024-09-17 11:07:24.560,413.9582182838863,102
2024-09-17 11:07:24.585,413.97544273596026,96
2024-09-17 11:07:24.618,414.09849639978336,104
2024-09-17 11:07:24.627,413.97933696862697,104
2024-09-17 11:07:24.662,414.0608720504401,13
2024-09-17 11:07:24.691,413.9674871953982,104
2024-09-17 11:07:24.735,414.0724136551816,995
2024-09-17 11:07:24.802,413.96166583826846,103
2024-09-17 11:07:24.916,414.1642112485464,13
2024-09-17 11:07:24.922,413.96279913060175,1002
2024-09-17 11:07:24.990,413.9884218325613,14
2024-09-17 11:07:24.995,414.1519513307226,995
2024-09-17 11:07:25.004,414.1401882793288,1001
2024-09-17 11:07:25.049,414.1116348118548,103
2024-09-17 11:07:25.265,414.1046363918519,998
2024-09-17 11:07:25.294,414.1341804565141,102
2024-09-17 11:07:25.368,414.1352945359485,14
2024-09-17 11:07:25.468,414.114971758844,1000
2024-09-17 11:07:25.474,414.1632802548983,999
2024-09-17 11:07:25.609,414.1340797246549,5
2024-09-17 11:07:25.644,414.10691221365454,998
2024-09-17 11:07:25.692,414.1254792839456,99
2024-09-17 11:07:25.707,414.1398409190306,6
2024-09-17 11:07:25.740,414.136896030871,6
2024-09-17 11:07:25.762,414.1482098218446,997
2024-09-17 11:07:25.787,414.1624478764904,1000
2024-09-17 11:07:25.803,414.1032992763264,97
2024-09-17 11:07:25.828,414.1154253416653,102
2024-09-17 11:07:25.834,414.1241847018805,99
2024-09-17 11:07:26.335,414.11293040133467,1004
2024-09-17 11:07:26.537,414.1154582457029,1002
2024-09-17 11:07:26.909,414.1229189197422,14
2024-09-17 11:07:27.017,414.0944767683962,100
2024-09-17 11:07:27.044,414.0807283020216,10
2024-09-17 11:07:27.076,414.09473528504935,103
2024-09-17 11:07:27.076,414.0828544805215,14
2024-09-17 11:07:27.081,414.1094642263568,999
2024-09-17 11:07:27.170,414.1035465423262,101
2024-09-17 11:07:27.207,414.1141273522129,100
2024-09-17 11:07:27.238,414.0991831390023,95
2024-09-17 11:07:27.274,414.1095838447952,95
2024-09-17 11:07:27.490,414.09622904815575,997
2024-09-17 11:07:27.499,414.0929161065738,1002
2024-09-17 11:07:27.531,414.0925160917666,98
2024-09-17 11:07:27.703,414.0872061673679,997
2024-09-17 11:07:27.801,414.0708467873658,105
2024-09-17 11:07:28.203,414.1241844296152,8
2024-09-17 11:07:28.472,414.1245392629111,11
2024-09-17 11:07:28.866,414.1164516335012,6
2024-09-17 11:07:29.147,414.1284022506172,996
2024-09-17 11:07:29.158,414.1371530460842,997
2024-09-17 11:07:29.618,414.12684054363547,1002
2024-09-17 11:07:29.692,414.1298705945422,103
2024-09-17 11:07:29.895,414.1190251990538,996
2024-09-17 11:07:30.138,414.142279643134,12
2024-09-17 11:07:30.614,414.1469066526052,9
2024-09-17 11:07:31.008,414.0888042659101,97
2024-09-17 11:07:31.065,414.08064666910894,100
2024-09-17 11:07:31.137,414.1427724396031,97
2024-09-17 11:07:31.166,414.1437161870902,1000
2024-09-17 11:07:31.202,414.0732781041936,102
2024-09-17 11:07:31.309,414.1591658218192,96
2024-09-17 11:07:31.594,414.0819822954642,14
2024-09-17 11:07:31.666,414.066157857984,99
2024-09-17 11:07:31.688,414.1814796332937,1004
2024-09-17 11:07:31.705,414.12558196464425,98
2024-09-17 11:07:31.851,414.1796792122852,1005
2024-09-17 11:07:31.878,414.0649777179925,5
2024-09-17 11:07:31.902,414.06758861638514,996
2024-09-17 11:07:31.956,414.155658296168,1001
2024-09-17 11:07:31.981,414.0619607233899,95
2024-09-17 11:07:31.984,414.1065267684687,996
2024-09-17 11:07:32.114,414.10104952104,5
2024-09-17 11:07:32.208,414.1075043952363,15
2024-09-17 11:07:32.208,414.09829436458426,98
2024-09-17 11:07:32.287,414.1000138872496,101
2024-09-17 11:07:32.319,414.0431851131113,998
2024-09-17 11:07:32.363,414.10224908258,11
2024-09-17 11:07:32.566,414.0854010028531,96
2024-09-17 11:07:32.616,414.0905639892412,999
2024-09-17 11:07:32.691,414.1114879956895,105
2024-09-17 11:07:32.802,414.0942725832652,7
2024-09-17 11:07:32.810,414.08702581927713,10
2024-09-17 11:07:32.862,414.1012995165936,12
2024-09-17 11:07:32.909,,97
2024-09-17 11:07:32.975,414.0838731999537,11
2024-09-17 11:07:33.012,414.10444595542566,10
2024-09-17 11:07:33.050,414.088751380506,14
2024-09-17 11:07:33.130,414.09897594961257,996
2024-09-17 11:07:33.316,414.0963352576822,5
2024-09-17 11:07:33.436,414.1066839117984,997
2024-09-17 11:07:33.519,414.1001853404642,103
2024-09-17 11:07:34.022,414.11914306632656,1004
2024-09-17 11:07:34.063,414.1017096126647,998
2024-09-17 11:07:34.072,414.09321134862586,1004
2024-09-17 11:07:34.075,414.096043660494,1002
2024-09-17 11:07:34.126,414.095264428944,101
2024-09-17 11:07:34.142,414.09916707509535,15
2024-09-17 11:07:34.207,414.1158040819432,10
2024-09-17 11:07:34.322,414.08979223453616,1005
2024-09-17 11:07:34.378,414.1720858599367,10
2024-09-17 11:07:34.511,414.1195997328748,95
2024-09-17 11:07:34.525,414.10553134514817,1001
2024-09-17 11:07:34.600,414.0937523889775,105
2024-09-17 11:07:34.637,414.1499902359608,97
2024-09-17 11:07:34.756,414.0815490256352,95
2024-09-17 11:07:34.767,414.0936416385782,102
2024-09-17 11:07:34.884,414.0922497240768,10
2024-09-17 11:07:34.982,414.09863134737645,12
2024-09-17 11:07:35.032,414.1520339672027,8
2024-09-17 11:07:35.093,414.16496455322,1000
2024-09-17 11:07:35.093,414.1464747568456,1005
2024-09-17 11:07:35.163,414.1015638654965,101
2024-09-17 11:07:35.164,414.1388529477922,1001
2024-09-17 11:07:35.262,414.08977555726864,105
2024-09-17 11:07:35.362,414.1375937815196,15
2024-09-17 11:07:35.375,414.100844333428,101
2024-09-17 11:07:35.382,414.1239654356188,1003
2024-09-17 11:07:35.417,414.1330211943853,1005
2024-09-17 11:07:35.420,414.1202617463744,10
2024-09-17 11:07:35.430,414.1566756232394,99
2024-09-17 11:07:35.432,414.0822643864093,996
2024-09-17 11:07:35.451,414.1593685280312,96
2024-09-17 11:07:35.465,414.1278608408944,995
2024-09-17 11:07:35.538,414.1761523235311,97
2024-09-17 11:07:35.674,414.0856848073468,103
2024-09-17 11:07:35.676,414.0845070052546,13
2024-09-17 11:07:35.782,414.14709378813006,1005
2024-09-17 11:07:35.793,414.14320920902793,1005
2024-09-17 11:07:35.843,414.1474466029569,96
2024-09-17 11:07:35.858,414.1065472303364,10
2024-09-17 11:07:35.987,414.12479170902367,12
2024-09-17 11:07:36.020,414.1312055079633,995
2024-09-17 11:07:36.188,414.13851708587686,1005
2024-09-17 11:07:36.193,414.1168364602288,5
2024-09-17 11:07:36.222,414.14096185455287,14
2024-09-17 11:07:36.271,414.11076590568206,104
2024-09-17 11:07:36.338,414.115791506513,97
2024-09-17 11:07:36.349,414.0975170946082,102
2024-09-17 11:07:36.355,414.11787806605423,9
2024-09-17 11:07:36.373,414.10764514581416,996
2024-09-17 11:07:36.391,414.1040557165608,12
2024-09-17 11:07:36.420,414.1282319744197,997
2024-09-17 11:07:36.453,414.1237530669883,1003
2024-09-17 11:07:36.490,414.1097157501581,1000
2024-09-17 11:07:36.494,414.1417724210622,999
2024-09-17 11:07:36.555,414.1415759272322,13
2024-09-17 11:07:36.583,414.1062114183292,8
2024-09-17 11:07:36.591,414.12027110358633,1004
2024-09-17 11:07:36.879,414.13433272188325,97
2024-09-17 11:07:36.890,414.101732333662,1004
2024-09-17 11:07:36.900,414.1054895824327,101
2024-09-17 11:07:36.902,414.13419482253227,1004
2024-09-17 11:07:36.971,414.0894724742767,14
2024-09-17 11:07:37.264,414.0723286602642,12
2024-09-17 11:07:37.981,414.10123079585776,1000
2024-09-17 11:07:38.060,414.0595406564492,8
2024-09-17 11:07:38.110,414.0611417574466,8
2024-09-17 11:07:38.288,414.0663658268156,995
2024-09-17 11:07:38.310,414.0632200135661,998
2024-09-17 11:07:38.393,414.0754442856157,15
2024-09-17 11:07:39.027,414.0450260668559,999
2024-09-17 11:07:39.058,414.0651792028192,1004
2024-09-17 11:07:39.156,414.0267062229054,1000
2024-09-17 11:07:39.249,414.0607679277293,997
2024-09-17 11:07:39.322,414.059107707657,1001
2024-09-17 11:07:39.369,414.0005819396528,100
2024-09-17 11:07:39.420,414.0640079889282,10
2024-09-17 11:07:39.531,414.0566406027375,997
2024-09-17 11:07:39.654,413.9957738943265,101
2024-09-17 11:07:39.701,414.0147483525857,101
2024-09-17 11:07:39.710,-41.4010011325175,101
2024-09-17 11:07:39.726,414.0069940066836,995
2024-09-17 11:07:39.729,413.9880244589825,8
2024-09-17 11:07:39.802,413.9855073044261,1003
2024-09-17 11:07:39.805,413.9946154721339,97
2024-09-17 11:07:39.829,414.03914962827713,1005
2024-09-17 11:07:39.831,414.0302357586909,1004
2024-09-17 11:07:39.887,413.9924994844649,5
2024-09-17 11:07:39.892,414.010847762577,102
2024-09-17 11:07:39.928,414.01388035914346,102
2024-09-17 11:07:39.974,413.9957362197864,102
2024-09-17 11:07:40.023,414.0071271806809,8
2024-09-17 11:07:40.034,413.9473742018056,11
2024-09-17 11:07:40.061,413.9801119589903,1005
2024-09-17 11:07:40.082,413.995478626088,5
2024-09-17 11:07:40.221,413.9982566326777,999
2024-09-17 11:07:40.281,413.9942532523105,98
2024-09-17 11:07:40.286,413.9442808129485,96
2024-09-17 11:07:40.294,413.98595628733153,997
2024-09-17 11:07:40.360,413.958052446972,15
2024-09-17 11:07:40.406,414.0066093165627,11
2024-09-17 11:07:40.407,414.0090563467149,10
2024-09-17 11:07:40.445,414.0111586247608,995
2024-09-17 11:07:40.451,413.9670862559983,97
2024-09-17 11:07:40.468,414.0269414473562,11
2024-09-17 11:07:40.470,414.0029117286059,100
2024-09-17 11:07:40.475,413.9719667196998,11
2024-09-17 11:07:40.525,414.00376106279225,1005
2024-09-17 11:07:40.550,414.00169056528335,14
2024-09-17 11:07:40.644,413.9930069594501,15
2024-09-17 11:07:40.684,414.0110622074786,9
2024-09-17 11:07:40.718,414.0159304411327,99
2024-09-17 11:07:40.794,413.99368293318986,105
2024-09-17 11:07:40.899,413.9649636546434,15
2024-09-17 11:07:40.927,414.0147637699673,995
2024-09-17 11:07:40.966,414.01758587380726,96
2024-09-17 11:07:41.017,413.9555824820417,100
2024-09-17 11:07:41.029,413.93850351387886,999
2024-09-17 11:07:41.051,413.94480819769126,1000
2024-09-17 11:07:41.112,413.94169924447954,10
2024-09-17 11:07:41.113,413.9449070739941,99
2024-09-17 11:07:41.121,413.9155004219099,11
2024-09-17 11:07:41.137,413.9535866919735,7
2024-09-17 11:07:41.175,413.945210365084,99
2024-09-17 11:07:41.223,413.9657770726313,11
2024-09-17 11:07:41.229,413.9521593957141,996
2024-09-17 11:07:41.234,413.92832438004,1000
2024-09-17 11:07:41.239,413.9429866169,1004
2024-09-17 11:07:41.264,413.9767113627758,104
2024-09-17 11:07:41.468,413.9558524455961,105
2024-09-17 11:07:41.490,413.932701588072,995
2024-09-17 11:07:41.511,413.9317330489833,103
2024-09-17 11:07:41.734,413.9783256542014,102
2024-09-17 11:07:41.801,413.90437805070457,14
2024-09-17 11:07:41.805,413.9255707958809,101
2024-09-17 11:07:41.816,413.9564100879836,102
2024-09-17 11:07:41.817,413.9484729477009,12
2024-09-17 11:07:41.839,413.940715155009,98
2024-09-17 11:07:41.853,413.93682038153815,5
2024-09-17 11:07:41.868,413.9409043408758,999
2024-09-17 11:07:41.880,413.96365965491776,997
2024-09-17 11:07:41.885,413.92524503930514,1003
2024-09-17 11:07:41.903,413.9177947106776,98
2024-09-17 11:07:41.921,413.94129608288296,12
2024-09-17 11:07:41.983,413.9602965161299,6
2024-09-17 11:07:42.044,413.8969272996338,96
2024-09-17 11:07:42.092,413.9202322819368,1001
2024-09-17 11:07:42.108,413.9316373997099,105
2024-09-17 11:07:42.142,413.93943225836574,10
2024-09-17 11:07:42.154,413.9007634768869,996
2024-09-17 11:07:42.177,413.9407896077327,1002
2024-09-17 11:07:42.179,413.9089453735514,105
2024-09-17 11:07:42.261,413.8715821093698,97
2024-09-17 11:07:42.294,413.94394941301925,995
2024-09-17 11:07:42.417,413.8794252607825,1002
2024-09-17 11:07:42.498,413.9505780496948,102
2024-09-17 11:07:42.504,413.897782639042,100
2024-09-17 11:07:42.553,413.9191353237002,8
2024-09-17 11:07:42.589,413.92993497393104,104
2024-09-17 11:07:42.612,413.9044617991096,1005
2024-09-17 11:07:42.681,413.94252239169776,997
2024-09-17 11:07:42.721,413.9133018256001,12
2024-09-17 11:07:42.801,413.9128491840347,1002
2024-09-17 11:07:42.804,413.8994623366948,998
2024-09-17 11:07:43.008,413.9755287440664,95
2024-09-17 11:07:43.020,413.9276816369646,15
2024-09-17 11:07:43.084,413.939020786627,97
2024-09-17 11:07:43.113,413.90631590556114,15
2024-09-17 11:07:43.142,413.90534238809823,96
2024-09-17 11:07:43.213,413.9537636430496,105
2024-09-17 11:07:43.230,413.9639572356934,1002
2024-09-17 11:07:43.257,413.88671916788746,1000
2024-09-17 11:07:43.346,413.9577813085269,999
2024-09-17 11:07:43.358,413.9609952647529,996
2024-09-17 11:07:43.394,413.88679630586,15
2024-09-17 11:07:43.394,413.8873964775008,98
2024-09-17 11:07:43.545,413.88240935478274,997
2024-09-17 11:07:43.567,413.9288256448325,15
2024-09-17 11:07:43.584,413.9552674408258,997
2024-09-17 11:07:43.630,-413.8940068015216,14
2024-09-17 11:07:43.652,413.92817683037936,102
2024-09-17 11:07:43.667,413.94750551146063,998
2024-09-17 11:07:43.689,413.8811797631175,1005
2024-09-17 11:07:43.747,413.9321588997841,12
2024-09-17 11:07:43.753,413.9187311073166,103
2024-09-17 11:07:43.771,413.9323953037954,1001
2024-09-17 11:07:43.830,413.9408508006994,5
2024-09-17 11:07:43.860,413.94800785486393,101
2024-09-17 11:07:43.879,413.8990902656476,5
2024-09-17 11:07:43.898,413.9508457519443,1005
2024-09-17 11:07:43.906,413.8950092396843,12
2024-09-17 11:07:43.925,413.9224075403716,12
2024-09-17 11:07:44.012,413.9886983313203,103
2024-09-17 11:07:44.060,413.963197560496,100
2024-09-17 11:07:44.077,,998
2024-09-17 11:07:44.141,413.9132092060009,999
2024-09-17 11:07:44.150,413.89551769581806,1002
2024-09-17 11:07:44.194,413.91097563188,13
2024-09-17 11:07:44.240,413.96106430333936,12
2024-09-17 11:07:44.251,413.95140647037823,998
2024-09-17 11:07:44.374,413.9404401431692,999
2024-09-17 11:07:44.385,413.91737694258825,11
2024-09-17 11:07:44.499,413.8889285245518,97
2024-09-17 11:07:44.502,413.9715142362261,1004
2024-09-17 11:07:44.603,413.9202083459344,1001
2024-09-17 11:07:44.720,413.9381543478997,13
2024-09-17 11:07:44.729,413.97295751927663,999
2024-09-17 11:07:44.795,413.89802068270376,10
2024-09-17 11:07:44.800,413.9148636230069,103
2024-09-17 11:07:44.807,413.97190720825085,1005
2024-09-17 11:07:44.816,413.889563376893,1002
2024-09-17 11:07:44.836,413.970177195915,13
2024-09-17 11:07:44.845,413.9690108196921,101
2024-09-17 11:07:44.906,413.91695787760887,99
2024-09-17 11:07:44.960,413.98678809139136,13
2024-09-17 11:07:45.128,41.39045140676751,1004
2024-09-17 11:07:45.189,413.9262546126014,102
2024-09-17 11:07:45.197,413.9277516143048,995
2024-09-17 11:07:45.212,413.91665330107736,100
2024-09-17 11:07:45.277,413.91058451828906,15
2024-09-17 11:07:45.313,413.8851859346763,98
2024-09-17 11:07:45.444,413.9159527975625,95
2024-09-17 11:07:45.502,413.9127197257656,1001
2024-09-17 11:07:45.596,413.9361865022565,103
2024-09-17 11:07:45.634,413.9047300546623,8
2024-09-17 11:07:45.662,413.91130859295015,6
2024-09-17 11:07:45.857,413.95158609506,9
2024-09-17 11:07:45.861,413.9192209857983,8
2024-09-17 11:07:45.869,413.917609773338,1000
2024-09-17 11:07:46.111,413.9572594208786,7
2024-09-17 11:07:46.167,413.92544594200655,104
2024-09-17 11:07:46.169,413.94243712580055,12
2024-09-17 11:07:46.191,413.934498943405,101
2024-09-17 11:07:46.197,413.9475671841993,15
2024-09-17 11:07:46.257,413.9218390252546,102
2024-09-17 11:07:46.259,413.9577266408842,998
2024-09-17 11:07:46.291,413.8816338114175,12
2024-09-17 11:07:46.304,413.9284672673588,103
2024-09-17 11:07:46.463,413.9636899621728,102
2024-09-17 11:07:46.490,413.8914183976885,996
2024-09-17 11:07:46.513,413.93939238138455,15
2024-09-17 11:07:46.523,413.8971266347172,95
2024-09-17 11:07:46.550,413.9286554939657,995
2024-09-17 11:07:46.557,413.9410445710007,998
2024-09-17 11:07:46.563,413.953789954509,7
2024-09-17 11:07:46.628,413.88985327563626,105
2024-09-17 11:07:46.651,413.963435039413,12
2024-09-17 11:07:46.713,413.8913482078053,10
2024-09-17 11:07:46.731,413.9039196292878,7
2024-09-17 11:07:46.786,413.9634033417889,14
2024-09-17 11:07:46.800,413.911494321998,999
2024-09-17 11:07:46.806,413.91415720753713,102
2024-09-17 11:07:46.820,413.9577792191073,11
2024-09-17 11:07:46.970,413.9025646936853,1000
2024-09-17 11:07:46.982,413.9280837158726,1005
2024-09-17 11:07:47.051,413.9083787120634,13
2024-09-17 11:07:47.054,413.9102345451622,96
2024-09-17 11:07:47.106,413.9046676668221,104
2024-09-17 11:07:47.165,413.9062624279047,95
2024-09-17 11:07:47.271,413.9031612397461,11
2024-09-17 11:07:47.319,413.9306808044347,998
2024-09-17 11:07:47.508,413.93090219758807,995
2024-09-17 11:07:47.647,413.9060769253024,1001
2024-09-17 11:07:47.679,413.9521993139856,8
2024-09-17 11:07:47.924,413.9061040041018,105
2024-09-17 11:07:47.967,413.94793152561215,104
2024-09-17 11:07:48.127,413.92512905025495,99
2024-09-17 11:07:48.502,413.9327778832168,999
2024-09-17 11:07:48.734,413.9449543438047,105
2024-09-17 11:07:48.851,413.9421826652591,104
2024-09-17 11:07:49.015,413.9175560114934,1003
2024-09-17 11:07:49.055,413.9292755934677,97
2024-09-17 11:07:49.094,413.9304260440951,104
2024-09-17 11:07:49.252,413.932266290522,9
2024-09-17 11:07:49.567,413.9324492331211,995
2024-09-17 11:07:49.999,413.9244440524644,12
2024-09-17 11:07:50.007,413.9451324575173,1002
2024-09-17 11:07:50.033,41.39076210391729,11
2024-09-17 11:07:50.140,413.9402339817195,102
2024-09-17 11:07:50.208,413.9196059104413,105
2024-09-17 11:07:50.299,413.9066421730552,9
2024-09-17 11:07:50.388,413.9264694380337,95
2024-09-17 11:07:50.421,413.92503670913,7
2024-09-17 11:07:50.481,413.9045471470271,97
2024-09-17 11:07:50.527,413.9283484130876,5
2024-09-17 11:07:50.567,413.9296810595295,14
2024-09-17 11:07:50.620,413.9155131652421,5
2024-09-17 11:07:50.650,413.914318410982,6
2024-09-17 11:07:50.665,413.9406626815564,5
2024-09-17 11:07:50.686,413.9157219188138,997
2024-09-17 11:07:50.704,413.94673348905394,996
2024-09-17 11:07:50.711,413.9270862346401,1000
2024-09-17 11:07:50.752,413.9057991148008,5
2024-09-17 11:07:50.871,413.9217765936291,102
2024-09-17 11:07:50.928,413.9170518063813,96
2024-09-17 11:07:50.967,413.9363286033126,13
2024-09-17 11:07:50.970,413.9152762828935,13
2024-09-17 11:07:51.036,413.87507278478455,102
2024-09-17 11:07:51.066,413.9008923035712,101
2024-09-17 11:07:51.080,413.913187588295,96
2024-09-17 11:07:51.175,413.9294576529821,96
2024-09-17 11:07:51.192,413.9211820251241,1004
2024-09-17 11:07:51.232,413.91974103531663,1000
2024-09-17 11:07:51.246,413.9213347326424,11
2024-09-17 11:07:51.260,413.91908298521776,104
2024-09-17 11:07:51.265,413.921383234854,102
2024-09-17 11:07:51.321,413.8687178644476,103
2024-09-17 11:07:51.366,413.9231782431432,98
2024-09-17 11:07:51.432,413.9225870467046,996
2024-09-17 11:07:51.508,413.8733071287627,5
2024-09-17 11:07:51.515,413.9243370246658,1004
2024-09-17 11:07:51.530,413.9030282709416,104
2024-09-17 11:07:51.546,413.8836380632711,98
2024-09-17 11:07:51.661,413.93634020971024,10
2024-09-17 11:07:51.704,413.9266338552823,1004
2024-09-17 11:07:51.791,413.909131915109,6
2024-09-17 11:07:51.854,413.8813024416045,96
2024-09-17 11:07:51.892,413.8657620433039,103
2024-09-17 11:07:51.914,413.9271721323355,1004
2024-09-17 11:07:51.916,413.9180540391389,104
2024-09-17 11:07:51.920,413.9220947342311,8
2024-09-17 11:07:51.941,413.905111738916,995
2024-09-17 11:07:51.956,413.8622371219758,1002
2024-09-17 11:07:52.003,413.98016933168486,996
2024-09-17 11:07:52.162,413.96636757915473,99
2024-09-17 11:07:52.178,413.9498737531589,103
2024-09-17 11:07:52.188,413.9684152291571,100
2024-09-17 11:07:52.204,413.9663638276513,98
2024-09-17 11:07:52.268,413.9708618091666,95
2024-09-17 11:07:52.311,413.95042964647655,103
2024-09-17 11:07:52.467,413.9643886045387,96
2024-09-17 11:07:52.607,413.9630055753186,999
2024-09-17 11:07:52.610,413.9748979514689,15
2024-09-17 11:07:52.703,413.95624584938497,1001
2024-09-17 11:07:52.709,413.9812146583304,1001
2024-09-17 11:07:52.724,413.9601928662696,1003
2024-09-17 11:07:52.904,413.94985952877664,1002
2024-09-17 11:07:53.179,413.9745050327576,1003
2024-09-17 11:07:53.476,413.9738251533323,7
2024-09-17 11:07:53.607,413.9598289609794,11
2024-09-17 11:07:53.853,413.9646502031328,7
2024-09-17 11:07:53.861,413.957023738197,105
2024-09-17 11:07:54.265,413.96082336093696,6
2024-09-17 11:07:54.281,413.9587462350967,1000
2024-09-17 11:07:54.316,413.96452719780814,7
2024-09-17 11:07:54.505,413.9511105653713,96
2024-09-17 11:07:54.591,413.9246907400011,997
2024-09-17 11:07:54.602,413.9153369768295,1001
2024-09-17 11:07:54.657,413.9637687110464,98
2024-09-17 11:07:54.674,413.9361013744164,12
2024-09-17 11:07:54.915,413.97341479497936,95
2024-09-17 11:07:54.932,413.9008663560359,99
2024-09-17 11:07:54.985,413.9453603799037,11
2024-09-17 11:07:55.003,413.9414039803349,995
2024-09-17 11:07:55.104,413.9714736329747,14
2024-09-17 11:07:55.144,413.9242621011406,998
2024-09-17 11:07:55.145,413.8866593798816,1001
2024-09-17 11:07:55.177,413.95487607890345,11
2024-09-17 11:07:55.202,413.9551602705164,998
2024-09-17 11:07:55.222,413.9479204763271,9
2024-09-17 11:07:55.231,413.9206230228523,995
2024-09-17 11:07:55.263,413.892361791032,1005
2024-09-17 11:07:55.348,413.9097762286918,7
2024-09-17 11:07:55.414,413.9539978987412,1001
2024-09-17 11:07:55.422,413.9393068628477,13
2024-09-17 11:07:55.474,413.9075839524536,12
2024-09-17 11:07:55.505,413.9458345290451,96
2024-09-17 11:07:55.579,413.9341280045849,996
2024-09-17 11:07:55.592,413.9425609695791,1003
2024-09-17 11:07:55.672,413.9072121088989,8
2024-09-17 11:07:55.696,413.9064235375679,97
2024-09-17 11:07:55.699,413.8978878546193,995
2024-09-17 11:07:55.786,413.9210107846387,1003
2024-09-17 11:07:55.799,413.91869464057567,96
2024-09-17 11:07:55.802,413.949252913901,1002
2024-09-17 11:07:55.875,413.891490145049,9
2024-09-17 11:07:55.973,413.9337163054095,7
2024-09-17 11:07:56.008,413.9189693760276,1003
2024-09-17 11:07:56.735,413.9281617052573,1004
2024-09-17 11:07:57.025,413.975491564518,995
2024-09-17 11:07:57.028,413.98246167908985,103
2024-09-17 11:07:57.076,413.935335166454,99
2024-09-17 11:07:57.106,413.98271435742384,11
2024-09-17 11:07:57.110,413.9507114042692,6
2024-09-17 11:07:57.134,413.9348687163749,6
2024-09-17 11:07:57.138,413.9807879096066,13
2024-09-17 11:07:57.143,413.9749260244368,1000
2024-09-17 11:07:57.236,413.9758189458496,95
2024-09-17 11:07:57.330,413.947836501419,995
2024-09-17 11:07:57.370,413.9511216809364,12
2024-09-17 11:07:57.392,413.97184352223246,998
2024-09-17 11:07:57.412,413.99685286292527,1001
2024-09-17 11:07:57.456,413.9844660824602,98
2024-09-17 11:07:57.523,413.9739622478908,999
2024-09-17 11:07:57.679,413.96562223519015,5
2024-09-17 11:07:57.743,413.9909127213618,12
2024-09-17 11:07:57.747,413.95003249994255,996
2024-09-17 11:07:57.779,413.9488011446904,13
2024-09-17 11:07:57.822,413.9519734751446,105
2024-09-17 11:07:57.834,413.9546290212784,103
2024-09-17 11:07:57.883,413.9788143458237,96
2024-09-17 11:07:57.887,413.9574120049594,1005
2024-09-17 11:07:57.894,413.9620994759978,1001
2024-09-17 11:07:57.913,413.9423441427104,14
2024-09-17 11:07:58.021,413.9732988916638,1001
2024-09-17 11:07:58.124,413.9920223441991,13
2024-09-17 11:07:58.126,413.9863415716157,6
2024-09-17 11:07:58.147,413.96662962516393,11
2024-09-17 11:07:58.179,413.9677324359876,997
2024-09-17 11:07:58.189,413.9726549644986,1000
2024-09-17 11:07:58.323,413.963207903543,10
2024-09-17 11:07:58.356,413.999904013754,1003
2024-09-17 11:07:58.383,413.9521784891805,1005
2024-09-17 11:07:58.445,413.96368469935067,1000
2024-09-17 11:07:58.457,413.9866250756705,1003
2024-09-17 11:07:58.495,413.9869466216435,7
2024-09-17 11:07:58.582,413.95069948930205,15
2024-09-17 11:07:58.599,413.9743550329918,101
2024-09-17 11:07:58.615,413.9808508639854,1005
2024-09-17 11:07:58.686,413.9813191898536,995
2024-09-17 11:07:58.769,413.9713277955456,97
2024-09-17 11:07:58.776,413.9540450750446,1001
2024-09-17 11:07:58.901,413.959441217412,14
2024-09-17 11:07:58.940,413.9962350489935,7
2024-09-17 11:07:58.958,413.9745044491757,102
2024-09-17 11:07:58.988,413.9881305779713,997
2024-09-17 11:07:59.001,414.0046394606254,102
2024-09-17 11:07:59.057,414.01228066039664,98
2024-09-17 11:07:59.092,413.99392869826096,997
2024-09-17 11:07:59.280,414.0040195611219,999
2024-09-17 11:07:59.368,414.0139738732054,6
2024-09-17 11:07:59.464,414.0088175910249,7
2024-09-17 11:07:59.478,413.9991204816948,997
2024-09-17 11:07:59.524,414.01051561422383,998
2024-09-17 11:07:59.592,414.0137791872712,998
2024-09-17 11:07:59.723,414.0122046661367,999
2024-09-17 11:07:59.747,414.0041218991279,13
2024-09-17 11:07:59.899,413.9983069232457,105
