Timestamp,Price,Size
2024-09-20 13:22:00.021,429.39776531609,1004
2024-09-20 13:22:00.030,429.3910437559418,998
2024-09-20 13:22:00.082,429.39072621797135,1000
2024-09-20 13:22:00.334,429.4083191148496,96
2024-09-20 13:22:00.451,429.3979187375641,5
2024-09-20 13:22:00.615,429.409868161676,95
2024-09-20 13:22:00.654,429.4152009785431,96
2024-09-20 13:22:00.658,429.3974548551219,1005
2024-09-20 13:22:00.741,429.4054221866026,98
2024-09-20 13:22:00.980,429.4048797296923,9
2024-09-20 13:22:00.995,429.410852324859,105
2024-09-20 13:22:01.044,429.4519987447378,5
2024-09-20 13:22:01.080,429.44461837975007,104
2024-09-20 13:22:01.129,429.4310831346141,6
2024-09-20 13:22:01.358,429.43601621554814,5
2024-09-20 13:22:01.395,429.4225642193947,105
2024-09-20 13:22:01.427,429.4250936485202,1003
2024-09-20 13:22:01.452,429.4164439456541,1002
2024-09-20 13:22:01.501,429.4337309917508,104
2024-09-20 13:22:01.510,429.4303593551264,9
2024-09-20 13:22:01.567,429.397528210485,95
2024-09-20 13:22:01.689,429.401627680969,95
2024-09-20 13:22:01.823,429.4370377854247,995
2024-09-20 13:22:02.009,-42.94448473707183,999
2024-09-20 13:22:02.137,429.4248921163607,996
2024-09-20 13:22:02.142,429.465486518066,997
2024-09-20 13:22:02.165,429.444553923663,104
2024-09-20 13:22:02.202,429.4469463929264,99
2024-09-20 13:22:02.338,429.445835842542,101
2024-09-20 13:22:02.499,429.43615043197417,105
2024-09-20 13:22:02.645,429.45356791217233,102
2024-09-20 13:22:02.667,429.47359999976936,98
2024-09-20 13:22:02.842,429.4643438815684,8
2024-09-20 13:22:02.864,429.4624307689648,15
2024-09-20 13:22:02.916,429.4470696378968,6
2024-09-20 13:22:02.919,429.4386361913757,1004
2024-09-20 13:22:02.924,429.4563146958825,997
2024-09-20 13:22:02.989,429.4510606847333,998
2024-09-20 13:22:03.300,429.4679039997605,1001
2024-09-20 13:22:03.334,429.431044255687,1002
2024-09-20 13:22:03.559,429.4674267813239,11
2024-09-20 13:22:03.599,429.4455883268003,996
2024-09-20 13:22:04.349,429.4198296047792,1001
2024-09-20 13:22:04.358,429.4332115126335,15
2024-09-20 13:22:04.404,429.4116818273045,1000
2024-09-20 13:22:04.422,429.3586602261914,100
2024-09-20 13:22:04.456,429.4184772955927,1003
2024-09-20 13:22:04.752,429.38800591271024,98
2024-09-20 13:22:04.812,429.3813876845032,105
2024-09-20 13:22:04.840,429.3763566457216,95
2024-09-20 13:22:04.950,429.3514159385754,998
2024-09-20 13:22:04.959,429.3849175589819,999
2024-09-20 13:22:04.965,429.35958520497377,7
2024-09-20 13:22:05.040,429.3193601875704,7
2024-09-20 13:22:05.052,429.3458137762528,1005
2024-09-20 13:22:05.076,429.33050757373417,997
2024-09-20 13:22:05.136,429.3181809345276,15
2024-09-20 13:22:05.261,429.3277766777724,13
2024-09-20 13:22:05.277,429.3477205805341,100
2024-09-20 13:22:05.277,429.3527207429063,1002
2024-09-20 13:22:05.317,429.322872208812,10
2024-09-20 13:22:05.427,429.32575818945617,95
2024-09-20 13:22:05.512,429.32556959423954,14
2024-09-20 13:22:05.852,429.3155889852907,5
2024-09-20 13:22:05.918,429.3181745503975,102
2024-09-20 13:22:05.943,429.3289516477078,1004
2024-09-20 13:22:05.973,429.3185533461212,1004
2024-09-20 13:22:06.020,429.3217017605103,996
2024-09-20 13:22:06.099,429.3031052162171,1003
2024-09-20 13:22:06.109,429.3002482004556,99
2024-09-20 13:22:06.145,429.2853941180138,97
2024-09-20 13:22:06.149,429.3334873667082,99
2024-09-20 13:22:06.161,429.3094033312303,1000
2024-09-20 13:22:06.181,429.3254506903425,996
2024-09-20 13:22:06.246,429.3122196456114,11
2024-09-20 13:22:06.303,429.32538499190576,1005
2024-09-20 13:22:06.319,429.3279830124206,103
2024-09-20 13:22:06.357,429.340943384141,104
2024-09-20 13:22:06.362,429.3132083237992,9
2024-09-20 13:22:06.399,429.326913326831,103
2024-09-20 13:22:06.435,429.3291914553087,997
2024-09-20 13:22:06.461,429.3298467187344,1002
2024-09-20 13:22:06.467,429.30644510351306,1002
2024-09-20 13:22:06.495,429.2861131422536,96
2024-09-20 13:22:06.528,429.3350199640016,1002
2024-09-20 13:22:06.531,429.3046624845513,100
2024-09-20 13:22:06.631,429.2991866066412,1004
2024-09-20 13:22:06.649,429.290109738454,103
2024-09-20 13:22:06.670,429.3459586868339,1005
2024-09-20 13:22:06.674,429.323515225847,14
2024-09-20 13:22:06.733,429.30085478458,102
2024-09-20 13:22:06.792,429.333555059286,97
2024-09-20 13:22:06.805,429.276395030011,6
2024-09-20 13:22:06.811,429.34154700218215,98
2024-09-20 13:22:06.881,429.2875217083388,13
2024-09-20 13:22:06.981,429.2994259912212,15
2024-09-20 13:22:07.009,429.30382847473936,5
2024-09-20 13:22:07.024,429.3309633198544,1002
2024-09-20 13:22:07.050,429.32525482873206,101
2024-09-20 13:22:07.083,429.3340885835506,103
2024-09-20 13:22:07.128,429.31519210911256,103
2024-09-20 13:22:07.134,429.327639736921,7
2024-09-20 13:22:07.137,429.3214427173191,1000
2024-09-20 13:22:07.198,429.324931907714,8
2024-09-20 13:22:07.202,429.32290398921214,5
2024-09-20 13:22:07.225,429.3471474184415,6
2024-09-20 13:22:07.244,429.3368994123833,101
2024-09-20 13:22:07.277,429.308681152085,100
2024-09-20 13:22:07.279,429.3095358753639,7
2024-09-20 13:22:07.298,429.3572266578551,6
2024-09-20 13:22:07.308,429.3173298965662,1002
2024-09-20 13:22:07.323,429.3383381605544,99
2024-09-20 13:22:07.331,429.2995673474506,104
2024-09-20 13:22:07.457,429.3393480481012,100
2024-09-20 13:22:07.480,429.28902242958014,98
2024-09-20 13:22:07.484,429.32902802152944,1005
2024-09-20 13:22:07.581,429.3198592035947,998
2024-09-20 13:22:07.606,429.3291629114746,95
2024-09-20 13:22:07.612,429.3568757439679,101
2024-09-20 13:22:07.653,429.31712051677806,100
2024-09-20 13:22:07.752,429.2798829913433,101
2024-09-20 13:22:07.820,429.3390281388076,104
2024-09-20 13:22:07.847,429.3212642276525,96
2024-09-20 13:22:07.849,429.3235785320087,1000
2024-09-20 13:22:07.970,429.3013464864844,100
2024-09-20 13:22:07.974,429.3391384459856,1000
2024-09-20 13:22:08.014,429.3347163726046,100
2024-09-20 13:22:08.029,429.2309334180944,13
2024-09-20 13:22:08.044,429.2217824016483,9
2024-09-20 13:22:08.067,429.21671883872455,8
2024-09-20 13:22:08.125,429.2607064046462,1001
2024-09-20 13:22:08.228,429.2990540857015,101
2024-09-20 13:22:08.259,429.25111886103616,11
2024-09-20 13:22:08.282,429.3457680139244,101
2024-09-20 13:22:08.298,429.29699490942687,996
2024-09-20 13:22:08.312,429.32501508383206,997
2024-09-20 13:22:08.314,429.3295024645156,11
2024-09-20 13:22:08.353,429.3044380074865,97
2024-09-20 13:22:08.394,42.93051279670704,1000
2024-09-20 13:22:08.469,429.2325458151445,10
2024-09-20 13:22:08.556,429.33701040887087,5
2024-09-20 13:22:08.582,429.2659136127892,97
2024-09-20 13:22:08.600,429.3265591425149,103
2024-09-20 13:22:08.646,429.3419569879623,100
2024-09-20 13:22:08.686,429.247921021404,101
2024-09-20 13:22:08.718,429.22128564238926,102
2024-09-20 13:22:08.752,429.2391958487615,997
2024-09-20 13:22:08.760,429.3312705620306,97
2024-09-20 13:22:08.771,429.33782541525306,996
2024-09-20 13:22:08.790,429.2810240630031,96
2024-09-20 13:22:08.823,429.3219104715915,5
2024-09-20 13:22:08.869,429.2077964466785,1004
2024-09-20 13:22:08.876,429.3337757220605,997
2024-09-20 13:22:08.947,429.2580017733058,98
2024-09-20 13:22:09.063,429.2204937711958,1004
2024-09-20 13:22:10.040,429.2646982294472,14
2024-09-20 13:22:10.074,429.25216433270464,998
2024-09-20 13:22:10.097,429.26505106919456,96
2024-09-20 13:22:10.200,429.25770064698025,96
2024-09-20 13:22:10.225,429.2559275967446,99
2024-09-20 13:22:10.467,429.2542468969247,998
2024-09-20 13:22:10.501,429.2287818842756,15
2024-09-20 13:22:10.514,429.22254794825136,1001
2024-09-20 13:22:10.543,429.2516608613117,101
2024-09-20 13:22:10.720,429.25445931655855,11
2024-09-20 13:22:10.860,429.2331467285091,10
2024-09-20 13:22:11.063,429.3034632492675,1003
2024-09-20 13:22:11.067,429.2785575010794,103
2024-09-20 13:22:11.068,429.3042356583244,98
2024-09-20 13:22:11.094,429.29377071213565,12
2024-09-20 13:22:11.113,429.2906452389298,102
2024-09-20 13:22:11.128,429.30850726399166,103
2024-09-20 13:22:11.148,429.2555164597382,10
2024-09-20 13:22:11.162,429.3027428786935,101
2024-09-20 13:22:11.211,429.2747764183195,100
2024-09-20 13:22:11.272,429.2911455945509,97
2024-09-20 13:22:11.336,429.2798739657488,1004
2024-09-20 13:22:11.346,429.2794243284082,1001
2024-09-20 13:22:11.387,429.27416839211054,8
2024-09-20 13:22:11.469,429.2893281040576,1000
2024-09-20 13:22:11.515,429.2751875407188,100
2024-09-20 13:22:11.516,429.2747297488385,15
2024-09-20 13:22:11.596,429.284515861707,13
2024-09-20 13:22:11.619,429.2783078189045,9
2024-09-20 13:22:11.717,429.2893985115528,13
2024-09-20 13:22:11.791,429.29379058983847,1005
2024-09-20 13:22:11.936,429.3048541842821,96
2024-09-20 13:22:11.970,429.2859478404561,101
2024-09-20 13:22:12.204,429.3037979687711,102
2024-09-20 13:22:12.377,429.3342425808645,102
2024-09-20 13:22:12.417,429.3386199237269,99
2024-09-20 13:22:12.595,429.30001350712166,997
2024-09-20 13:22:12.608,429.30349214630814,103
2024-09-20 13:22:12.657,429.31146093030736,1005
2024-09-20 13:22:12.938,429.2964377613583,1003
2024-09-20 13:22:12.941,429.3320364096559,7
2024-09-20 13:22:12.979,429.3204155972888,995
2024-09-20 13:22:13.034,429.3385794681232,100
2024-09-20 13:22:13.162,429.37081208680974,13
2024-09-20 13:22:13.357,429.375906249192,12
2024-09-20 13:22:13.589,429.34409311253887,105
2024-09-20 13:22:13.675,429.34871508260994,10
2024-09-20 13:22:13.678,,8
2024-09-20 13:22:13.995,429.33294080269,96
2024-09-20 13:22:14.006,429.3391116302385,10
2024-09-20 13:22:14.011,429.37545143670366,9
2024-09-20 13:22:14.062,429.336985320781,1004
2024-09-20 13:22:14.070,429.3337630152117,102
2024-09-20 13:22:14.093,429.3640438714164,997
2024-09-20 13:22:14.144,429.3511667380481,1000
2024-09-20 13:22:14.171,429.320207654266,14
2024-09-20 13:22:14.251,429.3301202385383,11
2024-09-20 13:22:14.262,429.3973446252916,97
2024-09-20 13:22:14.302,429.3555302224604,1003
2024-09-20 13:22:14.377,429.3421802322836,99
2024-09-20 13:22:14.378,429.36383860942885,996
2024-09-20 13:22:14.482,429.3499985641887,103
2024-09-20 13:22:14.539,429.3404437106913,103
2024-09-20 13:22:14.541,429.3980211572525,99
2024-09-20 13:22:14.602,429.37922265385856,103
2024-09-20 13:22:14.689,429.3469355219027,105
2024-09-20 13:22:14.847,429.3602207909763,7
2024-09-20 13:22:14.880,429.4006399910049,95
2024-09-20 13:22:15.100,42.94128889994467,995
2024-09-20 13:22:15.233,429.389400838879,995
2024-09-20 13:22:15.276,429.34928230253297,99
2024-09-20 13:22:15.295,429.404461325968,10
2024-09-20 13:22:15.310,429.3954999149823,1001
2024-09-20 13:22:15.375,429.38358140549167,14
2024-09-20 13:22:15.529,429.4046931925547,1001
2024-09-20 13:22:15.818,429.38280916894905,997
2024-09-20 13:22:15.859,429.36143732357857,6
2024-09-20 13:22:15.967,429.3810195796431,101
2024-09-20 13:22:16.040,429.40559512849296,100
2024-09-20 13:22:16.114,429.36012719937,995
2024-09-20 13:22:16.228,429.35704849233247,14
2024-09-20 13:22:16.276,429.3968927364598,998
2024-09-20 13:22:16.384,429.36355688536304,100
2024-09-20 13:22:16.412,429.4252346447098,96
2024-09-20 13:22:16.412,429.35817582072673,998
2024-09-20 13:22:16.511,429.37654326240425,1001
2024-09-20 13:22:16.608,429.3485373148948,997
2024-09-20 13:22:16.615,429.3879125333976,1001
2024-09-20 13:22:16.648,429.3570813215941,6
2024-09-20 13:22:17.018,429.46255244267866,5
2024-09-20 13:22:17.023,429.4890721983436,100
2024-09-20 13:22:17.343,,996
2024-09-20 13:22:17.350,429.41820702062034,103
2024-09-20 13:22:17.400,429.3907991486824,7
2024-09-20 13:22:17.475,429.42034240095046,99
2024-09-20 13:22:17.510,429.504986794946,8
2024-09-20 13:22:17.558,429.4838549790023,96
2024-09-20 13:22:17.564,429.4264672915156,996
2024-09-20 13:22:17.578,429.4859740867666,104
2024-09-20 13:22:17.600,429.43404558611286,15
2024-09-20 13:22:17.693,429.4262468330292,999
2024-09-20 13:22:17.735,429.48297399602353,995
2024-09-20 13:22:17.751,429.4866120273787,999
2024-09-20 13:22:17.822,429.46797541308126,14
2024-09-20 13:22:17.962,429.4797302077968,1001
2024-09-20 13:22:18.035,429.4564488472852,99
2024-09-20 13:22:18.145,429.4956302831116,7
2024-09-20 13:22:18.165,429.4722575144783,999
2024-09-20 13:22:18.182,429.4638796970243,99
2024-09-20 13:22:18.187,429.4563047228093,6
2024-09-20 13:22:18.192,429.474412052427,8
2024-09-20 13:22:18.210,429.4595614348072,1005
2024-09-20 13:22:18.280,429.4415953184736,14
2024-09-20 13:22:18.318,429.4827077829205,15
2024-09-20 13:22:18.331,429.4835520244553,5
2024-09-20 13:22:18.335,429.4334083530169,99
2024-09-20 13:22:18.377,429.4631484103449,1004
2024-09-20 13:22:18.384,42.94740829322531,100
2024-09-20 13:22:18.486,429.43941835225,1000
2024-09-20 13:22:18.507,429.45598593163794,103
2024-09-20 13:22:18.519,429.5121192783266,103
2024-09-20 13:22:18.615,429.464925041978,104
2024-09-20 13:22:18.642,429.4806868507585,1002
2024-09-20 13:22:18.712,429.46350404216594,999
2024-09-20 13:22:18.721,429.470940113792,103
2024-09-20 13:22:18.729,429.4650889740219,104
2024-09-20 13:22:18.733,429.45528883350687,12
2024-09-20 13:22:18.783,429.48573336414296,97
2024-09-20 13:22:18.792,429.4638979241417,6
2024-09-20 13:22:18.899,429.44295305504255,101
2024-09-20 13:22:18.901,429.4908313969391,1004
2024-09-20 13:22:18.912,429.4538305344511,7
2024-09-20 13:22:18.962,429.44654184932745,96
2024-09-20 13:22:19.121,429.42940110332427,1003
2024-09-20 13:22:19.186,429.4283051131585,11
2024-09-20 13:22:19.480,429.4416081277137,13
2024-09-20 13:22:19.675,429.436622116984,996
2024-09-20 13:22:19.699,429.44081017993454,13
2024-09-20 13:22:19.874,429.4370406899893,101
2024-09-20 13:22:20.114,429.3294311204817,9
2024-09-20 13:22:20.216,429.3227444456599,12
2024-09-20 13:22:20.293,429.3224177455666,1003
2024-09-20 13:22:20.299,429.33205451892576,99
2024-09-20 13:22:20.325,429.3244990972018,997
2024-09-20 13:22:20.330,429.3083746557483,103
2024-09-20 13:22:20.349,429.3116109398577,100
2024-09-20 13:22:20.367,429.3152996567142,995
2024-09-20 13:22:20.407,429.3697474961051,5
2024-09-20 13:22:20.532,429.3791028140501,1002
2024-09-20 13:22:20.538,429.323213703316,99
2024-09-20 13:22:20.564,429.4176007213916,10
2024-09-20 13:22:20.664,429.3211609924036,14
2024-09-20 13:22:20.697,429.305142991765,13
2024-09-20 13:22:21.006,429.32668433503153,15
2024-09-20 13:22:21.085,429.3177780439842,995
2024-09-20 13:22:21.123,429.3156955999619,12
2024-09-20 13:22:21.134,429.3208831767061,105
2024-09-20 13:22:21.216,429.3205881626611,15
2024-09-20 13:22:21.223,429.29664649256887,1004
2024-09-20 13:22:21.275,429.3159132501059,9
2024-09-20 13:22:21.326,429.3101571609739,98
2024-09-20 13:22:21.349,429.340591716046,995
2024-09-20 13:22:21.364,429.30878225865047,10
2024-09-20 13:22:21.454,429.3163246151421,11
2024-09-20 13:22:21.501,429.3088721828157,105
2024-09-20 13:22:21.545,429.3222109850341,13
2024-09-20 13:22:21.737,429.2944132656178,998
2024-09-20 13:22:21.756,429.31345966281856,5
2024-09-20 13:22:21.793,429.2960205436144,7
2024-09-20 13:22:21.936,429.30599199279686,6
2024-09-20 13:22:21.953,429.32436567531886,104
2024-09-20 13:22:22.022,429.346484601259,97
2024-09-20 13:22:22.097,429.3389189435451,100
2024-09-20 13:22:22.121,429.3143957851162,8
2024-09-20 13:22:22.129,429.3257355934186,104
2024-09-20 13:22:22.153,429.3267870349059,13
2024-09-20 13:22:22.229,429.3128692531272,5
2024-09-20 13:22:22.244,429.3152807550508,105
2024-09-20 13:22:22.271,429.3254667057952,102
2024-09-20 13:22:22.275,429.3291547146381,998
2024-09-20 13:22:22.288,-429.3212968194017,103
2024-09-20 13:22:22.289,429.3261577569711,995
2024-09-20 13:22:22.328,429.3461957812902,1003
2024-09-20 13:22:22.348,429.3388362700175,12
2024-09-20 13:22:22.379,429.3283829974305,995
2024-09-20 13:22:22.405,42.93271389658974,1001
2024-09-20 13:22:22.509,429.31690085361,14
2024-09-20 13:22:22.515,429.3197420551986,11
2024-09-20 13:22:22.518,429.3311991037555,8
2024-09-20 13:22:22.598,429.3390476402973,997
2024-09-20 13:22:22.608,429.32171293067097,996
2024-09-20 13:22:22.649,429.3089438291481,1002
2024-09-20 13:22:22.821,429.3205133977024,15
2024-09-20 13:22:22.883,429.3393717079404,14
2024-09-20 13:22:22.901,429.3626344000377,9
2024-09-20 13:22:22.921,429.30311607181017,105
2024-09-20 13:22:22.939,429.3335194771037,1005
2024-09-20 13:22:22.951,429.3135851528808,5
2024-09-20 13:22:22.957,429.3289569891475,104
2024-09-20 13:22:23.548,429.33110107339553,13
2024-09-20 13:22:24.097,429.2719234729588,1001
2024-09-20 13:22:24.170,429.3588589781024,105
2024-09-20 13:22:24.188,429.3639522226738,998
2024-09-20 13:22:24.245,429.352182140686,105
2024-09-20 13:22:24.254,429.3534682110506,9
2024-09-20 13:22:24.269,429.3272585876202,101
2024-09-20 13:22:24.273,429.3449169399056,11
2024-09-20 13:22:24.284,429.3479357965576,97
2024-09-20 13:22:24.355,429.3764789491464,998
2024-09-20 13:22:24.396,429.3283622131124,100
2024-09-20 13:22:24.409,429.3365517016185,95
2024-09-20 13:22:24.446,429.3677916624983,97
2024-09-20 13:22:24.496,429.3539734411736,15
2024-09-20 13:22:24.514,42.934682444143725,101
2024-09-20 13:22:24.544,429.3570406812016,9
2024-09-20 13:22:24.544,429.3569057278154,996
2024-09-20 13:22:24.572,429.4058548034521,10
2024-09-20 13:22:24.595,429.2776689037475,101
2024-09-20 13:22:24.636,429.3563430362125,10
2024-09-20 13:22:24.683,429.3469843150637,103
2024-09-20 13:22:24.701,429.3412381337689,102
2024-09-20 13:22:24.731,429.35172032206646,99
2024-09-20 13:22:24.749,429.3570952228063,6
2024-09-20 13:22:24.793,429.2692039097669,7
2024-09-20 13:22:24.812,429.3270859429225,99
2024-09-20 13:22:24.888,429.4052545959205,9
2024-09-20 13:22:24.899,429.3211231955156,97
2024-09-20 13:22:24.911,429.3447005148077,5
2024-09-20 13:22:24.994,429.3476068457297,11
2024-09-20 13:22:25.013,429.2965015130147,1000
2024-09-20 13:22:25.460,429.2990483324215,1000
2024-09-20 13:22:25.495,429.2940988550488,15
2024-09-20 13:22:25.558,429.3023745473533,103
2024-09-20 13:22:25.581,429.2980234274071,1000
2024-09-20 13:22:26.147,429.3039434994191,11
2024-09-20 13:22:27.010,429.2660100186092,5
2024-09-20 13:22:27.058,429.2665842489897,1000
2024-09-20 13:22:27.101,429.2714920609276,96
2024-09-20 13:22:27.134,429.2936784545679,98
2024-09-20 13:22:27.210,429.2735143193749,98
2024-09-20 13:22:27.360,429.2617978390746,1004
2024-09-20 13:22:27.691,429.2744034934176,11
2024-09-20 13:22:27.809,429.2821311556932,1005
2024-09-20 13:22:27.816,429.26393201133055,1001
2024-09-20 13:22:27.824,429.25537133591706,9
2024-09-20 13:22:27.961,429.288762572614,8
2024-09-20 13:22:27.974,429.2675440964054,11
2024-09-20 13:22:27.988,429.284017258965,10
2024-09-20 13:22:28.023,429.42539524164425,96
2024-09-20 13:22:28.095,429.4446685926431,95
2024-09-20 13:22:28.095,429.3641677738918,13
2024-09-20 13:22:28.165,429.3489423356402,103
2024-09-20 13:22:28.193,429.2962184479916,101
2024-09-20 13:22:28.224,429.3098212878281,11
2024-09-20 13:22:28.229,429.36517466356025,996
2024-09-20 13:22:28.296,429.3922931940044,996
2024-09-20 13:22:28.299,429.3153534961483,9
2024-09-20 13:22:28.320,429.3650550919679,97
2024-09-20 13:22:28.512,429.2984332002587,104
2024-09-20 13:22:28.515,429.3820741343172,12
2024-09-20 13:22:28.537,429.43025454247646,105
2024-09-20 13:22:28.562,429.3973020669259,998
2024-09-20 13:22:28.635,429.3962757400506,7
2024-09-20 13:22:28.664,429.43438702342206,1003
2024-09-20 13:22:28.675,429.3719426287455,102
2024-09-20 13:22:28.683,429.3683562626479,999
2024-09-20 13:22:28.688,429.2929134967097,11
2024-09-20 13:22:28.732,429.3116918523414,1003
2024-09-20 13:22:28.800,429.3880984249725,14
2024-09-20 13:22:28.833,429.2929164305148,1000
2024-09-20 13:22:28.834,429.3491746038344,1003
2024-09-20 13:22:28.892,429.3713832914801,5
2024-09-20 13:22:28.982,429.3724591311917,997
2024-09-20 13:22:29.320,429.41404536362086,12
2024-09-20 13:22:29.444,429.4014002211277,105
2024-09-20 13:22:29.486,429.4006192220986,99
2024-09-20 13:22:29.774,429.4099033639412,97
2024-09-20 13:22:29.789,429.3848266332629,5
2024-09-20 13:22:29.939,429.4307857290004,1002
2024-09-20 13:22:29.941,429.410470498206,12
2024-09-20 13:22:30.043,429.3854147980227,6
2024-09-20 13:22:30.048,429.3490017008114,998
2024-09-20 13:22:30.058,429.36781180786136,997
2024-09-20 13:22:30.125,429.3501722559147,999
2024-09-20 13:22:30.144,429.3628563407975,104
2024-09-20 13:22:30.373,429.3641780506388,11
2024-09-20 13:22:30.457,429.35541968604304,13
2024-09-20 13:22:30.468,429.3648747317669,996
2024-09-20 13:22:30.505,,997
2024-09-20 13:22:30.539,429.3697898198654,996
2024-09-20 13:22:30.565,429.36733853185,8
2024-09-20 13:22:30.567,429.3812416213376,7
2024-09-20 13:22:30.598,429.336129905707,996
2024-09-20 13:22:30.828,429.3624226369792,105
2024-09-20 13:22:30.957,429.3492532287637,7
2024-09-20 13:22:31.028,429.3928986814683,995
2024-09-20 13:22:31.037,429.37947180410407,998
2024-09-20 13:22:31.111,429.3498776489463,1001
2024-09-20 13:22:31.289,429.4321282604636,7
2024-09-20 13:22:31.350,429.4294079197384,8
2024-09-20 13:22:31.387,429.3839236102688,1001
2024-09-20 13:22:31.454,429.3739552945818,10
2024-09-20 13:22:31.551,429.3942748462171,13
2024-09-20 13:22:31.561,429.379362153099,101
2024-09-20 13:22:31.598,429.4109630907811,995
2024-09-20 13:22:31.638,429.42200168273615,8
2024-09-20 13:22:31.662,429.3828164580364,995
2024-09-20 13:22:31.720,429.3764335719072,102
2024-09-20 13:22:31.828,429.40189992246417,15
2024-09-20 13:22:31.839,429.3903122241687,11
2024-09-20 13:22:31.839,429.3624969210452,1001
2024-09-20 13:22:31.857,429.3630801523617,105
2024-09-20 13:22:31.887,429.39925584369,7
2024-09-20 13:22:32.140,429.4343328802676,105
2024-09-20 13:22:32.149,429.4676736044762,103
2024-09-20 13:22:32.162,429.42796521328273,105
2024-09-20 13:22:32.207,429.4292359813432,1000
2024-09-20 13:22:32.305,429.4668424727771,15
2024-09-20 13:22:32.326,429.4438772910922,98
2024-09-20 13:22:32.333,429.4380702615262,999
2024-09-20 13:22:32.335,429.4108104769228,14
2024-09-20 13:22:32.341,429.4396939217932,1000
2024-09-20 13:22:32.410,429.42691240996623,996
2024-09-20 13:22:32.430,429.4913474792925,95
2024-09-20 13:22:32.529,429.43406500214166,96
2024-09-20 13:22:32.541,429.4365984493693,1002
2024-09-20 13:22:32.735,429.42074033276697,97
2024-09-20 13:22:32.864,429.4502154035087,98
2024-09-20 13:22:32.876,429.4077778911516,1005
2024-09-20 13:22:32.997,429.4369270575024,1003
2024-09-20 13:22:33.103,429.40510645037705,1002
2024-09-20 13:22:33.156,429.4092933620828,995
2024-09-20 13:22:33.171,429.43365381160856,105
2024-09-20 13:22:33.308,429.4384995200584,105
2024-09-20 13:22:33.405,429.41407779236056,5
2024-09-20 13:22:33.415,429.44600780801954,7
2024-09-20 13:22:33.423,429.4863516060384,1000
2024-09-20 13:22:33.465,429.44577624613527,96
2024-09-20 13:22:33.499,429.41515170201774,14
2024-09-20 13:22:33.521,429.46560029805096,13
2024-09-20 13:22:33.544,429.45766514048654,995
2024-09-20 13:22:33.550,429.4797328263493,100
2024-09-20 13:22:33.560,429.4483573106193,13
2024-09-20 13:22:33.661,429.4385306294965,98
2024-09-20 13:22:33.669,429.4333715880397,103
2024-09-20 13:22:33.706,429.42171632714906,997
2024-09-20 13:22:33.710,429.4542426405362,1001
2024-09-20 13:22:33.749,429.4149380696946,10
2024-09-20 13:22:33.754,429.4177081426282,13
2024-09-20 13:22:33.801,429.4095984365955,1002
2024-09-20 13:22:33.864,429.43186773719634,997
2024-09-20 13:22:33.932,429.4311234961293,15
2024-09-20 13:22:33.946,429.4213927247025,5
2024-09-20 13:22:34.030,429.502218975399,99
2024-09-20 13:22:34.049,429.4242879198927,103
2024-09-20 13:22:34.068,429.440182561035,996
2024-09-20 13:22:34.098,429.43909103195415,996
2024-09-20 13:22:34.270,429.4722000746808,1002
2024-09-20 13:22:34.296,429.4962685882608,1000
2024-09-20 13:22:34.304,429.4859804146714,998
2024-09-20 13:22:34.324,429.5148998291885,997
2024-09-20 13:22:34.335,429.41236459323255,998
2024-09-20 13:22:34.348,429.4500005648717,1003
2024-09-20 13:22:34.381,429.4418435015299,13
2024-09-20 13:22:34.461,429.4427951789332,98
2024-09-20 13:22:34.464,429.4897238383915,1004
2024-09-20 13:22:34.464,429.4409392077295,15
2024-09-20 13:22:34.474,429.4866851143068,996
2024-09-20 13:22:34.498,429.4870382830525,12
2024-09-20 13:22:34.610,429.5059412462204,95
2024-09-20 13:22:34.712,429.4604674337816,14
2024-09-20 13:22:34.757,429.49883583539184,5
2024-09-20 13:22:34.815,42.9509981259005,98
2024-09-20 13:22:34.828,429.4903079934903,100
2024-09-20 13:22:34.837,429.4443034266399,1003
2024-09-20 13:22:34.842,429.47326212760703,99
2024-09-20 13:22:34.858,429.4279985267535,5
2024-09-20 13:22:34.948,429.5025490537627,998
2024-09-20 13:22:34.966,429.515900342858,100
2024-09-20 13:22:34.981,429.5045866694102,102
2024-09-20 13:22:35.051,429.5229493592713,103
2024-09-20 13:22:35.233,429.515084745888,6
2024-09-20 13:22:35.260,429.4742588576755,99
2024-09-20 13:22:35.377,429.50581853912007,105
2024-09-20 13:22:35.419,429.4589366272496,10
2024-09-20 13:22:35.488,-42.94390576326883,100
2024-09-20 13:22:35.550,429.5027816071307,5
2024-09-20 13:22:35.617,429.4529218112907,10
2024-09-20 13:22:35.642,429.4954466767154,15
2024-09-20 13:22:35.696,429.4638722622277,10
2024-09-20 13:22:35.856,429.4758883944553,13
2024-09-20 13:22:35.985,429.44290359930295,1002
2024-09-20 13:22:36.118,429.42398491890447,104
2024-09-20 13:22:36.514,429.449314786553,97
2024-09-20 13:22:36.627,429.4492874068713,1000
2024-09-20 13:22:36.775,429.425540662052,15
2024-09-20 13:22:36.977,429.4578417396331,105
2024-09-20 13:22:37.022,429.4573158669237,1005
2024-09-20 13:22:37.058,429.4091950453411,995
2024-09-20 13:22:37.120,429.46608021872254,12
2024-09-20 13:22:37.130,429.453957846757,996
2024-09-20 13:22:37.131,429.40735125955,997
2024-09-20 13:22:37.138,429.432775009732,1002
2024-09-20 13:22:37.146,429.4207768250325,8
2024-09-20 13:22:37.166,429.4469624193289,8
2024-09-20 13:22:37.208,429.4271705301687,1004
2024-09-20 13:22:37.233,429.44185469844416,11
2024-09-20 13:22:37.241,429.41624894340487,11
2024-09-20 13:22:37.286,429.4382551966168,1002
2024-09-20 13:22:37.310,429.4537128966173,10
2024-09-20 13:22:37.328,429.4697872052112,996
2024-09-20 13:22:37.359,429.4261169232311,102
2024-09-20 13:22:37.405,429.43217927154376,1003
2024-09-20 13:22:37.407,429.4513522037146,101
2024-09-20 13:22:37.413,429.4504168607584,104
2024-09-20 13:22:37.509,429.3998684765603,1001
2024-09-20 13:22:37.686,429.4063474623292,1000
2024-09-20 13:22:37.707,429.4634896400424,14
2024-09-20 13:22:37.714,429.44935487353575,95
2024-09-20 13:22:37.716,429.3959954330095,7
2024-09-20 13:22:37.759,429.4124824338037,97
2024-09-20 13:22:37.796,429.4324883802127,998
2024-09-20 13:22:37.883,429.4168001224869,14
2024-09-20 13:22:37.894,429.4101386052219,104
2024-09-20 13:22:37.931,429.4715163098672,8
2024-09-20 13:22:38.115,429.4283874379652,10
2024-09-20 13:22:38.373,-429.40670535783374,995
2024-09-20 13:22:38.929,429.4375667772025,96
2024-09-20 13:22:39.128,429.5094136818554,96
2024-09-20 13:22:39.178,429.4226623218092,1001
2024-09-20 13:22:39.274,429.4849462538937,98
2024-09-20 13:22:39.279,429.4614057988453,105
2024-09-20 13:22:39.300,429.5105756894297,11
2024-09-20 13:22:39.322,429.4347111332501,998
2024-09-20 13:22:39.351,429.4643131612766,105
2024-09-20 13:22:39.355,429.44805569346,5
2024-09-20 13:22:39.454,429.4486080673732,100
2024-09-20 13:22:39.475,429.45899420506754,101
2024-09-20 13:22:39.493,429.51463641992086,100
2024-09-20 13:22:39.529,429.4625559780871,1001
2024-09-20 13:22:39.538,429.4666648050889,9
2024-09-20 13:22:39.600,429.4402151314207,99
2024-09-20 13:22:39.628,429.4981076265034,98
2024-09-20 13:22:39.651,429.4208924858597,104
2024-09-20 13:22:39.683,429.3983882572461,12
2024-09-20 13:22:39.901,429.4052454962056,96
2024-09-20 13:22:39.910,429.4000452074682,996
2024-09-20 13:22:39.936,429.481500572015,998
2024-09-20 13:22:40.083,429.5197210023224,99
2024-09-20 13:22:40.161,429.51125473480994,104
2024-09-20 13:22:40.495,429.50725636825,998
2024-09-20 13:22:40.647,429.5050559681078,14
2024-09-20 13:22:40.659,429.5032228268034,7
2024-09-20 13:22:40.769,429.4979099523503,1003
2024-09-20 13:22:40.821,-429.5195306283652,96
2024-09-20 13:22:40.822,429.511946301084,1002
2024-09-20 13:22:40.875,429.4967824357035,1005
2024-09-20 13:22:41.020,429.5280039852658,15
2024-09-20 13:22:41.208,429.51221294726327,96
2024-09-20 13:22:41.279,429.4991855462556,8
2024-09-20 13:22:41.434,429.5357702068518,99
2024-09-20 13:22:41.472,429.50663673037394,103
2024-09-20 13:22:41.556,429.5466315248813,13
2024-09-20 13:22:41.624,429.5052881837494,8
2024-09-20 13:22:41.628,429.5085078535073,14
2024-09-20 13:22:41.651,429.530209849952,102
2024-09-20 13:22:41.770,429.51234708362,6
2024-09-20 13:22:41.806,429.520548863079,1001
2024-09-20 13:22:41.816,429.501876984318,97
2024-09-20 13:22:41.879,429.54470376688965,999
2024-09-20 13:22:41.909,429.5322819195442,997
2024-09-20 13:22:42.180,429.5185815217218,99
2024-09-20 13:22:42.218,429.49017985509465,998
2024-09-20 13:22:42.220,429.4956818195965,14
2024-09-20 13:22:42.267,429.5183664239177,97
2024-09-20 13:22:42.307,429.507281538366,105
2024-09-20 13:22:42.316,-429.5080525565039,97
2024-09-20 13:22:42.384,429.460978427507,95
2024-09-20 13:22:42.421,429.48605828233,7
2024-09-20 13:22:42.442,429.50381580156136,1004
2024-09-20 13:22:42.476,429.5319037623972,13
2024-09-20 13:22:42.486,429.5217350745802,105
2024-09-20 13:22:42.494,429.45492502587217,11
2024-09-20 13:22:42.545,429.51574665611264,999
2024-09-20 13:22:42.564,429.5014104368551,5
2024-09-20 13:22:42.576,429.4806924670955,1002
2024-09-20 13:22:42.620,429.5107780441525,1001
2024-09-20 13:22:42.679,429.5214663378951,12
2024-09-20 13:22:42.712,429.5064708455093,100
2024-09-20 13:22:42.812,429.5037710614376,99
2024-09-20 13:22:42.813,429.5030988633065,8
2024-09-20 13:22:42.830,429.5159202322249,5
2024-09-20 13:22:42.982,429.5039606279792,1001
2024-09-20 13:22:43.031,42.946524614537765,995
2024-09-20 13:22:43.177,429.46613893900326,13
2024-09-20 13:22:43.229,429.4700512243383,13
2024-09-20 13:22:43.264,429.4588039695689,98
2024-09-20 13:22:43.428,429.4441758244117,13
2024-09-20 13:22:43.568,429.4486500397495,998
2024-09-20 13:22:43.584,429.45688379541787,96
2024-09-20 13:22:43.631,429.46316658710697,7
2024-09-20 13:22:43.632,429.447780390767,1000
2024-09-20 13:22:43.771,429.44041587588686,102
2024-09-20 13:22:43.944,429.4469481713151,996
2024-09-20 13:22:44.010,429.4032413620682,14
2024-09-20 13:22:44.012,429.4061365343625,6
2024-09-20 13:22:44.125,429.369254527854,1004
2024-09-20 13:22:44.132,429.4530771033038,1000
2024-09-20 13:22:44.145,429.4015315904092,8
2024-09-20 13:22:44.172,429.38341866939777,1005
2024-09-20 13:22:44.181,429.4189174411004,14
2024-09-20 13:22:44.247,429.39433101464175,1002
2024-09-20 13:22:44.253,429.38460124334375,14
2024-09-20 13:22:44.368,429.3800956148223,1002
2024-09-20 13:22:44.380,429.419194589146,5
2024-09-20 13:22:44.393,429.3973816975002,11
2024-09-20 13:22:44.402,429.44805417584416,1003
2024-09-20 13:22:44.405,429.4287893778353,1004
2024-09-20 13:22:44.412,429.4629555828003,999
2024-09-20 13:22:44.434,429.376141068141,103
2024-09-20 13:22:44.454,429.37575367623305,102
2024-09-20 13:22:44.460,429.4051109202792,1005
2024-09-20 13:22:44.464,429.4557741668068,9
2024-09-20 13:22:44.512,429.405056625184,1003
2024-09-20 13:22:44.521,429.4563510054305,104
2024-09-20 13:22:44.560,429.4429037512969,105
2024-09-20 13:22:44.602,429.3794386581959,5
2024-09-20 13:22:44.772,429.40673373155175,98
2024-09-20 13:22:44.777,429.3746684392886,996
2024-09-20 13:22:44.871,429.3944374886645,1002
2024-09-20 13:22:44.955,429.4282014102285,95
2024-09-20 13:22:45.056,429.3756139204489,6
2024-09-20 13:22:45.069,429.3979661267314,103
2024-09-20 13:22:45.121,429.3635179377748,10
2024-09-20 13:22:45.186,429.389970138096,11
2024-09-20 13:22:45.299,429.3358739454942,100
2024-09-20 13:22:45.354,429.383250011124,9
2024-09-20 13:22:45.361,429.3677822303071,7
2024-09-20 13:22:45.368,429.37907963897976,1005
2024-09-20 13:22:45.377,429.3602574310248,101
2024-09-20 13:22:45.408,429.3784406608452,95
2024-09-20 13:22:45.421,429.3767309203952,99
2024-09-20 13:22:45.475,-429.3640578922226,104
2024-09-20 13:22:45.501,429.38423169447486,100
2024-09-20 13:22:45.598,429.3578763643585,6
2024-09-20 13:22:45.646,429.3608033537019,12
2024-09-20 13:22:45.683,429.3611735213961,8
2024-09-20 13:22:45.755,429.3852804689331,14
2024-09-20 13:22:45.816,429.3717374362524,13
2024-09-20 13:22:45.873,429.3575311219644,998
2024-09-20 13:22:46.073,429.4167978970147,13
2024-09-20 13:22:46.124,429.3948272597246,13
2024-09-20 13:22:46.220,429.3818287900207,6
2024-09-20 13:22:46.273,429.404218217877,96
2024-09-20 13:22:46.371,429.3974620915936,96
2024-09-20 13:22:46.390,,8
2024-09-20 13:22:46.401,429.4585595660709,7
2024-09-20 13:22:46.494,429.38131453583895,997
2024-09-20 13:22:46.667,429.44212508911903,1000
2024-09-20 13:22:46.690,429.39821247892337,98
2024-09-20 13:22:46.697,429.39689026287294,1005
2024-09-20 13:22:47.007,429.5266297522368,102
2024-09-20 13:22:47.046,429.4907788064567,1000
2024-09-20 13:22:47.090,429.5607210036421,997
2024-09-20 13:22:47.099,429.57027821887215,1003
2024-09-20 13:22:47.101,429.454670704247,100
2024-09-20 13:22:47.131,429.557292232063,99
2024-09-20 13:22:47.137,429.4741681830184,102
2024-09-20 13:22:47.138,429.5491282698747,8
2024-09-20 13:22:47.222,429.5598182091787,99
2024-09-20 13:22:47.251,429.5069681738097,7
2024-09-20 13:22:47.252,429.5709588080121,101
2024-09-20 13:22:47.292,429.50964798878033,100
2024-09-20 13:22:47.332,429.45482891016366,98
2024-09-20 13:22:47.381,429.5207130313764,96
2024-09-20 13:22:47.393,429.5226808596434,1001
2024-09-20 13:22:47.415,429.5045083461959,98
2024-09-20 13:22:47.490,429.51540243166784,1003
2024-09-20 13:22:47.504,429.4559985521609,101
2024-09-20 13:22:47.596,429.4748586949799,104
2024-09-20 13:22:47.683,429.5260650109016,10
2024-09-20 13:22:47.746,429.5016919040239,7
2024-09-20 13:22:47.808,429.5674448363429,99
2024-09-20 13:22:47.871,429.4693808050818,14
2024-09-20 13:22:47.880,429.5697263145903,102
2024-09-20 13:22:47.928,429.5757144390941,996
2024-09-20 13:22:47.929,429.5182733861004,1002
2024-09-20 13:22:47.935,429.55869837355885,996
2024-09-20 13:22:47.958,429.4983895642866,101
2024-09-20 13:22:47.984,429.5586496749551,6
2024-09-20 13:22:48.051,429.6457949729541,995
2024-09-20 13:22:48.073,42.96422703065372,998
2024-09-20 13:22:48.086,429.66962052851306,7
2024-09-20 13:22:48.097,429.6587371574823,995
2024-09-20 13:22:48.117,429.657969426093,11
2024-09-20 13:22:48.185,429.6514539187368,11
2024-09-20 13:22:48.212,429.675734436986,9
2024-09-20 13:22:48.262,429.6590478115191,100
2024-09-20 13:22:48.324,429.6997573725032,1005
2024-09-20 13:22:48.356,429.6798191768141,98
2024-09-20 13:22:48.359,429.6870908492358,95
2024-09-20 13:22:48.536,429.6802218749042,102
2024-09-20 13:22:48.566,429.655759329532,96
2024-09-20 13:22:48.569,429.6787752692893,97
2024-09-20 13:22:48.607,429.5933100264618,15
2024-09-20 13:22:48.624,429.6214937973688,1002
2024-09-20 13:22:48.642,429.6721805687628,102
2024-09-20 13:22:48.665,429.6669662507671,11
2024-09-20 13:22:48.696,429.6934268227432,104
2024-09-20 13:22:48.728,429.6104487156949,95
2024-09-20 13:22:48.756,429.6451771249412,103
2024-09-20 13:22:48.869,429.6588532714846,104
2024-09-20 13:22:48.888,429.6730493270291,101
2024-09-20 13:22:48.912,429.6001979300565,998
2024-09-20 13:22:48.942,429.6607365477074,99
2024-09-20 13:22:48.971,429.66782410797344,995
2024-09-20 13:22:49.230,429.6618457471158,100
2024-09-20 13:22:49.280,429.6706796528551,97
2024-09-20 13:22:49.564,429.6674067300598,10
2024-09-20 13:22:49.741,429.6773686272549,101
2024-09-20 13:22:49.846,429.67461904365535,15
2024-09-20 13:22:49.976,429.6739201008279,1005
2024-09-20 13:22:50.059,429.6744425952149,5
2024-09-20 13:22:50.122,429.67692915201377,995
2024-09-20 13:22:50.299,429.65949806701343,15
2024-09-20 13:22:50.557,429.6791806270045,97
2024-09-20 13:22:50.823,429.6660545146237,999
2024-09-20 13:22:51.150,429.706508031367,997
2024-09-20 13:22:51.209,429.7088656152093,1005
2024-09-20 13:22:51.653,429.6983088404692,105
2024-09-20 13:22:51.829,429.697006094552,12
2024-09-20 13:22:52.002,429.7093395911784,99
2024-09-20 13:22:52.019,429.706081218625,999
2024-09-20 13:22:52.069,429.6933790595913,104
2024-09-20 13:22:52.241,429.6991560830232,997
2024-09-20 13:22:52.348,429.690348111647,1002
2024-09-20 13:22:52.349,429.6823128694439,995
2024-09-20 13:22:52.413,429.69788832589705,15
2024-09-20 13:22:52.415,429.7175138343321,104
2024-09-20 13:22:52.443,429.6922355417739,999
2024-09-20 13:22:52.486,429.70359134107673,12
2024-09-20 13:22:52.497,429.70812996208514,1001
2024-09-20 13:22:52.524,429.722921252018,997
2024-09-20 13:22:52.553,429.71830904649016,1003
2024-09-20 13:22:52.557,429.7056262737943,97
2024-09-20 13:22:52.612,429.7080856360085,997
2024-09-20 13:22:52.646,,15
2024-09-20 13:22:52.661,429.7034900157916,998
2024-09-20 13:22:52.835,429.6925255592805,103
2024-09-20 13:22:53.017,429.76739065262217,1005
2024-09-20 13:22:53.168,429.73128424131,96
2024-09-20 13:22:53.178,429.7081153594136,997
2024-09-20 13:22:53.186,429.73326846336136,8
2024-09-20 13:22:53.194,429.75123412015466,999
2024-09-20 13:22:53.285,429.745361387601,995
2024-09-20 13:22:53.342,429.7389865059764,1000
2024-09-20 13:22:53.491,429.76727797284826,6
2024-09-20 13:22:53.586,429.74397464980393,102
2024-09-20 13:22:53.734,429.77229213560577,95
2024-09-20 13:22:53.859,42.97528058814723,1003
2024-09-20 13:22:53.925,429.7304664980478,13
2024-09-20 13:22:55.051,429.7999199605538,101
2024-09-20 13:22:55.146,429.75576403982495,99
2024-09-20 13:22:55.198,429.804864009667,1000
2024-09-20 13:22:55.201,429.7521553536994,12
2024-09-20 13:22:55.215,429.7852182183198,1001
2024-09-20 13:22:55.318,429.75116873700006,15
2024-09-20 13:22:55.350,429.74287302518405,1003
2024-09-20 13:22:55.355,429.7723896993221,103
2024-09-20 13:22:55.359,429.7483999104628,13
2024-09-20 13:22:55.469,429.76803842042216,1000
2024-09-20 13:22:55.516,429.756088499404,5
2024-09-20 13:22:55.578,429.748077709567,9
2024-09-20 13:22:55.597,429.7619106608066,1003
2024-09-20 13:22:55.603,429.7739798314044,1004
2024-09-20 13:22:55.630,429.7439760787991,997
2024-09-20 13:22:55.676,429.7622038821939,1004
2024-09-20 13:22:55.735,429.8156692512735,7
2024-09-20 13:22:55.743,429.7561896604621,995
2024-09-20 13:22:55.745,429.8141169736664,15
2024-09-20 13:22:55.846,429.7543734990836,998
2024-09-20 13:22:55.889,429.7568216853133,99
2024-09-20 13:22:55.925,429.80937378211183,1001
2024-09-20 13:22:55.983,429.7996354442598,997
2024-09-20 13:22:56.016,429.72057052187495,1000
2024-09-20 13:22:56.132,429.7012909023938,98
2024-09-20 13:22:56.155,429.7172808113706,102
2024-09-20 13:22:56.180,429.7570030846924,7
2024-09-20 13:22:56.238,429.7062305030094,998
2024-09-20 13:22:56.549,429.6927635137071,11
2024-09-20 13:22:56.667,429.7628444893525,15
2024-09-20 13:22:56.669,429.7304631216909,997
2024-09-20 13:22:56.692,429.7173918621385,997
2024-09-20 13:22:56.706,429.7030632127972,98
2024-09-20 13:22:57.026,429.6954076520832,9
2024-09-20 13:22:57.031,429.6890232332914,10
2024-09-20 13:22:57.056,429.70578338902993,1004
2024-09-20 13:22:57.178,429.7041367980172,97
2024-09-20 13:22:57.208,429.5819008217529,10
2024-09-20 13:22:57.227,429.6511558675364,104
2024-09-20 13:22:57.253,429.7027282732445,105
2024-09-20 13:22:57.254,429.7123774854585,1002
2024-09-20 13:22:57.258,429.62240041707145,100
2024-09-20 13:22:57.353,429.6919177443101,15
2024-09-20 13:22:57.392,429.6073557417106,15
2024-09-20 13:22:57.469,429.60299041919103,999
2024-09-20 13:22:57.503,429.6146559167163,13
2024-09-20 13:22:57.574,429.6949500401978,97
2024-09-20 13:22:57.580,429.6308065506081,98
2024-09-20 13:22:57.628,429.70450079518906,10
2024-09-20 13:22:57.629,429.69383130899246,101
2024-09-20 13:22:57.638,429.58912946464136,996
2024-09-20 13:22:57.654,-429.67418587604567,999
2024-09-20 13:22:57.731,429.6195725577156,1003
2024-09-20 13:22:57.804,429.60640382427255,996
2024-09-20 13:22:57.847,429.6890898665493,1005
2024-09-20 13:22:57.847,429.5874224339895,1004
2024-09-20 13:22:57.855,429.6760806713646,996
2024-09-20 13:22:57.863,429.60296681274247,998
2024-09-20 13:22:57.901,429.6955306726096,97
2024-09-20 13:22:57.908,429.63139408541633,97
2024-09-20 13:22:57.912,429.63166971555415,8
2024-09-20 13:22:57.976,429.5926778412025,7
2024-09-20 13:22:58.062,429.5777596615826,13
2024-09-20 13:22:58.068,429.5443662701596,14
2024-09-20 13:22:58.081,429.5740526663628,99
2024-09-20 13:22:58.082,429.5589040246822,6
2024-09-20 13:22:58.122,429.5913888289636,1005
2024-09-20 13:22:58.147,429.5844102910961,97
2024-09-20 13:22:58.274,429.5733698555019,997
2024-09-20 13:22:58.397,429.5671440930436,96
2024-09-20 13:22:58.408,429.57802954905895,7
2024-09-20 13:22:58.419,429.5546518411665,5
2024-09-20 13:22:58.429,429.563436351892,1005
2024-09-20 13:22:58.432,429.57470393860814,1000
2024-09-20 13:22:58.473,429.5462197552826,95
2024-09-20 13:22:58.513,429.5731657713538,12
2024-09-20 13:22:58.618,429.5755994373213,14
2024-09-20 13:22:58.637,429.5560980153168,997
2024-09-20 13:22:58.654,429.5453733921589,100
2024-09-20 13:22:58.656,429.5589385289246,12
2024-09-20 13:22:58.665,429.542678343149,1000
2024-09-20 13:22:58.760,429.5429390902858,999
2024-09-20 13:22:58.850,429.5798959264957,101
2024-09-20 13:22:58.888,429.5629383155653,10
2024-09-20 13:22:59.006,429.80392270604347,14
2024-09-20 13:22:59.084,429.7351823480726,1000
2024-09-20 13:22:59.086,429.6045626455526,1000
2024-09-20 13:22:59.091,429.6447407099528,6
2024-09-20 13:22:59.129,429.6478480195584,996
2024-09-20 13:22:59.134,429.596175690759,15
2024-09-20 13:22:59.141,429.6370263664736,995
2024-09-20 13:22:59.221,429.7067382461391,11
2024-09-20 13:22:59.243,429.6682240718527,1000
2024-09-20 13:22:59.244,429.6711203591347,98
2024-09-20 13:22:59.246,429.6171436674469,104
2024-09-20 13:22:59.287,429.73105874332,1001
2024-09-20 13:22:59.294,429.68960994624473,996
2024-09-20 13:22:59.332,429.6984881124823,1001
2024-09-20 13:22:59.393,429.615765593323,96
2024-09-20 13:22:59.530,429.6363389484617,10
2024-09-20 13:22:59.535,429.7962878593229,1005
2024-09-20 13:22:59.537,429.6126917510216,14
2024-09-20 13:22:59.644,429.6104731065749,995
2024-09-20 13:22:59.658,429.7288599437866,95
2024-09-20 13:22:59.729,429.6137510706912,102
2024-09-20 13:22:59.736,429.7894529516428,997
2024-09-20 13:22:59.833,429.5906553125511,1004
2024-09-20 13:22:59.852,429.75918332538816,1001
2024-09-20 13:22:59.899,42.96419846744908,999
2024-09-20 13:22:59.914,429.6824068125565,102
2024-09-20 13:22:59.922,429.6059469746934,12
2024-09-20 13:22:59.948,,998
2024-09-20 13:22:59.954,429.62334174106167,9
2024-09-20 13:22:59.955,429.6918262115244,1002
