Timestamp,Price,Size
2024-09-19 13:07:00.015,42.1644891487169,104
2024-09-19 13:07:00.042,421.6193746850096,997
2024-09-19 13:07:00.064,421.6225255991014,1005
2024-09-19 13:07:00.066,421.5961746201521,8
2024-09-19 13:07:00.107,421.6395821478565,96
2024-09-19 13:07:00.119,421.5902260849213,1003
2024-09-19 13:07:00.164,421.6512734573308,996
2024-09-19 13:07:00.220,421.61787465910254,102
2024-09-19 13:07:00.266,421.6020088114408,9
2024-09-19 13:07:00.357,421.5733921354968,97
2024-09-19 13:07:00.444,421.57637516447136,102
2024-09-19 13:07:00.607,421.61107416588015,97
2024-09-19 13:07:00.620,421.6053838263688,7
2024-09-19 13:07:00.624,421.6225305175449,102
2024-09-19 13:07:00.629,421.6378878758089,105
2024-09-19 13:07:00.682,421.566623696203,996
2024-09-19 13:07:00.699,421.61515373195806,996
2024-09-19 13:07:00.734,421.59513485699466,95
2024-09-19 13:07:00.755,421.6401868137683,7
2024-09-19 13:07:00.874,421.6160385462432,101
2024-09-19 13:07:00.993,421.60868648946905,98
2024-09-19 13:07:01.263,421.6150347368949,12
2024-09-19 13:07:01.683,421.5914536745312,14
2024-09-19 13:07:02.299,421.64634896130144,11
2024-09-19 13:07:02.506,421.6538243798987,97
2024-09-19 13:07:02.526,421.6439242915053,104
2024-09-19 13:07:02.612,421.65822200441227,9
2024-09-19 13:07:02.805,421.6367401206841,97
2024-09-19 13:07:03.134,421.6575665296369,9
2024-09-19 13:07:03.580,421.6578135625264,997
2024-09-19 13:07:03.939,421.67087512127375,100
2024-09-19 13:07:04.095,421.63850216231134,101
2024-09-19 13:07:04.132,421.6568434670932,1004
2024-09-19 13:07:04.142,421.6010019200946,997
2024-09-19 13:07:04.167,421.6388842054237,10
2024-09-19 13:07:04.288,421.62668944320137,14
2024-09-19 13:07:04.415,421.6130929255522,998
2024-09-19 13:07:04.451,421.62923784623433,1000
2024-09-19 13:07:04.469,421.6230501491899,999
2024-09-19 13:07:04.529,42.1652242375136,1005
2024-09-19 13:07:04.546,421.626899067775,997
2024-09-19 13:07:04.624,421.6403911775433,1003
2024-09-19 13:07:04.709,421.6577270466837,996
2024-09-19 13:07:04.750,421.5870993444021,100
2024-09-19 13:07:04.809,421.6006762424418,999
2024-09-19 13:07:04.832,421.6566260090702,6
2024-09-19 13:07:05.144,421.5853189188066,96
2024-09-19 13:07:05.443,421.60245080465137,98
2024-09-19 13:07:06.215,421.68448581386326,1002
2024-09-19 13:07:06.682,421.6224319165996,95
2024-09-19 13:07:07.196,421.6523886155695,99
2024-09-19 13:07:07.368,421.6656310990875,102
2024-09-19 13:07:07.470,421.6598036683635,1001
2024-09-19 13:07:07.522,421.65244660562337,997
2024-09-19 13:07:07.557,421.6535401042482,1000
2024-09-19 13:07:07.745,421.6511029010699,995
2024-09-19 13:07:07.773,421.6623195596529,11
2024-09-19 13:07:07.806,421.6527829700327,97
2024-09-19 13:07:07.818,421.64510452391977,7
2024-09-19 13:07:07.914,421.6361650207359,98
2024-09-19 13:07:08.124,421.6741444414255,99
2024-09-19 13:07:08.136,421.7172108151885,105
2024-09-19 13:07:08.147,421.7191081818432,995
2024-09-19 13:07:08.219,421.6594471727519,13
2024-09-19 13:07:08.228,421.7564224963469,1005
2024-09-19 13:07:08.252,421.6608904153626,1004
2024-09-19 13:07:08.271,421.7460038855538,999
2024-09-19 13:07:08.388,421.6487887324229,1001
2024-09-19 13:07:08.421,421.7716366972314,1002
2024-09-19 13:07:08.467,42.16618737453337,105
2024-09-19 13:07:08.474,421.6439765402762,997
2024-09-19 13:07:08.483,421.7145736428583,95
2024-09-19 13:07:08.518,421.72527267991,103
2024-09-19 13:07:08.525,421.7038795757087,105
2024-09-19 13:07:08.543,421.7148242897383,99
2024-09-19 13:07:08.589,421.742607146012,104
2024-09-19 13:07:08.638,421.7038131951277,997
2024-09-19 13:07:08.660,421.6787517391592,1004
2024-09-19 13:07:08.671,421.7428642929532,102
2024-09-19 13:07:08.716,421.6800471665047,95
2024-09-19 13:07:08.780,421.7098114127692,15
2024-09-19 13:07:08.925,421.73065719812826,997
2024-09-19 13:07:08.967,421.7374850068426,1001
2024-09-19 13:07:09.015,421.70672847781134,99
2024-09-19 13:07:09.097,421.764435928086,998
2024-09-19 13:07:09.159,421.6800182942171,999
2024-09-19 13:07:09.275,421.7196490582333,998
2024-09-19 13:07:09.286,421.7219090942244,98
2024-09-19 13:07:09.350,421.70843089359226,8
2024-09-19 13:07:09.454,421.7949210928859,996
2024-09-19 13:07:09.563,421.6919354089762,97
2024-09-19 13:07:09.603,421.74235446606144,998
2024-09-19 13:07:09.624,421.712004215369,101
2024-09-19 13:07:09.681,421.7800878007792,998
2024-09-19 13:07:09.703,421.7013675496104,9
2024-09-19 13:07:09.736,421.6877367372451,99
2024-09-19 13:07:09.742,421.68230235043984,1005
2024-09-19 13:07:09.808,421.7135965044801,98
2024-09-19 13:07:09.950,421.7113153803042,10
2024-09-19 13:07:10.125,421.8259610110091,5
2024-09-19 13:07:10.171,421.82009595139726,10
2024-09-19 13:07:10.248,421.8128842896057,6
2024-09-19 13:07:10.252,421.8360339755779,1004
2024-09-19 13:07:10.263,421.8190563481247,13
2024-09-19 13:07:10.332,421.7999787893854,5
2024-09-19 13:07:10.360,421.819721833908,12
2024-09-19 13:07:10.447,421.8353301413754,1001
2024-09-19 13:07:10.497,421.8030153579455,100
2024-09-19 13:07:10.532,421.8325412687877,1001
2024-09-19 13:07:10.590,421.8586328207389,6
2024-09-19 13:07:10.608,421.8736965295211,7
2024-09-19 13:07:10.814,421.8147082989146,10
2024-09-19 13:07:10.817,421.8358022205452,103
2024-09-19 13:07:10.831,421.8462422123376,997
2024-09-19 13:07:10.897,421.8363306683968,998
2024-09-19 13:07:10.956,421.81771286512935,1003
2024-09-19 13:07:11.010,421.832974650349,95
2024-09-19 13:07:11.031,421.9487632448111,1002
2024-09-19 13:07:11.090,421.9496174761164,996
2024-09-19 13:07:11.159,421.9437422362993,12
2024-09-19 13:07:11.205,421.85078008664095,997
2024-09-19 13:07:11.219,421.9119724983558,8
2024-09-19 13:07:11.226,421.8631633928835,1000
2024-09-19 13:07:11.315,421.93288054729726,99
2024-09-19 13:07:11.374,421.8960351814193,97
2024-09-19 13:07:11.413,421.9325573788624,996
2024-09-19 13:07:11.438,421.8855844887533,105
2024-09-19 13:07:11.539,421.91961595871294,997
2024-09-19 13:07:11.554,421.9469104083764,999
2024-09-19 13:07:11.564,421.93142952958726,100
2024-09-19 13:07:11.607,421.8400532970254,999
2024-09-19 13:07:11.722,421.9377454998334,998
2024-09-19 13:07:11.737,421.9167090038484,8
2024-09-19 13:07:11.741,421.9224776999777,95
2024-09-19 13:07:11.746,421.9007007613025,104
2024-09-19 13:07:11.876,421.90304744369007,15
2024-09-19 13:07:11.886,421.8401190980216,99
2024-09-19 13:07:11.916,421.9155703692238,996
2024-09-19 13:07:11.917,421.93604883282165,13
2024-09-19 13:07:11.930,421.9457083706546,995
2024-09-19 13:07:11.954,-421.9547506385023,6
2024-09-19 13:07:12.000,421.8740875520032,999
2024-09-19 13:07:12.009,421.8704103068968,1003
2024-09-19 13:07:12.026,421.8437444334537,99
2024-09-19 13:07:12.031,421.8530050602987,10
2024-09-19 13:07:12.062,421.8229518317024,997
2024-09-19 13:07:12.091,421.8489355008044,1003
2024-09-19 13:07:12.106,421.8286940725645,7
2024-09-19 13:07:12.123,421.8926467721428,100
2024-09-19 13:07:12.178,421.8285169308216,1000
2024-09-19 13:07:12.215,421.842718777416,98
2024-09-19 13:07:12.284,421.9030993098412,1002
2024-09-19 13:07:12.291,421.8466691992815,104
2024-09-19 13:07:12.418,421.8478194874457,95
2024-09-19 13:07:12.421,421.8629153493857,996
2024-09-19 13:07:12.438,421.8315585191952,99
2024-09-19 13:07:12.544,421.8409541650523,10
2024-09-19 13:07:12.625,421.8775487797225,95
2024-09-19 13:07:12.629,421.83862741797833,15
2024-09-19 13:07:12.714,421.88377395244976,98
2024-09-19 13:07:12.727,421.9029944712497,105
2024-09-19 13:07:12.758,421.8764733589245,1004
2024-09-19 13:07:12.762,421.89328250754073,15
2024-09-19 13:07:12.773,421.8835196608844,103
2024-09-19 13:07:12.791,-421.88496138716863,8
2024-09-19 13:07:12.846,421.8385132916421,1002
2024-09-19 13:07:12.913,421.8840750907515,10
2024-09-19 13:07:12.940,421.8271134938454,103
2024-09-19 13:07:12.943,421.8998692884219,1004
2024-09-19 13:07:12.944,421.8791621028236,1000
2024-09-19 13:07:12.982,421.9009325510355,100
2024-09-19 13:07:13.015,421.840284464233,1001
2024-09-19 13:07:13.121,421.82358475363503,1002
2024-09-19 13:07:13.171,421.83148351493605,96
2024-09-19 13:07:13.202,421.8532080159816,1000
2024-09-19 13:07:13.266,421.8277238354952,1005
2024-09-19 13:07:13.285,421.8431840736944,9
2024-09-19 13:07:13.323,421.8486261360841,1002
2024-09-19 13:07:13.333,421.8543860828451,996
2024-09-19 13:07:13.342,421.8288518702954,95
2024-09-19 13:07:13.389,421.87349156539335,997
2024-09-19 13:07:13.429,421.8499792461613,11
2024-09-19 13:07:13.541,421.8409866739904,997
2024-09-19 13:07:13.556,421.8359557930549,1002
2024-09-19 13:07:13.577,421.8531270956351,102
2024-09-19 13:07:13.590,421.8165115020545,96
2024-09-19 13:07:13.626,421.8569618320444,97
2024-09-19 13:07:13.632,421.8241803187411,1001
2024-09-19 13:07:13.638,421.8440060505774,1003
2024-09-19 13:07:13.694,421.8641591068085,101
2024-09-19 13:07:13.718,421.8507436862705,13
2024-09-19 13:07:13.724,421.8690224117487,105
2024-09-19 13:07:13.737,421.86274174264105,997
2024-09-19 13:07:13.815,421.8354532189732,1002
2024-09-19 13:07:13.886,421.82641722407374,1003
2024-09-19 13:07:13.910,421.8431252639221,7
2024-09-19 13:07:13.970,421.8241823603316,100
2024-09-19 13:07:14.039,421.8411567649603,1001
2024-09-19 13:07:14.332,421.8440128451112,995
2024-09-19 13:07:14.389,421.8397011083346,5
2024-09-19 13:07:14.441,421.853390754528,1002
2024-09-19 13:07:14.671,421.8252401169022,996
2024-09-19 13:07:14.886,421.8368711595529,101
2024-09-19 13:07:14.894,421.8663712130685,1002
2024-09-19 13:07:15.130,421.832152720536,997
2024-09-19 13:07:15.133,421.8191091707725,15
2024-09-19 13:07:15.150,421.8214514978321,98
2024-09-19 13:07:15.159,421.8041829279489,7
2024-09-19 13:07:15.214,421.7545551156496,11
2024-09-19 13:07:15.262,421.8365633266191,9
2024-09-19 13:07:15.264,421.8101084967916,10
2024-09-19 13:07:15.278,421.7537238142406,102
2024-09-19 13:07:15.315,421.7706091639794,1003
2024-09-19 13:07:15.340,421.79467273640097,98
2024-09-19 13:07:15.378,421.8266732553392,1000
2024-09-19 13:07:15.460,421.82764387341007,96
2024-09-19 13:07:15.499,421.7788806457447,101
2024-09-19 13:07:15.612,421.7522698345296,13
2024-09-19 13:07:15.673,421.81240635338565,96
2024-09-19 13:07:15.701,421.8052567759119,98
2024-09-19 13:07:15.717,421.7960701118674,1000
2024-09-19 13:07:15.735,421.7737602908858,1003
2024-09-19 13:07:15.743,421.7389473486114,1002
2024-09-19 13:07:15.771,421.7956363190963,995
2024-09-19 13:07:15.774,421.81006247855214,101
2024-09-19 13:07:15.781,421.82008162465627,1000
2024-09-19 13:07:15.790,421.82682146302216,13
2024-09-19 13:07:15.817,421.8014175032288,1005
2024-09-19 13:07:15.928,421.80932346629953,11
2024-09-19 13:07:15.943,421.78624249682775,104
2024-09-19 13:07:15.976,421.7947555548377,1000
2024-09-19 13:07:16.076,421.7330961625775,97
2024-09-19 13:07:16.195,421.7613553211907,12
2024-09-19 13:07:16.270,42.17184176617399,8
2024-09-19 13:07:16.291,421.7434381468705,102
2024-09-19 13:07:16.322,421.7490822352154,9
2024-09-19 13:07:16.339,421.73819221829285,15
2024-09-19 13:07:16.346,421.7238470610742,99
2024-09-19 13:07:16.367,421.7325164390363,97
2024-09-19 13:07:16.459,421.7587885038178,97
2024-09-19 13:07:16.488,421.7408120331412,999
2024-09-19 13:07:16.635,421.7210083853861,10
2024-09-19 13:07:16.646,421.7554513522391,995
2024-09-19 13:07:16.739,421.7394977656664,6
2024-09-19 13:07:17.014,421.6994330635627,100
2024-09-19 13:07:17.106,421.67650481480047,99
2024-09-19 13:07:17.120,421.69062442313975,10
2024-09-19 13:07:17.167,421.5904487375349,1000
2024-09-19 13:07:17.180,421.6758815793568,14
2024-09-19 13:07:17.190,421.58125253141736,998
2024-09-19 13:07:17.323,421.5878479860568,14
2024-09-19 13:07:17.323,421.7305308380157,998
2024-09-19 13:07:17.395,421.6691180067796,105
2024-09-19 13:07:17.429,421.7045415491672,998
2024-09-19 13:07:17.511,421.65883039066176,96
2024-09-19 13:07:17.557,421.6667218902072,999
2024-09-19 13:07:17.560,421.6733166946999,98
2024-09-19 13:07:17.602,421.7482281447268,13
2024-09-19 13:07:17.684,421.6495981706893,14
2024-09-19 13:07:17.727,421.74399558024754,98
2024-09-19 13:07:17.729,421.71206947609033,1004
2024-09-19 13:07:17.736,421.6763240582832,1005
2024-09-19 13:07:17.763,421.6967604812669,7
2024-09-19 13:07:17.830,421.69859857893607,97
2024-09-19 13:07:17.853,421.7040199832612,1003
2024-09-19 13:07:17.871,421.5947285967422,96
2024-09-19 13:07:17.897,421.61368259049857,101
2024-09-19 13:07:17.909,421.73096356143634,15
2024-09-19 13:07:17.964,421.64106478165473,11
2024-09-19 13:07:18.015,421.5878617104573,97
2024-09-19 13:07:18.264,421.6304795242976,9
2024-09-19 13:07:18.268,421.5948518103778,14
2024-09-19 13:07:18.312,421.6065575916808,95
2024-09-19 13:07:18.338,421.6086398403743,1005
2024-09-19 13:07:18.341,421.6212070571979,9
2024-09-19 13:07:18.567,,101
2024-09-19 13:07:18.586,421.6238961938926,97
2024-09-19 13:07:18.616,421.624872730778,103
2024-09-19 13:07:18.627,421.6231860383961,999
2024-09-19 13:07:18.628,421.6170010708788,9
2024-09-19 13:07:18.746,421.6143284082022,8
2024-09-19 13:07:18.785,421.618028372073,15
2024-09-19 13:07:18.915,421.59374660467626,105
2024-09-19 13:07:18.941,421.5866651320728,101
2024-09-19 13:07:19.013,421.57107350587336,15
2024-09-19 13:07:19.110,421.5831473686108,1001
2024-09-19 13:07:19.172,421.5532129899468,1005
2024-09-19 13:07:19.280,421.5828703221628,95
2024-09-19 13:07:19.297,421.54761110860096,104
2024-09-19 13:07:19.301,421.57624775368544,96
2024-09-19 13:07:19.349,421.59944158182793,5
2024-09-19 13:07:19.373,421.5696322770564,98
2024-09-19 13:07:19.377,421.5882565516374,8
2024-09-19 13:07:19.407,421.5837056290136,1001
2024-09-19 13:07:19.415,421.5774509754735,997
2024-09-19 13:07:19.487,421.5787146411011,9
2024-09-19 13:07:19.489,421.5508160509331,99
2024-09-19 13:07:19.523,421.57644600971895,1004
2024-09-19 13:07:19.534,421.5546346149752,10
2024-09-19 13:07:19.568,421.5372124408745,996
2024-09-19 13:07:19.584,421.53593439767286,104
2024-09-19 13:07:19.682,421.587327364498,6
2024-09-19 13:07:19.722,421.5773819430865,97
2024-09-19 13:07:19.745,421.5674523804095,97
2024-09-19 13:07:19.828,421.6057665046411,8
2024-09-19 13:07:19.885,421.5977881253729,105
2024-09-19 13:07:19.896,421.5768524131336,998
2024-09-19 13:07:19.999,421.5710191854562,12
2024-09-19 13:07:20.052,421.5614043131442,999
2024-09-19 13:07:20.054,42.15909857194666,1002
2024-09-19 13:07:20.086,421.60418799737386,101
2024-09-19 13:07:20.126,421.5964192078271,998
2024-09-19 13:07:20.153,421.6265285606795,5
2024-09-19 13:07:20.261,421.5891804648387,1005
2024-09-19 13:07:20.373,421.60444710629486,7
2024-09-19 13:07:20.376,421.5647215741839,999
2024-09-19 13:07:20.419,421.57388972645134,996
2024-09-19 13:07:20.447,421.6136646631718,995
2024-09-19 13:07:20.513,421.60940394033656,1000
2024-09-19 13:07:20.534,421.5696626492551,10
2024-09-19 13:07:20.534,421.61640649701445,1000
2024-09-19 13:07:20.615,421.5673864252958,95
2024-09-19 13:07:20.663,421.6130418902004,1000
2024-09-19 13:07:20.745,421.6222404076159,11
2024-09-19 13:07:20.770,421.64207572955945,998
2024-09-19 13:07:20.826,421.6443324146839,5
2024-09-19 13:07:21.004,421.6437878590594,6
2024-09-19 13:07:21.015,421.6496946761803,99
2024-09-19 13:07:21.016,421.6420169471057,997
2024-09-19 13:07:21.100,421.6501315701324,997
2024-09-19 13:07:21.127,421.6322402838264,10
2024-09-19 13:07:21.183,421.665729608787,999
2024-09-19 13:07:21.406,421.6300104084183,101
2024-09-19 13:07:21.426,421.6220787451037,95
2024-09-19 13:07:21.432,42.163575225716016,10
2024-09-19 13:07:21.512,421.6432231839947,9
2024-09-19 13:07:21.564,421.6606675975085,1002
2024-09-19 13:07:21.599,421.6588619951839,15
2024-09-19 13:07:21.631,421.648083247045,11
2024-09-19 13:07:21.722,421.6448980637648,996
2024-09-19 13:07:21.889,421.6511255948012,8
2024-09-19 13:07:22.008,421.6992611791211,1000
2024-09-19 13:07:22.014,421.6539653331214,97
2024-09-19 13:07:22.048,421.7236359874519,998
2024-09-19 13:07:22.057,421.7381019041418,1001
2024-09-19 13:07:22.094,421.6794486227197,96
2024-09-19 13:07:22.244,421.7499794211474,15
2024-09-19 13:07:22.302,421.71854625952335,5
2024-09-19 13:07:22.333,421.7818511774984,105
2024-09-19 13:07:22.356,421.7596291784664,999
2024-09-19 13:07:22.386,421.7236942249773,97
2024-09-19 13:07:22.470,421.7202017347768,102
2024-09-19 13:07:22.525,421.7429567659877,997
2024-09-19 13:07:22.538,421.7264571830069,95
2024-09-19 13:07:22.571,421.7225735914967,995
2024-09-19 13:07:22.590,421.7338263542742,95
2024-09-19 13:07:22.595,421.7362231367648,100
2024-09-19 13:07:22.608,421.75011106255766,995
2024-09-19 13:07:22.630,421.7513330841695,101
2024-09-19 13:07:22.696,,12
2024-09-19 13:07:22.770,421.76362728862864,95
2024-09-19 13:07:22.792,421.7696243364291,1002
2024-09-19 13:07:22.879,421.6540920503019,995
2024-09-19 13:07:22.927,421.7625748009734,103
2024-09-19 13:07:22.946,421.7593312623285,14
2024-09-19 13:07:23.034,421.7723434983624,98
2024-09-19 13:07:23.193,421.7791374532168,105
2024-09-19 13:07:23.202,421.7726858830072,10
2024-09-19 13:07:23.211,421.769792294019,9
2024-09-19 13:07:23.221,421.7705841046133,998
2024-09-19 13:07:23.239,421.76693846866056,8
2024-09-19 13:07:23.504,421.7617119254843,998
2024-09-19 13:07:23.790,421.761910823137,95
2024-09-19 13:07:23.997,421.76718597229456,103
2024-09-19 13:07:24.108,421.78128049709767,996
2024-09-19 13:07:24.124,421.76319551441,1003
2024-09-19 13:07:24.214,-421.7895537127712,15
2024-09-19 13:07:24.308,421.75370922410747,100
2024-09-19 13:07:24.334,421.7715078557261,12
2024-09-19 13:07:24.397,421.7708309650576,1002
2024-09-19 13:07:24.442,421.78247511696895,100
2024-09-19 13:07:24.572,421.7980495857379,10
2024-09-19 13:07:24.592,421.79832023004064,12
2024-09-19 13:07:24.642,,1000
2024-09-19 13:07:24.685,421.787771732098,1005
2024-09-19 13:07:24.789,421.78446146032246,996
2024-09-19 13:07:24.966,421.7916593687453,5
2024-09-19 13:07:24.976,421.79727194940966,10
2024-09-19 13:07:25.013,421.7165825836123,8
2024-09-19 13:07:25.038,421.756828037735,8
2024-09-19 13:07:25.052,421.7535464507135,96
2024-09-19 13:07:25.099,421.781076736632,1002
2024-09-19 13:07:25.117,421.7203987622744,105
2024-09-19 13:07:25.123,421.7716926459933,997
2024-09-19 13:07:25.123,421.7709634457228,96
2024-09-19 13:07:25.131,421.7261674419965,103
2024-09-19 13:07:25.205,421.7268615344885,7
2024-09-19 13:07:25.335,421.7267192320113,98
2024-09-19 13:07:25.379,421.7693707669294,98
2024-09-19 13:07:25.401,421.7555799144825,97
2024-09-19 13:07:25.411,421.7713713782138,14
2024-09-19 13:07:25.458,421.74443180924527,995
2024-09-19 13:07:25.481,421.742959288138,1001
2024-09-19 13:07:25.526,421.74632066949,97
2024-09-19 13:07:25.548,421.7615774597932,5
2024-09-19 13:07:25.585,421.77938513848255,99
2024-09-19 13:07:25.585,421.752575479276,8
2024-09-19 13:07:25.610,421.7326179416267,8
2024-09-19 13:07:25.689,421.7204681210084,11
2024-09-19 13:07:25.704,421.7138244231742,7
2024-09-19 13:07:25.789,421.7249933490406,104
2024-09-19 13:07:25.867,421.75933391435234,105
2024-09-19 13:07:25.981,421.7727078745648,11
2024-09-19 13:07:26.135,421.74052620249824,102
2024-09-19 13:07:26.175,421.7421362928925,11
2024-09-19 13:07:26.195,421.7627529939138,95
2024-09-19 13:07:26.201,421.7337400982044,1001
2024-09-19 13:07:26.208,421.6962772252213,5
2024-09-19 13:07:26.232,421.7528359061995,97
2024-09-19 13:07:26.236,421.75560830888,13
2024-09-19 13:07:26.279,421.7069110896925,997
2024-09-19 13:07:26.298,421.75265052615055,11
2024-09-19 13:07:26.346,421.72506743189865,7
2024-09-19 13:07:26.358,421.743788949102,998
2024-09-19 13:07:26.394,421.69638342023984,13
2024-09-19 13:07:26.471,421.7284804747802,15
2024-09-19 13:07:26.490,421.7621949708373,96
2024-09-19 13:07:26.563,421.68216435673537,11
2024-09-19 13:07:26.567,421.7258277098212,1005
2024-09-19 13:07:26.577,421.7083632078256,15
2024-09-19 13:07:26.604,421.6903497213086,105
2024-09-19 13:07:26.609,421.7619088175909,6
2024-09-19 13:07:26.626,421.7048663156821,101
2024-09-19 13:07:26.692,421.7463327005968,12
2024-09-19 13:07:26.693,421.68689788383057,97
2024-09-19 13:07:26.753,421.7181041505221,1000
2024-09-19 13:07:26.886,421.70491495998846,10
2024-09-19 13:07:27.139,421.68699796463295,995
2024-09-19 13:07:27.759,421.69973589922665,1000
2024-09-19 13:07:27.950,421.693491265922,12
2024-09-19 13:07:28.024,421.7135870980381,995
2024-09-19 13:07:28.061,421.7034109161975,1002
2024-09-19 13:07:28.129,421.6646412751078,99
2024-09-19 13:07:28.137,421.72990488488,1002
2024-09-19 13:07:28.238,421.7141267411967,102
2024-09-19 13:07:28.265,421.6990901448655,15
2024-09-19 13:07:28.376,421.6726820294583,5
2024-09-19 13:07:28.378,421.70359947889904,105
2024-09-19 13:07:28.395,421.7287139986932,998
2024-09-19 13:07:28.439,421.67573626837424,7
2024-09-19 13:07:28.449,421.6881444670086,1002
2024-09-19 13:07:28.452,421.71441894989135,95
2024-09-19 13:07:28.562,421.7290130525086,1000
2024-09-19 13:07:28.585,421.7142078237305,96
2024-09-19 13:07:28.586,421.7114023292755,1003
2024-09-19 13:07:28.633,421.6889073193345,997
2024-09-19 13:07:28.645,421.697906254455,14
2024-09-19 13:07:28.656,421.711679926423,6
2024-09-19 13:07:28.685,421.6976824002999,999
2024-09-19 13:07:28.689,421.6957929125824,995
2024-09-19 13:07:28.787,421.70377360452414,14
2024-09-19 13:07:28.836,421.7197033421517,5
2024-09-19 13:07:28.873,421.7069099775472,1000
2024-09-19 13:07:28.889,421.6918437227703,8
2024-09-19 13:07:28.890,421.6905596662794,1001
2024-09-19 13:07:28.917,421.6907917919041,5
2024-09-19 13:07:28.946,421.7398312994291,102
2024-09-19 13:07:29.236,421.7404324717678,97
2024-09-19 13:07:29.482,421.7433727563733,1001
2024-09-19 13:07:29.943,421.7557680774298,102
2024-09-19 13:07:30.003,421.713568550177,9
2024-09-19 13:07:30.133,421.7452193911808,96
2024-09-19 13:07:30.160,421.76690870536737,1000
2024-09-19 13:07:30.271,421.7738602771382,1001
2024-09-19 13:07:30.273,421.72636661895103,12
2024-09-19 13:07:30.306,421.77542858150446,998
2024-09-19 13:07:30.314,421.7289688623109,12
2024-09-19 13:07:30.317,421.7552318269673,13
2024-09-19 13:07:30.342,421.7205623851714,103
2024-09-19 13:07:30.352,421.7470666858612,1003
2024-09-19 13:07:30.405,421.7427987920189,103
2024-09-19 13:07:30.417,421.74126009868905,12
2024-09-19 13:07:30.428,421.7364358171616,5
2024-09-19 13:07:30.440,421.7906373100273,995
2024-09-19 13:07:30.455,421.7422059129971,1003
2024-09-19 13:07:30.470,421.7245876748488,103
2024-09-19 13:07:30.517,421.7518263729621,95
2024-09-19 13:07:30.541,421.7398774362483,96
2024-09-19 13:07:30.543,421.7257388993029,1001
2024-09-19 13:07:30.571,421.7903296974408,97
2024-09-19 13:07:30.578,-421.77228026359165,9
2024-09-19 13:07:30.665,421.7246283451299,996
2024-09-19 13:07:30.695,421.7219345764287,97
2024-09-19 13:07:30.795,421.72802074919673,6
2024-09-19 13:07:30.912,421.7237646323375,101
2024-09-19 13:07:30.920,421.7532879887494,12
2024-09-19 13:07:30.930,421.7455270085376,9
2024-09-19 13:07:30.933,421.73912222314266,95
2024-09-19 13:07:31.128,421.748998856326,97
2024-09-19 13:07:31.230,421.7731699352276,96
2024-09-19 13:07:31.283,421.7559044841486,1005
2024-09-19 13:07:31.313,421.7452928756885,103
2024-09-19 13:07:31.409,421.7404303365503,10
2024-09-19 13:07:31.430,421.7604056738905,8
2024-09-19 13:07:31.540,421.74203761732696,98
2024-09-19 13:07:31.571,421.8192184056327,6
2024-09-19 13:07:31.671,421.7997299355858,1004
2024-09-19 13:07:31.692,421.8102435966927,997
2024-09-19 13:07:31.815,421.73251241780207,998
2024-09-19 13:07:32.042,421.8524546992837,105
2024-09-19 13:07:32.141,421.8436329346319,15
2024-09-19 13:07:32.354,421.8500593212542,997
2024-09-19 13:07:32.408,421.8557704951991,1005
2024-09-19 13:07:32.457,421.8382881030633,995
2024-09-19 13:07:32.506,421.8519152149317,102
2024-09-19 13:07:32.569,421.837014078216,8
2024-09-19 13:07:32.577,421.8367767636668,997
2024-09-19 13:07:32.594,421.8548258978715,1001
2024-09-19 13:07:32.603,421.8361560474374,999
2024-09-19 13:07:32.780,421.8448105794277,100
2024-09-19 13:07:33.044,-421.8399288057909,999
2024-09-19 13:07:33.087,421.8375139366197,9
2024-09-19 13:07:33.098,421.8229661546918,95
2024-09-19 13:07:33.141,421.79923742420266,8
2024-09-19 13:07:33.198,421.8251970376625,996
2024-09-19 13:07:33.220,421.7786541906894,103
2024-09-19 13:07:33.224,421.8225386215309,103
2024-09-19 13:07:33.393,421.8197258287716,99
2024-09-19 13:07:33.400,421.7916693812643,102
2024-09-19 13:07:33.485,421.8238284707471,104
2024-09-19 13:07:33.510,421.8227795990608,11
2024-09-19 13:07:33.546,421.8331215193408,12
2024-09-19 13:07:33.780,421.8062036560413,1003
2024-09-19 13:07:33.971,421.7937113866267,13
2024-09-19 13:07:34.009,421.8385877613258,14
2024-09-19 13:07:34.104,421.80945346871545,6
2024-09-19 13:07:34.138,421.8187121537028,996
2024-09-19 13:07:34.145,421.8138113745142,14
2024-09-19 13:07:34.149,421.78623802271903,998
2024-09-19 13:07:34.150,421.8409801847728,1004
2024-09-19 13:07:34.203,,6
2024-09-19 13:07:34.213,421.8470389573329,9
2024-09-19 13:07:34.233,421.7989194935267,15
2024-09-19 13:07:34.329,421.77646065181176,13
2024-09-19 13:07:34.333,421.80220475935965,101
2024-09-19 13:07:34.336,421.7690126896504,99
2024-09-19 13:07:34.340,421.79740189715153,13
2024-09-19 13:07:34.365,421.774360972665,98
2024-09-19 13:07:34.373,421.83955205377504,10
2024-09-19 13:07:34.408,421.8369782125275,1002
2024-09-19 13:07:34.448,421.77558388433016,1005
2024-09-19 13:07:34.454,421.8137336597694,997
2024-09-19 13:07:34.470,421.81568634270377,10
2024-09-19 13:07:34.473,421.794161056316,999
2024-09-19 13:07:34.507,421.81225283349903,103
2024-09-19 13:07:34.555,421.8479862243277,104
2024-09-19 13:07:34.594,421.8091291102141,1001
2024-09-19 13:07:34.600,421.7779612954861,996
2024-09-19 13:07:34.611,421.7669688960378,998
2024-09-19 13:07:34.704,421.8065292903161,995
2024-09-19 13:07:34.815,421.7918893294855,102
2024-09-19 13:07:34.925,421.80483926186326,1005
2024-09-19 13:07:35.007,421.73805988775285,103
2024-09-19 13:07:35.057,-421.8155546535024,105
2024-09-19 13:07:35.065,421.78326414089474,998
2024-09-19 13:07:35.074,421.76161516077264,996
2024-09-19 13:07:35.095,421.7487657293798,1003
2024-09-19 13:07:35.098,421.7912170314054,12
2024-09-19 13:07:35.104,421.7508477218517,1000
2024-09-19 13:07:35.145,421.7487005832406,103
2024-09-19 13:07:35.157,421.73967319177007,7
2024-09-19 13:07:35.191,421.768215947112,8
2024-09-19 13:07:35.211,421.7657035709217,99
2024-09-19 13:07:35.251,421.7602732218838,103
2024-09-19 13:07:35.280,421.7602323392687,15
2024-09-19 13:07:35.308,421.7515142707977,99
2024-09-19 13:07:35.406,421.7621237335962,97
2024-09-19 13:07:35.426,421.7557611389074,96
2024-09-19 13:07:35.504,421.7975976002708,11
2024-09-19 13:07:35.563,421.72556375604745,102
2024-09-19 13:07:35.564,421.7765932099185,996
2024-09-19 13:07:35.592,421.753601438877,11
2024-09-19 13:07:35.755,421.7621025193976,5
2024-09-19 13:07:35.776,421.7694695975478,10
2024-09-19 13:07:36.050,,998
2024-09-19 13:07:36.152,421.7962909886485,10
2024-09-19 13:07:36.236,421.775260373532,14
2024-09-19 13:07:36.352,421.7935292153002,1001
2024-09-19 13:07:36.413,421.8224097067121,996
2024-09-19 13:07:36.576,421.79607802037,996
2024-09-19 13:07:36.704,421.7725411319277,103
2024-09-19 13:07:36.755,42.17909479836536,9
2024-09-19 13:07:36.805,421.7973713221184,5
2024-09-19 13:07:36.908,421.7906678259303,9
2024-09-19 13:07:36.910,421.8013723354922,1003
2024-09-19 13:07:36.912,421.79785002901536,13
2024-09-19 13:07:37.282,421.7298724624404,1000
2024-09-19 13:07:37.443,421.7584020169363,1005
2024-09-19 13:07:37.578,421.74256865781416,100
2024-09-19 13:07:37.686,421.7361708251259,99
2024-09-19 13:07:37.712,421.7496391665505,103
2024-09-19 13:07:38.008,421.7492107045057,1004
2024-09-19 13:07:38.024,421.7497612673544,1005
2024-09-19 13:07:38.171,421.7840866415782,6
2024-09-19 13:07:38.178,421.7532764550492,995
2024-09-19 13:07:38.207,421.7583529048949,104
2024-09-19 13:07:38.219,421.7820943040475,998
2024-09-19 13:07:38.228,421.7483502877045,1000
2024-09-19 13:07:38.249,421.7507544717442,95
2024-09-19 13:07:38.271,421.7450840825713,998
2024-09-19 13:07:38.355,421.75475217136994,1001
2024-09-19 13:07:38.419,421.759674772074,96
2024-09-19 13:07:38.550,421.7677090274504,12
2024-09-19 13:07:38.560,421.7394945111532,999
2024-09-19 13:07:38.588,421.7732198171979,103
2024-09-19 13:07:38.598,-421.7536735590506,99
2024-09-19 13:07:38.689,421.79113770814496,5
2024-09-19 13:07:38.792,421.8001379271826,996
2024-09-19 13:07:38.798,421.7786769200624,99
2024-09-19 13:07:38.799,421.77166248364335,995
2024-09-19 13:07:38.830,421.7526922836262,102
2024-09-19 13:07:38.857,421.7804565671349,10
2024-09-19 13:07:38.915,421.7897810192371,102
2024-09-19 13:07:38.929,421.7464946625364,104
2024-09-19 13:07:38.968,421.7880194536512,996
2024-09-19 13:07:39.017,421.7806271312708,1005
2024-09-19 13:07:39.068,421.78516121719787,6
2024-09-19 13:07:39.159,421.7749715884817,12
2024-09-19 13:07:39.167,421.7713050096116,98
2024-09-19 13:07:39.243,421.7814603526095,1004
2024-09-19 13:07:39.315,421.7843897635883,1002
2024-09-19 13:07:39.340,421.8002136894754,102
2024-09-19 13:07:39.547,421.77362709034526,995
2024-09-19 13:07:39.592,421.7781502393994,1000
2024-09-19 13:07:39.609,421.78441207959816,996
2024-09-19 13:07:39.642,421.7773485069832,98
2024-09-19 13:07:39.705,421.7733810996313,996
2024-09-19 13:07:39.946,421.8050004697298,995
2024-09-19 13:07:40.042,421.7616992147929,11
2024-09-19 13:07:40.058,421.7464778034147,103
2024-09-19 13:07:40.102,421.7323274604271,96
2024-09-19 13:07:40.129,421.7801292385277,1003
2024-09-19 13:07:40.153,421.7636818514298,6
2024-09-19 13:07:40.197,421.767737534729,105
2024-09-19 13:07:40.207,421.7993510909913,7
2024-09-19 13:07:40.221,421.7252247072232,999
2024-09-19 13:07:40.237,421.75745112314434,996
2024-09-19 13:07:40.271,421.77223386241576,15
2024-09-19 13:07:40.275,421.738825728877,15
2024-09-19 13:07:40.299,421.7612640201194,9
2024-09-19 13:07:40.306,421.8013634425349,99
2024-09-19 13:07:40.430,421.7859220712099,1005
2024-09-19 13:07:40.575,421.7738258357501,5
2024-09-19 13:07:40.618,421.7757319700577,11
2024-09-19 13:07:40.642,421.7552700276221,98
2024-09-19 13:07:40.674,421.7623131164095,8
2024-09-19 13:07:40.682,421.7587840027788,1000
2024-09-19 13:07:40.684,421.7744510346111,95
2024-09-19 13:07:40.721,421.7728652731878,103
2024-09-19 13:07:40.725,421.7589530818755,105
2024-09-19 13:07:40.762,421.7672002817055,6
2024-09-19 13:07:40.765,421.7662811096009,103
2024-09-19 13:07:40.779,421.7200161859745,103
2024-09-19 13:07:40.822,421.7852163151343,1002
2024-09-19 13:07:40.825,421.7959711982221,998
2024-09-19 13:07:40.909,421.7169873293796,9
2024-09-19 13:07:40.960,421.7763974381336,1005
2024-09-19 13:07:40.986,421.7793995062651,1001
2024-09-19 13:07:41.224,421.7793918307822,1001
2024-09-19 13:07:41.392,421.77892047265874,6
2024-09-19 13:07:42.252,421.750264055336,997
2024-09-19 13:07:42.284,421.7873571102503,5
2024-09-19 13:07:42.449,421.7727346254243,1005
2024-09-19 13:07:42.531,421.7983854787455,10
2024-09-19 13:07:42.539,421.7724535065434,101
2024-09-19 13:07:42.675,421.76154219913343,995
2024-09-19 13:07:42.721,421.77157577458496,100
2024-09-19 13:07:43.030,421.6909177565831,1000
2024-09-19 13:07:43.041,421.7264790547029,1003
2024-09-19 13:07:43.118,421.6799103508448,1000
2024-09-19 13:07:43.128,421.7465644137089,1005
2024-09-19 13:07:43.218,421.7191789554533,999
2024-09-19 13:07:43.271,421.7071886164973,12
2024-09-19 13:07:43.454,421.69551355910863,997
2024-09-19 13:07:43.522,421.6869618424373,13
2024-09-19 13:07:43.601,421.7313999967953,10
2024-09-19 13:07:43.744,421.7150307010846,14
2024-09-19 13:07:43.883,421.7456849030816,13
2024-09-19 13:07:44.000,421.7357358076693,997
2024-09-19 13:07:44.031,421.7426245753579,9
2024-09-19 13:07:44.038,421.70087690498406,996
2024-09-19 13:07:44.146,-421.724576350321,102
2024-09-19 13:07:44.158,421.71395191312246,96
2024-09-19 13:07:44.159,421.6593927497318,996
2024-09-19 13:07:44.176,421.6926848774315,96
2024-09-19 13:07:44.202,421.7576990858184,996
2024-09-19 13:07:44.236,421.7018188607153,1005
2024-09-19 13:07:44.248,421.6667880932811,99
2024-09-19 13:07:44.293,421.7165495938231,995
2024-09-19 13:07:44.319,421.7268092568684,1004
2024-09-19 13:07:44.342,421.7384773202774,104
2024-09-19 13:07:44.355,421.7165740290512,1003
2024-09-19 13:07:44.378,421.67709948469945,100
2024-09-19 13:07:44.464,421.7356169569911,105
2024-09-19 13:07:44.486,421.7148034225669,1002
2024-09-19 13:07:44.543,421.7466123996771,102
2024-09-19 13:07:44.577,421.7104728038584,98
2024-09-19 13:07:44.595,421.732719199172,103
2024-09-19 13:07:44.631,421.7262405815512,13
2024-09-19 13:07:44.652,421.7310707701399,997
2024-09-19 13:07:44.826,421.7111457419795,103
2024-09-19 13:07:44.837,421.7009148321023,1003
2024-09-19 13:07:44.845,421.7306219452401,12
2024-09-19 13:07:44.845,421.7349010854284,1003
2024-09-19 13:07:44.866,421.7506406215445,1004
2024-09-19 13:07:44.916,421.7424914454506,15
2024-09-19 13:07:44.968,421.7066015028127,100
2024-09-19 13:07:45.072,421.6475628954785,101
2024-09-19 13:07:45.113,421.6661281020303,97
2024-09-19 13:07:45.143,421.7008454343599,999
2024-09-19 13:07:45.208,421.6486651187249,8
2024-09-19 13:07:45.246,421.6552326027872,1002
2024-09-19 13:07:45.279,421.6561054018436,1005
2024-09-19 13:07:45.316,421.6755989989913,97
2024-09-19 13:07:45.351,421.6799016615527,9
2024-09-19 13:07:45.479,421.66895538382806,998
2024-09-19 13:07:45.534,421.6725651566659,1000
2024-09-19 13:07:45.668,421.6639663263648,995
2024-09-19 13:07:45.730,421.6582175316624,102
2024-09-19 13:07:45.960,421.6470895248933,104
2024-09-19 13:07:46.187,421.7122183155527,995
2024-09-19 13:07:46.658,421.7268936907772,13
2024-09-19 13:07:46.721,421.6912161787536,100
2024-09-19 13:07:46.928,,995
2024-09-19 13:07:47.637,421.7207285318081,1000
2024-09-19 13:07:48.114,421.7323792096638,10
2024-09-19 13:07:48.245,421.7279137738054,1003
2024-09-19 13:07:48.314,-421.747246952138,1001
2024-09-19 13:07:48.437,421.7322762097652,105
2024-09-19 13:07:48.455,421.7195310649692,9
2024-09-19 13:07:48.540,421.7272262140025,97
2024-09-19 13:07:48.598,421.7110512574344,13
2024-09-19 13:07:48.600,421.7113826760117,11
2024-09-19 13:07:48.702,421.7456087542413,996
2024-09-19 13:07:49.012,421.7109424900211,997
2024-09-19 13:07:49.038,421.7185054066429,96
2024-09-19 13:07:49.114,421.7281967529935,1003
2024-09-19 13:07:49.142,421.7088912820311,1005
2024-09-19 13:07:49.171,421.70929476458383,103
2024-09-19 13:07:49.220,421.7367546319474,10
2024-09-19 13:07:49.239,421.7262021441225,997
2024-09-19 13:07:49.294,421.7091608847621,100
2024-09-19 13:07:49.314,421.6925315278625,102
2024-09-19 13:07:49.318,421.7051242532889,1000
2024-09-19 13:07:49.347,421.7370456230267,11
2024-09-19 13:07:49.350,421.7071175618957,96
2024-09-19 13:07:49.358,-421.70400367512855,995
2024-09-19 13:07:49.418,42.16586563448432,5
2024-09-19 13:07:49.439,421.6675476379373,997
2024-09-19 13:07:49.447,421.7100040236328,98
2024-09-19 13:07:49.482,421.71794473215954,7
2024-09-19 13:07:49.553,421.7219189966308,10
2024-09-19 13:07:49.578,421.7130876632506,5
2024-09-19 13:07:49.666,421.6824203743681,5
2024-09-19 13:07:49.763,421.72499781582775,105
2024-09-19 13:07:49.843,,996
2024-09-19 13:07:49.866,421.708735737504,15
2024-09-19 13:07:49.913,421.7085816617383,996
2024-09-19 13:07:49.919,421.7107806871418,99
2024-09-19 13:07:49.921,421.70481476874136,1002
2024-09-19 13:07:49.940,421.7045386544928,11
2024-09-19 13:07:49.941,421.6780800398792,102
2024-09-19 13:07:49.943,421.69391550406925,96
2024-09-19 13:07:50.554,421.6784275424962,6
2024-09-19 13:07:50.685,421.6756513413613,102
2024-09-19 13:07:51.024,421.7100210620415,105
2024-09-19 13:07:51.082,421.6989576036548,7
2024-09-19 13:07:51.151,421.719942479456,997
2024-09-19 13:07:51.176,421.7335282352243,95
2024-09-19 13:07:51.177,421.6962770412643,1002
2024-09-19 13:07:51.178,421.719470075857,100
2024-09-19 13:07:51.285,421.69651970248646,1004
2024-09-19 13:07:51.321,421.711653574379,1002
2024-09-19 13:07:51.342,421.7100383396071,95
2024-09-19 13:07:51.463,421.6908912634053,1002
2024-09-19 13:07:51.607,421.7122236555248,98
2024-09-19 13:07:51.638,421.7079161518337,1000
2024-09-19 13:07:51.644,421.71186527036673,5
2024-09-19 13:07:51.674,421.7174336983345,95
2024-09-19 13:07:51.691,421.7049641177609,11
2024-09-19 13:07:51.695,421.7182850345754,102
2024-09-19 13:07:51.700,421.7057000721555,1002
2024-09-19 13:07:51.877,421.6959070413656,995
2024-09-19 13:07:51.879,421.7126008116815,1003
2024-09-19 13:07:51.917,421.7071202285388,7
2024-09-19 13:07:51.943,421.7007844170151,1001
2024-09-19 13:07:51.962,421.70093903108886,102
2024-09-19 13:07:52.092,421.71526678949147,1003
2024-09-19 13:07:52.174,421.6892637787522,1002
2024-09-19 13:07:52.329,421.69727249400114,10
2024-09-19 13:07:52.482,421.7077021853411,1005
2024-09-19 13:07:52.505,421.7542328457288,995
2024-09-19 13:07:52.813,421.69975005338966,13
2024-09-19 13:07:52.893,421.7093214863818,103
2024-09-19 13:07:52.984,421.70901153871296,1003
2024-09-19 13:07:52.996,421.7489399560838,6
2024-09-19 13:07:53.023,421.7525973974572,12
2024-09-19 13:07:53.106,421.7490216365283,9
2024-09-19 13:07:53.182,42.17538520138653,97
2024-09-19 13:07:53.234,421.7601413944128,15
2024-09-19 13:07:53.516,421.7550696720312,996
2024-09-19 13:07:53.606,421.747484497449,15
2024-09-19 13:07:53.813,421.7520326601443,98
2024-09-19 13:07:54.061,421.7464569546439,11
2024-09-19 13:07:54.080,421.7620922806232,95
2024-09-19 13:07:54.163,421.7891764664592,7
2024-09-19 13:07:54.302,421.744941035934,13
2024-09-19 13:07:54.311,421.7677222006206,101
2024-09-19 13:07:54.313,421.7248024376978,15
2024-09-19 13:07:54.414,421.75857685948944,95
2024-09-19 13:07:54.486,421.7813732298035,1005
2024-09-19 13:07:54.540,421.7782706129707,996
2024-09-19 13:07:54.582,421.79442874353646,995
2024-09-19 13:07:54.593,421.7526368059909,14
2024-09-19 13:07:54.706,421.7671017286583,1005
2024-09-19 13:07:54.800,421.77632594678806,999
2024-09-19 13:07:54.871,421.7701587298378,996
2024-09-19 13:07:54.880,421.7855403287111,1000
2024-09-19 13:07:55.010,421.7654334532938,6
2024-09-19 13:07:55.039,421.7155509175216,14
2024-09-19 13:07:55.045,421.7364356269537,998
2024-09-19 13:07:55.102,421.7606121981224,13
2024-09-19 13:07:55.170,421.7490430988559,1000
2024-09-19 13:07:55.210,421.6674797861723,14
2024-09-19 13:07:55.279,421.6595015790868,99
2024-09-19 13:07:55.320,421.7104277944336,10
2024-09-19 13:07:55.410,421.7086328562372,97
2024-09-19 13:07:55.487,421.6521448320335,998
2024-09-19 13:07:55.500,421.7263514118808,11
2024-09-19 13:07:55.542,421.71538894876215,12
2024-09-19 13:07:55.611,421.7461280182736,10
2024-09-19 13:07:55.623,421.752241144244,996
2024-09-19 13:07:55.644,421.7354052470751,100
2024-09-19 13:07:55.651,421.7641966609908,14
2024-09-19 13:07:55.658,421.6969067401184,1000
2024-09-19 13:07:55.660,421.6629166642787,15
2024-09-19 13:07:55.727,421.7525793411627,12
2024-09-19 13:07:55.730,421.758292261274,11
2024-09-19 13:07:55.738,421.6538823532375,1005
2024-09-19 13:07:55.788,421.7106036154312,10
2024-09-19 13:07:55.859,421.7608671216709,15
2024-09-19 13:07:55.865,421.6510241215761,1000
2024-09-19 13:07:55.898,421.7078965532792,1003
2024-09-19 13:07:55.909,421.6790836783191,96
2024-09-19 13:07:55.948,421.6588430433056,105
2024-09-19 13:07:56.073,,996
2024-09-19 13:07:56.171,421.6566413348658,999
2024-09-19 13:07:56.183,421.6448437619564,95
2024-09-19 13:07:56.523,421.6795985406984,6
2024-09-19 13:07:56.956,421.641476347278,1000
2024-09-19 13:07:57.016,421.6651857059711,7
2024-09-19 13:07:57.073,421.69181167729,105
2024-09-19 13:07:57.076,421.66735675116166,12
2024-09-19 13:07:57.081,421.6488612526343,6
2024-09-19 13:07:57.157,421.6664188068,9
2024-09-19 13:07:57.252,421.6503187919225,5
2024-09-19 13:07:57.269,421.6580279628451,13
2024-09-19 13:07:57.382,421.7009880774641,995
2024-09-19 13:07:57.384,421.7025506980953,95
2024-09-19 13:07:57.425,421.6787691157601,14
2024-09-19 13:07:57.471,421.6396388857303,13
2024-09-19 13:07:57.511,421.6683390015789,104
2024-09-19 13:07:57.539,421.6839918075769,105
2024-09-19 13:07:57.556,42.16505136670047,6
2024-09-19 13:07:57.618,421.64513851358765,6
2024-09-19 13:07:57.632,421.6615222100231,1004
2024-09-19 13:07:57.645,421.6587113828805,96
2024-09-19 13:07:57.653,421.6458428754117,13
2024-09-19 13:07:57.684,421.6715083924343,6
2024-09-19 13:07:57.701,421.62508184506976,99
2024-09-19 13:07:57.763,421.6663101821752,1004
2024-09-19 13:07:57.819,421.66502452950266,98
2024-09-19 13:07:57.823,421.65938298043454,1003
2024-09-19 13:07:57.841,421.7020289068301,1004
2024-09-19 13:07:57.861,421.6690422934771,999
2024-09-19 13:07:57.954,421.6899001205007,9
2024-09-19 13:07:58.024,421.71845171505646,99
2024-09-19 13:07:58.081,421.7685205537911,1002
2024-09-19 13:07:58.093,421.7494944909642,95
2024-09-19 13:07:58.127,421.7021405561034,105
2024-09-19 13:07:58.196,42.17228501819429,8
2024-09-19 13:07:58.200,421.7426370624333,1003
2024-09-19 13:07:58.280,421.70410952330553,96
2024-09-19 13:07:58.286,421.7524985188332,14
2024-09-19 13:07:58.303,421.7013256393541,104
2024-09-19 13:07:58.352,421.73651635998414,1002
2024-09-19 13:07:58.413,421.6910222080795,12
2024-09-19 13:07:58.434,421.6841969646304,100
2024-09-19 13:07:58.487,421.696434119444,995
2024-09-19 13:07:58.514,421.7370378899117,10
2024-09-19 13:07:58.522,421.771912171321,999
2024-09-19 13:07:58.526,421.6834244771152,15
2024-09-19 13:07:58.541,421.7568820832002,1001
2024-09-19 13:07:58.546,421.7411643022744,1004
2024-09-19 13:07:58.560,421.745935257151,1000
2024-09-19 13:07:58.569,421.7442277083056,9
2024-09-19 13:07:58.597,421.7715434652188,100
2024-09-19 13:07:58.636,421.7207419429841,5
2024-09-19 13:07:58.655,421.7316993717971,102
2024-09-19 13:07:58.676,421.7790518531564,105
2024-09-19 13:07:58.738,421.7740307102447,9
2024-09-19 13:07:58.789,421.7389197667487,9
2024-09-19 13:07:58.868,421.7244802193088,100
2024-09-19 13:07:58.960,421.7432933372557,1000
2024-09-19 13:07:58.991,421.7400300148021,1000
2024-09-19 13:07:59.018,421.7539780395993,6
2024-09-19 13:07:59.036,421.742483363914,7
2024-09-19 13:07:59.269,421.7393865432755,8
2024-09-19 13:07:59.388,421.7573895517669,7
2024-09-19 13:07:59.475,421.7534559677058,6
2024-09-19 13:07:59.722,421.75240132093234,12
2024-09-19 13:07:59.783,421.75272289107016,95
2024-09-19 13:07:59.987,421.7484323152111,10
