Timestamp,Price,Size
2024-09-18 10:39:00.215,413.601516116644,97
2024-09-18 10:39:00.261,413.5919711736607,96
2024-09-18 10:39:00.273,413.6020008611922,15
2024-09-18 10:39:00.288,413.6069887631432,998
2024-09-18 10:39:00.291,413.5819680195802,995
2024-09-18 10:39:00.533,413.598646073532,1001
2024-09-18 10:39:00.580,413.6129277416629,104
2024-09-18 10:39:00.609,413.6155331226561,105
2024-09-18 10:39:00.797,413.6031747573249,1001
2024-09-18 10:39:00.874,413.6213955202994,99
2024-09-18 10:39:00.922,413.57135193659343,101
2024-09-18 10:39:01.013,413.6111782250792,103
2024-09-18 10:39:01.092,413.6378642931661,103
2024-09-18 10:39:01.117,413.6429435777476,11
2024-09-18 10:39:01.155,-413.65356010904895,102
2024-09-18 10:39:01.205,413.6346083256576,1003
2024-09-18 10:39:01.223,,105
2024-09-18 10:39:01.249,413.6630983906516,96
2024-09-18 10:39:01.367,413.6506386305631,15
2024-09-18 10:39:01.389,413.6604285148574,102
2024-09-18 10:39:01.424,413.6786366103193,1001
2024-09-18 10:39:01.448,413.64761163856906,8
2024-09-18 10:39:01.649,413.6438208997436,101
2024-09-18 10:39:01.701,413.6580532176069,9
2024-09-18 10:39:01.770,413.6537275505638,14
2024-09-18 10:39:01.820,413.6336184916252,99
2024-09-18 10:39:01.943,413.6797686516911,997
2024-09-18 10:39:02.115,413.635247082916,997
2024-09-18 10:39:02.479,413.6092276710103,103
2024-09-18 10:39:02.615,413.659299873208,996
2024-09-18 10:39:02.868,413.588458819372,10
2024-09-18 10:39:03.679,413.5629983225015,98
2024-09-18 10:39:04.006,413.5242970407171,10
2024-09-18 10:39:04.012,413.5417430435889,102
2024-09-18 10:39:04.014,413.55789511902265,99
2024-09-18 10:39:04.022,413.53493342461326,998
2024-09-18 10:39:04.125,413.49571355434097,997
2024-09-18 10:39:04.138,413.48230159763546,100
2024-09-18 10:39:04.226,413.5141712320146,995
2024-09-18 10:39:04.245,413.5472858318114,101
2024-09-18 10:39:04.257,413.4861081824628,1004
2024-09-18 10:39:04.363,413.526850392516,1004
2024-09-18 10:39:04.386,413.54018923575273,998
2024-09-18 10:39:04.411,413.5444904876408,99
2024-09-18 10:39:04.461,413.5005331901067,998
2024-09-18 10:39:04.473,413.54815586623215,8
2024-09-18 10:39:04.482,413.5141809870059,996
2024-09-18 10:39:04.495,413.5426163958706,95
2024-09-18 10:39:04.525,413.4907314717935,997
2024-09-18 10:39:04.542,413.55259771446254,999
2024-09-18 10:39:04.556,413.51271550509,96
2024-09-18 10:39:04.595,413.5287275820076,1004
2024-09-18 10:39:04.643,413.54561160152286,104
2024-09-18 10:39:04.650,413.5252938514456,99
2024-09-18 10:39:04.685,413.5189051665737,9
2024-09-18 10:39:04.704,413.5346399336274,8
2024-09-18 10:39:04.708,413.5133817119796,98
2024-09-18 10:39:04.804,413.5520075109954,6
2024-09-18 10:39:04.921,413.4879025752303,5
2024-09-18 10:39:04.924,413.5101942692074,97
2024-09-18 10:39:04.928,413.5149751102299,104
2024-09-18 10:39:05.056,413.58020714406376,11
2024-09-18 10:39:05.215,413.5898610184244,105
2024-09-18 10:39:05.661,413.5631148358946,1001
2024-09-18 10:39:06.183,413.6010606612251,99
2024-09-18 10:39:06.218,413.5951628842821,999
2024-09-18 10:39:06.456,413.594306595316,1000
2024-09-18 10:39:06.548,413.5997019205205,14
2024-09-18 10:39:06.564,413.5879352178607,7
2024-09-18 10:39:07.065,413.60143012323385,6
2024-09-18 10:39:07.084,413.599013658442,13
2024-09-18 10:39:07.197,413.6393025452981,100
2024-09-18 10:39:07.310,413.62741939279687,96
2024-09-18 10:39:07.469,413.6237209090808,5
2024-09-18 10:39:07.563,413.6128827700023,102
2024-09-18 10:39:07.641,413.6007157116182,10
2024-09-18 10:39:07.806,413.60589066051057,1004
2024-09-18 10:39:08.000,413.67812042550486,6
2024-09-18 10:39:08.037,,998
2024-09-18 10:39:08.081,413.6742381165689,14
2024-09-18 10:39:08.240,413.6594485554723,104
2024-09-18 10:39:08.284,413.6722750487818,995
2024-09-18 10:39:08.287,413.6963305357325,96
2024-09-18 10:39:08.297,413.6792389738257,102
2024-09-18 10:39:08.411,413.6842310959103,101
2024-09-18 10:39:08.414,413.6714845160515,6
2024-09-18 10:39:08.466,413.6731976816792,995
2024-09-18 10:39:08.468,413.6499241068702,12
2024-09-18 10:39:08.656,413.6891638555098,103
2024-09-18 10:39:08.659,413.6961732221378,1005
2024-09-18 10:39:08.738,413.66437116499446,12
2024-09-18 10:39:08.750,413.67075924820807,1004
2024-09-18 10:39:08.766,413.70045398580265,1004
2024-09-18 10:39:08.822,413.65876883605085,96
2024-09-18 10:39:08.829,413.701422621064,10
2024-09-18 10:39:08.873,413.6828400336164,999
2024-09-18 10:39:08.926,413.65791604742526,7
2024-09-18 10:39:08.935,413.6539052659332,1003
2024-09-18 10:39:08.937,413.66408547931127,999
2024-09-18 10:39:08.978,413.6829423985528,5
2024-09-18 10:39:08.978,413.6857446565809,98
2024-09-18 10:39:08.979,413.68861596159263,1003
2024-09-18 10:39:09.008,413.6770773953829,1003
2024-09-18 10:39:09.009,413.6578600109269,1004
2024-09-18 10:39:09.083,413.6749885371603,101
2024-09-18 10:39:09.134,413.66533661747866,14
2024-09-18 10:39:09.147,413.70727247720765,998
2024-09-18 10:39:09.154,413.6878510677821,998
2024-09-18 10:39:09.189,413.6739026740877,100
2024-09-18 10:39:09.219,41.36741788539069,1005
2024-09-18 10:39:09.282,413.7075076942701,99
2024-09-18 10:39:09.292,413.6623998309444,5
2024-09-18 10:39:09.327,413.6758697149466,14
2024-09-18 10:39:09.336,413.6726624497476,999
2024-09-18 10:39:09.404,413.6669107796171,999
2024-09-18 10:39:09.523,413.6617641181061,98
2024-09-18 10:39:09.535,413.67060765260027,10
2024-09-18 10:39:09.714,413.6769557390633,104
2024-09-18 10:39:09.808,413.6923112442631,1005
2024-09-18 10:39:09.824,-413.6867383520837,7
2024-09-18 10:39:09.853,413.6911272414682,5
2024-09-18 10:39:09.894,413.6772328213887,995
2024-09-18 10:39:09.895,413.6812979864025,9
2024-09-18 10:39:10.070,413.7171833371056,996
2024-09-18 10:39:10.141,413.6798814501059,9
2024-09-18 10:39:10.411,413.67926555889846,103
2024-09-18 10:39:10.420,413.71081156185664,12
2024-09-18 10:39:10.486,413.6912948036972,98
2024-09-18 10:39:10.572,413.687700356924,101
2024-09-18 10:39:10.687,413.6952274394766,95
2024-09-18 10:39:10.688,413.7009705642301,1004
2024-09-18 10:39:10.776,413.69334463164176,10
2024-09-18 10:39:11.036,413.6540705762344,1001
2024-09-18 10:39:11.038,413.6609747369404,1001
2024-09-18 10:39:11.080,413.6342755875716,95
2024-09-18 10:39:11.093,413.6385333346316,97
2024-09-18 10:39:11.105,413.61527938179,1003
2024-09-18 10:39:11.135,413.64092407151423,12
2024-09-18 10:39:11.171,413.6453681286604,5
2024-09-18 10:39:11.190,413.6243856898403,1004
2024-09-18 10:39:11.194,413.6530662993701,9
2024-09-18 10:39:11.199,413.6251791603105,95
2024-09-18 10:39:11.200,413.6709891852756,1000
2024-09-18 10:39:11.243,413.6526244916695,1002
2024-09-18 10:39:11.261,413.6673520723113,15
2024-09-18 10:39:11.322,413.6383019828297,95
2024-09-18 10:39:11.346,413.6547152796564,9
2024-09-18 10:39:11.374,413.62292470882096,997
2024-09-18 10:39:11.384,413.641281024014,102
2024-09-18 10:39:11.434,413.6584806107668,15
2024-09-18 10:39:11.442,413.6655428014668,997
2024-09-18 10:39:11.526,413.6536824016082,1004
2024-09-18 10:39:11.537,413.6637848049404,102
2024-09-18 10:39:11.539,413.62518140321663,15
2024-09-18 10:39:11.637,413.67745034560295,9
2024-09-18 10:39:11.670,413.6225994955688,95
2024-09-18 10:39:11.714,413.6591526466886,1003
2024-09-18 10:39:11.798,413.6369617520414,96
2024-09-18 10:39:11.941,413.6514840675295,10
2024-09-18 10:39:11.977,413.6199882904972,998
2024-09-18 10:39:12.008,413.5654761158679,11
2024-09-18 10:39:12.050,413.6196734617615,5
2024-09-18 10:39:12.053,413.61331567360224,13
2024-09-18 10:39:12.093,413.58772343250985,15
2024-09-18 10:39:12.157,413.5623988109649,7
2024-09-18 10:39:12.372,413.5771971838664,9
2024-09-18 10:39:12.451,413.5720088690076,10
2024-09-18 10:39:12.550,-413.53460086746895,995
2024-09-18 10:39:12.707,413.5555516541353,997
2024-09-18 10:39:12.874,413.5432338915127,15
2024-09-18 10:39:13.025,413.49846541401087,1002
2024-09-18 10:39:13.028,413.5437000037316,14
2024-09-18 10:39:13.055,413.5005345083185,1000
2024-09-18 10:39:13.062,413.5347443336778,14
2024-09-18 10:39:13.109,413.52284686613314,101
2024-09-18 10:39:13.130,413.5049575182503,1005
2024-09-18 10:39:13.151,413.5188417890578,1004
2024-09-18 10:39:13.170,413.50006701836566,15
2024-09-18 10:39:13.193,413.5410388441396,997
2024-09-18 10:39:13.206,413.5034849583988,8
2024-09-18 10:39:13.286,413.5303555087098,1005
2024-09-18 10:39:13.336,413.5186160045553,103
2024-09-18 10:39:13.345,413.5204861356003,12
2024-09-18 10:39:13.381,413.5228057783124,995
2024-09-18 10:39:13.440,413.5402842883682,104
2024-09-18 10:39:13.447,413.5236165592328,6
2024-09-18 10:39:13.449,413.5173295395432,96
2024-09-18 10:39:13.458,413.5121250659771,1000
2024-09-18 10:39:13.575,413.4990457904169,13
2024-09-18 10:39:13.600,413.54039088967016,999
2024-09-18 10:39:13.615,413.5146763090042,95
2024-09-18 10:39:13.753,413.5071322334495,8
2024-09-18 10:39:13.767,41.35391852129334,8
2024-09-18 10:39:13.809,413.5405036778432,96
2024-09-18 10:39:13.868,413.521781687909,99
2024-09-18 10:39:13.890,413.50359496795073,98
2024-09-18 10:39:13.979,413.5221587344664,95
2024-09-18 10:39:14.551,413.4870530943882,995
2024-09-18 10:39:15.180,413.4249337528206,95
2024-09-18 10:39:15.202,413.4159697378303,1000
2024-09-18 10:39:15.209,-413.48849745016327,15
2024-09-18 10:39:15.227,413.4921699949893,11
2024-09-18 10:39:15.237,413.4164191619275,9
2024-09-18 10:39:15.341,413.4572431068082,96
2024-09-18 10:39:15.344,413.43368788831214,1005
2024-09-18 10:39:15.354,413.4231361727428,100
2024-09-18 10:39:15.370,413.4358916507124,103
2024-09-18 10:39:15.389,413.44478073858,1002
2024-09-18 10:39:15.455,413.4152432956639,1003
2024-09-18 10:39:15.669,413.4510640056087,1005
2024-09-18 10:39:15.734,413.4441088272168,104
2024-09-18 10:39:15.746,413.4138411086256,15
2024-09-18 10:39:15.755,41.341863795925015,1004
2024-09-18 10:39:15.755,413.47528435051146,1004
2024-09-18 10:39:15.758,,96
2024-09-18 10:39:15.764,413.4373205139162,8
2024-09-18 10:39:15.785,413.4218235379197,997
2024-09-18 10:39:15.858,413.4438296586252,1003
2024-09-18 10:39:15.884,413.4767184767832,98
2024-09-18 10:39:15.892,413.4383756935459,15
2024-09-18 10:39:15.949,413.4329499188042,104
2024-09-18 10:39:16.045,413.4018249233529,13
2024-09-18 10:39:16.060,413.372417065531,1004
2024-09-18 10:39:16.149,413.389988723364,101
2024-09-18 10:39:16.155,413.3509196345956,997
2024-09-18 10:39:16.276,413.3784527458283,5
2024-09-18 10:39:16.307,413.3632211703176,1005
2024-09-18 10:39:16.342,413.38888997608166,104
2024-09-18 10:39:16.376,413.3507526550107,8
2024-09-18 10:39:16.378,413.3727586520054,103
2024-09-18 10:39:16.433,413.3493081411039,1001
2024-09-18 10:39:16.466,-41.34113422071264,6
2024-09-18 10:39:16.509,413.3840482694519,7
2024-09-18 10:39:16.515,413.39327303248353,10
2024-09-18 10:39:16.596,413.3875079580035,104
2024-09-18 10:39:16.599,413.3523424320841,104
2024-09-18 10:39:16.659,413.3895885717072,11
2024-09-18 10:39:16.726,413.38889254442194,1005
2024-09-18 10:39:16.741,413.3800549112022,1004
2024-09-18 10:39:16.771,413.37981249429146,97
2024-09-18 10:39:16.943,413.35637831989385,100
2024-09-18 10:39:17.049,413.40707659238825,1001
2024-09-18 10:39:17.057,413.3981170779893,1001
2024-09-18 10:39:17.118,413.4525628357559,9
2024-09-18 10:39:17.180,413.4229690771653,1002
2024-09-18 10:39:17.302,413.3530930921849,1002
2024-09-18 10:39:17.303,413.4125777114616,101
2024-09-18 10:39:17.353,-413.42592074061537,6
2024-09-18 10:39:17.398,413.4282446744605,101
2024-09-18 10:39:17.402,413.4045540817333,96
2024-09-18 10:39:17.449,413.4168334060778,998
2024-09-18 10:39:17.493,413.4371736808941,98
2024-09-18 10:39:17.534,413.4090313357962,5
2024-09-18 10:39:17.717,413.4032912045682,11
2024-09-18 10:39:17.739,413.37333445133953,1001
2024-09-18 10:39:17.774,413.4556548665,997
2024-09-18 10:39:17.791,413.3629838812295,15
2024-09-18 10:39:17.817,413.42433023144525,95
2024-09-18 10:39:17.871,413.4352249637131,7
2024-09-18 10:39:17.883,413.40871254597664,102
2024-09-18 10:39:17.903,413.3865293395799,99
2024-09-18 10:39:17.907,413.3913700894985,14
2024-09-18 10:39:17.949,413.3688126558488,96
2024-09-18 10:39:17.972,413.3834052914473,5
2024-09-18 10:39:17.991,413.4157785189255,999
2024-09-18 10:39:18.000,413.5151704395724,100
2024-09-18 10:39:18.014,413.5230537802163,1004
2024-09-18 10:39:18.026,413.5304909355573,101
2024-09-18 10:39:18.065,413.5403893858632,13
2024-09-18 10:39:18.086,413.5043997457195,102
2024-09-18 10:39:18.117,413.5393690392409,100
2024-09-18 10:39:18.132,413.5243689377781,14
2024-09-18 10:39:18.156,413.5315057420477,98
2024-09-18 10:39:18.171,413.5001253118413,12
2024-09-18 10:39:18.194,413.545242798629,998
2024-09-18 10:39:18.196,413.5214403274885,1002
2024-09-18 10:39:18.210,413.49969992527485,997
2024-09-18 10:39:18.220,413.4952380797785,15
2024-09-18 10:39:18.351,413.4631620677964,6
2024-09-18 10:39:18.426,413.52027683621327,97
2024-09-18 10:39:18.430,413.5321898225888,98
2024-09-18 10:39:18.462,413.561777118152,100
2024-09-18 10:39:18.511,413.4440782689845,13
2024-09-18 10:39:18.567,413.5549420580651,996
2024-09-18 10:39:18.707,413.5744019995973,12
2024-09-18 10:39:18.718,413.5149356986975,105
2024-09-18 10:39:18.722,413.4988523410438,999
2024-09-18 10:39:18.727,413.4797728300983,1002
2024-09-18 10:39:18.735,413.5197025284096,96
2024-09-18 10:39:18.827,413.5215595536008,15
2024-09-18 10:39:18.864,413.54774360981565,998
2024-09-18 10:39:18.889,413.534468191345,5
2024-09-18 10:39:18.936,413.5406515215751,101
2024-09-18 10:39:18.956,413.5350547369549,8
2024-09-18 10:39:19.008,413.5882540750145,1004
2024-09-18 10:39:19.036,413.5547237932764,9
2024-09-18 10:39:19.106,413.63214834390766,6
2024-09-18 10:39:19.134,413.6269279926239,100
2024-09-18 10:39:19.137,413.59847218395976,996
2024-09-18 10:39:19.201,413.5498415816002,1002
2024-09-18 10:39:19.243,413.6499512173333,99
2024-09-18 10:39:19.259,413.6008674100149,96
2024-09-18 10:39:19.284,413.515638129966,5
2024-09-18 10:39:19.313,413.6465205117663,1003
2024-09-18 10:39:19.322,413.6286094019927,12
2024-09-18 10:39:19.360,413.6413289038136,11
2024-09-18 10:39:19.447,413.61272028556,999
2024-09-18 10:39:19.453,413.5792557940316,7
2024-09-18 10:39:19.498,413.58328429139146,13
2024-09-18 10:39:19.509,413.6433419880378,5
2024-09-18 10:39:19.614,413.6187903456314,998
2024-09-18 10:39:19.658,413.616380294726,97
2024-09-18 10:39:19.696,413.6469920885232,1002
2024-09-18 10:39:19.733,413.62362661175314,102
2024-09-18 10:39:19.812,413.6149096430867,999
2024-09-18 10:39:19.824,-413.5847463120628,14
2024-09-18 10:39:19.960,413.592405256864,10
2024-09-18 10:39:19.973,413.6008327724133,1002
2024-09-18 10:39:19.977,413.6179156991573,8
2024-09-18 10:39:20.047,413.646241441163,15
2024-09-18 10:39:20.432,413.6570299755663,99
2024-09-18 10:39:20.482,413.6476749859863,5
2024-09-18 10:39:20.590,413.5939075717619,99
2024-09-18 10:39:20.717,413.6407757557004,97
2024-09-18 10:39:20.736,413.60209994665,102
2024-09-18 10:39:20.789,413.6114883873909,11
2024-09-18 10:39:21.004,413.5646383572662,996
2024-09-18 10:39:21.062,413.570942972398,1004
2024-09-18 10:39:21.150,413.5697362912257,1001
2024-09-18 10:39:21.157,413.5703169071826,5
2024-09-18 10:39:21.267,413.5934166952372,1000
2024-09-18 10:39:21.376,413.5776437477808,102
2024-09-18 10:39:21.379,413.5787839357792,103
2024-09-18 10:39:21.404,413.5713753695116,12
2024-09-18 10:39:21.414,413.57947076516166,8
2024-09-18 10:39:21.420,413.5859671806374,1001
2024-09-18 10:39:21.478,413.59560149163417,995
2024-09-18 10:39:21.483,413.5805119921504,96
2024-09-18 10:39:21.510,413.5845308860001,1000
2024-09-18 10:39:21.642,413.57261544520617,998
2024-09-18 10:39:21.685,413.582505016516,5
2024-09-18 10:39:21.696,413.5874947226847,98
2024-09-18 10:39:21.710,413.5777756378105,1001
2024-09-18 10:39:21.830,413.56881655412326,5
2024-09-18 10:39:21.974,413.5723562161166,104
2024-09-18 10:39:22.025,413.575528490896,1002
2024-09-18 10:39:22.027,413.59668647693417,96
2024-09-18 10:39:22.039,413.5796462015328,999
2024-09-18 10:39:22.072,413.60901318580767,996
2024-09-18 10:39:22.080,413.590610028334,9
2024-09-18 10:39:22.107,413.5746238749039,1000
2024-09-18 10:39:22.138,413.5908386193024,999
2024-09-18 10:39:22.173,413.5811057984442,8
2024-09-18 10:39:22.276,413.5737162008772,997
2024-09-18 10:39:22.379,413.5819952092283,998
2024-09-18 10:39:22.399,413.6033264894296,997
2024-09-18 10:39:22.400,413.57471295638464,11
2024-09-18 10:39:22.458,413.5809063768186,96
2024-09-18 10:39:22.466,413.5716909986152,1002
2024-09-18 10:39:22.572,413.5753872120152,1002
2024-09-18 10:39:22.577,413.5809776630295,5
2024-09-18 10:39:22.661,413.5645938647884,1004
2024-09-18 10:39:22.685,413.6073756656734,7
2024-09-18 10:39:22.686,413.5896300307202,10
2024-09-18 10:39:22.710,413.6074645052339,15
2024-09-18 10:39:22.756,413.59914515091657,998
2024-09-18 10:39:22.761,413.5675875461047,9
2024-09-18 10:39:22.769,413.6125579142425,13
2024-09-18 10:39:22.804,413.6260967104469,95
2024-09-18 10:39:22.847,413.5758530503836,1001
2024-09-18 10:39:22.883,413.60446936961824,105
2024-09-18 10:39:22.961,413.5600363184305,1005
2024-09-18 10:39:22.992,413.55471123231854,100
2024-09-18 10:39:23.053,413.57701582272114,1000
2024-09-18 10:39:23.125,413.5813312421045,998
2024-09-18 10:39:23.209,413.6250684410636,1004
2024-09-18 10:39:23.276,413.58354247997255,104
2024-09-18 10:39:23.294,413.60813981598216,96
2024-09-18 10:39:23.346,413.5748993087848,999
2024-09-18 10:39:23.352,413.6043073788428,996
2024-09-18 10:39:23.365,413.6200336820276,8
2024-09-18 10:39:23.380,413.5825397660555,1000
2024-09-18 10:39:23.508,413.5981254869382,995
2024-09-18 10:39:23.508,413.6229337961788,103
2024-09-18 10:39:23.603,413.59791922412313,7
2024-09-18 10:39:23.725,413.5935110939569,1004
2024-09-18 10:39:23.776,-413.58131531751246,1002
2024-09-18 10:39:23.942,413.6126446267568,7
2024-09-18 10:39:23.987,41.35962656632432,101
2024-09-18 10:39:24.114,413.58690997266825,5
2024-09-18 10:39:24.130,413.5619543435207,99
2024-09-18 10:39:24.146,,1000
2024-09-18 10:39:24.165,413.5659849831377,15
2024-09-18 10:39:24.167,413.54721654227166,100
2024-09-18 10:39:24.172,413.55928225468847,99
2024-09-18 10:39:24.198,413.5466087570781,10
2024-09-18 10:39:24.210,413.59693677550473,1001
2024-09-18 10:39:24.217,413.5651517752026,8
2024-09-18 10:39:24.295,413.5754825865637,100
2024-09-18 10:39:24.344,413.5646016219195,1004
2024-09-18 10:39:24.346,413.5699186947727,5
2024-09-18 10:39:24.355,413.561946658418,5
2024-09-18 10:39:24.516,413.5600567460298,1001
2024-09-18 10:39:24.552,413.6033440160423,96
2024-09-18 10:39:24.569,,5
2024-09-18 10:39:24.585,413.5780888024252,14
2024-09-18 10:39:24.629,413.5799436539733,995
2024-09-18 10:39:24.735,413.5676095250948,10
2024-09-18 10:39:24.748,413.5614941499068,6
2024-09-18 10:39:24.802,413.5937368988242,7
2024-09-18 10:39:24.878,413.57355829304055,1004
2024-09-18 10:39:24.911,413.5695775479927,1002
2024-09-18 10:39:24.940,413.5627143839608,98
2024-09-18 10:39:24.957,413.5702567078938,1000
2024-09-18 10:39:24.990,413.5702830020567,5
2024-09-18 10:39:25.010,413.5834404332286,10
2024-09-18 10:39:25.025,413.5644507469661,999
2024-09-18 10:39:25.027,413.5549110254258,99
2024-09-18 10:39:25.036,413.58826885104514,995
2024-09-18 10:39:25.097,413.5416193441568,995
2024-09-18 10:39:25.148,413.5462200808114,1003
2024-09-18 10:39:25.173,413.5592552386047,13
2024-09-18 10:39:25.197,413.5478329431244,7
2024-09-18 10:39:25.214,413.564650713797,996
2024-09-18 10:39:25.220,413.5448066045452,1001
2024-09-18 10:39:25.225,413.5486710326224,98
2024-09-18 10:39:25.320,413.57389482114985,103
2024-09-18 10:39:25.376,413.5545208155112,1004
2024-09-18 10:39:25.421,413.5478012819889,99
2024-09-18 10:39:25.457,413.55323513620897,7
2024-09-18 10:39:25.470,413.5454784020395,6
2024-09-18 10:39:25.518,413.5598957911146,14
2024-09-18 10:39:25.536,413.53793660858827,998
2024-09-18 10:39:25.555,413.53054617285534,999
2024-09-18 10:39:25.629,413.5373820315165,1005
2024-09-18 10:39:25.668,413.5664834033021,13
2024-09-18 10:39:25.674,413.5745897075964,104
2024-09-18 10:39:25.679,413.5489416340487,95
2024-09-18 10:39:25.756,413.5922165963228,1003
2024-09-18 10:39:25.848,413.5621122966432,995
2024-09-18 10:39:25.882,413.5639292771642,9
2024-09-18 10:39:25.894,413.5458570292507,5
2024-09-18 10:39:25.908,413.5522315363972,102
2024-09-18 10:39:25.967,,996
2024-09-18 10:39:26.069,413.55861779529965,1000
2024-09-18 10:39:26.145,413.550968146071,11
2024-09-18 10:39:26.513,413.5502850621401,8
2024-09-18 10:39:26.729,413.55408787353485,996
2024-09-18 10:39:26.821,413.55896494532215,998
2024-09-18 10:39:26.829,413.5604068316146,999
2024-09-18 10:39:26.862,413.55503339766256,998
2024-09-18 10:39:26.952,413.5342692709251,998
2024-09-18 10:39:27.030,413.54966590094193,999
2024-09-18 10:39:27.071,413.5681873476735,1002
2024-09-18 10:39:27.122,413.5523736590519,10
2024-09-18 10:39:27.275,413.607959398425,1000
2024-09-18 10:39:27.285,413.6068661208929,101
2024-09-18 10:39:27.350,413.58722418533023,13
2024-09-18 10:39:27.406,413.554687583219,12
2024-09-18 10:39:27.411,413.56044965965856,102
2024-09-18 10:39:27.419,413.5430363682132,105
2024-09-18 10:39:27.446,413.5468325770071,95
2024-09-18 10:39:27.456,413.55592597541465,1000
2024-09-18 10:39:27.565,413.6247178720613,11
2024-09-18 10:39:27.602,413.6100066575888,13
2024-09-18 10:39:27.626,413.5638886506049,103
2024-09-18 10:39:27.707,413.55272120340766,102
2024-09-18 10:39:27.714,413.5419695031597,995
2024-09-18 10:39:27.760,413.5544370076071,102
2024-09-18 10:39:27.813,413.5490886081124,97
2024-09-18 10:39:27.857,413.6083219752156,10
2024-09-18 10:39:27.925,413.5582739548517,11
2024-09-18 10:39:27.931,413.60973317599536,102
2024-09-18 10:39:27.931,413.573583425424,99
2024-09-18 10:39:27.932,413.5602538990455,103
2024-09-18 10:39:27.955,413.5667577178022,9
2024-09-18 10:39:28.680,413.6061958525189,96
2024-09-18 10:39:28.701,413.6081898097639,12
2024-09-18 10:39:28.781,41.36011945431212,5
2024-09-18 10:39:28.790,413.6047987911828,998
2024-09-18 10:39:28.834,413.62451515272,6
2024-09-18 10:39:28.848,413.6069836600888,1002
2024-09-18 10:39:28.977,413.6201175442062,15
2024-09-18 10:39:29.237,413.5863609870258,7
2024-09-18 10:39:29.386,413.5889635974154,1005
2024-09-18 10:39:29.536,413.5880453172954,8
2024-09-18 10:39:29.808,413.5896813187715,10
2024-09-18 10:39:30.019,413.5575300069895,96
2024-09-18 10:39:30.327,413.57280885230415,104
2024-09-18 10:39:30.655,413.5826967931399,998
2024-09-18 10:39:30.914,413.57460151270834,105
2024-09-18 10:39:31.056,413.6090329229955,11
2024-09-18 10:39:31.057,41.36134470802603,96
2024-09-18 10:39:31.067,413.5743199395424,103
2024-09-18 10:39:31.084,413.58956595603735,96
2024-09-18 10:39:31.091,413.6207723803556,997
2024-09-18 10:39:31.108,413.5815462855843,13
2024-09-18 10:39:31.150,413.6138172842366,1003
2024-09-18 10:39:31.161,413.616135022433,997
2024-09-18 10:39:31.241,413.5725158674211,102
2024-09-18 10:39:31.314,413.5950771830581,95
2024-09-18 10:39:31.417,413.567669161272,11
2024-09-18 10:39:31.449,413.5598804279554,996
2024-09-18 10:39:31.468,413.5913992136052,13
2024-09-18 10:39:31.484,413.5913786988132,995
2024-09-18 10:39:31.546,413.6254970274911,6
2024-09-18 10:39:31.565,413.5966150977523,13
2024-09-18 10:39:31.644,413.56229661353046,1004
2024-09-18 10:39:31.661,413.5819831315356,11
2024-09-18 10:39:31.663,413.6056047101662,104
2024-09-18 10:39:31.667,413.5688043432984,6
2024-09-18 10:39:31.680,413.5749992420239,98
2024-09-18 10:39:31.704,41.36178470225124,15
2024-09-18 10:39:31.909,413.6332507714038,12
2024-09-18 10:39:31.950,413.6001930894416,9
2024-09-18 10:39:31.962,413.6055374045022,103
2024-09-18 10:39:32.131,413.5503696537859,13
2024-09-18 10:39:32.477,413.5393597995276,104
2024-09-18 10:39:32.580,413.5373415890939,14
2024-09-18 10:39:32.920,413.551012709584,97
2024-09-18 10:39:32.975,-413.54790254807534,996
2024-09-18 10:39:33.052,413.5601443135285,996
2024-09-18 10:39:33.094,413.6008818175531,96
2024-09-18 10:39:33.140,413.550668257975,13
2024-09-18 10:39:33.189,413.6246341938995,10
2024-09-18 10:39:33.257,413.5539338255724,96
2024-09-18 10:39:33.267,413.5739258121673,96
2024-09-18 10:39:33.329,413.5743980499852,1000
2024-09-18 10:39:33.484,413.60213510342135,99
2024-09-18 10:39:33.569,413.5868100929443,995
2024-09-18 10:39:33.630,413.5643864196993,7
2024-09-18 10:39:33.692,413.5714864848628,998
2024-09-18 10:39:33.693,413.5986836327715,1002
2024-09-18 10:39:33.899,413.58696336845617,102
2024-09-18 10:39:33.958,413.5805117079722,98
2024-09-18 10:39:33.995,413.5864891983648,15
2024-09-18 10:39:35.149,413.6476597649949,5
2024-09-18 10:39:35.232,413.612389355829,8
2024-09-18 10:39:35.249,413.6038226245757,98
2024-09-18 10:39:35.253,413.6081395332973,100
2024-09-18 10:39:35.314,413.6133980337773,1000
2024-09-18 10:39:35.803,413.59901920083735,8
2024-09-18 10:39:35.865,413.6030454322675,12
2024-09-18 10:39:35.884,413.62837440186695,1002
2024-09-18 10:39:36.035,413.68217701438925,9
2024-09-18 10:39:36.307,413.6401376741611,96
2024-09-18 10:39:36.391,413.6981297442976,995
2024-09-18 10:39:36.412,413.7034675723372,11
2024-09-18 10:39:36.437,413.71105047431325,1002
2024-09-18 10:39:36.522,413.69998363791376,14
2024-09-18 10:39:36.544,413.73288309200615,13
2024-09-18 10:39:36.574,413.7179526382415,14
2024-09-18 10:39:36.668,413.7122871104913,1000
2024-09-18 10:39:36.801,413.6079899548601,14
2024-09-18 10:39:36.801,413.6315368602053,1005
2024-09-18 10:39:36.808,413.7172805878242,105
2024-09-18 10:39:36.821,413.74797264868806,13
2024-09-18 10:39:36.907,413.7073588071352,6
2024-09-18 10:39:36.910,413.73445983457134,95
2024-09-18 10:39:36.942,413.67193126446654,998
2024-09-18 10:39:36.956,413.7527204388009,14
2024-09-18 10:39:36.974,413.6824382716112,95
2024-09-18 10:39:36.987,413.73538039473954,98
2024-09-18 10:39:36.997,413.69829649092776,12
2024-09-18 10:39:37.008,413.7890301570495,8
2024-09-18 10:39:37.065,413.79590234733377,998
2024-09-18 10:39:37.429,413.7890274969152,95
2024-09-18 10:39:37.510,413.7620569322147,1002
2024-09-18 10:39:37.708,413.7864850169533,995
2024-09-18 10:39:37.898,413.7802442369182,100
2024-09-18 10:39:38.101,413.813536483272,999
2024-09-18 10:39:38.361,413.7785959618037,99
2024-09-18 10:39:38.483,413.787408959746,105
2024-09-18 10:39:38.620,413.7671657921055,96
2024-09-18 10:39:38.734,413.7936633276664,11
2024-09-18 10:39:38.772,413.7629736810483,998
2024-09-18 10:39:38.777,413.7998357201321,996
2024-09-18 10:39:38.878,413.8112350701538,1002
2024-09-18 10:39:38.945,413.8027417832352,12
2024-09-18 10:39:38.963,413.79808862598674,10
2024-09-18 10:39:39.039,413.679249120668,105
2024-09-18 10:39:39.048,413.7035541465084,10
2024-09-18 10:39:39.078,413.7539078134424,105
2024-09-18 10:39:39.151,413.69943240705226,1003
2024-09-18 10:39:39.185,413.685745322263,6
2024-09-18 10:39:39.293,413.6679649281293,102
2024-09-18 10:39:39.317,413.6978782560179,15
2024-09-18 10:39:39.651,413.699809942997,10
2024-09-18 10:39:39.679,413.7062812837225,13
2024-09-18 10:39:39.735,413.6944004639702,102
2024-09-18 10:39:39.757,413.7353418891918,99
2024-09-18 10:39:39.781,413.6680603541864,97
2024-09-18 10:39:39.916,413.6891604776046,105
2024-09-18 10:39:39.994,413.6999505000547,12
2024-09-18 10:39:40.012,413.6431021860587,98
2024-09-18 10:39:40.097,413.65119899074426,1004
2024-09-18 10:39:40.109,413.6598342009151,1003
2024-09-18 10:39:40.181,413.6977539161752,5
2024-09-18 10:39:40.184,413.6766871429825,98
2024-09-18 10:39:40.264,413.7410067577618,1005
2024-09-18 10:39:40.319,413.65537176584473,11
2024-09-18 10:39:40.385,413.68975074173767,103
2024-09-18 10:39:40.398,413.7443703425629,999
2024-09-18 10:39:40.514,413.6948594237671,6
2024-09-18 10:39:40.553,413.68423013046856,1004
2024-09-18 10:39:40.572,413.6487047732885,1001
2024-09-18 10:39:40.591,413.7381539773286,1001
2024-09-18 10:39:40.655,413.7299269630244,1003
2024-09-18 10:39:40.669,413.7057262745929,1000
2024-09-18 10:39:40.764,413.6742043603285,100
2024-09-18 10:39:40.864,413.6981256551472,105
2024-09-18 10:39:40.876,413.6940302547171,1001
2024-09-18 10:39:40.898,413.6932147802392,102
2024-09-18 10:39:40.917,413.69432458470266,98
2024-09-18 10:39:40.927,413.7018016836295,100
2024-09-18 10:39:40.943,413.7166332253281,11
2024-09-18 10:39:40.982,413.7361957138143,1003
2024-09-18 10:39:41.120,413.7229301867047,997
2024-09-18 10:39:41.485,,7
2024-09-18 10:39:41.697,413.72872168696426,1004
2024-09-18 10:39:41.930,413.7317926399931,999
2024-09-18 10:39:42.307,413.7386918579441,996
2024-09-18 10:39:42.378,413.7724139557802,1002
2024-09-18 10:39:42.423,413.7772316021689,13
2024-09-18 10:39:42.425,413.7198291890318,999
2024-09-18 10:39:42.501,413.73835149117497,1002
2024-09-18 10:39:42.508,413.743920835821,97
2024-09-18 10:39:42.550,413.74730713946514,101
2024-09-18 10:39:42.560,413.7296056175294,13
2024-09-18 10:39:42.588,413.7444109399189,1001
2024-09-18 10:39:42.621,413.7447292294984,12
2024-09-18 10:39:42.632,413.7554009144242,1000
2024-09-18 10:39:42.672,413.7189673634714,103
2024-09-18 10:39:42.717,413.7542055738162,995
2024-09-18 10:39:42.761,413.7770360631301,7
2024-09-18 10:39:42.907,413.77034830517175,12
2024-09-18 10:39:42.914,413.74497704552624,8
2024-09-18 10:39:42.950,413.7397587910944,7
2024-09-18 10:39:43.236,413.7998334985158,97
2024-09-18 10:39:43.276,413.7640512090109,97
2024-09-18 10:39:43.704,413.7734839453899,1001
2024-09-18 10:39:43.763,413.7865927390104,998
2024-09-18 10:39:43.969,413.7875808626325,98
2024-09-18 10:39:44.035,413.7924890270384,96
2024-09-18 10:39:44.037,413.8206664464882,10
2024-09-18 10:39:44.039,413.8606989642713,7
2024-09-18 10:39:44.125,413.8086357409106,995
2024-09-18 10:39:44.164,413.7978330323043,1001
2024-09-18 10:39:44.176,413.8408413430999,7
2024-09-18 10:39:44.273,413.787512949608,97
2024-09-18 10:39:44.304,413.9093078578544,1002
2024-09-18 10:39:44.349,413.8117796152415,1003
2024-09-18 10:39:44.361,413.8186024519811,95
2024-09-18 10:39:44.395,413.8011893610275,10
2024-09-18 10:39:44.451,413.8521246573053,102
2024-09-18 10:39:44.488,413.81123851432017,105
2024-09-18 10:39:44.532,413.8036103788376,1001
2024-09-18 10:39:44.611,413.8108279345196,998
2024-09-18 10:39:44.657,413.8116630517417,1001
2024-09-18 10:39:44.737,413.8548007925877,995
2024-09-18 10:39:44.803,413.8649160426721,1000
2024-09-18 10:39:44.838,413.8280732324612,1001
2024-09-18 10:39:44.871,413.79949464604994,14
2024-09-18 10:39:44.874,413.87121382131056,6
2024-09-18 10:39:44.878,413.84669330892086,7
2024-09-18 10:39:45.065,413.9281332793272,996
2024-09-18 10:39:45.078,413.9411207935706,1000
2024-09-18 10:39:45.176,413.9231716020586,996
2024-09-18 10:39:45.189,413.93582765555016,104
2024-09-18 10:39:45.206,413.94755158753605,13
2024-09-18 10:39:45.233,413.9235203189017,95
2024-09-18 10:39:45.239,413.9291383856854,102
2024-09-18 10:39:45.240,413.9582587561547,1001
2024-09-18 10:39:45.366,413.9240210767667,997
2024-09-18 10:39:45.417,413.9180919721285,10
2024-09-18 10:39:45.438,413.9277434369379,11
2024-09-18 10:39:45.506,413.9218765851967,97
2024-09-18 10:39:45.507,413.9062936534668,100
2024-09-18 10:39:45.548,413.9349802999889,103
2024-09-18 10:39:45.579,413.9313540268077,100
2024-09-18 10:39:45.639,413.9421679319403,101
2024-09-18 10:39:45.639,413.9403430718739,99
2024-09-18 10:39:45.675,413.92081992646416,1003
2024-09-18 10:39:45.698,413.9542776700271,1002
2024-09-18 10:39:45.756,413.9400103798391,98
2024-09-18 10:39:45.760,413.8941245647416,7
2024-09-18 10:39:45.772,413.92644843237855,995
2024-09-18 10:39:45.836,413.933630079193,104
2024-09-18 10:39:45.842,413.9104800628072,104
2024-09-18 10:39:45.877,413.950765373765,100
2024-09-18 10:39:45.900,413.9143689469169,9
2024-09-18 10:39:45.915,413.9302164449149,995
2024-09-18 10:39:45.934,413.9123559658895,1005
2024-09-18 10:39:46.034,413.8983013351316,8
2024-09-18 10:39:46.074,413.8855052155122,5
2024-09-18 10:39:46.138,413.9092729985882,99
2024-09-18 10:39:46.238,413.88444703509776,13
2024-09-18 10:39:46.322,413.8772455559712,995
2024-09-18 10:39:46.431,413.8845455288544,95
2024-09-18 10:39:46.434,413.89957299419257,9
2024-09-18 10:39:46.718,413.8969175481534,95
2024-09-18 10:39:46.764,413.8962722051685,7
2024-09-18 10:39:46.796,413.9032795813406,5
2024-09-18 10:39:46.817,413.883691012268,996
2024-09-18 10:39:46.858,413.9079223870107,999
2024-09-18 10:39:46.890,413.8981975807473,97
2024-09-18 10:39:47.019,413.9296985458618,10
2024-09-18 10:39:47.031,413.9186778924866,996
2024-09-18 10:39:47.149,413.9504630615058,9
2024-09-18 10:39:47.159,413.9437101761109,1000
2024-09-18 10:39:47.265,413.9430722068109,1002
2024-09-18 10:39:47.305,413.9456268028755,97
2024-09-18 10:39:47.402,413.9490288801732,102
2024-09-18 10:39:47.409,413.9165969563934,995
2024-09-18 10:39:47.414,413.95408616648126,1000
2024-09-18 10:39:47.420,413.9331994513737,6
2024-09-18 10:39:47.500,413.9235659764185,7
2024-09-18 10:39:47.513,413.930269277614,998
2024-09-18 10:39:47.546,413.9273093180434,1004
2024-09-18 10:39:47.668,413.9139900673508,5
2024-09-18 10:39:47.750,413.9207941508278,96
2024-09-18 10:39:47.773,413.9188430034403,9
2024-09-18 10:39:47.805,413.9390302543246,95
2024-09-18 10:39:47.875,413.9368264193945,95
2024-09-18 10:39:47.900,413.928005823063,104
2024-09-18 10:39:48.002,413.8706041563272,1005
2024-09-18 10:39:48.007,413.8829920850076,1003
2024-09-18 10:39:48.011,413.8702481856803,10
2024-09-18 10:39:48.081,413.83909347335367,1003
2024-09-18 10:39:48.101,413.9005388918812,11
2024-09-18 10:39:48.105,413.8761536873767,1002
2024-09-18 10:39:48.138,413.8613389044493,13
2024-09-18 10:39:48.153,413.8587268960741,6
2024-09-18 10:39:48.248,413.8819110658012,14
2024-09-18 10:39:48.260,413.83818423668,102
2024-09-18 10:39:48.264,413.8708055612388,12
2024-09-18 10:39:48.280,413.8753458451524,10
2024-09-18 10:39:48.328,413.920230259108,97
2024-09-18 10:39:48.342,413.9277799323253,103
2024-09-18 10:39:48.530,413.8753395585222,9
2024-09-18 10:39:48.657,413.8798586528706,97
2024-09-18 10:39:48.657,413.8446904553259,997
2024-09-18 10:39:48.694,413.8742094830284,5
2024-09-18 10:39:48.719,413.9085045916661,1004
2024-09-18 10:39:48.734,413.8819560356387,101
2024-09-18 10:39:48.780,413.8723031790794,9
2024-09-18 10:39:48.808,413.8667349357872,6
2024-09-18 10:39:48.848,413.8839479529225,1002
2024-09-18 10:39:48.853,413.8866159925801,105
2024-09-18 10:39:49.092,413.81256380147113,10
2024-09-18 10:39:49.095,413.8284515468804,997
2024-09-18 10:39:49.097,413.8034593527431,998
2024-09-18 10:39:49.285,413.78944349344414,9
2024-09-18 10:39:49.331,413.8069615557556,10
2024-09-18 10:39:49.435,413.8060868645271,11
2024-09-18 10:39:49.527,413.7894382816276,1004
2024-09-18 10:39:49.631,413.7877596253708,1003
2024-09-18 10:39:49.636,413.7871921230058,7
2024-09-18 10:39:49.703,413.7989386031834,995
2024-09-18 10:39:49.734,413.7977230067058,100
2024-09-18 10:39:49.804,413.8234512990978,13
2024-09-18 10:39:49.962,413.7934530230419,104
2024-09-18 10:39:50.040,,1005
2024-09-18 10:39:50.049,413.7790694145428,100
2024-09-18 10:39:50.112,413.8269573610922,1003
2024-09-18 10:39:50.413,413.8260637080582,998
2024-09-18 10:39:50.468,413.8099461794413,102
2024-09-18 10:39:50.526,413.77534943495175,8
2024-09-18 10:39:50.623,413.7928877275848,101
2024-09-18 10:39:50.765,413.8175421097455,104
2024-09-18 10:39:50.903,413.8186300864293,96
2024-09-18 10:39:50.952,413.8004509907876,7
2024-09-18 10:39:51.409,413.8386214219869,15
2024-09-18 10:39:51.532,413.8131526262313,11
2024-09-18 10:39:51.980,413.8318466826325,15
2024-09-18 10:39:52.049,413.8457261008882,15
2024-09-18 10:39:52.099,413.9435700460987,98
2024-09-18 10:39:52.122,413.90881523666513,13
2024-09-18 10:39:52.133,413.8521054388775,11
2024-09-18 10:39:52.135,413.8999343976255,5
2024-09-18 10:39:52.167,413.8909871878458,1005
2024-09-18 10:39:52.190,413.9438354684072,12
2024-09-18 10:39:52.223,413.94304969535386,997
2024-09-18 10:39:52.245,413.9635799909528,10
2024-09-18 10:39:52.337,413.9024293047454,996
2024-09-18 10:39:52.346,413.9406189149343,1001
2024-09-18 10:39:52.409,413.9132438826336,102
2024-09-18 10:39:52.417,413.9259311661695,1002
2024-09-18 10:39:52.443,413.8983291526967,996
2024-09-18 10:39:52.456,413.8968268091472,11
2024-09-18 10:39:52.561,413.9302063686396,14
2024-09-18 10:39:52.580,413.932557729137,1005
2024-09-18 10:39:52.615,413.9487384319647,101
2024-09-18 10:39:52.615,413.8895785751596,9
2024-09-18 10:39:52.694,413.8898691436101,9
2024-09-18 10:39:52.711,413.8721040642434,15
2024-09-18 10:39:52.760,413.93733497289537,1000
2024-09-18 10:39:52.771,413.9208517600591,105
2024-09-18 10:39:52.890,413.9287872151151,1001
2024-09-18 10:39:52.893,413.9246978367068,15
2024-09-18 10:39:52.932,413.9152932370601,97
2024-09-18 10:39:53.101,413.93222238346976,99
2024-09-18 10:39:53.102,413.9386566993254,999
2024-09-18 10:39:53.105,413.92470943904425,997
2024-09-18 10:39:53.172,413.9127033424783,104
2024-09-18 10:39:53.180,413.924455628758,7
2024-09-18 10:39:53.518,413.9072378871071,98
2024-09-18 10:39:53.544,413.92192152198805,1005
2024-09-18 10:39:53.582,413.944825966244,997
2024-09-18 10:39:53.620,,1001
2024-09-18 10:39:54.804,413.9408027586154,1004
2024-09-18 10:39:55.032,413.9386557026696,1001
2024-09-18 10:39:55.077,413.9243732452377,101
2024-09-18 10:39:55.105,413.9458426555149,5
2024-09-18 10:39:55.122,413.89974898108056,6
2024-09-18 10:39:55.181,413.9147692772006,1001
2024-09-18 10:39:55.236,413.8850311111737,12
2024-09-18 10:39:55.280,413.8899268121546,99
2024-09-18 10:39:55.302,413.8997644701722,14
2024-09-18 10:39:55.437,413.868154457268,97
2024-09-18 10:39:55.442,413.92956301383856,998
2024-09-18 10:39:55.454,413.9515341286278,98
2024-09-18 10:39:55.497,413.9136130098199,1000
2024-09-18 10:39:55.540,413.9386578082318,997
2024-09-18 10:39:55.571,413.9318684264948,5
2024-09-18 10:39:55.591,413.8798373238696,100
2024-09-18 10:39:55.671,413.9154289729926,95
2024-09-18 10:39:55.718,413.88857670965575,1003
2024-09-18 10:39:55.749,413.8924529998209,1000
2024-09-18 10:39:55.829,413.8987116895063,96
2024-09-18 10:39:55.877,413.8806231537117,1005
2024-09-18 10:39:55.948,413.9338781322728,5
2024-09-18 10:39:55.967,413.90415161574566,1003
2024-09-18 10:39:55.987,413.9071059521396,1000
2024-09-18 10:39:56.324,413.9325879436032,999
2024-09-18 10:39:56.415,413.9461749474854,103
2024-09-18 10:39:56.885,413.9489199016842,11
2024-09-18 10:39:57.009,413.94320714167816,100
2024-09-18 10:39:57.028,413.9913791607282,13
2024-09-18 10:39:57.067,413.99327838140977,100
2024-09-18 10:39:57.091,413.9785475476263,9
2024-09-18 10:39:57.180,413.9906187229646,995
2024-09-18 10:39:57.263,413.97694553171686,9
2024-09-18 10:39:57.305,413.9636840770999,1002
2024-09-18 10:39:57.326,413.9962757733653,998
2024-09-18 10:39:57.375,413.9289098828583,1002
2024-09-18 10:39:57.443,413.93704404132205,1005
2024-09-18 10:39:57.508,413.9860354299786,995
2024-09-18 10:39:57.666,413.9951796541591,5
2024-09-18 10:39:57.667,413.95133424062624,6
2024-09-18 10:39:57.729,413.93810418803054,999
2024-09-18 10:39:57.730,414.00495370961113,1000
2024-09-18 10:39:57.757,413.9283554205781,7
2024-09-18 10:39:57.800,413.9307172623401,100
2024-09-18 10:39:57.848,413.9901415328221,12
2024-09-18 10:39:57.994,413.9435736778508,995
2024-09-18 10:39:58.051,414.0135526164043,101
2024-09-18 10:39:58.208,414.03129840005033,98
2024-09-18 10:39:58.220,414.0095777583789,14
2024-09-18 10:39:58.265,414.00505834436905,10
2024-09-18 10:39:58.650,414.0047761843183,13
2024-09-18 10:39:58.695,414.0005567923981,103
2024-09-18 10:39:58.796,414.0298556072115,98
2024-09-18 10:39:58.844,414.0090125857042,6
2024-09-18 10:39:58.981,413.9912696790499,9
