Timestamp,Price,Size
2024-09-17 13:36:00.008,402.53636379405424,15
2024-09-17 13:36:00.010,402.58348243839066,9
2024-09-17 13:36:00.176,402.5390915283107,1000
2024-09-17 13:36:00.199,402.58214556048426,1001
2024-09-17 13:36:00.211,402.5108623429387,95
2024-09-17 13:36:00.280,402.5401713333978,9
2024-09-17 13:36:00.294,402.5523039504229,96
2024-09-17 13:36:00.331,402.5480691191281,100
2024-09-17 13:36:00.361,402.5747411329417,8
2024-09-17 13:36:00.369,402.53952594436095,997
2024-09-17 13:36:00.433,402.5871552061388,105
2024-09-17 13:36:00.481,402.5234735165179,96
2024-09-17 13:36:00.498,402.5677467141901,7
2024-09-17 13:36:00.544,402.56209750819215,101
2024-09-17 13:36:00.592,402.5260834226643,9
2024-09-17 13:36:00.599,402.5653093007237,1004
2024-09-17 13:36:00.652,402.52557631831337,99
2024-09-17 13:36:00.835,402.53102934364045,100
2024-09-17 13:36:00.855,402.5762061164447,6
2024-09-17 13:36:00.898,402.5917184864893,103
2024-09-17 13:36:00.977,402.58153506813153,1002
2024-09-17 13:36:01.639,402.5804731746447,1000
2024-09-17 13:36:02.126,402.63097587679215,998
2024-09-17 13:36:02.163,402.6384092894036,97
2024-09-17 13:36:02.182,402.613732103683,998
2024-09-17 13:36:02.226,402.6370970516545,98
2024-09-17 13:36:02.507,402.6409883821492,998
2024-09-17 13:36:02.539,402.5997529535889,10
2024-09-17 13:36:02.548,402.6423313658908,1001
2024-09-17 13:36:02.713,402.6165643615466,105
2024-09-17 13:36:02.744,402.6463329447108,11
2024-09-17 13:36:02.804,402.6199148922436,1004
2024-09-17 13:36:02.867,402.62879880888687,12
2024-09-17 13:36:02.909,402.62150575849336,1000
2024-09-17 13:36:02.930,402.62280638364217,1005
2024-09-17 13:36:02.934,402.6373833596039,104
2024-09-17 13:36:02.980,402.637896644144,5
2024-09-17 13:36:03.064,402.6117468790934,8
2024-09-17 13:36:03.104,402.6179570386138,996
2024-09-17 13:36:03.118,402.5754722175376,1004
2024-09-17 13:36:03.157,402.6190052540787,7
2024-09-17 13:36:03.308,402.62460802730106,6
2024-09-17 13:36:03.342,402.612548613717,10
2024-09-17 13:36:03.362,402.6233465556041,999
2024-09-17 13:36:03.395,402.6193052613109,104
2024-09-17 13:36:03.398,402.61207556828657,9
2024-09-17 13:36:03.431,402.6204848875669,103
2024-09-17 13:36:03.445,402.5948450748814,8
2024-09-17 13:36:03.549,402.6244750620952,99
2024-09-17 13:36:03.570,402.6229047897981,100
2024-09-17 13:36:03.643,402.6177296433369,95
2024-09-17 13:36:03.834,,1003
2024-09-17 13:36:03.863,,1001
2024-09-17 13:36:03.906,402.6260217727904,11
2024-09-17 13:36:03.914,402.6111325561535,8
2024-09-17 13:36:03.917,402.5922771162392,98
2024-09-17 13:36:05.026,402.5793145153245,6
2024-09-17 13:36:05.089,402.5815481860252,95
2024-09-17 13:36:05.096,402.5675043808542,997
2024-09-17 13:36:05.099,402.5112618342971,6
2024-09-17 13:36:05.185,402.54479753225553,15
2024-09-17 13:36:05.194,402.5706065220915,10
2024-09-17 13:36:05.277,402.545217872955,96
2024-09-17 13:36:05.290,402.5418535185798,102
2024-09-17 13:36:05.347,402.5561552576768,7
2024-09-17 13:36:05.372,402.50882904903466,999
2024-09-17 13:36:05.389,402.58766983734506,14
2024-09-17 13:36:05.428,402.5863480994763,100
2024-09-17 13:36:05.432,402.54742151927167,101
2024-09-17 13:36:05.442,402.5801498117146,5
2024-09-17 13:36:05.451,402.5028156443984,13
2024-09-17 13:36:05.469,402.54683226548354,11
2024-09-17 13:36:05.585,402.5730021845573,98
2024-09-17 13:36:05.591,402.541236603901,99
2024-09-17 13:36:05.608,402.5875885023272,101
2024-09-17 13:36:05.616,402.53800568728593,100
2024-09-17 13:36:05.630,402.577706399459,104
2024-09-17 13:36:05.645,402.5252520854928,98
2024-09-17 13:36:05.690,402.58103232986895,97
2024-09-17 13:36:05.727,402.531451634565,104
2024-09-17 13:36:05.881,402.5095560937,12
2024-09-17 13:36:05.910,402.5150122615976,15
2024-09-17 13:36:05.917,402.5078028106775,104
2024-09-17 13:36:05.948,402.5900698544036,1000
2024-09-17 13:36:06.023,402.4523951361716,7
2024-09-17 13:36:06.170,402.50871665051193,11
2024-09-17 13:36:06.216,402.440699697053,12
2024-09-17 13:36:06.290,402.4877053267725,998
2024-09-17 13:36:06.419,402.53162025831966,996
2024-09-17 13:36:06.540,402.4705413495327,1002
2024-09-17 13:36:06.560,402.4768011930482,997
2024-09-17 13:36:06.584,402.4870582184832,1003
2024-09-17 13:36:06.613,402.5509789585397,5
2024-09-17 13:36:06.632,-402.4778177217323,103
2024-09-17 13:36:06.655,402.4626399190712,997
2024-09-17 13:36:06.672,402.47078503714806,103
2024-09-17 13:36:06.674,402.53793845716143,1002
2024-09-17 13:36:06.731,402.4481450251353,999
2024-09-17 13:36:06.777,402.4326664599137,96
2024-09-17 13:36:06.789,402.4477461582753,97
2024-09-17 13:36:06.816,402.4689731370714,13
2024-09-17 13:36:06.820,402.4526953090312,997
2024-09-17 13:36:06.876,402.5268990333135,1000
2024-09-17 13:36:06.892,402.4665689803396,6
2024-09-17 13:36:06.925,402.4593440553239,5
2024-09-17 13:36:06.927,402.4567065218743,95
2024-09-17 13:36:06.933,402.4682750291616,13
2024-09-17 13:36:06.948,402.4885799817332,996
2024-09-17 13:36:06.957,402.5013124670751,104
2024-09-17 13:36:06.972,402.4627264625507,1000
2024-09-17 13:36:06.989,402.4656340910907,97
2024-09-17 13:36:07.018,402.4888931592576,1002
2024-09-17 13:36:07.087,402.489115987784,1002
2024-09-17 13:36:07.103,402.48488374367486,6
2024-09-17 13:36:07.128,402.461457814984,96
2024-09-17 13:36:07.187,402.46681743903054,100
2024-09-17 13:36:07.193,402.4982823332427,102
2024-09-17 13:36:07.402,402.467983230978,95
2024-09-17 13:36:07.641,402.51195997006965,999
2024-09-17 13:36:07.643,402.48662463972784,9
2024-09-17 13:36:07.653,402.48560770100175,995
2024-09-17 13:36:07.814,402.4774529885778,8
2024-09-17 13:36:07.835,402.47231170468046,7
2024-09-17 13:36:07.911,402.510582208493,6
2024-09-17 13:36:07.949,402.4810094526737,1002
2024-09-17 13:36:10.324,40.242586941305895,14
2024-09-17 13:36:10.393,402.4281655950039,14
2024-09-17 13:36:10.406,402.4049182310897,98
2024-09-17 13:36:10.494,402.4139399500168,12
2024-09-17 13:36:10.587,40.240731661325256,1001
2024-09-17 13:36:10.758,402.444112777383,95
2024-09-17 13:36:11.301,402.4019322030187,1001
2024-09-17 13:36:11.379,402.4108241520263,104
2024-09-17 13:36:11.388,402.4117526052011,104
2024-09-17 13:36:11.411,402.40884053164007,104
2024-09-17 13:36:11.419,402.43591091900487,998
2024-09-17 13:36:11.421,402.3835156952747,999
2024-09-17 13:36:11.428,402.39240982774464,9
2024-09-17 13:36:11.492,402.3925293000823,105
2024-09-17 13:36:11.516,402.4251262839359,997
2024-09-17 13:36:11.610,402.3832266849417,999
2024-09-17 13:36:11.643,402.39570462338577,996
2024-09-17 13:36:11.670,402.3841675691029,102
2024-09-17 13:36:11.724,40.24020631999075,1003
2024-09-17 13:36:11.731,402.400374566187,1002
2024-09-17 13:36:11.903,,96
2024-09-17 13:36:12.001,402.3956441325066,96
2024-09-17 13:36:12.054,402.42409428418097,97
2024-09-17 13:36:12.123,402.3954753350053,15
2024-09-17 13:36:12.145,402.4248911952619,997
2024-09-17 13:36:12.178,402.3800084304394,998
2024-09-17 13:36:12.344,402.4351525950015,13
2024-09-17 13:36:12.375,402.39443127205874,5
2024-09-17 13:36:12.435,402.40994543604086,995
2024-09-17 13:36:12.447,402.4170962168179,101
2024-09-17 13:36:12.564,402.4205916872087,15
2024-09-17 13:36:12.570,402.3827313902445,99
2024-09-17 13:36:12.650,402.4410284912071,104
2024-09-17 13:36:12.808,402.4325486293001,7
2024-09-17 13:36:12.811,402.4054838738092,1004
2024-09-17 13:36:12.886,402.42853495994393,995
2024-09-17 13:36:12.961,402.405406652838,96
2024-09-17 13:36:13.032,402.4476445953889,1001
2024-09-17 13:36:13.050,402.43776725778594,10
2024-09-17 13:36:13.097,402.4463091883233,999
2024-09-17 13:36:13.106,402.41975172089377,10
2024-09-17 13:36:13.144,402.47293067869566,102
2024-09-17 13:36:13.167,402.4414894828734,8
2024-09-17 13:36:13.171,402.4880879559241,995
2024-09-17 13:36:13.265,402.44440435349577,100
2024-09-17 13:36:13.438,402.4428612423988,1003
2024-09-17 13:36:13.604,402.4801747242382,105
2024-09-17 13:36:13.797,402.4327476659668,14
2024-09-17 13:36:13.846,402.4725196601505,97
2024-09-17 13:36:13.901,402.47426637765176,10
2024-09-17 13:36:13.977,402.48104625880666,10
2024-09-17 13:36:13.977,402.4731408623269,96
2024-09-17 13:36:14.036,402.4411299578692,103
2024-09-17 13:36:14.067,402.4657862548182,996
2024-09-17 13:36:14.093,402.4416221790198,15
2024-09-17 13:36:14.191,402.4685031083253,1002
2024-09-17 13:36:14.304,402.4513597607119,1001
2024-09-17 13:36:14.358,402.47557894422886,997
2024-09-17 13:36:14.369,402.44860426810544,9
2024-09-17 13:36:14.390,402.4461775022562,101
2024-09-17 13:36:14.509,402.4532031445838,11
2024-09-17 13:36:14.601,402.4328523452083,1005
2024-09-17 13:36:14.608,402.43812280250273,97
2024-09-17 13:36:14.635,402.4641614379212,99
2024-09-17 13:36:14.666,402.4437895252301,100
2024-09-17 13:36:14.847,402.4753985769911,99
2024-09-17 13:36:14.936,402.4256882999104,97
2024-09-17 13:36:15.094,402.5069323328708,11
2024-09-17 13:36:15.232,402.505833471142,998
2024-09-17 13:36:15.570,402.4867253583553,14
2024-09-17 13:36:15.653,402.49749896685273,1002
2024-09-17 13:36:15.921,402.5108878337833,12
2024-09-17 13:36:16.080,402.49237397196,1001
2024-09-17 13:36:16.121,402.47443610252816,100
2024-09-17 13:36:16.151,402.4805280427885,998
2024-09-17 13:36:16.243,402.4597197634401,997
2024-09-17 13:36:16.270,402.4765599473293,11
2024-09-17 13:36:16.293,402.4632202273852,11
2024-09-17 13:36:16.339,402.454448244492,995
2024-09-17 13:36:16.422,402.445624792169,13
2024-09-17 13:36:16.422,402.4542747279582,996
2024-09-17 13:36:16.651,402.443302316873,1003
2024-09-17 13:36:16.681,402.41838086058016,105
2024-09-17 13:36:16.827,402.43264527932695,95
2024-09-17 13:36:16.884,402.4792378846336,5
2024-09-17 13:36:16.933,402.4365251262678,95
2024-09-17 13:36:16.947,402.5148709974468,15
2024-09-17 13:36:16.948,402.4139158347979,9
2024-09-17 13:36:16.980,402.4622941110954,96
2024-09-17 13:36:17.002,402.456047187955,100
2024-09-17 13:36:17.084,402.459399451839,102
2024-09-17 13:36:17.089,402.46441570546233,14
2024-09-17 13:36:17.125,402.4681884367741,8
2024-09-17 13:36:17.313,402.4577570140858,104
2024-09-17 13:36:17.430,402.4449037695593,98
2024-09-17 13:36:17.521,402.4821390062162,102
2024-09-17 13:36:17.547,402.4569375056505,998
2024-09-17 13:36:17.603,402.4759270906138,100
2024-09-17 13:36:17.605,402.4280470706362,97
2024-09-17 13:36:17.639,402.4605511464244,996
2024-09-17 13:36:17.660,402.4228386227687,999
2024-09-17 13:36:17.807,402.43219625651415,999
2024-09-17 13:36:17.823,402.43668944533744,103
2024-09-17 13:36:17.853,402.4580311304268,5
2024-09-17 13:36:17.860,402.4278950998344,1005
2024-09-17 13:36:17.861,402.4893266162656,996
2024-09-17 13:36:17.907,402.4543552015293,10
2024-09-17 13:36:17.951,402.476805133539,97
2024-09-17 13:36:17.994,402.452019297249,11
2024-09-17 13:36:17.994,402.4493510820672,100
2024-09-17 13:36:18.024,402.46178036082176,103
2024-09-17 13:36:18.161,402.428746445376,6
2024-09-17 13:36:18.188,402.40704493519166,7
2024-09-17 13:36:18.201,402.4045348006241,12
2024-09-17 13:36:18.221,402.4708406583643,99
2024-09-17 13:36:18.227,402.412562343816,1003
2024-09-17 13:36:18.287,402.4612788480978,98
2024-09-17 13:36:18.323,402.3935665749039,99
2024-09-17 13:36:18.333,402.44006222744736,1002
2024-09-17 13:36:18.353,402.4147419048195,101
2024-09-17 13:36:18.375,402.47981106454097,1001
2024-09-17 13:36:18.391,402.3913569102655,95
2024-09-17 13:36:18.489,402.486152394275,7
2024-09-17 13:36:18.492,402.4886447329266,96
2024-09-17 13:36:18.532,402.403677581125,14
2024-09-17 13:36:18.611,402.4328685762309,1002
2024-09-17 13:36:18.619,402.4802098517893,9
2024-09-17 13:36:18.674,402.43397197049546,7
2024-09-17 13:36:18.690,402.3970352098536,7
2024-09-17 13:36:18.909,402.4910009873025,999
2024-09-17 13:36:18.918,402.4087517128369,11
2024-09-17 13:36:19.021,402.5198049235752,1005
2024-09-17 13:36:19.021,402.5621536019869,1001
2024-09-17 13:36:19.069,402.6039826180924,998
2024-09-17 13:36:19.128,402.4388804642717,5
2024-09-17 13:36:19.141,402.456266698888,105
2024-09-17 13:36:19.165,402.48409939897726,1004
2024-09-17 13:36:19.169,402.5744053627772,15
2024-09-17 13:36:19.217,402.565225789568,998
2024-09-17 13:36:19.280,402.4472039344751,5
2024-09-17 13:36:19.294,402.4451946750653,7
2024-09-17 13:36:19.312,402.5644752922224,8
2024-09-17 13:36:19.408,40.25156508703,8
2024-09-17 13:36:19.409,402.47698482873255,1000
2024-09-17 13:36:19.423,402.4462954354168,13
2024-09-17 13:36:19.499,402.5699971772915,14
2024-09-17 13:36:19.503,402.5128015576071,15
2024-09-17 13:36:19.508,402.59779104809786,995
2024-09-17 13:36:19.533,402.4430164462289,101
2024-09-17 13:36:19.567,402.4896879648479,98
2024-09-17 13:36:19.579,402.57391756967496,102
2024-09-17 13:36:19.589,402.5020552516069,104
2024-09-17 13:36:19.620,402.5807623521,1003
2024-09-17 13:36:19.686,402.6029770377387,9
2024-09-17 13:36:19.709,402.555159029314,12
2024-09-17 13:36:19.796,402.4741103231832,1002
2024-09-17 13:36:19.840,402.46637362026473,6
2024-09-17 13:36:19.960,402.58398014271705,96
2024-09-17 13:36:20.019,402.5737431595156,12
2024-09-17 13:36:20.027,402.5787522965331,13
2024-09-17 13:36:20.055,402.56960223261865,96
2024-09-17 13:36:20.161,402.6168048727276,97
2024-09-17 13:36:20.194,402.5846340793727,1004
2024-09-17 13:36:20.271,402.6355133596357,998
2024-09-17 13:36:20.305,402.6029855516075,1001
2024-09-17 13:36:20.325,402.5861060290474,7
2024-09-17 13:36:20.346,402.6641171842568,95
2024-09-17 13:36:20.365,402.63669987534377,1001
2024-09-17 13:36:20.425,402.5741184933385,10
2024-09-17 13:36:20.583,402.5659632663692,9
2024-09-17 13:36:20.585,402.5714526207213,995
2024-09-17 13:36:20.606,402.6265859374112,1004
2024-09-17 13:36:20.652,402.64455156109017,9
2024-09-17 13:36:20.662,402.5992803537874,8
2024-09-17 13:36:20.690,402.6203342099784,100
2024-09-17 13:36:20.692,402.5877070703632,1004
2024-09-17 13:36:20.737,402.59676522670026,9
2024-09-17 13:36:20.784,402.59029127431336,105
2024-09-17 13:36:20.852,402.64522490104736,98
2024-09-17 13:36:20.861,402.6301980421152,96
2024-09-17 13:36:20.892,402.6368831525067,998
2024-09-17 13:36:20.985,402.64507069479953,102
2024-09-17 13:36:20.994,402.60764635191697,99
2024-09-17 13:36:20.994,402.6265182547432,14
2024-09-17 13:36:21.471,402.6405916292733,104
2024-09-17 13:36:21.539,402.6239189208078,1002
2024-09-17 13:36:22.000,402.5427422542463,99
2024-09-17 13:36:22.008,402.5482928809464,995
2024-09-17 13:36:22.017,402.55696606906656,1003
2024-09-17 13:36:22.025,402.5924895374425,96
2024-09-17 13:36:22.056,402.61679723403006,11
2024-09-17 13:36:22.153,402.6318407185311,1003
2024-09-17 13:36:22.220,402.6174834806327,13
2024-09-17 13:36:22.228,402.6367148827492,6
2024-09-17 13:36:22.283,402.5364798115179,95
2024-09-17 13:36:22.285,402.602392213408,12
2024-09-17 13:36:22.363,402.6103561800849,1001
2024-09-17 13:36:22.381,402.5351596353879,998
2024-09-17 13:36:22.423,402.5910224386944,95
2024-09-17 13:36:22.459,402.5982148796361,104
2024-09-17 13:36:22.474,402.63667697476745,102
2024-09-17 13:36:22.487,402.6111930536224,1000
2024-09-17 13:36:22.489,402.6263042727157,1005
2024-09-17 13:36:22.532,402.62201577810725,9
2024-09-17 13:36:22.559,402.5557132056376,100
2024-09-17 13:36:22.566,402.62891617338994,1000
2024-09-17 13:36:22.588,402.5903039245616,98
2024-09-17 13:36:22.592,402.5585194034639,13
2024-09-17 13:36:22.688,402.5983567874308,1000
2024-09-17 13:36:22.728,402.5275864740832,15
2024-09-17 13:36:22.812,402.5940103845445,997
2024-09-17 13:36:22.868,402.61277403332974,101
2024-09-17 13:36:22.871,402.6003808865836,15
2024-09-17 13:36:22.917,402.63458723762335,1000
2024-09-17 13:36:22.928,402.57347293652026,100
2024-09-17 13:36:22.979,402.5760232414988,100
2024-09-17 13:36:23.098,402.5182326423948,103
2024-09-17 13:36:23.225,402.50605676296806,996
2024-09-17 13:36:23.377,402.51276924104747,105
2024-09-17 13:36:23.457,402.5362570466514,96
2024-09-17 13:36:23.690,402.5356967322652,96
2024-09-17 13:36:23.707,402.5329265157851,12
2024-09-17 13:36:23.881,402.50747761442216,7
2024-09-17 13:36:24.079,402.6517129552666,999
2024-09-17 13:36:24.101,402.6025860723871,998
2024-09-17 13:36:24.261,402.6527947231147,999
2024-09-17 13:36:24.270,402.63798903665605,10
2024-09-17 13:36:24.288,402.5796820668153,6
2024-09-17 13:36:24.329,402.6385266848736,7
2024-09-17 13:36:24.344,402.6481791605954,995
2024-09-17 13:36:24.429,402.6373766235064,102
2024-09-17 13:36:24.437,402.54778907229246,8
2024-09-17 13:36:24.456,402.6327841218817,14
2024-09-17 13:36:24.459,402.65975891387205,1002
2024-09-17 13:36:24.460,402.55291120726935,1002
2024-09-17 13:36:24.508,402.6391515641906,999
2024-09-17 13:36:24.546,402.63108424151073,95
2024-09-17 13:36:24.550,402.6081711534098,1000
2024-09-17 13:36:24.597,402.6418535751109,100
2024-09-17 13:36:24.603,402.611712168804,102
2024-09-17 13:36:24.617,402.62704446441006,996
2024-09-17 13:36:24.730,402.5443741899513,1000
2024-09-17 13:36:24.769,402.6272935352738,5
2024-09-17 13:36:24.779,402.6226640065015,104
2024-09-17 13:36:24.781,402.6102190815341,1004
2024-09-17 13:36:24.790,402.6341822613846,999
2024-09-17 13:36:24.794,402.5635826961086,997
2024-09-17 13:36:24.883,402.62146122249214,11
2024-09-17 13:36:24.984,402.6234490940882,1001
2024-09-17 13:36:25.142,402.6685684019653,96
2024-09-17 13:36:25.604,402.6735451346463,97
2024-09-17 13:36:25.881,402.67899456264365,1003
2024-09-17 13:36:26.003,402.6768691210679,102
2024-09-17 13:36:26.037,402.66070120895984,1004
2024-09-17 13:36:26.046,402.6808078121344,6
2024-09-17 13:36:26.050,402.68955388671424,1002
2024-09-17 13:36:26.135,402.70367302003393,103
2024-09-17 13:36:26.178,402.6916890349822,998
2024-09-17 13:36:26.226,402.7065619343954,98
2024-09-17 13:36:26.235,402.6940027927447,104
2024-09-17 13:36:26.265,402.6838154665823,103
2024-09-17 13:36:26.289,402.6728191035704,99
2024-09-17 13:36:26.352,402.71121164950296,999
2024-09-17 13:36:26.450,402.6852820668375,7
2024-09-17 13:36:26.456,402.6516299542926,98
2024-09-17 13:36:26.494,402.6904510505654,995
2024-09-17 13:36:26.531,402.6549086169339,103
2024-09-17 13:36:26.537,402.6621134289101,995
2024-09-17 13:36:26.555,402.6854426484094,12
2024-09-17 13:36:26.585,402.68369606281817,996
2024-09-17 13:36:26.675,402.6637671311754,15
2024-09-17 13:36:26.709,402.6733596784114,996
2024-09-17 13:36:26.742,402.6866230838252,13
2024-09-17 13:36:26.812,402.69425529270586,11
2024-09-17 13:36:26.853,402.6809784167832,102
2024-09-17 13:36:26.897,402.6766335742241,6
2024-09-17 13:36:26.904,402.6842738449013,1000
2024-09-17 13:36:26.920,402.65962531682175,99
2024-09-17 13:36:26.965,402.6523029963166,1003
2024-09-17 13:36:26.985,402.7005945605587,6
2024-09-17 13:36:27.138,402.67358904136046,996
2024-09-17 13:36:27.151,402.7641360122806,13
2024-09-17 13:36:27.183,402.7920509728,104
2024-09-17 13:36:27.207,402.7937728531919,998
2024-09-17 13:36:27.261,402.68079279352696,97
2024-09-17 13:36:27.299,402.79746250782335,12
2024-09-17 13:36:27.388,402.7555798621893,996
2024-09-17 13:36:27.416,402.7334356646522,1001
2024-09-17 13:36:27.449,402.706994835951,12
2024-09-17 13:36:27.537,402.7231683063237,100
2024-09-17 13:36:27.570,402.7448116840808,1001
2024-09-17 13:36:27.620,402.7839159600816,14
2024-09-17 13:36:27.625,402.67911139339606,99
2024-09-17 13:36:27.627,402.7583506051724,1003
2024-09-17 13:36:27.642,402.7857779401273,10
2024-09-17 13:36:27.672,402.7356487900213,103
2024-09-17 13:36:27.793,402.78516800253993,15
2024-09-17 13:36:27.802,402.7671440758723,999
2024-09-17 13:36:27.831,402.7485171819745,998
2024-09-17 13:36:27.840,402.7694219059809,100
2024-09-17 13:36:27.879,402.73517692974696,996
2024-09-17 13:36:27.928,402.75947584365264,95
2024-09-17 13:36:28.623,402.6638989255867,96
2024-09-17 13:36:28.816,402.6612367529253,15
2024-09-17 13:36:28.911,402.66479792217103,15
2024-09-17 13:36:29.028,402.6527104328785,8
2024-09-17 13:36:29.043,402.6383712622217,100
2024-09-17 13:36:29.098,402.65802063451616,13
2024-09-17 13:36:29.320,402.6607626494984,6
2024-09-17 13:36:29.498,402.65545414166326,11
2024-09-17 13:36:29.541,402.6602679538522,8
2024-09-17 13:36:29.629,402.6541758176522,98
2024-09-17 13:36:29.696,402.6524441838517,999
2024-09-17 13:36:29.867,402.64217141395415,104
2024-09-17 13:36:29.884,402.63716097797175,9
2024-09-17 13:36:29.909,402.6805278308881,98
2024-09-17 13:36:29.912,402.651533635742,6
2024-09-17 13:36:29.913,402.6740180142824,1002
2024-09-17 13:36:29.989,402.677852210952,1005
2024-09-17 13:36:29.994,402.68314238255255,105
2024-09-17 13:36:30.061,402.6636549332674,12
2024-09-17 13:36:30.070,402.6228939886161,15
2024-09-17 13:36:30.118,402.65397522471727,15
2024-09-17 13:36:30.134,402.5980410300817,15
2024-09-17 13:36:30.211,402.6091682632262,15
2024-09-17 13:36:30.224,402.654651482866,10
2024-09-17 13:36:30.250,402.645046958881,15
2024-09-17 13:36:30.273,402.64530586609135,103
2024-09-17 13:36:30.287,402.6274958902535,9
2024-09-17 13:36:30.360,402.64759352739287,96
2024-09-17 13:36:30.378,402.6378487381954,104
2024-09-17 13:36:30.432,402.624786411303,1000
2024-09-17 13:36:30.518,402.65847859981056,99
2024-09-17 13:36:30.537,402.61269240508415,995
2024-09-17 13:36:30.547,402.64593639326,997
2024-09-17 13:36:30.633,402.6356055893709,1003
2024-09-17 13:36:30.732,402.65200058799246,6
2024-09-17 13:36:30.783,402.65087965769146,105
2024-09-17 13:36:30.831,402.6619786339518,100
2024-09-17 13:36:30.857,402.647242331122,100
2024-09-17 13:36:30.934,402.6607209420015,999
2024-09-17 13:36:31.148,402.58606474597786,11
2024-09-17 13:36:31.556,402.5729608519717,999
2024-09-17 13:36:31.698,402.5536033655943,104
2024-09-17 13:36:31.784,402.577660111513,97
2024-09-17 13:36:32.008,402.5690279509548,100
2024-09-17 13:36:32.037,402.562675155622,13
2024-09-17 13:36:32.044,402.55875485386105,5
2024-09-17 13:36:32.207,402.57465111463097,5
2024-09-17 13:36:32.230,402.50233318352895,100
2024-09-17 13:36:32.249,402.5667120875324,101
2024-09-17 13:36:32.252,402.5683780042245,6
2024-09-17 13:36:32.357,402.5711605535959,999
2024-09-17 13:36:32.362,402.56907224299823,99
2024-09-17 13:36:32.402,402.5875449304894,1002
2024-09-17 13:36:32.423,402.5195004104371,1003
2024-09-17 13:36:32.499,402.5033865577779,11
2024-09-17 13:36:32.509,402.5858810376762,97
2024-09-17 13:36:32.511,402.5671662903718,97
2024-09-17 13:36:32.541,402.55074347813553,996
2024-09-17 13:36:32.627,402.4965023531823,99
2024-09-17 13:36:32.731,402.572977452494,1005
2024-09-17 13:36:32.758,402.5305715915884,11
2024-09-17 13:36:32.782,402.51394284408735,104
2024-09-17 13:36:32.814,402.5918974514473,6
2024-09-17 13:36:32.877,402.57044008948594,98
2024-09-17 13:36:32.974,402.5478018840159,1002
2024-09-17 13:36:32.980,402.5771121450248,13
2024-09-17 13:36:33.046,402.4578451958748,11
2024-09-17 13:36:33.094,402.4874988956087,101
2024-09-17 13:36:33.165,402.49522766853386,1001
2024-09-17 13:36:33.180,402.4974687446135,14
2024-09-17 13:36:33.334,402.5029774542966,5
2024-09-17 13:36:33.335,402.4893611805677,1000
2024-09-17 13:36:33.360,402.5369136319687,100
2024-09-17 13:36:33.361,402.53370542930895,105
2024-09-17 13:36:33.398,402.4937781362154,9
2024-09-17 13:36:33.405,402.4570343651982,97
2024-09-17 13:36:33.414,402.4938387286045,10
2024-09-17 13:36:33.429,402.461738471885,1001
2024-09-17 13:36:33.429,402.45757971720656,12
2024-09-17 13:36:33.435,402.43665977911166,15
2024-09-17 13:36:33.475,402.4628241672028,11
2024-09-17 13:36:33.489,402.5014920379589,7
2024-09-17 13:36:33.544,402.4495489309498,999
2024-09-17 13:36:33.585,402.5362521205882,96
2024-09-17 13:36:33.612,402.45243171756704,996
2024-09-17 13:36:33.634,402.4447254984741,105
2024-09-17 13:36:33.648,402.5401925024005,1004
2024-09-17 13:36:33.661,402.4672966419674,995
2024-09-17 13:36:33.749,402.452498710784,96
2024-09-17 13:36:33.752,402.5085460592696,7
2024-09-17 13:36:33.784,402.512568987162,15
2024-09-17 13:36:33.870,402.5176959186264,14
2024-09-17 13:36:33.916,402.4512081821436,1001
2024-09-17 13:36:33.964,402.4998886722848,105
2024-09-17 13:36:33.984,402.4649099973372,12
2024-09-17 13:36:33.997,402.45573454728685,996
2024-09-17 13:36:34.245,402.56708064549866,11
2024-09-17 13:36:34.283,402.5666270896373,997
2024-09-17 13:36:34.289,402.5657051474607,103
2024-09-17 13:36:34.293,402.5798039973081,1003
2024-09-17 13:36:34.319,402.5534221897418,105
2024-09-17 13:36:34.328,402.572471669061,101
2024-09-17 13:36:34.370,402.5605946980932,14
2024-09-17 13:36:34.570,402.5507157430951,98
2024-09-17 13:36:34.629,402.5691187529943,6
2024-09-17 13:36:34.798,402.5589659548591,97
2024-09-17 13:36:34.811,402.5632211596831,998
2024-09-17 13:36:34.832,402.5606519183634,5
2024-09-17 13:36:34.907,402.5726004082889,14
2024-09-17 13:36:35.001,402.54530767634685,12
2024-09-17 13:36:35.008,402.54399732824106,13
2024-09-17 13:36:35.032,-402.5513071282621,103
2024-09-17 13:36:35.034,402.600684736411,14
2024-09-17 13:36:35.041,402.54466269918544,1005
2024-09-17 13:36:35.045,402.5962928633779,95
2024-09-17 13:36:35.088,402.55120247058335,997
2024-09-17 13:36:35.092,402.6087412313998,98
2024-09-17 13:36:35.160,402.54285963913344,97
2024-09-17 13:36:35.166,402.5417463683169,11
2024-09-17 13:36:35.210,402.53056009515,99
2024-09-17 13:36:35.226,402.5564447298306,999
2024-09-17 13:36:35.239,402.57641424672926,98
2024-09-17 13:36:35.272,402.5485635570416,10
2024-09-17 13:36:35.313,402.5568867242831,998
2024-09-17 13:36:35.341,402.53730274845935,9
2024-09-17 13:36:35.383,402.5482108098174,998
2024-09-17 13:36:35.387,402.6016507279777,1002
2024-09-17 13:36:35.443,402.5971081278852,12
2024-09-17 13:36:35.490,,101
2024-09-17 13:36:35.534,40.25531649819386,999
2024-09-17 13:36:35.579,402.5512605345515,101
2024-09-17 13:36:35.585,402.5950220638213,5
2024-09-17 13:36:35.622,402.6015120204198,14
2024-09-17 13:36:35.639,402.59370493840464,998
2024-09-17 13:36:35.738,402.54357711152426,8
2024-09-17 13:36:35.769,,12
2024-09-17 13:36:35.828,402.58486135697126,104
2024-09-17 13:36:35.895,402.5609768847406,999
2024-09-17 13:36:36.157,402.5384173508212,1000
2024-09-17 13:36:36.187,402.5577665392685,9
2024-09-17 13:36:36.233,402.5344045714488,996
2024-09-17 13:36:36.288,402.5499026427244,997
2024-09-17 13:36:36.322,402.5788094308701,999
2024-09-17 13:36:36.365,402.5796095799088,1003
2024-09-17 13:36:36.471,402.52664669502985,95
2024-09-17 13:36:36.480,402.571824210007,9
2024-09-17 13:36:36.554,402.5683984820502,13
2024-09-17 13:36:36.637,402.54392480190296,95
2024-09-17 13:36:36.717,402.5530829188072,103
2024-09-17 13:36:36.777,402.60091067028094,98
2024-09-17 13:36:36.956,402.5413085845831,95
2024-09-17 13:36:36.956,402.5473265110247,1004
2024-09-17 13:36:37.073,402.5857098122252,102
2024-09-17 13:36:37.095,402.5934973447268,9
2024-09-17 13:36:37.147,402.54692115322814,1004
2024-09-17 13:36:37.166,402.5768995157302,9
2024-09-17 13:36:37.169,402.5828727034452,1003
2024-09-17 13:36:37.171,402.55724693548206,99
2024-09-17 13:36:37.226,402.5659919477184,15
2024-09-17 13:36:37.236,402.5673372878117,7
2024-09-17 13:36:37.304,402.575026145311,13
2024-09-17 13:36:37.309,402.55798482988257,999
2024-09-17 13:36:37.423,402.6063681751183,5
2024-09-17 13:36:37.582,402.5778136974904,1005
2024-09-17 13:36:37.622,402.5951675508643,99
2024-09-17 13:36:37.661,402.56805164484285,105
2024-09-17 13:36:37.683,402.5911365309237,1005
2024-09-17 13:36:37.706,402.5685445373836,95
2024-09-17 13:36:37.749,402.5612113312552,14
2024-09-17 13:36:37.784,402.5913006561802,1004
2024-09-17 13:36:37.786,402.5956519849048,96
2024-09-17 13:36:37.851,402.58712056956045,97
2024-09-17 13:36:37.900,402.5579501760844,103
2024-09-17 13:36:37.929,40.25596001682957,12
2024-09-17 13:36:37.943,402.5916033794346,1000
2024-09-17 13:36:37.982,402.5516918232894,996
2024-09-17 13:36:38.037,402.5964782795241,95
2024-09-17 13:36:38.045,402.5910875751189,14
2024-09-17 13:36:38.057,402.572638852074,6
2024-09-17 13:36:38.173,402.5718091651296,1001
2024-09-17 13:36:38.272,402.5713650437087,104
2024-09-17 13:36:38.528,402.5845810574225,97
2024-09-17 13:36:38.546,402.5650239764732,100
2024-09-17 13:36:38.728,402.5853910595376,8
2024-09-17 13:36:38.745,402.5646317464544,1002
2024-09-17 13:36:38.748,402.5624781549572,14
2024-09-17 13:36:38.888,,997
2024-09-17 13:36:39.010,402.5038874706124,999
2024-09-17 13:36:39.016,402.4854126760613,12
2024-09-17 13:36:39.038,402.5245422842031,1004
2024-09-17 13:36:39.076,402.49132700507454,13
2024-09-17 13:36:39.117,402.49986975249305,105
2024-09-17 13:36:39.190,402.4947427357063,9
2024-09-17 13:36:39.202,402.5074086358301,1001
2024-09-17 13:36:39.211,402.4832334998251,14
2024-09-17 13:36:39.245,402.4760621067821,99
2024-09-17 13:36:39.271,402.4646610203505,995
2024-09-17 13:36:39.275,402.5001361885812,1000
2024-09-17 13:36:39.293,-402.489141887228,1004
2024-09-17 13:36:39.307,402.49669520906,8
2024-09-17 13:36:39.323,402.50939138081776,13
2024-09-17 13:36:39.410,402.5103269242599,8
2024-09-17 13:36:39.451,402.50096467231685,98
2024-09-17 13:36:39.487,402.4962802993388,1001
2024-09-17 13:36:39.495,402.5064369605665,15
2024-09-17 13:36:39.609,402.4676890365016,8
2024-09-17 13:36:39.634,402.5515753693775,96
2024-09-17 13:36:39.655,402.5013233686261,102
2024-09-17 13:36:39.683,402.5419810639313,98
2024-09-17 13:36:39.716,402.5245887275465,995
2024-09-17 13:36:39.762,402.50398330128326,996
2024-09-17 13:36:39.961,402.4764696756442,5
2024-09-17 13:36:39.981,402.52000091270656,9
2024-09-17 13:36:40.007,402.5177172918266,12
2024-09-17 13:36:40.033,402.5838594614424,9
2024-09-17 13:36:40.486,402.5946206731312,11
2024-09-17 13:36:40.518,402.5134676159528,1003
2024-09-17 13:36:40.561,402.57170660212427,98
2024-09-17 13:36:40.630,402.5524141607261,1002
2024-09-17 13:36:40.690,402.56531108160266,8
2024-09-17 13:36:40.698,402.52192080662286,96
2024-09-17 13:36:40.846,402.54110927648526,1000
2024-09-17 13:36:40.866,402.5621937749205,1004
2024-09-17 13:36:40.952,402.5766630171178,1004
2024-09-17 13:36:41.035,402.6049062620201,13
2024-09-17 13:36:41.054,402.6214106846906,9
2024-09-17 13:36:41.123,402.5943080721282,102
2024-09-17 13:36:41.156,402.6027040847789,100
2024-09-17 13:36:41.201,402.610288197493,995
2024-09-17 13:36:41.221,402.6295910647997,14
2024-09-17 13:36:41.240,402.6260718480588,10
2024-09-17 13:36:41.283,402.605679214888,10
2024-09-17 13:36:41.284,402.6159736994492,98
2024-09-17 13:36:41.371,402.5967944926043,996
2024-09-17 13:36:41.400,-402.60885794688966,99
2024-09-17 13:36:41.444,402.6181556716308,998
2024-09-17 13:36:41.486,402.6035153879653,100
2024-09-17 13:36:41.548,402.5719668125453,998
2024-09-17 13:36:41.550,402.6101131644672,10
2024-09-17 13:36:41.678,402.6093039072617,98
2024-09-17 13:36:41.726,402.5934849824025,12
2024-09-17 13:36:41.879,402.6002615689133,97
2024-09-17 13:36:41.903,402.5883070127407,995
2024-09-17 13:36:41.909,402.6044859818082,11
2024-09-17 13:36:41.915,402.61254203705136,6
2024-09-17 13:36:41.948,402.5845031640431,1005
2024-09-17 13:36:41.978,402.61335944852686,999
2024-09-17 13:36:42.008,402.5466189825883,12
2024-09-17 13:36:42.142,402.6152575450199,5
2024-09-17 13:36:42.174,402.5879695361149,998
2024-09-17 13:36:42.190,402.62261542734296,103
2024-09-17 13:36:42.194,402.5817886017604,98
2024-09-17 13:36:42.271,402.5800602423254,995
2024-09-17 13:36:42.317,402.6143007530504,96
2024-09-17 13:36:42.374,402.5946955901542,1004
2024-09-17 13:36:42.377,402.6017068639125,103
2024-09-17 13:36:42.379,402.61786223400486,13
2024-09-17 13:36:42.408,402.5967576953661,95
2024-09-17 13:36:42.418,402.61766448902046,95
2024-09-17 13:36:42.419,402.5435050401194,99
2024-09-17 13:36:42.425,402.6003314809141,101
2024-09-17 13:36:42.452,402.6307792834457,103
2024-09-17 13:36:42.454,402.6167073640275,105
2024-09-17 13:36:42.476,402.60219657736224,103
2024-09-17 13:36:42.511,402.6263593726937,1005
2024-09-17 13:36:42.536,402.56682761211806,1005
2024-09-17 13:36:42.647,402.5707508925155,998
2024-09-17 13:36:42.659,402.62308973188,105
2024-09-17 13:36:42.690,402.5805802030205,996
2024-09-17 13:36:42.744,402.5776054958423,9
2024-09-17 13:36:42.817,402.5773092503287,995
2024-09-17 13:36:42.825,402.57874573565215,9
2024-09-17 13:36:42.901,402.62761887357766,13
2024-09-17 13:36:42.940,402.6011166885756,1000
2024-09-17 13:36:42.981,402.582519562653,998
2024-09-17 13:36:43.082,402.6022163702556,95
2024-09-17 13:36:43.379,402.66002841129546,1000
2024-09-17 13:36:43.401,402.5511109808351,9
2024-09-17 13:36:43.415,402.5401204880076,999
2024-09-17 13:36:43.449,402.7280096987354,1000
2024-09-17 13:36:43.453,402.6197989064518,100
2024-09-17 13:36:43.498,402.6288629534397,1004
2024-09-17 13:36:43.522,402.55901766010646,100
2024-09-17 13:36:43.596,402.5756749014162,103
2024-09-17 13:36:43.602,402.6490927454213,1003
2024-09-17 13:36:43.610,402.5938780877107,1001
2024-09-17 13:36:43.616,402.63816041670873,99
2024-09-17 13:36:43.690,402.6953426242201,995
2024-09-17 13:36:43.697,402.75555659196414,7
2024-09-17 13:36:43.719,402.7340625253351,104
2024-09-17 13:36:43.780,402.7496031602126,1002
2024-09-17 13:36:43.820,402.6591291558596,996
2024-09-17 13:36:43.852,402.7605782931092,95
2024-09-17 13:36:43.911,402.7427200517827,6
2024-09-17 13:36:43.955,402.7596043036479,96
2024-09-17 13:36:43.976,402.684514401377,1005
2024-09-17 13:36:44.047,402.7821672457022,8
2024-09-17 13:36:44.060,402.7386427390004,6
2024-09-17 13:36:44.107,402.7694908912511,1000
2024-09-17 13:36:44.173,402.7690522026007,996
2024-09-17 13:36:44.286,402.7905210124826,8
2024-09-17 13:36:44.323,402.7348216855625,999
2024-09-17 13:36:44.335,402.7776014946416,995
2024-09-17 13:36:44.368,402.80515865745247,995
2024-09-17 13:36:44.369,402.7566122837486,1001
2024-09-17 13:36:44.378,402.7376947747439,6
2024-09-17 13:36:44.412,402.7416392902163,105
2024-09-17 13:36:44.413,402.77308241336726,9
2024-09-17 13:36:44.441,402.7812335393246,7
2024-09-17 13:36:44.450,402.7399212873959,98
2024-09-17 13:36:44.469,402.77091671556514,100
2024-09-17 13:36:44.488,402.7836826886796,105
2024-09-17 13:36:44.520,402.7420519552284,1001
2024-09-17 13:36:44.558,402.7981253417637,95
2024-09-17 13:36:44.626,402.7652898130398,998
2024-09-17 13:36:44.752,402.7577370036306,95
2024-09-17 13:36:44.771,402.7552120043528,1001
2024-09-17 13:36:44.828,402.7258796754576,101
2024-09-17 13:36:44.875,402.7140915416869,98
2024-09-17 13:36:44.908,402.7574554287908,5
2024-09-17 13:36:44.930,402.7343192301017,104
2024-09-17 13:36:44.939,402.7995325482579,105
2024-09-17 13:36:44.951,402.7085067298207,103
2024-09-17 13:36:44.979,402.7918237871163,9
2024-09-17 13:36:44.989,402.794542408365,98
2024-09-17 13:36:45.061,402.718021000563,1002
2024-09-17 13:36:45.093,402.7261454675669,14
2024-09-17 13:36:45.195,402.7150389656281,7
2024-09-17 13:36:45.347,402.69254040417513,7
2024-09-17 13:36:45.411,402.71894024016296,15
2024-09-17 13:36:45.418,402.71146167994334,1004
2024-09-17 13:36:45.431,402.71023806453735,10
2024-09-17 13:36:45.477,402.7130344805572,96
2024-09-17 13:36:45.493,402.7564198730711,1002
2024-09-17 13:36:45.641,402.6987008182761,1003
2024-09-17 13:36:45.651,402.6934423627339,99
2024-09-17 13:36:45.832,402.7065502494274,5
2024-09-17 13:36:45.854,402.7138232119812,1000
2024-09-17 13:36:45.904,402.7019636486255,1001
2024-09-17 13:36:45.959,402.7112298347445,95
2024-09-17 13:36:45.973,402.72318931799487,6
2024-09-17 13:36:45.986,402.73325380748673,1005
2024-09-17 13:36:46.231,402.7874861334734,9
2024-09-17 13:36:46.261,402.7761600797594,98
2024-09-17 13:36:46.390,402.76663307747856,7
2024-09-17 13:36:46.554,402.7709107419048,12
2024-09-17 13:36:46.617,402.78207311588113,1001
2024-09-17 13:36:46.677,402.79764243806216,996
2024-09-17 13:36:46.719,402.78573329944567,13
2024-09-17 13:36:46.835,402.7973512784869,98
2024-09-17 13:36:46.853,402.7868257167259,8
2024-09-17 13:36:46.860,402.7794483862425,99
2024-09-17 13:36:46.953,402.79314648381467,100
2024-09-17 13:36:46.984,402.7499630378248,101
2024-09-17 13:36:46.987,402.7625120930179,5
2024-09-17 13:36:47.044,402.8004817550081,7
2024-09-17 13:36:47.059,402.75949191427526,999
2024-09-17 13:36:47.086,402.774380198789,97
2024-09-17 13:36:47.099,402.7957053780582,99
2024-09-17 13:36:47.213,402.7887676221397,98
2024-09-17 13:36:47.237,402.796861949592,101
2024-09-17 13:36:47.247,402.7923825728293,98
2024-09-17 13:36:47.299,402.7751128074887,12
2024-09-17 13:36:47.317,402.7993980288184,998
2024-09-17 13:36:47.357,402.7873548304784,96
2024-09-17 13:36:47.365,402.7886800897299,15
2024-09-17 13:36:47.381,402.8037848392522,9
2024-09-17 13:36:47.463,402.79904265588993,99
2024-09-17 13:36:47.505,402.7969651878285,995
2024-09-17 13:36:47.551,402.7917682317479,97
2024-09-17 13:36:47.609,402.7942571812071,1000
2024-09-17 13:36:47.627,402.7769600857266,15
2024-09-17 13:36:47.761,402.7756279529437,97
2024-09-17 13:36:47.775,402.7943821550356,10
2024-09-17 13:36:47.787,402.7764603782055,995
2024-09-17 13:36:47.822,402.7875991417883,98
2024-09-17 13:36:47.846,402.8222612416884,103
2024-09-17 13:36:47.883,402.818175912302,14
2024-09-17 13:36:48.035,402.8114681940952,11
2024-09-17 13:36:48.051,,96
2024-09-17 13:36:48.095,402.77971331891285,99
2024-09-17 13:36:48.205,402.7950684900278,10
2024-09-17 13:36:48.206,402.7800638539986,6
2024-09-17 13:36:48.215,402.78020159711656,10
2024-09-17 13:36:48.220,402.7880086475584,97
2024-09-17 13:36:48.269,402.77611415927305,98
2024-09-17 13:36:48.424,402.7933126989996,103
2024-09-17 13:36:48.438,402.7942924371637,15
2024-09-17 13:36:48.467,402.79799215168464,97
2024-09-17 13:36:48.603,402.806303855336,995
2024-09-17 13:36:48.673,402.7872170771555,98
2024-09-17 13:36:48.706,402.7908036282985,96
2024-09-17 13:36:48.712,402.81098178355313,7
2024-09-17 13:36:48.880,402.7848342677665,14
2024-09-17 13:36:48.884,,102
2024-09-17 13:36:48.996,402.7983870372625,102
2024-09-17 13:36:49.006,402.81820618324105,996
2024-09-17 13:36:49.062,402.8198285402194,100
2024-09-17 13:36:49.073,402.81633710393805,995
2024-09-17 13:36:49.186,402.7953566040852,1003
2024-09-17 13:36:49.338,402.8006654134373,99
2024-09-17 13:36:49.598,402.824422306824,1000
2024-09-17 13:36:49.659,402.8021262822268,6
2024-09-17 13:36:49.673,402.8236549134925,98
2024-09-17 13:36:49.736,402.86093528238746,98
2024-09-17 13:36:49.755,402.7956348974822,95
2024-09-17 13:36:49.755,402.8515154023197,95
2024-09-17 13:36:49.761,402.7800661666988,10
2024-09-17 13:36:49.762,40.285210420783045,101
2024-09-17 13:36:49.772,402.8354264786787,999
2024-09-17 13:36:49.782,402.84377343431424,102
2024-09-17 13:36:49.809,402.8369399211149,95
2024-09-17 13:36:49.833,402.8307785078465,104
2024-09-17 13:36:49.868,402.851470772136,10
2024-09-17 13:36:49.920,402.8447927098536,95
2024-09-17 13:36:49.921,402.7748113882934,7
2024-09-17 13:36:49.981,402.7722860381396,102
2024-09-17 13:36:50.040,402.84014416812784,101
2024-09-17 13:36:50.106,402.8323803379758,1005
2024-09-17 13:36:50.165,402.80994942827874,11
2024-09-17 13:36:50.232,402.8347806867239,15
2024-09-17 13:36:50.259,402.78366708166726,5
2024-09-17 13:36:50.264,402.77913910733264,98
2024-09-17 13:36:50.278,402.7985128089708,995
2024-09-17 13:36:50.303,402.7792729502082,998
2024-09-17 13:36:50.330,402.7752928699672,97
2024-09-17 13:36:50.400,402.78240795611225,10
2024-09-17 13:36:50.420,402.8168820785667,998
2024-09-17 13:36:50.444,402.79379488565775,1001
2024-09-17 13:36:50.448,402.8100814169322,1004
2024-09-17 13:36:50.449,402.81341255355386,104
2024-09-17 13:36:50.488,402.80161527188153,95
2024-09-17 13:36:50.624,402.7829649985845,12
2024-09-17 13:36:50.642,402.8069190474712,97
2024-09-17 13:36:50.648,402.79413576075433,997
2024-09-17 13:36:50.675,402.8099799686295,5
2024-09-17 13:36:50.758,402.8282883036817,998
2024-09-17 13:36:50.783,402.788227788604,12
2024-09-17 13:36:50.948,402.8342723517114,6
2024-09-17 13:36:50.963,402.8285866561004,1004
2024-09-17 13:36:50.965,402.8021415611989,11
2024-09-17 13:36:50.996,402.8071944563962,95
2024-09-17 13:36:51.139,402.78630833247496,1003
2024-09-17 13:36:51.316,402.7960559616227,996
2024-09-17 13:36:51.431,402.79748017304985,8
2024-09-17 13:36:51.603,402.7972823456878,15
2024-09-17 13:36:51.706,402.79164694345343,1001
2024-09-17 13:36:51.964,402.80152328767366,103
2024-09-17 13:36:52.069,402.8353831086988,96
2024-09-17 13:36:52.088,402.81778331430286,1003
2024-09-17 13:36:52.143,402.8237312862843,15
2024-09-17 13:36:52.148,402.8251481334298,98
2024-09-17 13:36:52.153,402.8265301476657,15
2024-09-17 13:36:52.178,402.8305276574936,995
2024-09-17 13:36:52.193,402.7900069635553,8
2024-09-17 13:36:52.236,402.8227459144625,105
2024-09-17 13:36:52.341,402.8055834955896,14
2024-09-17 13:36:52.423,402.8274310263341,6
2024-09-17 13:36:52.460,402.8296552357399,105
2024-09-17 13:36:52.468,402.8359780050951,12
2024-09-17 13:36:52.521,402.8151041453708,95
2024-09-17 13:36:52.546,402.8168531693659,8
2024-09-17 13:36:52.567,402.8159426496349,95
2024-09-17 13:36:52.583,402.8157856245501,98
2024-09-17 13:36:52.674,402.8272019931833,1002
2024-09-17 13:36:52.755,402.8143601927318,101
2024-09-17 13:36:52.755,402.8301112339027,98
2024-09-17 13:36:52.759,402.83170780247536,997
2024-09-17 13:36:52.776,402.7928953534459,14
2024-09-17 13:36:52.790,402.8389686585376,1001
2024-09-17 13:36:52.791,402.815152791892,14
2024-09-17 13:36:52.831,402.8082168050093,103
2024-09-17 13:36:52.846,402.8219347651501,96
2024-09-17 13:36:52.887,402.8287438010079,8
2024-09-17 13:36:52.965,402.826681935869,15
2024-09-17 13:36:53.118,402.8158875690898,997
2024-09-17 13:36:53.140,402.8136416859388,12
2024-09-17 13:36:53.331,402.80752109895707,101
2024-09-17 13:36:53.377,402.8174209847464,12
2024-09-17 13:36:53.922,-402.83117261319774,1004
2024-09-17 13:36:54.020,402.8047448787213,995
2024-09-17 13:36:54.392,402.8184334566978,102
2024-09-17 13:36:54.823,402.81910874778646,102
2024-09-17 13:36:54.866,402.84108656006833,998
2024-09-17 13:36:55.092,402.853189575977,103
2024-09-17 13:36:55.542,402.8509314490565,96
2024-09-17 13:36:55.699,402.8571774195368,12
2024-09-17 13:36:56.052,402.8278007551694,100
2024-09-17 13:36:56.066,402.82862519316825,1000
2024-09-17 13:36:56.098,402.84890505141055,1001
2024-09-17 13:36:56.158,402.897580618262,998
2024-09-17 13:36:56.193,402.8613231982346,996
2024-09-17 13:36:56.329,402.8632873012758,1004
2024-09-17 13:36:56.396,402.8365294678209,101
2024-09-17 13:36:56.403,402.8556597238442,13
2024-09-17 13:36:56.420,402.8222373133348,999
2024-09-17 13:36:56.428,402.90707893753125,13
2024-09-17 13:36:56.452,402.839636914614,95
2024-09-17 13:36:56.497,402.8403892653955,105
2024-09-17 13:36:56.755,402.8722727082042,12
2024-09-17 13:36:56.831,402.8735381072376,105
2024-09-17 13:36:56.877,402.85692562374624,11
2024-09-17 13:36:56.923,402.8390410499191,105
2024-09-17 13:36:57.066,402.8578203932646,14
2024-09-17 13:36:57.085,402.8537861034037,105
2024-09-17 13:36:57.175,402.8558417234283,1004
2024-09-17 13:36:57.185,402.88876494341696,95
2024-09-17 13:36:57.292,402.8266650571812,101
2024-09-17 13:36:57.307,402.8548074327629,1002
2024-09-17 13:36:57.425,402.8858239471816,1001
2024-09-17 13:36:57.564,402.85971763471457,99
2024-09-17 13:36:57.565,402.8542366869969,104
2024-09-17 13:36:57.593,402.872124566343,997
2024-09-17 13:36:57.644,402.8099788194679,998
2024-09-17 13:36:57.657,402.8880680562538,7
2024-09-17 13:36:57.659,402.8467949449866,1005
2024-09-17 13:36:57.689,402.831222928838,15
2024-09-17 13:36:57.772,402.86770232446617,10
2024-09-17 13:36:57.774,402.8278743616753,995
2024-09-17 13:36:57.774,402.87503410905646,5
2024-09-17 13:36:57.786,402.8402233329288,102
2024-09-17 13:36:57.793,402.8373923193894,7
2024-09-17 13:36:57.865,402.8360265641109,105
2024-09-17 13:36:57.892,402.8375141194126,102
2024-09-17 13:36:57.900,402.8530318153853,95
2024-09-17 13:36:57.941,402.8163027333207,104
2024-09-17 13:36:57.988,402.8359344698536,995
2024-09-17 13:36:58.143,402.8728704756013,95
2024-09-17 13:36:58.253,402.8635928782053,999
2024-09-17 13:36:58.284,402.80434213006185,105
2024-09-17 13:36:58.337,402.8612391668337,7
2024-09-17 13:36:58.355,402.8276908885192,7
2024-09-17 13:36:58.367,402.8671997863972,99
2024-09-17 13:36:58.368,402.82805075191584,5
2024-09-17 13:36:58.504,402.8356458421068,997
2024-09-17 13:36:58.536,402.8449830625205,5
2024-09-17 13:36:58.546,402.87028444835744,1001
2024-09-17 13:36:58.730,402.8471762041924,14
2024-09-17 13:36:58.786,402.86781138818856,7
2024-09-17 13:36:58.842,402.82674384058606,999
2024-09-17 13:36:59.176,402.8881356892034,103
2024-09-17 13:36:59.252,402.883648177585,995
2024-09-17 13:36:59.340,402.877694525716,1005
2024-09-17 13:36:59.346,402.8867058208804,98
2024-09-17 13:36:59.386,402.8691351042656,9
2024-09-17 13:36:59.415,402.9017610078826,5
2024-09-17 13:36:59.522,402.87231112267926,13
2024-09-17 13:36:59.649,402.8971058911684,1001
2024-09-17 13:36:59.678,402.8928322535876,1002
2024-09-17 13:36:59.721,402.87143253787656,1005
2024-09-17 13:36:59.926,402.87093260715466,15
2024-09-17 13:36:59.954,402.889344164485,12
2024-09-17 13:36:59.960,402.8887848353629,1000
2024-09-17 13:36:59.972,402.8797106991722,10
