Timestamp,Price,Size
2024-09-18 10:17:00.010,411.1789544817475,996
2024-09-18 10:17:00.062,411.18358234555706,15
2024-09-18 10:17:00.271,411.2098956760613,12
2024-09-18 10:17:00.271,411.1894368487556,105
2024-09-18 10:17:00.456,411.2005230375896,5
2024-09-18 10:17:00.562,411.1978716977829,100
2024-09-18 10:17:00.588,411.1783477225988,105
2024-09-18 10:17:00.630,411.206432318696,1004
2024-09-18 10:17:00.873,411.18400129554425,11
2024-09-18 10:17:00.959,411.2021227371649,99
2024-09-18 10:17:00.972,411.1970262243329,96
2024-09-18 10:17:01.242,411.2274269278189,98
2024-09-18 10:17:01.373,411.1975567932173,104
2024-09-18 10:17:01.658,411.2074210828779,98
2024-09-18 10:17:02.009,411.24382883405366,999
2024-09-18 10:17:02.037,411.2151427028636,1002
2024-09-18 10:17:02.111,411.1905267997656,999
2024-09-18 10:17:02.164,411.20757836844814,97
2024-09-18 10:17:02.289,411.2081294325386,1005
2024-09-18 10:17:02.333,411.2150052476261,102
2024-09-18 10:17:02.387,411.24057567758354,6
2024-09-18 10:17:02.407,411.2285092613182,102
2024-09-18 10:17:02.454,411.2297423129799,99
2024-09-18 10:17:02.458,411.2163439122399,996
2024-09-18 10:17:02.463,,12
2024-09-18 10:17:02.482,411.2199345592941,1001
2024-09-18 10:17:02.529,411.1945506208914,15
2024-09-18 10:17:02.596,411.1973829732812,1000
2024-09-18 10:17:02.601,411.1927341151134,96
2024-09-18 10:17:02.676,411.2273800155752,1001
2024-09-18 10:17:02.680,411.2017775741938,998
2024-09-18 10:17:02.735,411.2085250303514,102
2024-09-18 10:17:02.742,411.2277911744442,97
2024-09-18 10:17:02.764,411.1921152716175,9
2024-09-18 10:17:02.787,411.231877258301,996
2024-09-18 10:17:02.823,411.20393567630526,997
2024-09-18 10:17:02.847,411.2427528249702,1001
2024-09-18 10:17:02.858,411.22243287385095,5
2024-09-18 10:17:02.882,411.2354650337292,12
2024-09-18 10:17:02.889,411.2487885146656,1000
2024-09-18 10:17:02.936,411.1934824915147,13
2024-09-18 10:17:02.961,411.19764784639233,99
2024-09-18 10:17:03.135,411.2673489081898,104
2024-09-18 10:17:03.165,411.2551767642881,104
2024-09-18 10:17:03.166,411.2271399262312,105
2024-09-18 10:17:03.173,411.2482703715029,100
2024-09-18 10:17:03.177,411.280818607606,95
2024-09-18 10:17:03.199,411.2307079759375,998
2024-09-18 10:17:03.205,411.27281179673935,1001
2024-09-18 10:17:03.266,411.24310413247457,95
2024-09-18 10:17:03.288,411.2516278755982,101
2024-09-18 10:17:03.297,411.2506765656714,8
2024-09-18 10:17:03.298,411.2661830659263,10
2024-09-18 10:17:03.322,411.3061122156768,996
2024-09-18 10:17:03.353,411.2439485583117,99
2024-09-18 10:17:03.404,411.2680392755172,1003
2024-09-18 10:17:03.412,411.2725814281696,6
2024-09-18 10:17:03.426,411.2567441993162,7
2024-09-18 10:17:03.451,411.2285135210125,96
2024-09-18 10:17:03.464,411.2320955324351,13
2024-09-18 10:17:03.468,,105
2024-09-18 10:17:03.503,411.229725706905,11
2024-09-18 10:17:03.594,411.26594956979153,995
2024-09-18 10:17:03.628,411.2787360746929,11
2024-09-18 10:17:03.661,411.2284726117793,102
2024-09-18 10:17:03.671,411.2594595583962,998
2024-09-18 10:17:03.712,411.2568242692698,98
2024-09-18 10:17:03.853,411.2571167468672,14
2024-09-18 10:17:03.939,411.2426065890381,995
2024-09-18 10:17:03.958,411.2642819590181,1005
2024-09-18 10:17:04.102,411.3192804005322,5
2024-09-18 10:17:04.103,411.3349262864007,6
2024-09-18 10:17:04.127,411.2990036294897,96
2024-09-18 10:17:04.152,411.30983901083937,104
2024-09-18 10:17:04.155,411.28644456323343,11
2024-09-18 10:17:04.177,411.2995392322045,95
2024-09-18 10:17:04.187,411.3252436423044,105
2024-09-18 10:17:04.195,411.31455256310136,1003
2024-09-18 10:17:04.204,411.32007481490166,95
2024-09-18 10:17:04.244,411.3288020938131,6
2024-09-18 10:17:04.272,411.2964808845343,9
2024-09-18 10:17:04.311,411.29426376745846,1002
2024-09-18 10:17:04.394,411.2995125077811,98
2024-09-18 10:17:04.425,411.2892075833423,96
2024-09-18 10:17:04.539,411.3062081101551,998
2024-09-18 10:17:04.558,411.34370092897706,1004
2024-09-18 10:17:04.611,411.3267247390981,103
2024-09-18 10:17:04.662,411.3287605163792,996
2024-09-18 10:17:04.691,411.3141937211604,99
2024-09-18 10:17:04.696,411.27805724186254,11
2024-09-18 10:17:04.711,411.2837961592751,996
2024-09-18 10:17:04.727,411.3070333595165,98
2024-09-18 10:17:04.804,411.3346035915415,997
2024-09-18 10:17:04.813,411.3266323506708,1002
2024-09-18 10:17:04.980,411.32298974155657,103
2024-09-18 10:17:05.050,411.3157862145636,97
2024-09-18 10:17:05.176,411.31889639412026,104
2024-09-18 10:17:05.214,411.348349394436,101
2024-09-18 10:17:05.222,411.31884559287136,7
2024-09-18 10:17:05.266,411.3469231324781,1005
2024-09-18 10:17:05.305,411.2966433796317,100
2024-09-18 10:17:05.391,411.2730542307049,9
2024-09-18 10:17:05.411,411.2904790976929,96
2024-09-18 10:17:05.453,411.288543668706,995
2024-09-18 10:17:05.634,411.2757071409281,98
2024-09-18 10:17:05.683,411.3393744873849,103
2024-09-18 10:17:05.814,411.3423492926131,997
2024-09-18 10:17:05.894,411.3218707403153,103
2024-09-18 10:17:05.957,411.2927508909782,97
2024-09-18 10:17:06.015,411.22344737754025,997
2024-09-18 10:17:06.026,411.2283074786673,1003
2024-09-18 10:17:06.070,411.2114191242607,105
2024-09-18 10:17:06.154,411.20556163234176,105
2024-09-18 10:17:06.161,411.2033889810272,99
2024-09-18 10:17:06.322,411.22939203498953,105
2024-09-18 10:17:06.329,411.2012922349547,995
2024-09-18 10:17:06.357,411.2046829495592,12
2024-09-18 10:17:06.443,411.224596100972,96
2024-09-18 10:17:06.482,411.2696189643812,999
2024-09-18 10:17:06.524,411.19479084852526,95
2024-09-18 10:17:06.533,411.2371859092717,104
2024-09-18 10:17:06.568,411.2195087518791,98
2024-09-18 10:17:06.613,411.2233124338801,11
2024-09-18 10:17:06.622,411.2327673655337,103
2024-09-18 10:17:06.628,411.21372571213743,996
2024-09-18 10:17:06.728,411.18827133223766,996
2024-09-18 10:17:06.735,411.24136449485934,998
2024-09-18 10:17:06.736,411.2042440513574,13
2024-09-18 10:17:06.762,411.2107180921351,104
2024-09-18 10:17:06.765,411.2194522904773,101
2024-09-18 10:17:06.796,411.2167393945923,1004
2024-09-18 10:17:06.931,411.21989294676666,12
2024-09-18 10:17:06.951,411.1984920051639,12
2024-09-18 10:17:07.005,411.2073396258849,9
2024-09-18 10:17:07.071,411.1766914129126,10
2024-09-18 10:17:07.238,411.22320356510033,104
2024-09-18 10:17:07.333,411.1803193141611,100
2024-09-18 10:17:07.391,411.208316136185,996
2024-09-18 10:17:07.412,411.1547712584726,5
2024-09-18 10:17:07.520,411.1860645056271,6
2024-09-18 10:17:07.533,411.2182929907845,7
2024-09-18 10:17:07.548,411.1671009721932,102
2024-09-18 10:17:07.708,411.223591568152,999
2024-09-18 10:17:07.742,411.1971643703977,102
2024-09-18 10:17:07.780,411.1845391528721,104
2024-09-18 10:17:07.798,411.1809142624949,103
2024-09-18 10:17:07.865,411.2166755715938,1000
2024-09-18 10:17:07.991,411.1964069229136,1003
2024-09-18 10:17:08.147,411.22711509663577,7
2024-09-18 10:17:08.208,411.2471586971121,1001
2024-09-18 10:17:08.313,411.2153883491317,997
2024-09-18 10:17:08.374,411.2437536144513,1001
2024-09-18 10:17:08.492,411.2430480709223,11
2024-09-18 10:17:08.546,411.1974751024045,997
2024-09-18 10:17:08.563,411.22253704831775,10
2024-09-18 10:17:08.687,411.2401335785332,13
2024-09-18 10:17:08.702,411.2422190464118,1005
2024-09-18 10:17:08.827,411.2133212047804,9
2024-09-18 10:17:08.918,411.25973299711865,8
2024-09-18 10:17:08.933,411.2021116245367,103
2024-09-18 10:17:08.941,411.1893635410673,99
2024-09-18 10:17:08.969,411.2172428525091,996
2024-09-18 10:17:09.264,411.252461123098,8
2024-09-18 10:17:09.308,411.2736916061156,96
2024-09-18 10:17:09.379,411.235007154006,996
2024-09-18 10:17:09.462,411.2566281166124,1001
2024-09-18 10:17:09.486,411.2794821947261,10
2024-09-18 10:17:09.737,411.2651063715388,1002
2024-09-18 10:17:09.746,,98
2024-09-18 10:17:10.032,411.3055922959403,1000
2024-09-18 10:17:10.046,411.2675871508855,7
2024-09-18 10:17:10.064,411.2989345643683,14
2024-09-18 10:17:10.087,411.3069486562462,998
2024-09-18 10:17:10.165,411.2767689008696,11
2024-09-18 10:17:10.169,411.2630387056194,103
2024-09-18 10:17:10.201,411.2875556117848,104
2024-09-18 10:17:10.208,411.2786797491516,104
2024-09-18 10:17:10.271,411.267011153092,7
2024-09-18 10:17:10.288,411.3067870693538,1004
2024-09-18 10:17:10.393,411.2635984410621,5
2024-09-18 10:17:10.463,411.2911855449189,996
2024-09-18 10:17:10.492,411.264833733032,996
2024-09-18 10:17:10.669,411.2616010173564,1004
2024-09-18 10:17:10.854,411.3002511000936,10
2024-09-18 10:17:10.907,411.2740417458234,998
2024-09-18 10:17:10.922,411.2815578108516,10
2024-09-18 10:17:10.936,411.2688832954549,10
2024-09-18 10:17:11.077,411.3367073724448,1000
2024-09-18 10:17:11.201,411.27433609440817,11
2024-09-18 10:17:11.320,411.28543686592775,12
2024-09-18 10:17:11.332,411.2768960600262,98
2024-09-18 10:17:11.341,411.3300665303103,14
2024-09-18 10:17:11.363,411.2880357943782,13
2024-09-18 10:17:11.463,411.30253338915486,6
2024-09-18 10:17:11.469,411.3366726580527,102
2024-09-18 10:17:11.643,411.3263065596948,10
2024-09-18 10:17:11.656,411.3090851475324,102
2024-09-18 10:17:11.756,411.2846561230754,1005
2024-09-18 10:17:11.812,411.3107458690128,1002
2024-09-18 10:17:11.914,411.3262951478373,1001
2024-09-18 10:17:11.977,411.3120077362963,12
2024-09-18 10:17:12.024,411.3865877620106,13
2024-09-18 10:17:12.138,411.33585336289593,11
2024-09-18 10:17:12.163,411.39518556265614,105
2024-09-18 10:17:12.169,411.3617003603951,15
2024-09-18 10:17:12.412,411.3769418925677,104
2024-09-18 10:17:12.416,411.30984287325407,997
2024-09-18 10:17:12.418,411.3634251519963,96
2024-09-18 10:17:12.524,411.337400722896,1002
2024-09-18 10:17:12.529,411.3219542198236,6
2024-09-18 10:17:12.557,411.3142526726815,13
2024-09-18 10:17:12.606,411.3470718333755,98
2024-09-18 10:17:12.645,411.3359996209014,13
2024-09-18 10:17:12.651,411.353718980517,9
2024-09-18 10:17:12.656,411.3679857913872,997
2024-09-18 10:17:12.668,411.3264650529235,5
2024-09-18 10:17:12.870,411.3286000903585,7
2024-09-18 10:17:12.928,411.3122841100524,999
2024-09-18 10:17:13.126,41.13839757179221,999
2024-09-18 10:17:13.203,411.4017718458688,102
2024-09-18 10:17:13.428,411.3613690900799,105
2024-09-18 10:17:13.434,411.38424747651504,98
2024-09-18 10:17:13.674,411.3786725682056,6
2024-09-18 10:17:13.768,411.3940207497966,998
2024-09-18 10:17:13.826,411.38202318433247,996
2024-09-18 10:17:13.895,411.38441535221807,999
2024-09-18 10:17:13.900,41.13973178683096,104
2024-09-18 10:17:13.939,411.3857362713679,1000
2024-09-18 10:17:14.013,411.3848512091248,1005
2024-09-18 10:17:14.030,411.4259790865696,6
2024-09-18 10:17:14.222,411.417204717308,999
2024-09-18 10:17:14.477,411.3899435431971,1005
2024-09-18 10:17:14.599,411.3922148306006,14
2024-09-18 10:17:14.752,411.38874539540905,95
2024-09-18 10:17:14.885,411.4032032557766,101
2024-09-18 10:17:14.903,411.40402689224754,103
2024-09-18 10:17:16.166,411.3519640554941,999
2024-09-18 10:17:16.308,411.35678269847887,96
2024-09-18 10:17:16.537,411.35588758458505,97
2024-09-18 10:17:16.566,411.3784432897706,995
2024-09-18 10:17:16.607,411.3518348533843,101
2024-09-18 10:17:16.624,411.3583156776797,98
2024-09-18 10:17:16.760,411.3617568322058,9
2024-09-18 10:17:17.014,411.3773458216214,103
2024-09-18 10:17:17.073,411.3399875878542,1004
2024-09-18 10:17:17.143,411.34832581401207,1002
2024-09-18 10:17:17.166,411.3841049775246,998
2024-09-18 10:17:17.167,41.13285668754676,100
2024-09-18 10:17:17.203,411.36687479458055,1001
2024-09-18 10:17:17.232,411.3310189979941,9
2024-09-18 10:17:17.260,411.3727830274793,99
2024-09-18 10:17:17.296,411.3336677616065,998
2024-09-18 10:17:17.310,411.3672538693207,95
2024-09-18 10:17:17.314,411.3139282134703,12
2024-09-18 10:17:17.329,411.34881180640537,1000
2024-09-18 10:17:17.342,411.3393818197544,98
2024-09-18 10:17:17.401,411.3402748149671,15
2024-09-18 10:17:17.522,411.38022160011695,104
2024-09-18 10:17:17.576,411.3377856675796,1002
2024-09-18 10:17:17.587,411.357235624882,997
2024-09-18 10:17:17.662,411.3793403809058,14
2024-09-18 10:17:17.703,411.38723434262295,105
2024-09-18 10:17:17.791,411.3539160953108,11
2024-09-18 10:17:17.800,411.3407573121786,12
2024-09-18 10:17:17.828,411.3615385712165,1002
2024-09-18 10:17:17.868,411.36084163829554,103
2024-09-18 10:17:17.908,411.32715503664986,96
2024-09-18 10:17:17.923,411.37661836962025,996
2024-09-18 10:17:17.939,411.349040499578,98
2024-09-18 10:17:17.972,411.3769752250948,995
2024-09-18 10:17:18.070,411.2971693878671,99
2024-09-18 10:17:18.102,411.3106961616086,995
2024-09-18 10:17:18.121,411.2210247023897,104
2024-09-18 10:17:18.156,411.2657845102787,995
2024-09-18 10:17:18.192,411.2281943577839,102
2024-09-18 10:17:18.256,411.2723790403333,1000
2024-09-18 10:17:18.276,411.2365096548611,1001
2024-09-18 10:17:18.319,411.2971982611134,96
2024-09-18 10:17:18.389,411.2861853605762,997
2024-09-18 10:17:18.406,411.2241574729627,96
2024-09-18 10:17:18.411,411.2751523160846,8
2024-09-18 10:17:18.420,411.2237133561161,15
2024-09-18 10:17:18.529,411.2644383053967,103
2024-09-18 10:17:18.571,411.2477972516403,997
2024-09-18 10:17:18.665,411.24575583390384,996
2024-09-18 10:17:18.673,411.2807237394844,103
2024-09-18 10:17:18.727,411.3071784807073,1001
2024-09-18 10:17:18.794,411.2440042891612,997
2024-09-18 10:17:18.846,411.2456519146229,105
2024-09-18 10:17:18.934,411.29970261329936,103
2024-09-18 10:17:18.992,,13
2024-09-18 10:17:18.993,411.24434592457067,98
2024-09-18 10:17:19.022,411.2332860472321,13
2024-09-18 10:17:19.107,41.126243622601656,1000
2024-09-18 10:17:19.246,411.2239232700039,996
2024-09-18 10:17:19.249,411.2566847130018,12
2024-09-18 10:17:19.283,411.24409721599096,9
2024-09-18 10:17:19.330,411.2479521764725,98
2024-09-18 10:17:19.408,411.2425754807202,7
2024-09-18 10:17:19.564,411.2485861068289,8
2024-09-18 10:17:19.656,411.2326412678148,98
2024-09-18 10:17:19.672,411.2526851672971,13
2024-09-18 10:17:19.760,411.2328453930295,1001
2024-09-18 10:17:20.743,411.247555438173,100
2024-09-18 10:17:21.006,411.2786356526327,12
2024-09-18 10:17:21.042,411.2529598512058,9
2024-09-18 10:17:21.154,411.2726927470716,1001
2024-09-18 10:17:21.214,411.2588472689264,6
2024-09-18 10:17:21.257,411.2583452154744,14
2024-09-18 10:17:21.258,411.28962379031816,13
2024-09-18 10:17:21.293,411.278959757845,14
2024-09-18 10:17:21.691,411.27957539432697,1001
2024-09-18 10:17:21.845,411.26759919191846,1003
2024-09-18 10:17:21.905,411.29389929066457,101
2024-09-18 10:17:22.009,411.3038348745425,102
2024-09-18 10:17:22.031,411.2946051304741,99
2024-09-18 10:17:22.058,411.255266547074,1005
2024-09-18 10:17:22.190,411.2810120030744,11
2024-09-18 10:17:22.222,411.2958548518223,102
2024-09-18 10:17:22.226,411.2422662975309,10
2024-09-18 10:17:22.357,411.29927817245226,102
2024-09-18 10:17:22.360,411.232720741874,105
2024-09-18 10:17:22.450,411.2686521327394,10
2024-09-18 10:17:22.491,411.2995608441196,15
2024-09-18 10:17:22.548,411.2480671769018,6
2024-09-18 10:17:22.590,411.2653746994717,1004
2024-09-18 10:17:22.655,411.2202392710982,104
2024-09-18 10:17:22.753,411.2823249109516,999
2024-09-18 10:17:22.775,411.2541317570773,98
2024-09-18 10:17:22.829,411.2727253029248,1005
2024-09-18 10:17:22.834,411.2577440012627,999
2024-09-18 10:17:22.848,411.2519607497613,1000
2024-09-18 10:17:22.870,411.26202196411214,7
2024-09-18 10:17:22.979,411.2985854371755,13
2024-09-18 10:17:23.104,411.2418304840478,1002
2024-09-18 10:17:23.148,411.264229967139,11
2024-09-18 10:17:23.178,411.23607323048736,98
2024-09-18 10:17:23.187,411.281764190804,97
2024-09-18 10:17:23.262,411.278096064128,8
2024-09-18 10:17:23.379,411.2537107497874,1003
2024-09-18 10:17:23.475,411.2981780676664,105
2024-09-18 10:17:23.576,411.244909578293,1000
2024-09-18 10:17:23.585,411.2805969670012,101
2024-09-18 10:17:23.591,411.2297611483379,100
2024-09-18 10:17:23.594,411.2489691219346,12
2024-09-18 10:17:23.628,411.2685755401179,102
2024-09-18 10:17:23.944,411.23116089103337,104
2024-09-18 10:17:24.123,411.2788457262653,102
2024-09-18 10:17:25.114,411.3705400768926,103
2024-09-18 10:17:25.117,411.3671183765348,100
2024-09-18 10:17:25.228,411.3245282206623,102
2024-09-18 10:17:25.326,411.3867888066697,14
2024-09-18 10:17:25.443,411.3633054058216,98
2024-09-18 10:17:25.465,411.3349727778015,1003
2024-09-18 10:17:25.539,411.3425885936574,97
2024-09-18 10:17:25.589,411.3728612610258,14
2024-09-18 10:17:25.610,411.3496082601637,14
2024-09-18 10:17:25.680,411.3525589544816,95
2024-09-18 10:17:25.763,411.2946679765655,95
2024-09-18 10:17:25.872,411.36020476407367,101
2024-09-18 10:17:25.950,411.36606655786267,1001
2024-09-18 10:17:25.977,411.345804992537,5
2024-09-18 10:17:26.039,411.3558644094159,1001
2024-09-18 10:17:26.046,411.36724060530514,997
2024-09-18 10:17:26.048,411.3338651159857,998
2024-09-18 10:17:26.056,411.3312695595684,1000
2024-09-18 10:17:26.295,411.33096360552463,1004
2024-09-18 10:17:26.347,411.3302768425135,14
2024-09-18 10:17:26.362,411.3309405195119,104
2024-09-18 10:17:26.363,411.3851406472825,1004
2024-09-18 10:17:26.428,411.3380195660391,102
2024-09-18 10:17:26.506,411.340581806396,104
2024-09-18 10:17:26.555,411.3537840007031,100
2024-09-18 10:17:26.560,411.3398180880921,95
2024-09-18 10:17:26.588,411.3489357987128,1004
2024-09-18 10:17:26.623,411.3331735113643,1000
2024-09-18 10:17:26.636,411.3149800789875,102
2024-09-18 10:17:26.644,411.3245794963636,996
2024-09-18 10:17:26.758,411.3650061440635,997
2024-09-18 10:17:26.783,411.3431748232896,9
2024-09-18 10:17:26.941,411.333870526897,105
2024-09-18 10:17:26.961,411.3267442043573,1003
2024-09-18 10:17:27.185,411.3453831366992,100
2024-09-18 10:17:27.206,411.3416441144635,1001
2024-09-18 10:17:27.250,411.3532227033237,96
2024-09-18 10:17:27.321,411.3395918204835,9
2024-09-18 10:17:27.356,411.321977124547,105
2024-09-18 10:17:27.410,411.3622668205307,1003
2024-09-18 10:17:27.421,411.3591170646361,997
2024-09-18 10:17:27.426,-411.3605377108723,14
2024-09-18 10:17:27.514,411.3604778994385,995
2024-09-18 10:17:27.756,411.37584003910825,996
2024-09-18 10:17:27.774,411.33997809864496,7
2024-09-18 10:17:27.800,411.3551125822567,15
2024-09-18 10:17:27.804,411.3651136378463,13
2024-09-18 10:17:27.817,411.32439051863065,102
2024-09-18 10:17:27.898,411.32496788719794,996
2024-09-18 10:17:27.912,411.3441706322922,12
2024-09-18 10:17:27.927,411.3326564230829,101
2024-09-18 10:17:27.930,411.35867884172507,998
2024-09-18 10:17:27.947,411.35019959843,13
2024-09-18 10:17:27.951,411.32311245231887,99
2024-09-18 10:17:27.958,411.3102295204568,11
2024-09-18 10:17:27.996,411.321880674694,96
2024-09-18 10:17:28.059,411.305329064248,998
2024-09-18 10:17:28.139,411.3004181414448,104
2024-09-18 10:17:28.170,411.4101948235535,5
2024-09-18 10:17:28.193,411.3736768148521,7
2024-09-18 10:17:28.208,411.3311404752443,995
2024-09-18 10:17:28.350,411.3196157155102,1000
2024-09-18 10:17:28.405,411.3214315825163,11
2024-09-18 10:17:28.414,411.29782160508535,11
2024-09-18 10:17:28.528,411.3076399820755,103
2024-09-18 10:17:28.603,411.3056886919774,1001
2024-09-18 10:17:28.655,411.3922859249423,1002
2024-09-18 10:17:28.655,411.30018499274354,97
2024-09-18 10:17:28.716,411.31266398383946,8
2024-09-18 10:17:28.720,411.3705384317868,96
2024-09-18 10:17:28.735,411.30678649553136,998
2024-09-18 10:17:28.736,411.3053349939552,995
2024-09-18 10:17:28.838,,998
2024-09-18 10:17:28.848,411.3550676981914,1000
2024-09-18 10:17:28.990,411.428123225882,5
2024-09-18 10:17:28.991,411.31301754604857,5
2024-09-18 10:17:29.099,411.2759021726517,997
2024-09-18 10:17:29.126,411.297553582008,103
2024-09-18 10:17:29.290,411.3530579055237,10
2024-09-18 10:17:29.305,411.3300276318327,1003
2024-09-18 10:17:29.309,411.3568963128039,1003
2024-09-18 10:17:29.336,411.3142331019624,100
2024-09-18 10:17:29.396,411.30383993001846,11
2024-09-18 10:17:29.421,411.3673032128706,6
2024-09-18 10:17:29.562,411.2968131183243,7
2024-09-18 10:17:29.569,411.3181165236311,103
2024-09-18 10:17:29.600,411.41926414038926,101
2024-09-18 10:17:29.623,411.34773378908176,10
2024-09-18 10:17:29.743,411.32241807394894,104
2024-09-18 10:17:29.816,411.32368161928537,102
2024-09-18 10:17:29.835,411.3484685693925,1002
2024-09-18 10:17:29.871,411.2818345854708,996
2024-09-18 10:17:29.960,411.39869019806434,12
2024-09-18 10:17:30.058,411.35438482419806,6
2024-09-18 10:17:30.095,411.3220757963759,9
2024-09-18 10:17:30.134,411.383391911208,95
2024-09-18 10:17:30.137,411.40926202668845,105
2024-09-18 10:17:30.163,411.3966405664149,996
2024-09-18 10:17:30.169,411.4426018457488,999
2024-09-18 10:17:30.183,411.38837146896407,995
2024-09-18 10:17:30.204,411.3708023037941,13
2024-09-18 10:17:30.283,411.42762485133807,1004
2024-09-18 10:17:30.297,,11
2024-09-18 10:17:30.330,411.4373710551952,12
2024-09-18 10:17:30.343,411.3950271681627,11
2024-09-18 10:17:30.353,411.4147160893789,997
2024-09-18 10:17:30.418,411.4077044298422,1005
2024-09-18 10:17:30.437,411.42382186353535,7
2024-09-18 10:17:30.511,411.3980508243058,1001
2024-09-18 10:17:30.516,411.3183846177762,13
2024-09-18 10:17:30.529,411.40051069178287,101
2024-09-18 10:17:30.570,411.4253535758572,100
2024-09-18 10:17:30.608,411.397168756864,95
2024-09-18 10:17:30.621,411.40258621126446,7
2024-09-18 10:17:30.646,411.3829948484675,1002
2024-09-18 10:17:30.706,411.42272739610775,1002
2024-09-18 10:17:30.725,411.4323899297504,98
2024-09-18 10:17:30.829,411.3659131646577,999
2024-09-18 10:17:30.918,411.4131406345816,1000
2024-09-18 10:17:31.053,411.4299576218176,104
2024-09-18 10:17:31.193,411.3971094816328,1000
2024-09-18 10:17:31.232,411.43397080002086,1002
2024-09-18 10:17:31.274,411.4386643222405,103
2024-09-18 10:17:31.289,411.4046696778964,1001
2024-09-18 10:17:31.300,411.4284995143893,6
2024-09-18 10:17:31.302,411.4221646812985,997
2024-09-18 10:17:31.653,411.3979423007151,102
2024-09-18 10:17:31.732,41.13923237281419,999
2024-09-18 10:17:31.759,411.371814010129,995
2024-09-18 10:17:31.941,411.38099335603073,99
2024-09-18 10:17:31.972,411.4434536984349,7
2024-09-18 10:17:31.990,411.43028326095794,11
2024-09-18 10:17:32.039,411.4129724937602,14
2024-09-18 10:17:32.067,411.389093933785,997
2024-09-18 10:17:32.137,411.3732769692723,97
2024-09-18 10:17:32.255,411.3731382684261,101
2024-09-18 10:17:32.349,411.3648438848919,1003
2024-09-18 10:17:32.415,411.35430782366734,10
2024-09-18 10:17:32.496,411.3768465314855,1004
2024-09-18 10:17:32.536,411.3636438691122,1002
2024-09-18 10:17:32.585,411.39827071553424,1003
2024-09-18 10:17:32.592,411.3819704921673,97
2024-09-18 10:17:32.631,411.3785873155812,14
2024-09-18 10:17:32.656,411.3595623066428,103
2024-09-18 10:17:32.833,,14
2024-09-18 10:17:32.900,411.3551060183478,999
2024-09-18 10:17:32.900,411.3644311907756,10
2024-09-18 10:17:32.931,411.36690204148726,996
2024-09-18 10:17:32.946,411.3707270373108,10
2024-09-18 10:17:32.961,411.3973854378358,102
2024-09-18 10:17:32.967,411.3703289669656,98
2024-09-18 10:17:32.995,411.4050447831794,7
2024-09-18 10:17:33.016,411.37773417207774,14
2024-09-18 10:17:33.041,411.3643894104482,9
2024-09-18 10:17:33.094,411.3724569484429,100
2024-09-18 10:17:33.114,411.3773805392223,95
2024-09-18 10:17:33.127,411.3713596890887,97
2024-09-18 10:17:33.131,411.3859969061869,999
2024-09-18 10:17:33.132,411.3834276630713,98
2024-09-18 10:17:33.140,411.3951606600642,8
2024-09-18 10:17:33.147,411.3801825740119,15
2024-09-18 10:17:33.155,411.38193575668015,10
2024-09-18 10:17:33.186,411.3842082943722,999
2024-09-18 10:17:33.204,411.3779654731205,12
2024-09-18 10:17:33.275,411.3791744020127,996
2024-09-18 10:17:33.379,411.3752193484628,105
2024-09-18 10:17:33.380,411.3821992125452,12
2024-09-18 10:17:33.405,411.37643257278336,998
2024-09-18 10:17:33.440,411.369879089741,99
2024-09-18 10:17:33.461,411.37380861039065,12
2024-09-18 10:17:33.493,411.3864475324335,99
2024-09-18 10:17:33.503,411.3831005405352,99
2024-09-18 10:17:33.560,411.397465051631,997
2024-09-18 10:17:33.598,411.3856230329874,102
2024-09-18 10:17:33.635,411.3699118938183,99
2024-09-18 10:17:33.681,411.36588952472215,1003
2024-09-18 10:17:33.832,411.3841300087434,1004
2024-09-18 10:17:33.880,411.37042771500063,997
2024-09-18 10:17:33.983,411.3612836585893,102
2024-09-18 10:17:34.190,411.3522857982768,1002
2024-09-18 10:17:34.299,411.375259047276,104
2024-09-18 10:17:34.316,411.3552865482234,998
2024-09-18 10:17:34.358,411.3514392434915,97
2024-09-18 10:17:34.409,411.3671193976196,998
2024-09-18 10:17:34.556,411.36944324434114,9
2024-09-18 10:17:34.638,411.3739707738937,1002
2024-09-18 10:17:34.770,411.3495613926803,98
2024-09-18 10:17:34.820,411.3511168464369,995
2024-09-18 10:17:34.906,411.3651834710509,14
2024-09-18 10:17:34.935,411.3882191939679,102
2024-09-18 10:17:35.055,411.3555570764245,8
2024-09-18 10:17:35.176,411.34854851828726,103
2024-09-18 10:17:35.258,411.3434698538727,998
2024-09-18 10:17:35.637,411.3496585386511,105
2024-09-18 10:17:35.678,411.3294913488045,1000
2024-09-18 10:17:35.783,411.3449426470568,13
2024-09-18 10:17:35.881,411.34865166723273,98
2024-09-18 10:17:35.900,411.3340181518982,998
2024-09-18 10:17:36.094,411.3076924375449,1005
2024-09-18 10:17:36.214,411.3453963836721,1003
2024-09-18 10:17:36.243,411.31745549086463,999
2024-09-18 10:17:36.260,,1004
2024-09-18 10:17:36.279,411.308506833572,96
2024-09-18 10:17:36.295,411.3461140280968,13
2024-09-18 10:17:36.464,411.3231854713137,1003
2024-09-18 10:17:36.509,411.2996299599373,997
2024-09-18 10:17:36.528,411.3112970549623,102
2024-09-18 10:17:36.556,411.3101694830104,13
2024-09-18 10:17:36.588,411.35264983128,97
2024-09-18 10:17:36.611,411.3289100386597,995
2024-09-18 10:17:36.747,411.3131877672574,7
2024-09-18 10:17:37.116,,11
2024-09-18 10:17:37.194,411.2496015018217,98
2024-09-18 10:17:37.289,411.2195613127389,995
2024-09-18 10:17:37.310,411.2931970083592,99
2024-09-18 10:17:37.333,411.2790132745546,95
2024-09-18 10:17:37.463,411.28759370814726,5
2024-09-18 10:17:37.486,411.2686680179209,5
2024-09-18 10:17:37.487,411.2637588271701,101
2024-09-18 10:17:37.495,411.3223704448049,9
2024-09-18 10:17:37.586,411.33706553311305,97
2024-09-18 10:17:37.587,411.2246791689725,95
2024-09-18 10:17:37.683,411.24163090862754,14
2024-09-18 10:17:37.722,411.2469744891013,95
2024-09-18 10:17:37.739,411.2699613596431,9
2024-09-18 10:17:37.746,411.2375005825242,97
2024-09-18 10:17:37.775,411.2423237223719,1001
2024-09-18 10:17:37.871,411.3194005388372,103
2024-09-18 10:17:37.885,411.2797718964464,100
2024-09-18 10:17:37.904,411.25744386615946,1005
2024-09-18 10:17:37.941,411.274355226833,1001
2024-09-18 10:17:37.957,411.2512052987546,1001
2024-09-18 10:17:38.007,411.2427117883742,100
2024-09-18 10:17:38.047,411.21827236940726,95
2024-09-18 10:17:38.057,411.2289236783357,8
2024-09-18 10:17:38.159,411.2077535451115,105
2024-09-18 10:17:38.380,411.2501730076585,6
2024-09-18 10:17:38.411,411.24073900148346,1001
2024-09-18 10:17:38.531,411.27722224261385,8
2024-09-18 10:17:38.632,411.2583376116762,13
2024-09-18 10:17:38.662,411.24667463521496,1002
2024-09-18 10:17:38.729,411.2663046410408,7
2024-09-18 10:17:38.731,411.2544799623573,104
2024-09-18 10:17:38.875,411.20165214516845,6
2024-09-18 10:17:38.898,411.2672369422757,105
2024-09-18 10:17:38.935,411.2684992188299,997
2024-09-18 10:17:39.261,411.2087513711008,104
2024-09-18 10:17:39.290,411.1944435834397,998
2024-09-18 10:17:39.752,411.202894842076,8
2024-09-18 10:17:39.944,411.2060604640436,1003
2024-09-18 10:17:40.571,411.2030749524488,996
2024-09-18 10:17:41.090,,999
2024-09-18 10:17:41.098,411.2131246411631,10
2024-09-18 10:17:41.139,411.192709546908,97
2024-09-18 10:17:41.153,411.26436288121056,999
2024-09-18 10:17:41.216,411.2047881344568,103
2024-09-18 10:17:41.230,411.18215515664,101
2024-09-18 10:17:41.281,411.1879907912777,101
2024-09-18 10:17:41.293,411.2729583897855,1002
2024-09-18 10:17:41.319,411.2373836633416,12
2024-09-18 10:17:41.320,411.21155174466594,1001
2024-09-18 10:17:41.331,411.2612147643332,1004
2024-09-18 10:17:41.359,411.2587918788914,9
2024-09-18 10:17:41.456,411.1867519148746,997
2024-09-18 10:17:41.461,411.2663298033166,5
2024-09-18 10:17:41.479,411.22092310826696,10
2024-09-18 10:17:41.547,411.2125848237774,96
2024-09-18 10:17:41.622,411.1891662928033,1002
2024-09-18 10:17:41.750,411.2464523406552,14
2024-09-18 10:17:41.786,411.2707846278984,13
2024-09-18 10:17:41.997,411.2738540756302,10
2024-09-18 10:17:42.405,411.3238027220377,13
2024-09-18 10:17:42.621,411.3005038231327,96
2024-09-18 10:17:42.861,411.3048384876938,997
2024-09-18 10:17:42.969,411.2921125548641,999
2024-09-18 10:17:43.129,411.3091002945379,6
2024-09-18 10:17:43.148,411.3304412867071,105
2024-09-18 10:17:43.527,411.30375886906734,1002
2024-09-18 10:17:43.552,411.308475298037,96
2024-09-18 10:17:43.568,411.3284671651513,9
2024-09-18 10:17:43.610,411.31646711551946,95
2024-09-18 10:17:43.702,411.321027029398,996
2024-09-18 10:17:43.770,411.3332821249916,99
2024-09-18 10:17:43.779,411.3134339114005,9
2024-09-18 10:17:43.924,411.3212470605701,1005
2024-09-18 10:17:43.948,411.3206240053996,14
2024-09-18 10:17:44.247,411.3203384154779,7
2024-09-18 10:17:45.032,411.2438553534521,12
2024-09-18 10:17:45.060,411.2489639539387,105
2024-09-18 10:17:45.135,411.2411445742841,105
2024-09-18 10:17:45.153,411.2933802900751,99
2024-09-18 10:17:45.156,,104
2024-09-18 10:17:45.167,411.25263070762816,14
2024-09-18 10:17:45.175,411.2391514724829,99
2024-09-18 10:17:45.212,411.2146497832786,9
2024-09-18 10:17:45.213,411.19123946016055,1003
2024-09-18 10:17:45.251,411.2058680667214,100
2024-09-18 10:17:45.255,411.2196728113639,997
2024-09-18 10:17:45.281,411.2553088883421,96
2024-09-18 10:17:45.352,411.2303337609802,13
2024-09-18 10:17:45.363,411.2262389176192,95
2024-09-18 10:17:45.395,411.2337601896248,1003
2024-09-18 10:17:45.479,411.2637712383497,999
2024-09-18 10:17:45.504,411.2402673205628,95
2024-09-18 10:17:45.507,411.2303157963618,997
2024-09-18 10:17:45.634,411.2282516636374,1004
2024-09-18 10:17:45.642,411.290274878265,8
2024-09-18 10:17:45.723,411.27970322515006,14
2024-09-18 10:17:45.786,411.2187952328738,7
2024-09-18 10:17:45.849,411.2554937493936,11
2024-09-18 10:17:45.877,411.2321599923333,995
2024-09-18 10:17:45.885,411.25827956395136,997
2024-09-18 10:17:45.930,411.2790378800568,103
2024-09-18 10:17:45.960,411.19996702738194,996
2024-09-18 10:17:45.970,411.2337608352303,99
2024-09-18 10:17:46.023,411.1958425054644,103
2024-09-18 10:17:46.105,411.2212381333391,1005
2024-09-18 10:17:46.143,411.2243065631695,102
2024-09-18 10:17:46.153,411.2326305945386,995
2024-09-18 10:17:46.182,411.2302813593971,101
2024-09-18 10:17:46.219,411.2112586374625,1000
2024-09-18 10:17:46.257,411.18511556290525,995
2024-09-18 10:17:46.291,411.2270387996667,997
2024-09-18 10:17:46.359,411.2132490514419,7
2024-09-18 10:17:46.376,411.2282862395516,12
2024-09-18 10:17:46.398,411.20217563019287,1001
2024-09-18 10:17:46.401,411.1944009703577,998
2024-09-18 10:17:46.416,411.2054343662828,5
2024-09-18 10:17:46.450,411.1808174803696,102
2024-09-18 10:17:46.462,411.170802036651,6
2024-09-18 10:17:46.469,411.2038312988517,10
2024-09-18 10:17:46.477,411.2289324272001,11
2024-09-18 10:17:46.566,411.1811108469423,1000
2024-09-18 10:17:46.578,411.1870351874643,5
2024-09-18 10:17:46.582,411.169148565219,12
2024-09-18 10:17:46.584,411.17152566935744,105
2024-09-18 10:17:46.680,411.22768367422464,1005
2024-09-18 10:17:46.709,-411.1937186342824,6
2024-09-18 10:17:46.755,411.2275043691062,104
2024-09-18 10:17:46.884,,103
2024-09-18 10:17:46.901,411.2113747411483,9
2024-09-18 10:17:46.940,411.1753263359202,104
2024-09-18 10:17:46.958,411.1934167060356,998
2024-09-18 10:17:47.744,411.2327094479913,6
2024-09-18 10:17:47.963,411.2155643334922,995
2024-09-18 10:17:47.995,411.2263996807193,96
2024-09-18 10:17:48.135,411.2507226551418,99
2024-09-18 10:17:48.525,411.2454846178319,11
2024-09-18 10:17:48.777,411.2624213011016,10
2024-09-18 10:17:48.800,411.2518962633572,996
2024-09-18 10:17:48.862,411.2384599139368,1004
2024-09-18 10:17:48.945,411.2312737082219,9
2024-09-18 10:17:49.042,411.236213533166,104
2024-09-18 10:17:49.106,411.2643803084953,999
2024-09-18 10:17:49.315,411.25502632656384,5
2024-09-18 10:17:49.319,411.2845741637,995
2024-09-18 10:17:49.424,411.2726427946246,1005
2024-09-18 10:17:49.523,411.22961631668153,1001
2024-09-18 10:17:49.536,411.2460452301637,1002
2024-09-18 10:17:49.551,411.2628277073287,1005
2024-09-18 10:17:49.565,411.2300014324434,101
2024-09-18 10:17:49.570,411.2891013912969,10
2024-09-18 10:17:49.677,411.2741619908893,5
2024-09-18 10:17:49.754,411.2909772707319,9
2024-09-18 10:17:49.810,411.2902879182762,102
2024-09-18 10:17:49.882,411.2774785052026,997
2024-09-18 10:17:49.973,411.24728124638494,98
2024-09-18 10:17:52.083,411.26897936054144,7
2024-09-18 10:17:52.094,411.2352102949114,13
2024-09-18 10:17:52.104,411.2724414592582,14
2024-09-18 10:17:52.226,411.19175987937626,998
2024-09-18 10:17:52.268,411.2493433089206,98
2024-09-18 10:17:52.377,,9
2024-09-18 10:17:52.500,411.2295893541768,7
2024-09-18 10:17:52.509,411.24984926655554,1005
2024-09-18 10:17:52.726,411.2026900337072,102
2024-09-18 10:17:52.829,411.2387579409023,995
2024-09-18 10:17:52.841,411.2843922422695,101
2024-09-18 10:17:52.900,411.24910999164354,1004
2024-09-18 10:17:52.972,411.2436931018238,1002
2024-09-18 10:17:53.032,411.206190816159,7
2024-09-18 10:17:53.057,411.1937343826188,1001
2024-09-18 10:17:53.152,411.19391405809614,7
2024-09-18 10:17:53.286,411.2060461350441,999
2024-09-18 10:17:53.516,411.1946758882327,11
2024-09-18 10:17:53.707,411.1887876845014,98
2024-09-18 10:17:53.729,411.1867069930121,6
2024-09-18 10:17:53.811,411.2097675459558,14
2024-09-18 10:17:53.844,411.2018616554757,5
2024-09-18 10:17:53.968,411.2016069016336,98
2024-09-18 10:17:54.038,411.2115602715688,96
2024-09-18 10:17:54.143,411.2232285604553,14
2024-09-18 10:17:54.144,411.1968847917466,9
2024-09-18 10:17:54.225,411.20236773974506,104
2024-09-18 10:17:54.458,411.200788545989,99
2024-09-18 10:17:54.475,411.1883189162374,1000
2024-09-18 10:17:54.493,411.2002269208924,998
2024-09-18 10:17:54.501,411.2238761535485,995
2024-09-18 10:17:54.504,411.21408311768266,100
2024-09-18 10:17:54.618,411.2025014113864,998
2024-09-18 10:17:54.645,411.20441216113727,12
2024-09-18 10:17:55.195,411.1819699112345,12
2024-09-18 10:17:55.231,411.1794689192379,102
2024-09-18 10:17:55.597,411.19338174325617,97
2024-09-18 10:17:55.716,411.1575192703693,998
2024-09-18 10:17:55.767,411.1972652212125,102
2024-09-18 10:17:55.807,411.1765105605384,997
2024-09-18 10:17:55.822,411.1844669098966,6
2024-09-18 10:17:55.917,411.1462935844888,9
2024-09-18 10:17:55.957,411.1919276340979,102
2024-09-18 10:17:55.962,411.1412704927858,7
2024-09-18 10:17:56.197,411.1153029286057,1000
2024-09-18 10:17:56.406,411.1144693673508,1001
2024-09-18 10:17:56.436,411.1488430813772,95
2024-09-18 10:17:56.528,411.1269352268666,12
2024-09-18 10:17:56.739,411.1134867420655,6
2024-09-18 10:17:57.138,411.1193538614319,7
2024-09-18 10:17:57.141,411.0951283108313,1005
2024-09-18 10:17:57.157,411.0992040553948,103
2024-09-18 10:17:57.165,411.1447574991076,1001
2024-09-18 10:17:57.177,411.1522866810564,105
2024-09-18 10:17:57.210,411.1184920534108,95
2024-09-18 10:17:57.286,411.1311115786236,11
2024-09-18 10:17:57.372,411.1053442810897,998
2024-09-18 10:17:57.451,411.11252327399376,1004
2024-09-18 10:17:57.574,411.1445162097519,1002
2024-09-18 10:17:57.627,411.1213590512072,15
2024-09-18 10:17:57.669,411.1545166086009,99
2024-09-18 10:17:57.670,41.1110158734158,7
2024-09-18 10:17:57.671,411.1550379287399,1000
2024-09-18 10:17:57.685,411.1214750269155,13
2024-09-18 10:17:57.703,411.11761020441054,11
2024-09-18 10:17:57.739,411.1420123028079,6
2024-09-18 10:17:57.752,411.1168640148082,1003
2024-09-18 10:17:57.787,411.1410247029136,6
2024-09-18 10:17:57.803,411.1235605910817,9
2024-09-18 10:17:57.854,411.11273298051225,6
2024-09-18 10:17:57.961,411.1118230032058,103
2024-09-18 10:17:58.114,411.1511488706017,15
2024-09-18 10:17:58.115,411.126385061896,5
2024-09-18 10:17:58.122,411.2009767810286,1003
2024-09-18 10:17:58.232,411.1821766965727,997
2024-09-18 10:17:58.240,411.1756039694901,13
2024-09-18 10:17:58.364,411.1634430944,1005
2024-09-18 10:17:58.400,411.1592952929212,99
2024-09-18 10:17:58.570,411.1976168885588,9
2024-09-18 10:17:58.573,411.1518404335738,103
2024-09-18 10:17:58.637,411.1601347735674,97
2024-09-18 10:17:58.651,411.1958721944521,6
2024-09-18 10:17:59.005,411.10319998141614,95
2024-09-18 10:17:59.009,411.10903855572656,101
2024-09-18 10:17:59.054,411.1126706970248,95
2024-09-18 10:17:59.337,411.1091332523503,996
2024-09-18 10:17:59.338,411.0919857359991,8
2024-09-18 10:17:59.425,411.1008532956256,6
2024-09-18 10:17:59.430,411.1132846627067,96
2024-09-18 10:17:59.590,411.1134572508458,7
2024-09-18 10:17:59.629,411.09741499787447,100
2024-09-18 10:17:59.670,411.1162955765956,1001
2024-09-18 10:17:59.686,411.1239434778155,11
2024-09-18 10:17:59.686,411.0958262640282,101
2024-09-18 10:17:59.787,411.1153222247722,999
2024-09-18 10:17:59.807,411.08636623421273,999
2024-09-18 10:17:59.821,411.1046647982496,998
2024-09-18 10:17:59.886,411.1324640789453,12
2024-09-18 10:17:59.912,411.0932791055899,101
2024-09-18 10:17:59.920,411.09985175514765,101
2024-09-18 10:17:59.963,411.1138829854039,1003
