Timestamp,Price,Size
2024-09-16 12:22:00.023,416.6143755924632,6
2024-09-16 12:22:00.187,416.6532811247739,100
2024-09-16 12:22:00.265,416.618645050463,1003
2024-09-16 12:22:00.317,416.611195394948,97
2024-09-16 12:22:00.402,416.6364507501608,8
2024-09-16 12:22:00.462,416.65025825533,995
2024-09-16 12:22:00.561,416.60619154418646,14
2024-09-16 12:22:00.617,416.6325065930964,9
2024-09-16 12:22:00.713,416.5975817282303,999
2024-09-16 12:22:00.720,416.6321654811241,1003
2024-09-16 12:22:00.903,416.6566253207217,105
2024-09-16 12:22:00.981,416.6506741268241,1002
2024-09-16 12:22:01.016,416.7130033186616,98
2024-09-16 12:22:01.104,416.6854697973486,96
2024-09-16 12:22:01.114,416.666711039588,102
2024-09-16 12:22:01.212,416.65465744917657,1004
2024-09-16 12:22:01.363,416.6897799635632,95
2024-09-16 12:22:01.429,416.6636978974432,5
2024-09-16 12:22:01.450,416.6930998933063,999
2024-09-16 12:22:01.463,416.7067620683408,14
2024-09-16 12:22:01.493,416.7074053701651,96
2024-09-16 12:22:01.545,416.7046608920954,995
2024-09-16 12:22:01.650,416.6563885775996,7
2024-09-16 12:22:01.688,416.6871297672377,1000
2024-09-16 12:22:01.702,416.6818406218646,104
2024-09-16 12:22:01.719,416.70432755912,101
2024-09-16 12:22:01.769,416.6931948608339,5
2024-09-16 12:22:01.810,416.7144321293956,1001
2024-09-16 12:22:01.825,416.6442552790934,101
2024-09-16 12:22:01.872,416.6967745840564,10
2024-09-16 12:22:01.908,416.6600560683307,95
2024-09-16 12:22:01.930,416.68867214167807,10
2024-09-16 12:22:01.939,,1002
2024-09-16 12:22:01.989,416.7056650887173,101
2024-09-16 12:22:02.021,416.7021877245049,1003
2024-09-16 12:22:02.061,416.684235637268,998
2024-09-16 12:22:02.087,416.6352373962528,97
2024-09-16 12:22:02.169,416.6666094397027,95
2024-09-16 12:22:02.183,416.6578149399412,103
2024-09-16 12:22:02.350,-416.6466719191884,1002
2024-09-16 12:22:02.407,416.6970446691772,100
2024-09-16 12:22:02.409,416.6923958277266,102
2024-09-16 12:22:02.413,416.7311755116321,99
2024-09-16 12:22:02.448,416.7022834423073,6
2024-09-16 12:22:02.652,416.7211487908481,96
2024-09-16 12:22:02.655,416.6804399213693,997
2024-09-16 12:22:02.677,416.69179334489326,14
2024-09-16 12:22:02.859,416.69063115703807,1004
2024-09-16 12:22:02.874,416.72017176054703,997
2024-09-16 12:22:02.927,416.6998428307769,1001
2024-09-16 12:22:02.954,416.6937027200076,1004
2024-09-16 12:22:02.994,416.6922291770404,95
2024-09-16 12:22:03.000,416.7013462828991,13
2024-09-16 12:22:03.059,416.6858020581668,99
2024-09-16 12:22:03.096,416.688045973786,105
2024-09-16 12:22:03.241,416.7092600002202,10
2024-09-16 12:22:03.267,41.67179121924546,8
2024-09-16 12:22:03.354,416.7185637225006,7
2024-09-16 12:22:03.435,416.7127057957456,6
2024-09-16 12:22:03.488,416.71409580402985,96
2024-09-16 12:22:03.497,416.6660036968933,10
2024-09-16 12:22:03.575,416.7118574477054,15
2024-09-16 12:22:03.654,416.6907828171276,6
2024-09-16 12:22:03.762,416.7028592722156,996
2024-09-16 12:22:03.764,416.7177785609625,1001
2024-09-16 12:22:03.885,416.6963727429655,1004
2024-09-16 12:22:03.916,416.6842788840678,104
2024-09-16 12:22:03.931,416.7084727793641,1005
2024-09-16 12:22:03.944,416.72647752024034,14
2024-09-16 12:22:03.951,416.7159589156896,997
2024-09-16 12:22:03.983,416.6960470007508,1004
2024-09-16 12:22:04.121,416.64488630639903,5
2024-09-16 12:22:04.140,416.59496222284565,14
2024-09-16 12:22:04.319,416.5475215309106,995
2024-09-16 12:22:04.383,416.55221772201,15
2024-09-16 12:22:04.400,416.5325079869992,6
2024-09-16 12:22:04.452,416.537461871132,1005
2024-09-16 12:22:04.654,416.6259796431607,6
2024-09-16 12:22:04.689,416.5917574489437,12
2024-09-16 12:22:04.798,416.5570735384202,97
2024-09-16 12:22:04.846,416.637648404214,998
2024-09-16 12:22:04.896,416.5357585715933,11
2024-09-16 12:22:05.089,416.524311308792,102
2024-09-16 12:22:05.224,416.5371894804867,1001
2024-09-16 12:22:05.364,416.5277303130581,9
2024-09-16 12:22:05.551,416.54518605932935,1005
2024-09-16 12:22:05.590,416.5445428365624,98
2024-09-16 12:22:05.599,416.5241472228114,103
2024-09-16 12:22:05.619,416.52972848116514,6
2024-09-16 12:22:05.689,416.5489219657241,98
2024-09-16 12:22:05.920,416.55775492102265,100
2024-09-16 12:22:05.935,416.5428476576875,13
2024-09-16 12:22:05.966,416.5542572647072,96
2024-09-16 12:22:05.995,416.5347808335194,6
2024-09-16 12:22:06.893,416.527637437544,6
2024-09-16 12:22:07.049,416.5147897888067,6
2024-09-16 12:22:07.068,416.4895851104092,99
2024-09-16 12:22:07.072,416.50791120538855,13
2024-09-16 12:22:07.103,416.52177478662776,101
2024-09-16 12:22:07.109,416.5001327741622,5
2024-09-16 12:22:07.119,416.5097748066608,102
2024-09-16 12:22:07.220,416.5370572794866,1000
2024-09-16 12:22:07.241,416.5366964423741,1000
2024-09-16 12:22:07.246,416.5155851782766,9
2024-09-16 12:22:07.266,416.5390163204533,1003
2024-09-16 12:22:07.373,416.5421202853206,101
2024-09-16 12:22:07.373,416.5075155490465,99
2024-09-16 12:22:07.473,416.51151597550006,1000
2024-09-16 12:22:07.482,416.543018628082,1004
2024-09-16 12:22:07.522,416.5090653117754,96
2024-09-16 12:22:07.526,416.5184244511899,103
2024-09-16 12:22:07.725,416.5187474277336,102
2024-09-16 12:22:07.794,416.54101462563335,995
2024-09-16 12:22:07.805,416.5189774293339,104
2024-09-16 12:22:07.889,416.53963825555513,1004
2024-09-16 12:22:08.025,416.463689311063,12
2024-09-16 12:22:08.102,416.5082179194299,101
2024-09-16 12:22:08.115,416.41202563384616,1000
2024-09-16 12:22:08.136,416.46503519943616,101
2024-09-16 12:22:08.160,416.4640316263394,8
2024-09-16 12:22:08.179,416.4658147742738,8
2024-09-16 12:22:08.203,416.4431898622035,14
2024-09-16 12:22:08.282,416.4961779060873,9
2024-09-16 12:22:08.335,416.3857584642246,1003
2024-09-16 12:22:08.377,416.4433953180512,999
2024-09-16 12:22:08.455,416.4104272600927,99
2024-09-16 12:22:08.460,416.4883571636788,101
2024-09-16 12:22:08.473,416.4228415541052,15
2024-09-16 12:22:08.527,416.4184968312456,95
2024-09-16 12:22:08.528,416.4741911012365,7
2024-09-16 12:22:08.540,416.4691348603739,8
2024-09-16 12:22:08.601,416.4547175182875,995
2024-09-16 12:22:08.608,416.41999672632016,10
2024-09-16 12:22:08.661,416.41770196197126,995
2024-09-16 12:22:08.671,416.4724100879281,997
2024-09-16 12:22:08.755,416.4370246133539,14
2024-09-16 12:22:08.926,416.4397340445652,10
2024-09-16 12:22:08.964,416.5008555576845,97
2024-09-16 12:22:09.023,416.3553560927619,15
2024-09-16 12:22:09.029,416.3753413363286,98
2024-09-16 12:22:09.035,,103
2024-09-16 12:22:09.046,416.3530869180501,15
2024-09-16 12:22:09.065,416.35556147121713,999
2024-09-16 12:22:09.077,416.36429121305343,14
2024-09-16 12:22:09.143,416.3544141765134,1002
2024-09-16 12:22:09.234,416.3682655652616,1000
2024-09-16 12:22:09.239,416.3464357603772,1004
2024-09-16 12:22:09.250,416.3801160004101,15
2024-09-16 12:22:09.270,416.3625026460212,12
2024-09-16 12:22:09.356,416.3325150204776,1004
2024-09-16 12:22:09.470,416.3437758833018,96
2024-09-16 12:22:09.513,416.3656886438185,105
2024-09-16 12:22:09.572,416.3645394693533,7
2024-09-16 12:22:09.623,416.3185838831291,1000
2024-09-16 12:22:09.737,416.3565847071691,996
2024-09-16 12:22:09.778,416.3782915898285,15
2024-09-16 12:22:09.877,416.3627708857367,8
2024-09-16 12:22:09.905,416.3186271157848,996
2024-09-16 12:22:09.925,416.365463460658,9
2024-09-16 12:22:09.943,416.3822215474532,12
2024-09-16 12:22:10.127,416.2472610702313,102
2024-09-16 12:22:10.165,416.3034772392556,1004
2024-09-16 12:22:10.303,416.3039867330676,105
2024-09-16 12:22:10.313,416.2026703666397,98
2024-09-16 12:22:10.341,416.2439304065943,104
2024-09-16 12:22:10.356,416.2386590378407,100
2024-09-16 12:22:10.392,416.24400769736144,996
2024-09-16 12:22:10.434,416.2931361465341,13
2024-09-16 12:22:10.529,416.2590002910137,12
2024-09-16 12:22:10.567,416.2478840570309,15
2024-09-16 12:22:10.724,416.29307409168985,100
2024-09-16 12:22:10.794,416.2469091387328,99
2024-09-16 12:22:10.878,416.2143256108192,100
2024-09-16 12:22:10.901,416.3093649188861,103
2024-09-16 12:22:11.011,416.2187261445696,1005
2024-09-16 12:22:11.131,416.26718172098725,103
2024-09-16 12:22:11.141,416.25911736611897,102
2024-09-16 12:22:11.158,416.2755031958445,1004
2024-09-16 12:22:11.225,416.3077224750714,7
2024-09-16 12:22:11.338,416.23849973384125,11
2024-09-16 12:22:11.410,416.2584756924255,104
2024-09-16 12:22:11.463,416.2800536918389,997
2024-09-16 12:22:11.486,416.2991459702878,101
2024-09-16 12:22:11.634,416.22310578562383,101
2024-09-16 12:22:11.676,416.2358823746066,5
2024-09-16 12:22:11.764,416.2309850034398,995
2024-09-16 12:22:11.782,416.2663341777522,999
2024-09-16 12:22:11.836,416.27463237928686,5
2024-09-16 12:22:11.862,416.2418721846904,14
2024-09-16 12:22:11.865,416.2293347123136,13
2024-09-16 12:22:11.896,416.2908119810184,9
2024-09-16 12:22:11.905,416.2407650833407,1005
2024-09-16 12:22:11.908,416.2485234790264,96
2024-09-16 12:22:11.923,416.2699328619683,95
2024-09-16 12:22:11.927,416.23342351760925,15
2024-09-16 12:22:11.982,416.2780437731653,104
2024-09-16 12:22:12.027,416.3238365296367,5
2024-09-16 12:22:12.047,416.31331035800247,96
2024-09-16 12:22:12.572,416.293992156527,997
2024-09-16 12:22:12.751,416.3078524233508,997
2024-09-16 12:22:12.881,416.3026668481627,101
2024-09-16 12:22:13.002,416.3444111515431,1001
2024-09-16 12:22:13.024,416.32710089660384,9
2024-09-16 12:22:13.047,416.3398533024263,1002
2024-09-16 12:22:13.096,416.3540334656102,6
2024-09-16 12:22:13.194,416.2999132667029,96
2024-09-16 12:22:13.207,416.3468507482861,8
2024-09-16 12:22:13.212,416.3591523470168,104
2024-09-16 12:22:13.236,416.3289115345043,105
2024-09-16 12:22:13.286,416.3484495210973,7
2024-09-16 12:22:13.300,416.32476607173,1004
2024-09-16 12:22:13.337,416.31554439893983,8
2024-09-16 12:22:13.522,416.3813542459448,997
2024-09-16 12:22:13.531,416.3257683812501,96
2024-09-16 12:22:13.640,416.3479119504394,13
2024-09-16 12:22:13.754,416.33665166364494,101
2024-09-16 12:22:13.836,416.28673379448514,10
2024-09-16 12:22:13.854,416.369201514931,1003
2024-09-16 12:22:13.963,416.3729711954843,1003
2024-09-16 12:22:14.003,416.3251332729935,998
2024-09-16 12:22:14.040,416.3692243599817,1002
2024-09-16 12:22:14.063,416.3569681235459,103
2024-09-16 12:22:14.110,416.36913940553,102
2024-09-16 12:22:14.130,-416.34106922052473,103
2024-09-16 12:22:14.132,416.3562862892036,999
2024-09-16 12:22:14.201,,5
2024-09-16 12:22:14.255,416.3696684119446,10
2024-09-16 12:22:14.258,416.34606079733305,100
2024-09-16 12:22:14.363,416.3577509666483,15
2024-09-16 12:22:14.524,416.3815550688008,997
2024-09-16 12:22:14.669,416.353624793361,105
2024-09-16 12:22:14.678,416.3998884853616,96
2024-09-16 12:22:14.689,416.3667505167432,998
2024-09-16 12:22:14.705,416.4008546869417,1005
2024-09-16 12:22:14.706,416.3672145472112,12
2024-09-16 12:22:14.881,416.3308473012031,100
2024-09-16 12:22:14.930,416.3422580904595,997
2024-09-16 12:22:14.989,416.362663832779,5
2024-09-16 12:22:15.063,416.390870657611,98
2024-09-16 12:22:15.186,416.3843254620068,105
2024-09-16 12:22:15.194,416.3719808689608,99
2024-09-16 12:22:15.262,416.3756588375801,10
2024-09-16 12:22:15.304,416.3882444301452,9
2024-09-16 12:22:15.419,416.39095085367205,9
2024-09-16 12:22:15.482,416.3942428438331,97
2024-09-16 12:22:15.534,416.391204107718,13
2024-09-16 12:22:15.582,416.3923279247723,11
2024-09-16 12:22:15.613,416.37584307579823,105
2024-09-16 12:22:15.639,416.4106268769513,1000
2024-09-16 12:22:15.924,416.4084652863195,104
2024-09-16 12:22:16.077,416.4632164003974,9
2024-09-16 12:22:16.145,416.4037650662903,6
2024-09-16 12:22:16.171,416.3807992988791,1004
2024-09-16 12:22:16.225,416.4094908534244,12
2024-09-16 12:22:16.232,416.4014600341192,104
2024-09-16 12:22:16.307,416.4634106745054,13
2024-09-16 12:22:16.311,416.4356339800663,998
2024-09-16 12:22:16.457,416.392955476457,998
2024-09-16 12:22:16.521,416.4389400570117,6
2024-09-16 12:22:16.581,416.49506963556144,997
2024-09-16 12:22:16.668,416.4629480801292,1000
2024-09-16 12:22:16.754,416.475425986716,996
2024-09-16 12:22:16.797,416.4011433297753,1000
2024-09-16 12:22:16.836,-416.49230366183207,995
2024-09-16 12:22:16.840,416.3971535642564,6
2024-09-16 12:22:16.991,416.4346629574201,1000
2024-09-16 12:22:17.004,416.5295714877498,6
2024-09-16 12:22:17.034,416.5356172921668,9
2024-09-16 12:22:17.043,416.4882925024159,15
2024-09-16 12:22:17.064,416.4730347323368,1004
2024-09-16 12:22:17.118,416.5109303450783,99
2024-09-16 12:22:17.410,416.4680621773224,10
2024-09-16 12:22:17.428,416.4902752985619,11
2024-09-16 12:22:17.467,416.5011115919654,6
2024-09-16 12:22:17.509,416.4729561081284,99
2024-09-16 12:22:17.515,416.4900906251972,13
2024-09-16 12:22:17.611,416.4848092309679,13
2024-09-16 12:22:17.645,416.4760949869951,104
2024-09-16 12:22:17.676,416.4764085060386,11
2024-09-16 12:22:17.711,416.4894923886238,100
2024-09-16 12:22:17.721,416.47359029638267,997
2024-09-16 12:22:17.726,416.48058492192496,96
2024-09-16 12:22:17.764,416.55591457108505,997
2024-09-16 12:22:17.788,416.4812870025168,105
2024-09-16 12:22:17.891,416.4917478876137,9
2024-09-16 12:22:17.940,416.4714589974906,1002
2024-09-16 12:22:17.962,416.4705111384133,1000
2024-09-16 12:22:17.971,416.51736373383335,1004
2024-09-16 12:22:18.305,416.595872269982,995
2024-09-16 12:22:18.464,416.55156548604094,1002
2024-09-16 12:22:18.577,416.5952215128115,6
2024-09-16 12:22:18.643,416.5851546506706,11
2024-09-16 12:22:18.728,416.5932555186024,999
2024-09-16 12:22:18.894,416.5570729834108,1001
2024-09-16 12:22:18.896,416.5414921576899,1005
2024-09-16 12:22:18.927,416.53545664608407,101
2024-09-16 12:22:19.082,416.5957607075711,1005
2024-09-16 12:22:19.194,416.63714475053575,15
2024-09-16 12:22:19.203,416.6243422162677,8
2024-09-16 12:22:19.210,416.6268048727682,995
2024-09-16 12:22:19.375,416.60440619285527,999
2024-09-16 12:22:19.376,416.6225929766322,7
2024-09-16 12:22:19.429,416.6063700445736,96
2024-09-16 12:22:19.466,416.6087278155386,10
2024-09-16 12:22:19.597,416.6126913916513,1001
2024-09-16 12:22:19.630,,1002
2024-09-16 12:22:19.877,416.63011430985375,998
2024-09-16 12:22:19.882,416.6198556908444,1004
2024-09-16 12:22:19.903,416.62750728505455,100
2024-09-16 12:22:19.920,416.6129085390483,998
2024-09-16 12:22:19.988,416.5951389737005,15
2024-09-16 12:22:19.996,416.6066265392231,15
2024-09-16 12:22:20.026,416.5922065824342,15
2024-09-16 12:22:20.061,416.6057469878445,1002
2024-09-16 12:22:20.062,416.6047356811376,102
2024-09-16 12:22:20.066,416.6107035360409,100
2024-09-16 12:22:20.074,416.628620449346,104
2024-09-16 12:22:20.110,416.5929442089536,9
2024-09-16 12:22:20.222,416.61102530946897,995
2024-09-16 12:22:20.233,416.5834398413237,1000
2024-09-16 12:22:20.242,416.6068224705673,101
2024-09-16 12:22:20.268,416.5929012444541,5
2024-09-16 12:22:20.276,416.5999947171785,996
2024-09-16 12:22:20.352,416.59020879714666,10
2024-09-16 12:22:20.391,416.6183557883932,97
2024-09-16 12:22:20.450,416.61213977415,96
2024-09-16 12:22:20.596,416.5817448026394,6
2024-09-16 12:22:20.621,416.6325533191966,1005
2024-09-16 12:22:20.632,416.5881646646054,5
2024-09-16 12:22:20.770,416.6062177234794,8
2024-09-16 12:22:20.773,416.6025085142285,6
2024-09-16 12:22:20.793,416.63995115501575,996
2024-09-16 12:22:20.821,416.5878747645466,1005
2024-09-16 12:22:20.832,416.5997258689512,997
2024-09-16 12:22:20.892,416.5864709274545,96
2024-09-16 12:22:20.911,416.6256841728724,1003
2024-09-16 12:22:20.933,416.5904220281759,1000
2024-09-16 12:22:20.950,416.6247541042837,95
2024-09-16 12:22:20.962,416.6352211839513,96
2024-09-16 12:22:21.656,416.5771376257365,100
2024-09-16 12:22:22.017,416.5968338541716,10
2024-09-16 12:22:22.220,416.6073764128665,100
2024-09-16 12:22:22.240,416.59905753392593,13
2024-09-16 12:22:22.331,416.5665965580377,100
2024-09-16 12:22:22.445,416.6099233235717,1000
2024-09-16 12:22:22.470,416.6104843345258,5
2024-09-16 12:22:22.502,416.5774815976197,15
2024-09-16 12:22:22.508,416.612516408114,1000
2024-09-16 12:22:22.552,416.5865244042655,997
2024-09-16 12:22:22.573,416.6312960180108,1004
2024-09-16 12:22:22.631,416.6196236015573,1004
2024-09-16 12:22:22.650,416.60770221194434,996
2024-09-16 12:22:22.670,416.636179469026,9
2024-09-16 12:22:22.689,416.5985969557018,13
2024-09-16 12:22:22.736,416.6036726675612,5
2024-09-16 12:22:22.749,416.6211405335516,1004
2024-09-16 12:22:22.778,416.625390258034,999
2024-09-16 12:22:22.947,416.5750739148856,1003
2024-09-16 12:22:23.034,416.70574333809685,105
2024-09-16 12:22:23.038,416.7208602320739,5
2024-09-16 12:22:23.090,416.6687410775523,999
2024-09-16 12:22:23.158,416.70569167790353,1001
2024-09-16 12:22:23.193,416.706825352756,6
2024-09-16 12:22:23.235,416.68310328820354,996
2024-09-16 12:22:23.295,416.7096917162468,101
2024-09-16 12:22:23.343,416.6412676134189,95
2024-09-16 12:22:23.429,416.7075497838322,95
2024-09-16 12:22:23.436,416.7116494810022,9
2024-09-16 12:22:23.495,416.6898127480264,11
2024-09-16 12:22:23.528,416.7056165322064,13
2024-09-16 12:22:23.651,416.6868529451056,101
2024-09-16 12:22:23.658,416.6899133232408,996
2024-09-16 12:22:23.851,416.6847628881964,97
2024-09-16 12:22:23.990,416.6228687717662,105
2024-09-16 12:22:23.991,416.70652940920286,8
2024-09-16 12:22:24.059,416.7417862261855,7
2024-09-16 12:22:24.062,416.689547555757,95
2024-09-16 12:22:24.065,416.701761770958,14
2024-09-16 12:22:24.180,416.6767049941095,95
2024-09-16 12:22:24.183,416.6833349260602,105
2024-09-16 12:22:24.335,416.7377585955956,7
2024-09-16 12:22:24.355,416.6861622823451,1003
2024-09-16 12:22:24.369,416.6921841594199,8
2024-09-16 12:22:24.399,416.7452386537297,9
2024-09-16 12:22:24.486,416.7318769645138,997
2024-09-16 12:22:24.524,416.75244326331824,995
2024-09-16 12:22:24.626,416.74886381669273,996
2024-09-16 12:22:24.698,416.6865794348336,96
2024-09-16 12:22:24.724,416.6814410865823,9
2024-09-16 12:22:24.728,416.69454395522536,998
2024-09-16 12:22:24.740,416.6768903725137,10
2024-09-16 12:22:24.747,416.7066227101712,13
2024-09-16 12:22:24.803,416.71850006361416,96
2024-09-16 12:22:24.844,416.7564219304116,1001
2024-09-16 12:22:24.899,416.6691412561688,6
2024-09-16 12:22:24.961,416.68820315797007,96
2024-09-16 12:22:24.992,416.72944181961935,11
2024-09-16 12:22:24.998,416.6922771829814,8
2024-09-16 12:22:25.055,416.73887688175625,11
2024-09-16 12:22:25.134,416.71989336769417,7
2024-09-16 12:22:25.235,416.7338042663875,1001
2024-09-16 12:22:25.700,416.72405722027054,1001
2024-09-16 12:22:25.743,416.7166438302516,8
2024-09-16 12:22:25.883,416.7239785146818,1001
2024-09-16 12:22:26.041,416.7226920173807,1005
2024-09-16 12:22:26.086,416.7024312479982,6
2024-09-16 12:22:26.164,416.71942971170944,95
2024-09-16 12:22:26.249,-416.7092441329472,96
2024-09-16 12:22:26.282,416.7288472407886,95
2024-09-16 12:22:26.282,416.7295659928956,103
2024-09-16 12:22:26.296,416.7158986996336,97
2024-09-16 12:22:26.391,416.7270443109198,100
2024-09-16 12:22:26.445,416.7407962660883,1005
2024-09-16 12:22:26.453,416.7117181932705,95
2024-09-16 12:22:26.498,416.739494662013,11
2024-09-16 12:22:26.507,416.7354330619,101
2024-09-16 12:22:26.595,416.691246046665,1005
2024-09-16 12:22:26.649,416.7220117320491,8
2024-09-16 12:22:26.680,416.7148256685022,1004
2024-09-16 12:22:26.699,416.7347052365237,6
2024-09-16 12:22:26.784,416.7029309404273,15
2024-09-16 12:22:26.787,41.6693907776322,6
2024-09-16 12:22:26.815,416.72007482203975,996
2024-09-16 12:22:26.856,416.728251390292,96
2024-09-16 12:22:26.898,416.7112574162924,14
2024-09-16 12:22:27.032,416.7163928901353,998
2024-09-16 12:22:27.112,416.6954221320079,999
2024-09-16 12:22:27.138,416.6899733862869,998
2024-09-16 12:22:27.172,,105
2024-09-16 12:22:27.177,416.70839337601393,1003
2024-09-16 12:22:27.245,416.7084605269429,102
2024-09-16 12:22:27.286,416.68820185658046,11
2024-09-16 12:22:27.320,416.7106510443128,98
2024-09-16 12:22:27.323,416.7070793043258,9
2024-09-16 12:22:27.442,416.69719291963366,102
2024-09-16 12:22:27.459,416.7396698065011,1005
2024-09-16 12:22:27.469,416.6947409086402,10
2024-09-16 12:22:27.504,416.7211721974524,102
2024-09-16 12:22:27.512,416.7075876416292,105
2024-09-16 12:22:27.518,416.7100711453237,1001
2024-09-16 12:22:27.596,416.7351494319267,5
2024-09-16 12:22:27.615,416.68722599292136,7
2024-09-16 12:22:27.626,,1000
2024-09-16 12:22:27.657,,996
2024-09-16 12:22:27.699,416.6948843612533,1005
2024-09-16 12:22:27.761,416.74301528354215,1001
2024-09-16 12:22:27.787,416.70902482599104,103
2024-09-16 12:22:27.789,,996
2024-09-16 12:22:27.796,416.7062098779356,12
2024-09-16 12:22:27.863,416.7092065017647,8
2024-09-16 12:22:27.871,416.71772365244016,7
2024-09-16 12:22:27.929,416.7101893483851,96
2024-09-16 12:22:27.942,416.6974643122165,7
2024-09-16 12:22:27.952,416.7322292147658,999
2024-09-16 12:22:27.978,416.7152053806869,1001
2024-09-16 12:22:28.052,416.6542044602828,1002
2024-09-16 12:22:28.139,416.6783979686823,97
2024-09-16 12:22:28.187,416.6773773491727,1005
2024-09-16 12:22:28.221,416.64429397240593,1001
2024-09-16 12:22:28.424,416.6850607033565,105
2024-09-16 12:22:28.474,416.708021326073,99
2024-09-16 12:22:28.615,416.66656109709857,14
2024-09-16 12:22:28.700,416.7092683382746,101
2024-09-16 12:22:28.850,416.6722382611063,1001
2024-09-16 12:22:29.090,416.63239838214906,995
2024-09-16 12:22:29.097,416.71067900009626,99
2024-09-16 12:22:29.132,416.6579683930997,96
2024-09-16 12:22:29.533,416.6969229086512,104
2024-09-16 12:22:29.580,416.6619220965451,101
2024-09-16 12:22:29.689,416.6891828684535,105
2024-09-16 12:22:29.805,416.6460130589532,995
2024-09-16 12:22:29.863,,99
2024-09-16 12:22:29.933,416.6666235744475,1004
2024-09-16 12:22:30.022,416.6235854019176,95
2024-09-16 12:22:30.033,416.674990852087,995
2024-09-16 12:22:30.076,416.6822793105532,102
2024-09-16 12:22:30.103,416.6610020729731,103
2024-09-16 12:22:30.162,416.62509816229294,1001
2024-09-16 12:22:30.190,416.66648746721313,105
2024-09-16 12:22:30.209,416.6780937599332,1004
2024-09-16 12:22:30.234,416.6462200903502,1001
2024-09-16 12:22:30.294,416.6539168336759,8
2024-09-16 12:22:30.344,416.63814046616585,14
2024-09-16 12:22:30.440,416.6237581560687,1003
2024-09-16 12:22:30.482,416.66364304633,1004
2024-09-16 12:22:30.537,416.6530004004237,998
2024-09-16 12:22:30.589,416.6461174742792,1005
2024-09-16 12:22:30.644,416.6221273220861,998
2024-09-16 12:22:30.729,416.6254873761965,102
2024-09-16 12:22:30.734,416.6781272537584,101
2024-09-16 12:22:30.765,416.6852983320196,997
2024-09-16 12:22:30.767,416.67237119982286,10
2024-09-16 12:22:30.795,416.6742140780656,101
2024-09-16 12:22:30.857,416.6891549596132,103
2024-09-16 12:22:30.857,416.6873257644904,7
2024-09-16 12:22:30.858,416.6406905167975,997
2024-09-16 12:22:30.923,416.7024959443288,95
2024-09-16 12:22:30.930,416.6846466485408,7
2024-09-16 12:22:31.126,416.6598328720476,12
2024-09-16 12:22:31.130,416.6438900426237,8
2024-09-16 12:22:31.153,416.66283623619904,1005
2024-09-16 12:22:31.340,416.6441748717457,96
2024-09-16 12:22:31.351,416.7003457329336,7
2024-09-16 12:22:31.377,416.6560828877468,104
2024-09-16 12:22:31.392,416.6575937454203,95
2024-09-16 12:22:31.399,416.7028659076008,999
2024-09-16 12:22:31.422,416.6532035424007,11
2024-09-16 12:22:31.446,416.6581769087848,102
2024-09-16 12:22:31.447,416.6531551491031,5
2024-09-16 12:22:31.480,416.6456399756824,1002
2024-09-16 12:22:31.606,416.65887028234863,100
2024-09-16 12:22:31.631,416.6932492159396,100
2024-09-16 12:22:31.687,416.6628654283544,1000
2024-09-16 12:22:31.724,416.6583452509572,105
2024-09-16 12:22:31.782,416.6570693478204,105
2024-09-16 12:22:31.896,416.644231730289,104
2024-09-16 12:22:31.920,416.64769951854345,1005
2024-09-16 12:22:32.106,416.7105367881098,14
2024-09-16 12:22:32.158,416.73176912807713,9
2024-09-16 12:22:32.540,416.6998805817888,11
2024-09-16 12:22:32.572,416.7414425713212,104
2024-09-16 12:22:32.576,416.7157639639,998
2024-09-16 12:22:32.702,416.6932150677328,12
2024-09-16 12:22:32.720,416.744172428754,1004
2024-09-16 12:22:32.921,-416.7134226852771,12
2024-09-16 12:22:33.011,416.7387237024336,9
2024-09-16 12:22:33.076,416.73333793761685,1003
2024-09-16 12:22:33.123,416.7232253366096,98
2024-09-16 12:22:33.130,416.72156710113705,13
2024-09-16 12:22:33.287,416.725598530869,100
2024-09-16 12:22:33.462,416.7235658203304,103
2024-09-16 12:22:33.513,416.7352475788667,8
2024-09-16 12:22:33.525,416.7372575992074,9
2024-09-16 12:22:33.601,416.7413438690496,13
2024-09-16 12:22:33.603,416.7295403608486,104
2024-09-16 12:22:33.615,416.7409027074222,1005
2024-09-16 12:22:33.628,416.7302310676829,1002
2024-09-16 12:22:33.639,416.7171954539545,102
2024-09-16 12:22:33.742,416.7360724518524,95
2024-09-16 12:22:33.856,416.75434490020587,5
2024-09-16 12:22:33.939,416.7225525996328,1002
2024-09-16 12:22:34.030,416.7558698536311,1000
2024-09-16 12:22:34.052,416.7342412809878,997
2024-09-16 12:22:34.056,416.70842093737,99
2024-09-16 12:22:34.114,416.7052396432722,996
2024-09-16 12:22:34.115,416.7783089986066,1005
2024-09-16 12:22:34.121,416.7726652562818,98
2024-09-16 12:22:34.139,416.7145617056706,1004
2024-09-16 12:22:34.173,416.74632561326166,996
2024-09-16 12:22:34.189,416.7224128562675,103
2024-09-16 12:22:34.267,,7
2024-09-16 12:22:34.268,416.7377999662316,100
2024-09-16 12:22:34.321,-416.75671938211855,1004
2024-09-16 12:22:34.364,416.759120126645,97
2024-09-16 12:22:34.411,416.7022573254219,13
2024-09-16 12:22:34.450,416.766561834349,1000
2024-09-16 12:22:34.463,416.755941847436,1003
2024-09-16 12:22:34.483,416.74515886984193,12
2024-09-16 12:22:34.761,416.7660814606982,1005
2024-09-16 12:22:34.801,416.7376409031424,14
2024-09-16 12:22:34.822,416.7546128825326,15
2024-09-16 12:22:34.878,416.7473195376873,12
2024-09-16 12:22:34.893,416.7412587906369,11
2024-09-16 12:22:34.916,416.740363578653,15
2024-09-16 12:22:34.948,416.7580201192029,100
2024-09-16 12:22:35.001,416.7853193767041,12
2024-09-16 12:22:35.046,416.7740512475793,1002
2024-09-16 12:22:35.121,416.78377287316175,996
2024-09-16 12:22:35.248,416.7678528000233,11
2024-09-16 12:22:35.346,416.7494724112378,9
2024-09-16 12:22:35.363,416.74533977375165,99
2024-09-16 12:22:35.426,416.8044074087411,998
2024-09-16 12:22:35.450,416.77981471528665,11
2024-09-16 12:22:35.481,416.7502404671598,1000
2024-09-16 12:22:35.533,416.7881093991001,1005
2024-09-16 12:22:35.559,416.7799176670238,97
2024-09-16 12:22:35.665,416.7919339723168,97
2024-09-16 12:22:35.713,416.78353810620064,997
2024-09-16 12:22:35.778,416.8111260183487,13
2024-09-16 12:22:36.416,,13
2024-09-16 12:22:37.014,416.71190926263927,1002
2024-09-16 12:22:37.024,416.7269631700463,1000
2024-09-16 12:22:37.029,416.7300452358156,1004
2024-09-16 12:22:37.061,416.7367464934345,5
2024-09-16 12:22:37.093,416.7439404107317,1005
2024-09-16 12:22:37.180,416.7376947691727,12
2024-09-16 12:22:37.186,416.755938763754,98
2024-09-16 12:22:37.206,416.7522728806316,6
2024-09-16 12:22:37.229,416.7426918875366,99
2024-09-16 12:22:37.245,416.708659917958,101
2024-09-16 12:22:37.320,416.7533425252741,102
2024-09-16 12:22:37.352,416.7314495017964,97
2024-09-16 12:22:37.361,416.71780350995374,98
2024-09-16 12:22:37.382,416.7282787356952,7
2024-09-16 12:22:37.400,416.7290975989496,7
2024-09-16 12:22:37.435,416.7334483599612,996
2024-09-16 12:22:37.480,416.7534470015116,9
2024-09-16 12:22:37.521,416.74718687404095,103
2024-09-16 12:22:37.561,416.7461103626901,5
2024-09-16 12:22:37.601,416.7321539372932,14
2024-09-16 12:22:37.620,416.7221256388951,7
2024-09-16 12:22:37.697,416.7332656254168,995
2024-09-16 12:22:37.716,416.7179827599952,105
2024-09-16 12:22:37.729,416.7340201152703,9
2024-09-16 12:22:37.745,416.7473804684814,103
2024-09-16 12:22:37.748,416.7325656139205,1000
2024-09-16 12:22:37.783,416.7356764145698,100
2024-09-16 12:22:37.897,416.7483311081795,103
2024-09-16 12:22:37.943,416.7289084340253,1002
2024-09-16 12:22:37.985,416.7153455649164,14
2024-09-16 12:22:38.144,,6
2024-09-16 12:22:38.203,41.67750564837342,104
2024-09-16 12:22:38.213,416.75859541001904,998
2024-09-16 12:22:38.227,416.789678500478,104
2024-09-16 12:22:38.278,416.7114339660193,103
2024-09-16 12:22:38.342,416.7379032881393,99
2024-09-16 12:22:38.348,416.78872727869646,13
2024-09-16 12:22:38.407,416.7264946807069,1003
2024-09-16 12:22:38.433,416.7540413404871,9
2024-09-16 12:22:38.485,416.7285293510093,101
2024-09-16 12:22:38.491,416.7351523741013,99
2024-09-16 12:22:38.550,416.74358983551696,97
2024-09-16 12:22:38.567,416.7757777765262,105
2024-09-16 12:22:38.578,416.7651286300509,100
2024-09-16 12:22:38.616,416.740931118929,15
2024-09-16 12:22:38.616,416.7778884883162,998
2024-09-16 12:22:38.652,-416.7823025601788,15
2024-09-16 12:22:38.708,416.7670314166221,102
2024-09-16 12:22:38.712,416.7736016777882,996
2024-09-16 12:22:38.735,416.7340554504794,996
2024-09-16 12:22:38.769,416.74111120044375,9
2024-09-16 12:22:38.790,416.7294183819829,96
2024-09-16 12:22:38.796,416.75604862458977,13
2024-09-16 12:22:38.810,416.7201748605922,5
2024-09-16 12:22:38.837,416.7177458270857,1005
2024-09-16 12:22:38.881,416.74005641633033,8
2024-09-16 12:22:38.952,416.7055102901925,102
2024-09-16 12:22:38.971,,1005
2024-09-16 12:22:38.998,416.7398445390149,1004
2024-09-16 12:22:39.099,416.7774488025464,102
2024-09-16 12:22:39.686,416.75148890928233,1004
2024-09-16 12:22:39.762,416.7735296855668,1001
2024-09-16 12:22:40.038,416.7113015956704,995
2024-09-16 12:22:40.045,416.7106369046487,15
2024-09-16 12:22:40.142,416.6878937628712,1000
2024-09-16 12:22:40.242,416.7117748583714,1003
2024-09-16 12:22:40.254,416.6549361440448,10
2024-09-16 12:22:40.294,416.73205691281146,10
2024-09-16 12:22:40.389,416.6653116263518,105
2024-09-16 12:22:40.493,416.7598860339197,8
2024-09-16 12:22:40.563,416.6817244204406,1000
2024-09-16 12:22:40.590,416.6721717242511,13
2024-09-16 12:22:40.611,416.64816458825607,997
2024-09-16 12:22:40.643,416.71583377646766,1004
2024-09-16 12:22:40.650,416.7469653285061,9
2024-09-16 12:22:40.651,-416.7045271878201,5
2024-09-16 12:22:40.694,416.6653051746189,996
2024-09-16 12:22:40.830,416.69631540326304,1002
2024-09-16 12:22:40.935,416.6783668383358,102
2024-09-16 12:22:40.947,416.6712823220619,102
2024-09-16 12:22:41.005,416.6484139260265,1005
2024-09-16 12:22:41.044,416.69767194452135,104
2024-09-16 12:22:41.075,416.6286659535445,6
2024-09-16 12:22:41.079,416.6402462604517,97
2024-09-16 12:22:41.201,416.6453572027514,1000
2024-09-16 12:22:41.340,416.662973227857,104
2024-09-16 12:22:41.424,416.6431782356414,13
2024-09-16 12:22:41.477,416.60928641774586,12
2024-09-16 12:22:41.501,416.6412940012783,998
2024-09-16 12:22:41.528,416.618859190354,15
2024-09-16 12:22:41.724,416.62502975736,99
2024-09-16 12:22:41.789,416.6481021054358,9
2024-09-16 12:22:41.870,416.675945412789,996
2024-09-16 12:22:41.889,416.6632895894863,103
2024-09-16 12:22:41.908,416.6823500709757,999
2024-09-16 12:22:41.966,416.6304004775177,1002
2024-09-16 12:22:42.259,416.69779706711313,1004
2024-09-16 12:22:42.324,416.6968388231703,102
2024-09-16 12:22:42.362,416.66359090570825,102
2024-09-16 12:22:42.595,416.6896624098249,14
2024-09-16 12:22:43.072,416.6790440557714,7
2024-09-16 12:22:43.194,416.6673322179692,14
2024-09-16 12:22:43.469,416.6597110134987,1002
2024-09-16 12:22:43.535,416.6540743473672,100
2024-09-16 12:22:43.946,416.6691894723389,1003
2024-09-16 12:22:43.950,416.6592748134148,997
2024-09-16 12:22:44.014,416.6936677814202,96
2024-09-16 12:22:44.035,416.6835257140867,999
2024-09-16 12:22:44.094,416.6840674162424,999
2024-09-16 12:22:44.131,416.71009758319593,97
2024-09-16 12:22:44.143,416.69342884717526,5
2024-09-16 12:22:44.169,416.6904527280304,100
2024-09-16 12:22:44.267,416.6887080886863,5
2024-09-16 12:22:44.398,416.6914431037669,95
2024-09-16 12:22:44.454,416.6625848639567,996
2024-09-16 12:22:44.463,416.6742014378372,100
2024-09-16 12:22:44.544,-416.6788708677414,996
2024-09-16 12:22:44.616,416.69648136634646,6
2024-09-16 12:22:44.792,416.7100013590078,6
2024-09-16 12:22:44.835,-416.68385681773367,1002
2024-09-16 12:22:44.876,416.6884440625937,1001
2024-09-16 12:22:44.974,416.6541817045122,95
2024-09-16 12:22:44.997,416.6967728084874,1003
2024-09-16 12:22:45.029,416.70780808371455,996
2024-09-16 12:22:45.036,416.6783079813331,100
2024-09-16 12:22:45.081,416.7006279602363,1003
2024-09-16 12:22:45.083,416.683201055032,97
2024-09-16 12:22:45.129,416.68633782531975,15
2024-09-16 12:22:45.195,416.6782167772782,1004
2024-09-16 12:22:45.239,416.6657425837724,15
2024-09-16 12:22:45.239,416.7017577734771,10
2024-09-16 12:22:45.327,416.6643820297468,998
2024-09-16 12:22:45.392,416.6798579977005,100
2024-09-16 12:22:45.395,416.6894260770528,98
2024-09-16 12:22:45.451,416.6627996470805,95
2024-09-16 12:22:45.471,416.6486069311901,99
2024-09-16 12:22:45.500,416.6914387979864,104
2024-09-16 12:22:45.674,416.6807394964737,7
2024-09-16 12:22:45.674,416.69125223476937,101
2024-09-16 12:22:45.679,416.6977684759842,998
2024-09-16 12:22:45.714,416.69192483442026,12
2024-09-16 12:22:45.951,416.6972984978541,102
2024-09-16 12:22:45.969,416.6973327403583,998
2024-09-16 12:22:46.062,416.6189539068055,995
2024-09-16 12:22:46.127,416.671531189921,100
2024-09-16 12:22:46.213,416.6683302928597,97
2024-09-16 12:22:46.255,41.661977408316325,102
2024-09-16 12:22:46.315,416.6566145438416,103
2024-09-16 12:22:46.364,416.6548568023103,9
2024-09-16 12:22:46.381,416.618707209755,8
2024-09-16 12:22:46.461,416.67584061040753,99
2024-09-16 12:22:46.475,416.617370661822,15
2024-09-16 12:22:46.496,416.615320055544,1000
2024-09-16 12:22:46.509,416.6068994412096,13
2024-09-16 12:22:46.579,416.644492228414,96
2024-09-16 12:22:46.610,416.6690122990703,14
2024-09-16 12:22:46.675,416.68367459667934,9
2024-09-16 12:22:46.709,416.6662052093573,7
2024-09-16 12:22:46.750,416.62723974074953,995
2024-09-16 12:22:46.767,416.6218264073004,5
2024-09-16 12:22:46.821,416.68868466659495,8
2024-09-16 12:22:46.869,416.6532938167856,8
2024-09-16 12:22:46.904,416.6043947679204,101
2024-09-16 12:22:46.972,416.6235173931619,7
2024-09-16 12:22:47.009,416.56923399872784,15
2024-09-16 12:22:47.019,416.5644041348916,96
2024-09-16 12:22:47.045,416.5445240737572,997
2024-09-16 12:22:47.069,416.5545725828911,5
2024-09-16 12:22:47.081,416.5845938596582,5
2024-09-16 12:22:47.137,416.6180692021585,1005
2024-09-16 12:22:47.166,416.6120806925261,1005
2024-09-16 12:22:47.220,416.5858487604379,96
2024-09-16 12:22:47.248,416.60384973827314,995
2024-09-16 12:22:47.317,416.586364574316,8
2024-09-16 12:22:47.329,416.5338036315928,5
2024-09-16 12:22:47.399,416.6034452442809,97
2024-09-16 12:22:47.429,416.5630983439527,997
2024-09-16 12:22:47.458,416.6100287178268,995
2024-09-16 12:22:47.459,416.54633648018313,101
2024-09-16 12:22:47.570,416.6010707605007,8
2024-09-16 12:22:47.631,416.5559514962567,15
2024-09-16 12:22:47.633,416.6077382926183,100
2024-09-16 12:22:47.669,416.602243002212,1001
2024-09-16 12:22:47.719,416.5388995905893,13
2024-09-16 12:22:47.751,416.61443170720776,1000
2024-09-16 12:22:47.801,416.597043374575,12
2024-09-16 12:22:47.816,416.6088742491861,103
2024-09-16 12:22:47.816,416.5491736111258,99
2024-09-16 12:22:47.939,416.5744317563825,103
2024-09-16 12:22:47.960,416.5846994814924,9
2024-09-16 12:22:48.080,,9
2024-09-16 12:22:48.548,416.6370253176227,1001
2024-09-16 12:22:48.618,416.6127520160276,97
2024-09-16 12:22:48.752,416.630020970782,104
2024-09-16 12:22:48.841,,998
2024-09-16 12:22:48.976,416.6378310790701,15
2024-09-16 12:22:49.250,416.5721195221216,11
2024-09-16 12:22:49.303,416.5703394511984,1000
2024-09-16 12:22:49.304,416.5445226064234,13
2024-09-16 12:22:49.333,416.5746936059666,95
2024-09-16 12:22:49.376,416.5963428906786,102
2024-09-16 12:22:49.423,416.5637557982041,1003
2024-09-16 12:22:49.495,416.5886214168116,13
2024-09-16 12:22:49.539,416.61504969130993,1000
2024-09-16 12:22:49.546,416.6001737810079,998
2024-09-16 12:22:49.550,416.5489494632076,100
2024-09-16 12:22:49.632,416.5945105253324,103
2024-09-16 12:22:49.767,416.5766578387239,105
2024-09-16 12:22:49.837,416.6111504331498,995
2024-09-16 12:22:49.854,416.5838619990231,101
2024-09-16 12:22:49.884,-416.5643415704587,101
2024-09-16 12:22:49.935,416.6043608451484,101
2024-09-16 12:22:50.037,416.5842521210255,100
2024-09-16 12:22:50.179,416.627617951252,15
2024-09-16 12:22:50.273,416.5844284754873,1004
2024-09-16 12:22:50.444,416.613532558091,7
2024-09-16 12:22:50.599,416.6237094608933,15
2024-09-16 12:22:50.754,416.6211729103617,7
2024-09-16 12:22:51.322,416.6158414443028,8
2024-09-16 12:22:51.588,416.6025439373055,102
2024-09-16 12:22:51.814,,101
2024-09-16 12:22:52.159,416.5706850927719,12
2024-09-16 12:22:52.291,416.6136952033238,995
2024-09-16 12:22:52.562,416.5927699809647,1001
2024-09-16 12:22:52.562,416.6015375786364,105
2024-09-16 12:22:52.652,416.6087500681914,6
2024-09-16 12:22:52.654,416.59146094258006,97
2024-09-16 12:22:52.721,416.58619285971855,7
2024-09-16 12:22:53.009,416.5982250598779,5
2024-09-16 12:22:53.130,416.616268690748,1003
2024-09-16 12:22:53.156,416.6159524480379,1004
2024-09-16 12:22:53.264,416.61079531874987,1005
2024-09-16 12:22:53.324,416.6049891173118,104
2024-09-16 12:22:53.502,416.6018155197806,102
2024-09-16 12:22:53.607,416.6121136026501,97
2024-09-16 12:22:53.642,416.6032955334217,9
2024-09-16 12:22:53.654,416.5916304687541,999
2024-09-16 12:22:53.798,416.60223926914495,15
2024-09-16 12:22:53.852,416.59569264211865,1000
2024-09-16 12:22:53.968,416.59267890750885,1004
2024-09-16 12:22:54.111,416.6199049048463,997
2024-09-16 12:22:54.483,416.6143400631058,103
2024-09-16 12:22:54.880,416.6283545298567,105
2024-09-16 12:22:55.308,416.6156277940381,105
2024-09-16 12:22:55.327,416.61568524404487,100
2024-09-16 12:22:55.330,416.6113755237014,1005
2024-09-16 12:22:55.346,416.6090502990804,1003
2024-09-16 12:22:55.590,416.5973728959916,1002
2024-09-16 12:22:56.007,416.56311859003375,10
2024-09-16 12:22:56.012,416.57592563403534,105
2024-09-16 12:22:56.095,416.6180738722057,1005
2024-09-16 12:22:56.099,416.620319154333,1005
2024-09-16 12:22:56.109,416.6378588636859,96
2024-09-16 12:22:56.195,416.5835926172076,15
2024-09-16 12:22:56.283,416.6223284629562,104
2024-09-16 12:22:56.289,416.606117379864,5
2024-09-16 12:22:56.342,416.6363490019701,105
2024-09-16 12:22:56.417,416.59845355337126,14
2024-09-16 12:22:56.537,416.609372574549,103
2024-09-16 12:22:56.575,416.6010995069671,1001
2024-09-16 12:22:56.610,416.55865795304766,1005
2024-09-16 12:22:56.621,416.5807133989466,102
2024-09-16 12:22:56.654,416.625847738627,15
2024-09-16 12:22:56.679,416.5856620321819,104
2024-09-16 12:22:56.718,416.6189252210679,11
2024-09-16 12:22:56.758,416.5771088053973,1004
2024-09-16 12:22:56.778,416.6079717150884,99
2024-09-16 12:22:56.816,416.6280505170431,10
2024-09-16 12:22:56.832,416.632550407868,1005
2024-09-16 12:22:56.854,416.6362982434836,8
2024-09-16 12:22:56.904,416.5629776968199,6
2024-09-16 12:22:56.912,416.64050674180686,13
2024-09-16 12:22:57.020,416.629802561484,14
2024-09-16 12:22:57.382,416.6390248200732,14
2024-09-16 12:22:57.798,416.6307498226297,1001
2024-09-16 12:22:57.851,416.63410785160215,11
2024-09-16 12:22:58.003,416.5940961498568,6
2024-09-16 12:22:58.020,416.6601905997642,105
2024-09-16 12:22:58.063,416.6346409725092,15
2024-09-16 12:22:58.119,416.5740694590745,9
2024-09-16 12:22:58.120,416.5872946217831,1002
2024-09-16 12:22:58.239,416.61812954061526,6
2024-09-16 12:22:58.283,416.6223113480853,103
2024-09-16 12:22:58.293,416.6569875450156,101
2024-09-16 12:22:58.326,416.62282336571474,15
2024-09-16 12:22:58.407,416.6512935170886,104
2024-09-16 12:22:58.481,416.59034397608855,8
2024-09-16 12:22:58.549,416.6050437250577,996
2024-09-16 12:22:58.575,416.5952763061693,1005
2024-09-16 12:22:58.614,416.6626622619421,7
2024-09-16 12:22:58.636,416.662538210019,5
2024-09-16 12:22:58.657,416.63500672553135,1005
2024-09-16 12:22:58.678,416.6106397550201,104
2024-09-16 12:22:58.681,416.61213347248525,998
2024-09-16 12:22:58.692,416.60419006712857,104
2024-09-16 12:22:58.711,416.5993568282195,104
2024-09-16 12:22:58.725,416.6465785539521,105
2024-09-16 12:22:58.822,416.6352018170083,1001
2024-09-16 12:22:58.895,416.6195287101393,8
2024-09-16 12:22:58.897,416.6220639214391,12
2024-09-16 12:22:58.936,416.6211296589758,7
2024-09-16 12:22:58.966,416.61824052795527,1003
2024-09-16 12:22:58.975,416.59086176536056,10
2024-09-16 12:22:58.985,416.6138106783835,1002
2024-09-16 12:22:58.989,416.6180176137619,104
2024-09-16 12:22:59.068,416.6134369596355,5
2024-09-16 12:22:59.077,416.58662577304455,7
2024-09-16 12:22:59.117,416.6079096693624,96
2024-09-16 12:22:59.150,416.59711729481546,103
2024-09-16 12:22:59.183,416.59241684952895,105
2024-09-16 12:22:59.366,416.59924899786535,996
2024-09-16 12:22:59.377,416.6232588446781,1002
2024-09-16 12:22:59.386,416.6094206633023,96
2024-09-16 12:22:59.583,416.6019724481672,5
2024-09-16 12:22:59.625,416.60540573473554,996
2024-09-16 12:22:59.641,416.5913404892624,10
