Timestamp,Price,Size
2024-09-19 13:34:00.231,422.8222645669055,995
2024-09-19 13:34:00.772,422.8540031929888,5
2024-09-19 13:34:00.959,422.8338949075913,14
2024-09-19 13:34:01.109,422.7965912997318,1004
2024-09-19 13:34:01.328,422.804559339167,105
2024-09-19 13:34:01.477,422.74794174313047,103
2024-09-19 13:34:01.520,422.7879091088862,998
2024-09-19 13:34:01.564,422.7507288823648,1003
2024-09-19 13:34:01.687,422.7640441050429,997
2024-09-19 13:34:01.789,422.7583140904793,9
2024-09-19 13:34:01.805,422.7731322286701,99
2024-09-19 13:34:01.924,422.7770804090636,5
2024-09-19 13:34:01.962,422.7494173820302,1004
2024-09-19 13:34:02.099,422.7313601448214,9
2024-09-19 13:34:02.253,422.7369713854154,104
2024-09-19 13:34:02.310,422.7625031857313,5
2024-09-19 13:34:02.624,422.7444422645028,12
2024-09-19 13:34:02.656,422.7564355426947,13
2024-09-19 13:34:02.773,422.74641677847296,14
2024-09-19 13:34:02.918,422.74598916631095,104
2024-09-19 13:34:02.952,422.73851638843416,11
2024-09-19 13:34:03.039,422.7145721308247,6
2024-09-19 13:34:03.107,422.735368979857,102
2024-09-19 13:34:03.408,422.7091577167295,101
2024-09-19 13:34:03.542,,6
2024-09-19 13:34:03.547,422.7326455894969,1003
2024-09-19 13:34:03.764,422.7331788747628,7
2024-09-19 13:34:03.847,422.7348583876004,15
2024-09-19 13:34:03.955,422.7246294177882,102
2024-09-19 13:34:04.659,422.7450776367586,98
2024-09-19 13:34:04.973,422.7754294788592,10
2024-09-19 13:34:05.020,422.7674938734551,99
2024-09-19 13:34:05.358,422.8094207532256,1000
2024-09-19 13:34:05.416,422.7990786955189,995
2024-09-19 13:34:05.641,422.8363188377919,5
2024-09-19 13:34:05.794,422.78068820463386,15
2024-09-19 13:34:06.053,422.8389931330616,95
2024-09-19 13:34:06.392,422.836694447454,996
2024-09-19 13:34:06.395,422.8307548381284,97
2024-09-19 13:34:06.574,422.848014037093,98
2024-09-19 13:34:06.894,422.8537931777971,8
2024-09-19 13:34:07.160,422.8588004348833,1005
2024-09-19 13:34:07.258,422.8578054433446,9
2024-09-19 13:34:07.360,422.8523613077119,998
2024-09-19 13:34:07.499,422.859936640053,101
2024-09-19 13:34:07.560,422.8568992358529,95
2024-09-19 13:34:07.662,422.8361720377384,999
2024-09-19 13:34:07.806,422.8385055647012,5
2024-09-19 13:34:07.816,422.8690454061327,1000
2024-09-19 13:34:07.890,422.8513350903342,102
2024-09-19 13:34:08.033,422.82102382074345,103
2024-09-19 13:34:08.073,422.8792984703289,1003
2024-09-19 13:34:08.282,422.8390660037438,104
2024-09-19 13:34:08.472,422.84399948596587,1004
2024-09-19 13:34:08.599,422.84702579803206,1000
2024-09-19 13:34:08.638,422.8542282389194,95
2024-09-19 13:34:08.655,422.8756878531984,995
2024-09-19 13:34:08.780,422.8457410814227,995
2024-09-19 13:34:08.879,422.8633365694479,997
2024-09-19 13:34:09.156,422.78274317992873,8
2024-09-19 13:34:09.185,422.8111166737505,99
2024-09-19 13:34:09.189,422.797432983355,1005
2024-09-19 13:34:09.262,422.80748759436193,104
2024-09-19 13:34:09.352,422.8052911975452,100
2024-09-19 13:34:09.372,422.7857813937606,996
2024-09-19 13:34:09.385,422.8244787635122,15
2024-09-19 13:34:09.440,422.7723217721893,8
2024-09-19 13:34:09.520,422.78198544689366,101
2024-09-19 13:34:09.630,422.8041987656141,104
2024-09-19 13:34:09.632,,1002
2024-09-19 13:34:09.701,42.27938350911837,97
2024-09-19 13:34:09.712,422.803061664096,7
2024-09-19 13:34:09.746,422.818658190143,1004
2024-09-19 13:34:09.791,422.7699459736981,999
2024-09-19 13:34:09.929,422.80335774969177,996
2024-09-19 13:34:10.089,422.8979653120432,98
2024-09-19 13:34:10.166,422.8991295801476,1000
2024-09-19 13:34:10.170,422.8974610593762,95
2024-09-19 13:34:10.281,422.8891783950027,100
2024-09-19 13:34:10.286,422.8996810264496,999
2024-09-19 13:34:10.364,422.8304946413153,14
2024-09-19 13:34:10.375,422.8543024902781,5
2024-09-19 13:34:10.392,422.8511874713628,1005
2024-09-19 13:34:10.457,422.8775228209828,999
2024-09-19 13:34:10.482,422.8274686438236,8
2024-09-19 13:34:10.672,422.8177931028939,12
2024-09-19 13:34:10.805,422.8737756564584,1000
2024-09-19 13:34:10.932,422.8989060084512,1001
2024-09-19 13:34:11.040,422.8231792068958,99
2024-09-19 13:34:11.043,422.8560603886565,997
2024-09-19 13:34:11.074,422.8528689031539,13
2024-09-19 13:34:11.102,422.851763234699,97
2024-09-19 13:34:11.109,422.8354719988252,9
2024-09-19 13:34:11.113,422.8215030420605,9
2024-09-19 13:34:11.135,422.82137575237175,13
2024-09-19 13:34:11.156,422.7988465379413,100
2024-09-19 13:34:11.163,422.8689715351229,1001
2024-09-19 13:34:11.297,422.8882436142772,5
2024-09-19 13:34:11.324,422.8728843861144,15
2024-09-19 13:34:11.344,422.8623619909363,998
2024-09-19 13:34:11.367,422.8636827277724,98
2024-09-19 13:34:11.387,422.8538727712709,995
2024-09-19 13:34:11.470,422.8612014649229,1000
2024-09-19 13:34:11.521,422.80601426708506,10
2024-09-19 13:34:11.536,422.8020111701578,8
2024-09-19 13:34:11.618,422.82933877587385,99
2024-09-19 13:34:11.811,422.8247958643058,102
2024-09-19 13:34:11.869,422.8101626201772,102
2024-09-19 13:34:11.911,422.8240107047782,101
2024-09-19 13:34:11.943,422.8201818897308,995
2024-09-19 13:34:11.960,422.81486398970895,8
2024-09-19 13:34:11.994,422.8191584299552,6
2024-09-19 13:34:12.154,422.82966662684856,1005
2024-09-19 13:34:12.731,422.8320165002625,6
2024-09-19 13:34:12.775,422.84773024257896,999
2024-09-19 13:34:13.084,422.8358894877398,11
2024-09-19 13:34:13.094,422.8165683410506,104
2024-09-19 13:34:13.096,422.82551252646607,11
2024-09-19 13:34:13.139,422.8039286778084,1005
2024-09-19 13:34:13.149,422.8020585292404,6
2024-09-19 13:34:13.178,422.8376389296674,1003
2024-09-19 13:34:13.188,422.8100560503692,1003
2024-09-19 13:34:13.214,422.7971139952158,15
2024-09-19 13:34:13.227,422.84438261014895,105
2024-09-19 13:34:13.263,422.82635565853417,998
2024-09-19 13:34:13.343,422.8392701729507,1005
2024-09-19 13:34:13.404,422.84638711936407,1001
2024-09-19 13:34:13.454,422.8100284030821,996
2024-09-19 13:34:13.490,422.79214955050594,997
2024-09-19 13:34:13.520,422.8318269217551,95
2024-09-19 13:34:13.650,422.8397734128197,7
2024-09-19 13:34:13.820,422.8184440591012,100
2024-09-19 13:34:13.822,422.81025843436,11
2024-09-19 13:34:13.876,422.8270060386321,95
2024-09-19 13:34:13.910,422.83330279221246,96
2024-09-19 13:34:14.005,422.8125891167873,100
2024-09-19 13:34:14.209,422.8087106929478,13
2024-09-19 13:34:14.259,422.8042600074174,102
2024-09-19 13:34:14.411,422.7990269574298,97
2024-09-19 13:34:14.472,422.80983405318,104
2024-09-19 13:34:14.642,422.8180372174965,1005
2024-09-19 13:34:14.716,422.80407601611415,1003
2024-09-19 13:34:14.735,422.80173664008873,10
2024-09-19 13:34:14.871,,997
2024-09-19 13:34:15.024,422.8320727377751,7
2024-09-19 13:34:15.026,422.8696951185012,5
2024-09-19 13:34:15.053,422.8628788790242,15
2024-09-19 13:34:15.193,422.8458504670167,102
2024-09-19 13:34:15.229,422.8560236940144,998
2024-09-19 13:34:15.277,422.8154991102594,101
2024-09-19 13:34:15.311,422.79378076070896,15
2024-09-19 13:34:15.358,422.8399037806259,6
2024-09-19 13:34:15.407,422.8863032072494,98
2024-09-19 13:34:15.511,422.8687063865068,995
2024-09-19 13:34:15.546,422.8143616702973,14
2024-09-19 13:34:15.549,422.84132043805465,15
2024-09-19 13:34:15.562,422.8329104950639,9
2024-09-19 13:34:15.571,422.83476627425074,997
2024-09-19 13:34:15.597,422.84593004086526,15
2024-09-19 13:34:15.708,422.8097408581938,9
2024-09-19 13:34:15.708,422.87601391934606,9
2024-09-19 13:34:15.741,422.8285296515793,1005
2024-09-19 13:34:15.775,422.8144128992071,14
2024-09-19 13:34:15.841,422.8326992118948,9
2024-09-19 13:34:15.841,422.8416841587229,97
2024-09-19 13:34:15.861,422.8430146817997,95
2024-09-19 13:34:15.893,422.80780499164086,101
2024-09-19 13:34:15.900,42.28357216727935,14
2024-09-19 13:34:15.978,422.8762773650883,13
2024-09-19 13:34:15.991,422.84350959190175,1005
2024-09-19 13:34:16.047,422.8283530364547,1005
2024-09-19 13:34:16.051,422.8459191615461,102
2024-09-19 13:34:16.062,422.815955913487,1000
2024-09-19 13:34:16.557,422.81170021676365,999
2024-09-19 13:34:16.599,422.8243747435375,99
2024-09-19 13:34:16.673,422.8052177063159,100
2024-09-19 13:34:16.863,422.8137339387627,13
2024-09-19 13:34:18.006,422.8861763131461,8
2024-09-19 13:34:18.020,422.8270207529391,9
2024-09-19 13:34:18.033,422.90505892172223,1004
2024-09-19 13:34:18.052,422.8287351671515,1002
2024-09-19 13:34:18.074,422.97302353528175,105
2024-09-19 13:34:18.096,422.8594169813224,15
2024-09-19 13:34:18.105,422.9618825852688,7
2024-09-19 13:34:18.281,422.9632124095422,12
2024-09-19 13:34:18.301,422.9856731133642,96
2024-09-19 13:34:18.302,42.2865751620995,14
2024-09-19 13:34:18.381,422.9324639097167,98
2024-09-19 13:34:18.415,422.9599443718657,15
2024-09-19 13:34:18.425,422.8314366807722,1004
2024-09-19 13:34:18.555,422.9878938029931,15
2024-09-19 13:34:18.606,422.9130338459939,14
2024-09-19 13:34:18.624,422.8403821445602,96
2024-09-19 13:34:18.675,422.8311453021738,1001
2024-09-19 13:34:18.742,422.9894401615399,995
2024-09-19 13:34:18.758,422.9096295665858,10
2024-09-19 13:34:18.799,422.8115659544459,998
2024-09-19 13:34:18.924,422.9864622551028,9
2024-09-19 13:34:18.948,422.8282958410803,6
2024-09-19 13:34:19.043,422.94349236872256,1005
2024-09-19 13:34:19.050,422.9538483391656,97
2024-09-19 13:34:19.098,422.9703743290649,99
2024-09-19 13:34:19.102,422.9489692856611,5
2024-09-19 13:34:19.146,422.913677502135,8
2024-09-19 13:34:19.165,422.94004755336266,7
2024-09-19 13:34:19.177,422.9296558660768,5
2024-09-19 13:34:19.337,422.9333061836713,101
2024-09-19 13:34:19.407,422.9516336987081,1003
2024-09-19 13:34:19.434,422.9371304152305,98
2024-09-19 13:34:19.614,422.913479118246,11
2024-09-19 13:34:19.626,422.9182413279725,12
2024-09-19 13:34:19.730,422.9366537663245,1000
2024-09-19 13:34:19.739,422.9511058323971,1005
2024-09-19 13:34:19.814,42.29374550526458,1000
2024-09-19 13:34:19.825,,1004
2024-09-19 13:34:19.850,422.95286544096746,99
2024-09-19 13:34:19.850,422.91813796713205,998
2024-09-19 13:34:19.941,422.9100596558861,98
2024-09-19 13:34:19.950,422.9400723459716,998
2024-09-19 13:34:19.961,422.9482682496153,98
2024-09-19 13:34:20.015,422.922760132995,6
2024-09-19 13:34:20.210,422.9346220624173,13
2024-09-19 13:34:20.393,422.918817387304,105
2024-09-19 13:34:20.437,422.8976753084951,101
2024-09-19 13:34:20.510,422.91132482940645,997
2024-09-19 13:34:20.589,422.9026344619481,5
2024-09-19 13:34:20.616,422.8947576121881,1004
2024-09-19 13:34:20.655,422.9379086120447,9
2024-09-19 13:34:20.709,422.9138236832311,100
2024-09-19 13:34:20.749,422.9098497582111,11
2024-09-19 13:34:20.819,422.9118875883584,1003
2024-09-19 13:34:20.891,422.91699534854814,9
2024-09-19 13:34:20.909,422.9123856894574,6
2024-09-19 13:34:20.951,422.92852407353735,11
2024-09-19 13:34:20.955,422.9018391341363,99
2024-09-19 13:34:20.958,422.9114543347205,97
2024-09-19 13:34:21.004,422.9076161187612,996
2024-09-19 13:34:21.055,422.9530383537832,997
2024-09-19 13:34:21.283,422.8966366758178,98
2024-09-19 13:34:21.555,422.9043789867537,1001
2024-09-19 13:34:21.578,422.8961412896808,1003
2024-09-19 13:34:21.629,422.91422324102354,15
2024-09-19 13:34:21.663,422.9510464129239,1001
2024-09-19 13:34:21.669,422.948208689157,996
2024-09-19 13:34:21.817,422.9272237529106,101
2024-09-19 13:34:21.851,422.9067549135826,15
2024-09-19 13:34:21.990,422.9038039199076,99
2024-09-19 13:34:22.051,42.29584334176374,12
2024-09-19 13:34:22.121,422.95156652846265,1004
2024-09-19 13:34:22.286,422.9663576999126,1002
2024-09-19 13:34:22.538,422.958160758406,8
2024-09-19 13:34:22.570,422.9547560297515,99
2024-09-19 13:34:22.597,422.9500520894367,101
2024-09-19 13:34:22.605,422.91406443417753,96
2024-09-19 13:34:22.674,422.951112329614,995
2024-09-19 13:34:22.743,422.9686311192131,96
2024-09-19 13:34:22.820,422.9413161968484,997
2024-09-19 13:34:22.913,422.9519773185728,6
2024-09-19 13:34:23.009,422.9031725868288,101
2024-09-19 13:34:23.009,422.9144452343973,8
2024-09-19 13:34:23.010,422.88446059487046,5
2024-09-19 13:34:23.083,422.9401900005832,100
2024-09-19 13:34:23.096,422.9592139428253,8
2024-09-19 13:34:23.116,422.9188449772808,997
2024-09-19 13:34:23.164,422.9406782455603,11
2024-09-19 13:34:23.205,422.9422382658347,1001
2024-09-19 13:34:23.222,422.9382105588906,104
2024-09-19 13:34:23.351,422.923674938494,996
2024-09-19 13:34:23.385,422.8995808373759,1004
2024-09-19 13:34:23.393,422.8834821957981,1000
2024-09-19 13:34:23.457,422.88994284718666,98
2024-09-19 13:34:23.467,422.9320987874791,10
2024-09-19 13:34:23.482,422.92304055278686,103
2024-09-19 13:34:23.662,422.9464663867602,996
2024-09-19 13:34:23.668,422.9404273119761,13
2024-09-19 13:34:23.687,422.9089877154675,104
2024-09-19 13:34:23.732,422.94260376010567,1003
2024-09-19 13:34:23.783,422.911524863,999
2024-09-19 13:34:23.831,422.9263304197024,14
2024-09-19 13:34:23.917,422.915222866334,15
2024-09-19 13:34:23.941,422.9004593522254,13
2024-09-19 13:34:23.979,422.9422945415928,102
2024-09-19 13:34:24.007,422.8887414747559,1000
2024-09-19 13:34:24.021,422.91691486382575,100
2024-09-19 13:34:24.026,422.9031495994138,101
2024-09-19 13:34:24.036,422.88479097733375,998
2024-09-19 13:34:24.062,,15
2024-09-19 13:34:24.214,422.9048613424948,102
2024-09-19 13:34:24.362,422.88595344416194,9
2024-09-19 13:34:24.607,422.908521605767,104
2024-09-19 13:34:24.683,422.9041041543501,105
2024-09-19 13:34:24.706,422.8963496327747,15
2024-09-19 13:34:24.831,422.90440741436265,996
2024-09-19 13:34:24.993,422.88917171676087,5
2024-09-19 13:34:25.011,422.8681834237749,104
2024-09-19 13:34:25.037,422.8891711908229,98
2024-09-19 13:34:25.050,422.9441093451363,996
2024-09-19 13:34:25.071,422.8902490048018,1005
2024-09-19 13:34:25.089,422.9648130443515,95
2024-09-19 13:34:25.114,422.9771319873655,14
2024-09-19 13:34:25.204,422.9006695669023,1004
2024-09-19 13:34:25.247,422.9198243460641,997
2024-09-19 13:34:25.265,422.9105556876525,97
2024-09-19 13:34:25.331,422.9413709735768,1000
2024-09-19 13:34:25.387,422.8647920694797,997
2024-09-19 13:34:25.388,422.9016957570766,12
2024-09-19 13:34:25.392,422.9048901435879,9
2024-09-19 13:34:25.491,422.9281027204943,103
2024-09-19 13:34:25.674,422.86498614164594,95
2024-09-19 13:34:25.708,422.90117399519903,102
2024-09-19 13:34:25.737,422.8822064346081,12
2024-09-19 13:34:25.751,422.9658696107632,98
2024-09-19 13:34:25.805,422.952319661416,97
2024-09-19 13:34:25.827,422.8937766100302,8
2024-09-19 13:34:25.827,422.89923123362206,998
2024-09-19 13:34:25.876,422.90780343217097,105
2024-09-19 13:34:25.890,422.8974552968281,999
2024-09-19 13:34:25.969,422.916061423021,7
2024-09-19 13:34:26.039,422.9682478094023,1005
2024-09-19 13:34:26.079,422.954923912233,7
2024-09-19 13:34:26.121,422.9663197884764,97
2024-09-19 13:34:26.124,422.94076226661406,9
2024-09-19 13:34:26.211,422.908543553534,6
2024-09-19 13:34:26.214,422.92528309219614,101
2024-09-19 13:34:26.239,422.9840400907096,95
2024-09-19 13:34:26.261,-422.9467568100521,102
2024-09-19 13:34:26.337,422.9602931627823,96
2024-09-19 13:34:26.357,422.9744600262267,1001
2024-09-19 13:34:26.395,422.9519956277345,998
2024-09-19 13:34:26.403,422.9778710836475,998
2024-09-19 13:34:26.558,422.9555177536541,97
2024-09-19 13:34:26.579,422.98540131959584,15
2024-09-19 13:34:26.638,422.9257121724599,15
2024-09-19 13:34:26.704,422.9640417531365,97
2024-09-19 13:34:26.730,422.9513617936976,1005
2024-09-19 13:34:26.734,422.9761821241421,100
2024-09-19 13:34:26.756,422.98170346731473,5
2024-09-19 13:34:26.776,422.975595764075,7
2024-09-19 13:34:26.821,422.9505592443009,104
2024-09-19 13:34:26.843,422.93430420999374,1001
2024-09-19 13:34:26.897,422.9185407121993,6
2024-09-19 13:34:26.901,422.96136687810593,15
2024-09-19 13:34:26.931,422.9163786459959,15
2024-09-19 13:34:27.025,422.9348976417166,10
2024-09-19 13:34:27.034,422.9074294156607,99
2024-09-19 13:34:27.066,422.91588667869416,1005
2024-09-19 13:34:27.066,422.9105766876223,98
2024-09-19 13:34:27.116,422.9305614083811,11
2024-09-19 13:34:27.356,422.92489247037344,102
2024-09-19 13:34:27.582,422.9474128142156,995
2024-09-19 13:34:27.612,422.9256709714788,999
2024-09-19 13:34:27.705,422.9157900454448,13
2024-09-19 13:34:27.719,422.9293647030634,13
2024-09-19 13:34:27.796,422.9351271620581,100
2024-09-19 13:34:27.880,422.93126803916925,1003
2024-09-19 13:34:27.887,422.9407781967385,1004
2024-09-19 13:34:28.073,422.94832102915626,1002
2024-09-19 13:34:28.089,422.9466878790775,1002
2024-09-19 13:34:28.514,-422.9891476525409,102
2024-09-19 13:34:28.625,422.989863636873,97
2024-09-19 13:34:28.730,422.9436780199864,998
2024-09-19 13:34:28.905,422.9712688137409,8
2024-09-19 13:34:28.927,422.9821583938113,100
2024-09-19 13:34:29.157,422.9822331188068,1001
2024-09-19 13:34:29.204,422.9806951046894,98
2024-09-19 13:34:29.334,422.9844395238962,1002
2024-09-19 13:34:29.343,422.997027670273,14
2024-09-19 13:34:29.343,422.99355023903126,11
2024-09-19 13:34:29.453,422.98660721559867,995
2024-09-19 13:34:29.456,422.9871972355693,96
2024-09-19 13:34:29.615,422.985358287286,999
2024-09-19 13:34:29.713,422.9951514953125,6
2024-09-19 13:34:29.854,422.9817420734788,1003
2024-09-19 13:34:29.884,423.0117854721294,13
2024-09-19 13:34:29.928,423.0024340477158,15
2024-09-19 13:34:29.967,422.9808589739576,8
2024-09-19 13:34:30.046,423.00528295233255,95
2024-09-19 13:34:30.181,422.9972727415106,1001
2024-09-19 13:34:30.334,423.0009700748955,96
2024-09-19 13:34:30.339,422.9463991257788,96
2024-09-19 13:34:30.558,423.00177413459073,999
2024-09-19 13:34:30.852,422.9966638809744,97
2024-09-19 13:34:31.097,422.9655021598558,1000
2024-09-19 13:34:31.122,422.9488335760543,996
2024-09-19 13:34:31.302,422.9516249074019,7
2024-09-19 13:34:31.409,422.9454574735189,12
2024-09-19 13:34:31.482,422.9549256287826,97
2024-09-19 13:34:31.509,422.9648509580688,997
2024-09-19 13:34:31.520,422.9365115854175,998
2024-09-19 13:34:31.605,422.9781245491103,6
2024-09-19 13:34:31.629,,12
2024-09-19 13:34:31.651,422.9482790804031,5
2024-09-19 13:34:31.728,422.9506748058768,105
2024-09-19 13:34:31.766,422.9520306006576,99
2024-09-19 13:34:31.773,422.9371163108575,100
2024-09-19 13:34:31.874,422.95049231649847,11
2024-09-19 13:34:31.882,422.9581299598021,996
2024-09-19 13:34:31.900,422.9445895083969,97
2024-09-19 13:34:32.015,422.9171061907428,98
2024-09-19 13:34:32.069,422.8758279023479,15
2024-09-19 13:34:32.120,422.8552885854196,99
2024-09-19 13:34:32.212,422.8797959230242,10
2024-09-19 13:34:32.281,422.8568999987339,8
2024-09-19 13:34:32.468,422.9087338099249,15
2024-09-19 13:34:32.657,422.8827228139383,95
2024-09-19 13:34:32.678,422.9304469758881,95
2024-09-19 13:34:32.828,,999
2024-09-19 13:34:32.894,422.9365131739496,12
2024-09-19 13:34:34.098,422.8790479062051,1000
2024-09-19 13:34:34.120,422.8824658279032,10
2024-09-19 13:34:34.620,422.8769478975106,998
2024-09-19 13:34:34.641,422.8991815785623,98
2024-09-19 13:34:34.793,422.8716837514318,15
2024-09-19 13:34:34.825,422.8894523281874,15
2024-09-19 13:34:34.958,422.8770268543114,10
2024-09-19 13:34:35.102,422.9110273615442,101
2024-09-19 13:34:35.143,422.8834062001292,15
2024-09-19 13:34:35.158,422.9255008484898,997
2024-09-19 13:34:35.162,422.8981094113786,1003
2024-09-19 13:34:35.384,422.9100703556185,997
2024-09-19 13:34:35.401,422.9252083334478,1003
2024-09-19 13:34:35.758,422.9249333620991,8
2024-09-19 13:34:35.758,422.91573849500605,12
2024-09-19 13:34:35.789,422.911308440732,1005
2024-09-19 13:34:35.863,422.92161617951393,100
2024-09-19 13:34:35.880,422.8768730783918,99
2024-09-19 13:34:35.931,422.896867018189,6
2024-09-19 13:34:36.125,422.9381512347893,6
2024-09-19 13:34:36.145,422.9510658938554,15
2024-09-19 13:34:36.161,422.9593066056514,10
2024-09-19 13:34:36.162,422.8891174113493,99
2024-09-19 13:34:36.179,422.9204244178147,995
2024-09-19 13:34:36.195,422.89791280529,1004
2024-09-19 13:34:36.222,422.9506807826816,14
2024-09-19 13:34:36.238,422.8794644985397,13
2024-09-19 13:34:36.303,422.92871392685583,10
2024-09-19 13:34:36.349,422.9057261359813,9
2024-09-19 13:34:36.383,422.9575245890906,5
2024-09-19 13:34:36.430,422.8808038877861,998
2024-09-19 13:34:36.496,422.8889652837888,5
2024-09-19 13:34:36.518,422.9248978428673,6
2024-09-19 13:34:36.544,422.8843897940846,102
2024-09-19 13:34:36.545,422.8786700270491,1001
2024-09-19 13:34:36.722,-422.9078607794538,100
2024-09-19 13:34:36.724,422.9002544061254,104
2024-09-19 13:34:36.743,422.929613765862,99
2024-09-19 13:34:36.825,422.86272631643993,103
2024-09-19 13:34:36.868,422.8666174667168,8
2024-09-19 13:34:36.887,-422.9196710905742,96
2024-09-19 13:34:36.913,422.8998474706852,8
2024-09-19 13:34:36.982,422.9460421758495,1005
2024-09-19 13:34:36.998,422.95340762479503,1004
2024-09-19 13:34:37.027,422.8189423896325,98
2024-09-19 13:34:37.046,422.838008829012,999
2024-09-19 13:34:37.057,422.8281913983362,998
2024-09-19 13:34:37.099,422.82416629990087,999
2024-09-19 13:34:37.172,422.92734722637033,998
2024-09-19 13:34:37.214,422.7944142100105,99
2024-09-19 13:34:37.225,422.8068680773373,95
2024-09-19 13:34:37.244,422.82494917779024,10
2024-09-19 13:34:37.269,422.8190528522861,15
2024-09-19 13:34:37.285,422.8249040339488,103
2024-09-19 13:34:37.288,422.81718940173937,100
2024-09-19 13:34:37.308,422.8225902706861,13
2024-09-19 13:34:37.353,422.8084611869745,12
2024-09-19 13:34:37.386,422.8969182540194,1005
2024-09-19 13:34:37.512,422.8113461615092,99
2024-09-19 13:34:37.632,422.8795792513697,98
2024-09-19 13:34:37.760,422.8020805405562,1002
2024-09-19 13:34:37.793,422.82246362269217,998
2024-09-19 13:34:37.832,422.85224498574223,98
2024-09-19 13:34:37.880,422.9183247451852,102
2024-09-19 13:34:37.905,422.8229026744417,96
2024-09-19 13:34:37.935,422.862942008925,996
2024-09-19 13:34:37.959,422.8199764072611,12
2024-09-19 13:34:38.033,422.8107968958231,995
2024-09-19 13:34:38.042,422.810472244754,15
2024-09-19 13:34:38.211,422.8148687863749,1005
2024-09-19 13:34:38.289,422.79912793788674,104
2024-09-19 13:34:38.297,422.8035249232851,995
2024-09-19 13:34:38.312,422.7776984541799,96
2024-09-19 13:34:38.409,422.7896882574532,102
2024-09-19 13:34:38.558,422.8188027266676,7
2024-09-19 13:34:38.721,422.81662717798304,12
2024-09-19 13:34:38.734,422.8023062850788,10
2024-09-19 13:34:38.737,422.81286274061495,15
2024-09-19 13:34:38.769,422.8028753883896,12
2024-09-19 13:34:38.774,422.796420790194,995
2024-09-19 13:34:38.807,422.7813174833194,6
2024-09-19 13:34:38.841,422.822422976934,104
2024-09-19 13:34:38.924,422.8196890787773,101
2024-09-19 13:34:39.045,422.82772056815503,8
2024-09-19 13:34:39.115,422.8154685679435,103
2024-09-19 13:34:39.130,422.8081956536005,13
2024-09-19 13:34:39.134,422.837046249229,1000
2024-09-19 13:34:39.147,422.8168458173758,998
2024-09-19 13:34:39.168,422.80320914459065,98
2024-09-19 13:34:39.185,422.8285425602619,1005
2024-09-19 13:34:39.269,422.826036734573,1003
2024-09-19 13:34:39.330,422.8281530564452,95
2024-09-19 13:34:39.336,422.82634202811806,8
2024-09-19 13:34:39.352,422.8083774872935,13
2024-09-19 13:34:39.552,422.83592852614703,9
2024-09-19 13:34:39.629,422.8021993567485,95
2024-09-19 13:34:39.672,422.8151817095676,14
2024-09-19 13:34:39.696,422.814350859424,996
2024-09-19 13:34:39.719,422.8251899409584,996
2024-09-19 13:34:39.722,422.8090768970594,103
2024-09-19 13:34:39.787,422.8316128330592,99
2024-09-19 13:34:39.811,422.8132810091456,12
2024-09-19 13:34:39.929,422.8268613213631,998
2024-09-19 13:34:39.953,422.8127526219348,97
2024-09-19 13:34:39.963,42.27954864803608,9
2024-09-19 13:34:39.976,422.8157879936131,98
2024-09-19 13:34:40.046,422.8533150762574,1001
2024-09-19 13:34:40.057,422.86170088926747,101
2024-09-19 13:34:40.064,422.86791209067206,1002
2024-09-19 13:34:40.159,422.8261677449984,95
2024-09-19 13:34:40.186,422.8824634479379,1000
2024-09-19 13:34:40.202,422.8779915560545,104
2024-09-19 13:34:40.375,422.82222726669136,95
2024-09-19 13:34:40.415,422.8685471231605,14
2024-09-19 13:34:40.431,422.8631516693447,1001
2024-09-19 13:34:40.467,422.8955331494951,996
2024-09-19 13:34:40.500,42.28487043043047,1000
2024-09-19 13:34:40.527,422.88534061719207,13
2024-09-19 13:34:40.553,422.8699005386067,105
2024-09-19 13:34:40.574,422.886315412818,997
2024-09-19 13:34:40.627,422.85812292926136,1005
2024-09-19 13:34:40.668,422.87490243068567,1005
2024-09-19 13:34:40.720,422.8917663325285,14
2024-09-19 13:34:40.731,422.8128785332466,99
2024-09-19 13:34:40.745,422.8364152664676,99
2024-09-19 13:34:40.798,422.86896779149816,15
2024-09-19 13:34:40.847,422.8538702463308,10
2024-09-19 13:34:40.945,422.8705499853085,995
2024-09-19 13:34:40.997,,1002
2024-09-19 13:34:41.090,422.8658102671707,6
2024-09-19 13:34:41.169,422.8625609768307,5
2024-09-19 13:34:41.279,422.84086881239466,11
2024-09-19 13:34:41.342,42.28638034318337,101
2024-09-19 13:34:41.478,422.8613930406999,103
2024-09-19 13:34:41.542,42.28519374691399,1002
2024-09-19 13:34:41.579,422.8806450980165,100
2024-09-19 13:34:41.613,422.85811407125146,998
2024-09-19 13:34:41.762,422.8655146923219,9
2024-09-19 13:34:41.882,422.892803065403,996
2024-09-19 13:34:41.909,422.8643018720457,100
2024-09-19 13:34:42.028,422.9130730415891,96
2024-09-19 13:34:42.055,422.94502659561886,6
2024-09-19 13:34:42.071,422.8816313708917,100
2024-09-19 13:34:42.114,422.8956837745026,1001
2024-09-19 13:34:42.173,,9
2024-09-19 13:34:42.202,422.9139318318742,995
2024-09-19 13:34:42.231,422.916086484675,103
2024-09-19 13:34:42.240,422.9016885227865,998
2024-09-19 13:34:42.416,422.9019449476602,999
2024-09-19 13:34:42.435,42.28818940491439,1002
2024-09-19 13:34:42.446,422.9106013184908,5
2024-09-19 13:34:42.456,422.9246955922745,997
2024-09-19 13:34:42.473,422.9317959819183,105
2024-09-19 13:34:42.480,422.9277699166858,10
2024-09-19 13:34:42.488,422.9289171225995,1003
2024-09-19 13:34:42.496,422.9122065192168,5
2024-09-19 13:34:42.510,422.9597530570104,999
2024-09-19 13:34:42.555,422.9203734280504,1002
2024-09-19 13:34:42.555,422.89774279041353,14
2024-09-19 13:34:42.567,422.8953306187663,998
2024-09-19 13:34:42.568,422.9179271335331,104
2024-09-19 13:34:42.586,422.9175882492379,995
2024-09-19 13:34:42.605,422.87809582160577,1001
2024-09-19 13:34:42.626,422.90165477543167,96
2024-09-19 13:34:42.657,422.94003292433183,13
2024-09-19 13:34:42.674,422.9159604526031,7
2024-09-19 13:34:42.817,422.91423552615896,1002
2024-09-19 13:34:42.865,422.88985648649714,6
2024-09-19 13:34:42.926,422.921431715343,101
2024-09-19 13:34:42.927,422.9473319430804,96
2024-09-19 13:34:43.059,422.9637660823377,95
2024-09-19 13:34:43.143,422.93663693272015,95
2024-09-19 13:34:43.152,422.9634052041171,11
2024-09-19 13:34:43.164,422.9646555959306,101
2024-09-19 13:34:43.240,422.9339027519232,999
2024-09-19 13:34:43.443,422.96781804935455,101
2024-09-19 13:34:43.444,422.9753969826533,101
2024-09-19 13:34:43.452,422.9518086102389,997
2024-09-19 13:34:43.454,422.9686103710153,1002
2024-09-19 13:34:43.532,422.9570781653764,999
2024-09-19 13:34:43.546,422.9207643727582,7
2024-09-19 13:34:43.563,422.8967879954728,1002
2024-09-19 13:34:43.571,422.9100952886309,10
2024-09-19 13:34:43.586,422.9110750028474,102
2024-09-19 13:34:43.628,422.9396787100193,1005
2024-09-19 13:34:43.660,422.9515326534457,104
2024-09-19 13:34:43.697,422.9248082660106,10
2024-09-19 13:34:43.725,422.9595054562783,101
2024-09-19 13:34:43.767,422.9658474975154,999
2024-09-19 13:34:43.842,422.9556331541083,98
2024-09-19 13:34:43.846,422.9389952282209,6
2024-09-19 13:34:43.877,422.9322987039477,12
2024-09-19 13:34:43.919,422.9040199084347,104
2024-09-19 13:34:43.935,422.95305822453537,95
2024-09-19 13:34:44.033,422.97062478732414,95
2024-09-19 13:34:44.071,422.9485896074944,105
2024-09-19 13:34:44.177,422.95351940253903,9
2024-09-19 13:34:44.318,422.9585308373782,7
2024-09-19 13:34:44.344,422.94869618563166,13
2024-09-19 13:34:44.473,422.9441085887487,1003
2024-09-19 13:34:44.550,422.9239356822517,999
2024-09-19 13:34:44.552,422.9445530045337,103
2024-09-19 13:34:44.569,422.95565282307,95
2024-09-19 13:34:44.638,422.9326606437925,995
2024-09-19 13:34:44.716,422.9618494631698,995
2024-09-19 13:34:44.744,422.9349311949908,8
2024-09-19 13:34:44.771,422.9531489028706,9
2024-09-19 13:34:44.925,422.9401058222816,98
2024-09-19 13:34:44.974,422.9774195932649,1005
2024-09-19 13:34:45.300,422.98017036076334,96
2024-09-19 13:34:45.437,,101
2024-09-19 13:34:45.505,42.29195256324468,5
2024-09-19 13:34:45.559,422.9479701642912,7
2024-09-19 13:34:45.619,422.9483439583199,1003
2024-09-19 13:34:45.761,422.9083372211612,98
2024-09-19 13:34:45.776,422.9018118973583,998
2024-09-19 13:34:45.825,422.9750754689685,102
2024-09-19 13:34:45.864,422.9391270862818,996
2024-09-19 13:34:46.022,422.8406581404132,1000
2024-09-19 13:34:46.045,422.8478391281863,1005
2024-09-19 13:34:46.054,422.8549402881328,99
2024-09-19 13:34:46.056,422.90150409167495,6
2024-09-19 13:34:46.088,422.8225620323759,101
2024-09-19 13:34:46.166,422.8182348211535,998
2024-09-19 13:34:46.253,422.8078255072801,1003
2024-09-19 13:34:46.281,422.8358686321688,99
2024-09-19 13:34:46.290,422.8405074077755,100
2024-09-19 13:34:46.327,422.8734213789849,104
2024-09-19 13:34:46.344,422.905829432419,101
2024-09-19 13:34:46.384,-422.9099504321549,7
2024-09-19 13:34:46.400,422.87455086424575,6
2024-09-19 13:34:46.400,422.80393698993,96
2024-09-19 13:34:46.413,422.83342697824986,6
2024-09-19 13:34:46.429,422.8301199462852,1004
2024-09-19 13:34:46.481,422.8660992978683,996
2024-09-19 13:34:46.492,422.8268794287434,100
2024-09-19 13:34:46.568,422.8184002454424,9
2024-09-19 13:34:46.604,422.81707890906006,13
2024-09-19 13:34:46.605,,1002
2024-09-19 13:34:46.662,422.8246530218132,997
2024-09-19 13:34:46.737,422.8227181985976,9
2024-09-19 13:34:46.838,422.8452367420023,10
2024-09-19 13:34:46.847,,102
2024-09-19 13:34:46.869,422.87032999803927,105
2024-09-19 13:34:46.910,422.8161964325833,6
2024-09-19 13:34:46.997,422.8424434988311,97
2024-09-19 13:34:47.061,422.8501900117861,7
2024-09-19 13:34:47.138,422.8511409399055,8
2024-09-19 13:34:47.165,422.83666559667614,15
2024-09-19 13:34:47.251,422.8351275311989,1005
2024-09-19 13:34:47.419,422.856887857716,1005
2024-09-19 13:34:47.443,422.8663591574832,105
2024-09-19 13:34:47.447,422.8330322288306,996
2024-09-19 13:34:47.488,422.8638683977802,101
2024-09-19 13:34:47.519,422.8909638599882,11
2024-09-19 13:34:47.532,422.8399678437663,15
2024-09-19 13:34:47.537,422.8506909336965,1004
2024-09-19 13:34:47.547,422.8532145681086,996
2024-09-19 13:34:47.663,422.8630095751509,1000
2024-09-19 13:34:47.773,-422.8621577847495,14
2024-09-19 13:34:47.778,422.8445172400485,10
2024-09-19 13:34:48.018,422.8579775762228,13
2024-09-19 13:34:48.094,422.8574574539064,95
2024-09-19 13:34:48.100,422.9030277596819,8
2024-09-19 13:34:48.139,422.8806464421951,9
2024-09-19 13:34:48.175,422.8788600326179,96
2024-09-19 13:34:48.194,422.8823242889736,999
2024-09-19 13:34:48.335,422.8690662272122,101
2024-09-19 13:34:48.347,422.8715915380493,1005
2024-09-19 13:34:48.388,422.85122619358737,96
2024-09-19 13:34:48.399,422.86295343038455,996
2024-09-19 13:34:48.401,422.8478608976911,13
2024-09-19 13:34:48.409,422.87779852338696,1000
2024-09-19 13:34:48.435,422.8798604845431,9
2024-09-19 13:34:48.601,422.8749297030259,97
2024-09-19 13:34:48.608,422.8684543609636,105
2024-09-19 13:34:48.683,422.9023054030541,96
2024-09-19 13:34:48.720,422.88799414596286,103
2024-09-19 13:34:48.737,422.9083897665032,995
2024-09-19 13:34:48.759,422.9148979167243,8
2024-09-19 13:34:48.778,422.8615757720077,7
2024-09-19 13:34:48.805,422.89412442486565,995
2024-09-19 13:34:48.835,422.90575136799134,1005
2024-09-19 13:34:48.846,422.88184658413496,999
2024-09-19 13:34:48.857,422.8832727727868,102
2024-09-19 13:34:48.901,-422.870184476837,98
2024-09-19 13:34:48.924,422.890997223284,10
2024-09-19 13:34:48.934,422.853931209366,1000
2024-09-19 13:34:48.938,422.89832808680086,12
2024-09-19 13:34:48.985,422.86969069553305,104
2024-09-19 13:34:49.034,422.90661627122506,1000
2024-09-19 13:34:49.066,422.867727419252,105
2024-09-19 13:34:49.143,422.8641694142567,1002
2024-09-19 13:34:49.273,422.8694412245716,12
2024-09-19 13:34:49.290,422.8525691049752,1005
2024-09-19 13:34:49.379,422.8514156932087,96
2024-09-19 13:34:49.410,422.8812496062295,996
2024-09-19 13:34:49.431,422.8798018799927,11
2024-09-19 13:34:49.439,422.870752463828,105
2024-09-19 13:34:49.444,422.87454876268174,995
2024-09-19 13:34:49.478,422.8691879157993,996
2024-09-19 13:34:49.515,422.8692493911148,9
2024-09-19 13:34:49.515,422.86881666415945,1001
2024-09-19 13:34:49.599,422.85752171412906,96
2024-09-19 13:34:49.610,422.8805120081576,1000
2024-09-19 13:34:49.615,422.88920539512304,7
2024-09-19 13:34:49.650,422.8790433142815,14
2024-09-19 13:34:49.687,422.842827208082,103
2024-09-19 13:34:49.755,422.89453849279255,13
2024-09-19 13:34:49.788,422.88707959081154,13
2024-09-19 13:34:49.810,422.87823569425353,102
2024-09-19 13:34:49.852,422.8324666119864,13
2024-09-19 13:34:49.860,422.913618976403,1004
2024-09-19 13:34:49.912,422.9039692588462,10
2024-09-19 13:34:49.936,422.8659350838946,96
2024-09-19 13:34:49.936,422.8755269171386,104
2024-09-19 13:34:49.978,422.8283516572228,103
2024-09-19 13:34:50.479,422.8804127717437,997
2024-09-19 13:34:50.511,422.8732701392476,12
2024-09-19 13:34:52.077,422.8770621032495,96
2024-09-19 13:34:52.084,422.88998478167815,95
2024-09-19 13:34:52.100,422.8967499984731,97
2024-09-19 13:34:52.103,422.83204600153454,98
2024-09-19 13:34:52.185,422.8788090452257,998
2024-09-19 13:34:52.223,422.88197425306015,96
2024-09-19 13:34:52.232,422.8860640647096,1004
2024-09-19 13:34:52.264,422.89506011392456,12
2024-09-19 13:34:52.340,422.84109130405074,13
2024-09-19 13:34:52.458,422.87888646054,95
2024-09-19 13:34:52.569,422.8321812483226,98
2024-09-19 13:34:52.636,-422.8293099478182,95
2024-09-19 13:34:52.665,422.86733759361823,13
2024-09-19 13:34:52.697,422.81268131514247,100
2024-09-19 13:34:52.816,422.8280111816541,102
2024-09-19 13:34:52.911,422.9010931206481,1002
2024-09-19 13:34:52.913,422.89741194638407,96
2024-09-19 13:34:52.947,422.8376395471979,997
2024-09-19 13:34:53.003,422.90250761737485,995
2024-09-19 13:34:53.048,422.83365405523705,10
2024-09-19 13:34:53.080,422.83644582861166,995
2024-09-19 13:34:53.117,422.8269140243387,102
2024-09-19 13:34:53.314,422.8197381932424,104
2024-09-19 13:34:53.441,422.84268315974737,11
2024-09-19 13:34:53.450,422.8125217483397,1000
2024-09-19 13:34:53.486,422.86648488940233,1001
2024-09-19 13:34:53.494,422.8308796721887,95
2024-09-19 13:34:53.643,422.8408230434468,14
2024-09-19 13:34:53.674,422.8271035751079,1003
2024-09-19 13:34:53.675,422.86332282977855,97
2024-09-19 13:34:53.721,422.8487128563998,8
2024-09-19 13:34:53.736,422.8313709697392,7
2024-09-19 13:34:53.750,422.86396682376096,1003
2024-09-19 13:34:53.765,422.8503602865916,998
2024-09-19 13:34:53.803,422.908116195646,1005
2024-09-19 13:34:53.815,422.90525130163,11
2024-09-19 13:34:53.857,422.8404459043046,101
2024-09-19 13:34:53.944,422.8253058983237,104
2024-09-19 13:34:53.988,422.8345513184062,14
2024-09-19 13:34:54.013,422.9718086988027,102
2024-09-19 13:34:54.025,422.9646656080944,1001
2024-09-19 13:34:54.036,422.9611824664035,997
2024-09-19 13:34:54.053,422.9852060034107,1003
2024-09-19 13:34:54.090,422.8760228873178,1002
2024-09-19 13:34:54.134,422.90685556262,7
2024-09-19 13:34:54.139,422.96443227790246,1002
2024-09-19 13:34:54.176,422.9975530064512,12
2024-09-19 13:34:54.253,422.9579866693077,12
2024-09-19 13:34:54.259,422.9622068429318,96
2024-09-19 13:34:54.295,422.8573485726474,12
2024-09-19 13:34:54.391,422.9446704256063,105
2024-09-19 13:34:54.448,422.9482849627805,9
2024-09-19 13:34:54.506,422.9967132167711,100
2024-09-19 13:34:54.580,422.8962104587566,998
2024-09-19 13:34:54.626,422.9462629712779,105
2024-09-19 13:34:54.636,422.9824101072479,96
2024-09-19 13:34:54.650,422.9793231177874,1004
2024-09-19 13:34:54.671,422.9692613927526,1002
2024-09-19 13:34:54.734,422.99059916855,15
2024-09-19 13:34:54.753,422.88145249862254,98
2024-09-19 13:34:54.756,422.9418168763831,1002
2024-09-19 13:34:54.812,422.9929926085431,98
2024-09-19 13:34:54.823,422.8855563219746,998
2024-09-19 13:34:54.875,422.9597502017656,98
2024-09-19 13:34:54.903,423.0028036322455,104
2024-09-19 13:34:54.939,422.9885489048756,10
2024-09-19 13:34:54.943,422.977065867317,996
2024-09-19 13:34:54.946,422.94273984007214,1005
2024-09-19 13:34:55.331,422.9962999702846,96
2024-09-19 13:34:55.353,423.0177721021622,997
2024-09-19 13:34:55.400,422.9952925742416,103
2024-09-19 13:34:55.637,423.0230183703512,999
2024-09-19 13:34:55.738,423.0000145983028,5
2024-09-19 13:34:55.810,423.0274161394317,97
2024-09-19 13:34:55.818,423.00004066179577,1002
2024-09-19 13:34:56.030,422.94461584005046,11
2024-09-19 13:34:56.051,422.9477665065047,15
2024-09-19 13:34:56.072,422.9090514703036,996
2024-09-19 13:34:56.080,422.910382019572,97
2024-09-19 13:34:56.176,422.9460090229102,996
2024-09-19 13:34:56.181,422.9072356058398,6
2024-09-19 13:34:56.193,422.958837490142,10
2024-09-19 13:34:56.222,422.9123619876342,1002
2024-09-19 13:34:56.230,422.9181353758869,999
2024-09-19 13:34:56.233,422.9073043297237,105
2024-09-19 13:34:56.359,422.8979711697005,101
2024-09-19 13:34:56.578,422.91347401837737,1001
2024-09-19 13:34:56.870,422.9186244037583,100
2024-09-19 13:34:56.962,422.9038258379762,1000
2024-09-19 13:34:56.964,422.9564961902912,997
2024-09-19 13:34:57.003,422.9220493301583,9
2024-09-19 13:34:57.025,422.87407511824495,14
2024-09-19 13:34:57.039,422.90505845279,11
2024-09-19 13:34:57.050,422.8525634351176,6
2024-09-19 13:34:57.070,422.9293049541112,1004
2024-09-19 13:34:57.071,422.9192107536018,100
2024-09-19 13:34:57.080,422.867393516269,1003
2024-09-19 13:34:57.135,422.9237493826796,6
2024-09-19 13:34:57.202,422.85821883366185,8
2024-09-19 13:34:57.240,422.9179859991369,99
2024-09-19 13:34:57.404,422.8536386405349,1002
2024-09-19 13:34:57.474,422.91920458748433,105
2024-09-19 13:34:57.483,422.91280552908825,95
2024-09-19 13:34:57.522,422.9226529874405,105
2024-09-19 13:34:57.530,422.8602413251803,100
2024-09-19 13:34:57.542,422.8930894165936,103
2024-09-19 13:34:57.561,422.90924178831386,1001
2024-09-19 13:34:57.583,422.8819325795392,7
2024-09-19 13:34:57.591,422.91785155686046,103
2024-09-19 13:34:57.592,422.86087581205646,14
2024-09-19 13:34:57.592,422.89700007189214,102
2024-09-19 13:34:57.601,422.9046022092054,99
2024-09-19 13:34:57.625,422.84782982536,101
2024-09-19 13:34:57.647,422.8856424718954,1004
2024-09-19 13:34:57.677,422.91225322796174,1001
2024-09-19 13:34:57.696,422.87083862592647,15
2024-09-19 13:34:57.775,422.84805329679085,1002
2024-09-19 13:34:58.219,422.9306915851918,8
2024-09-19 13:34:58.278,422.9309611047767,103
2024-09-19 13:34:58.294,422.934975190368,102
2024-09-19 13:34:58.319,422.9576695527063,102
2024-09-19 13:34:58.330,422.9350474184165,12
2024-09-19 13:34:58.360,422.94577339601057,100
2024-09-19 13:34:58.545,422.9399421085105,999
2024-09-19 13:34:58.579,422.9439492835795,9
2024-09-19 13:34:58.617,422.9314892530036,7
2024-09-19 13:34:58.794,422.939268904623,995
2024-09-19 13:34:58.908,422.9673070975313,11
2024-09-19 13:34:58.926,422.9429077341597,9
2024-09-19 13:34:58.958,422.92253209424393,995
2024-09-19 13:34:58.967,422.9188809569978,999
2024-09-19 13:34:59.331,422.912610485781,103
2024-09-19 13:34:59.437,422.921832857868,8
2024-09-19 13:34:59.575,422.92224748728194,102
2024-09-19 13:34:59.850,422.9246751623712,9
2024-09-19 13:34:59.916,422.9302382069688,998
2024-09-19 13:34:59.960,422.91835193811534,95
