Timestamp,Price,Size
2024-09-17 09:59:00.071,414.8601177923259,104
2024-09-17 09:59:00.256,414.87784589061977,7
2024-09-17 09:59:00.336,414.85908145341966,999
2024-09-17 09:59:00.369,414.8878495667332,97
2024-09-17 09:59:00.419,414.8775554303599,996
2024-09-17 09:59:00.486,414.87112808911377,996
2024-09-17 09:59:00.516,414.8763207526531,96
2024-09-17 09:59:00.522,414.8515927383313,9
2024-09-17 09:59:00.524,414.8536251743808,12
2024-09-17 09:59:00.563,414.8682973278582,995
2024-09-17 09:59:00.633,414.87261704341927,995
2024-09-17 09:59:00.858,414.8823074124385,13
2024-09-17 09:59:00.885,414.8760503323508,1004
2024-09-17 09:59:01.000,414.90187091376697,1005
2024-09-17 09:59:01.001,414.8358824225736,1004
2024-09-17 09:59:01.078,414.8560267712096,998
2024-09-17 09:59:01.167,414.9027933204296,996
2024-09-17 09:59:01.171,414.8487987335152,98
2024-09-17 09:59:01.174,414.8515102594291,98
2024-09-17 09:59:01.182,414.9072863030599,102
2024-09-17 09:59:01.185,414.85378493962696,95
2024-09-17 09:59:01.223,414.9174940703121,97
2024-09-17 09:59:01.300,414.8350069327643,9
2024-09-17 09:59:01.304,414.8275558251714,14
2024-09-17 09:59:01.327,414.8635565620312,6
2024-09-17 09:59:01.345,414.8738068971072,999
2024-09-17 09:59:01.374,414.9274019007976,99
2024-09-17 09:59:01.404,414.8537582382652,15
2024-09-17 09:59:01.406,414.8571631458401,103
2024-09-17 09:59:01.448,414.8582221348509,13
2024-09-17 09:59:01.454,414.90878815860736,1000
2024-09-17 09:59:01.616,414.9440145892244,1001
2024-09-17 09:59:01.623,414.852600773704,1001
2024-09-17 09:59:01.658,414.90716813230745,9
2024-09-17 09:59:01.660,414.9056121668855,1001
2024-09-17 09:59:01.760,414.90801791583976,1004
2024-09-17 09:59:01.869,414.90807179392687,1000
2024-09-17 09:59:01.940,414.85125519404346,1000
2024-09-17 09:59:01.961,414.8407890738517,1002
2024-09-17 09:59:01.997,414.8479031633917,96
2024-09-17 09:59:02.134,414.91625641986,999
2024-09-17 09:59:02.257,414.9191339456753,1005
2024-09-17 09:59:02.260,414.9039826117204,1002
2024-09-17 09:59:02.479,414.9117704476959,999
2024-09-17 09:59:02.633,414.8999490113662,14
2024-09-17 09:59:02.865,414.91563773715535,13
2024-09-17 09:59:03.153,414.9097434295743,1001
2024-09-17 09:59:03.384,414.8800161718028,102
2024-09-17 09:59:03.386,41.48404143227719,99
2024-09-17 09:59:03.536,414.8373776604562,96
2024-09-17 09:59:03.570,414.8586902539412,104
2024-09-17 09:59:03.610,41.48419122578048,11
2024-09-17 09:59:03.621,414.9260510608672,103
2024-09-17 09:59:03.672,414.85482977524026,11
2024-09-17 09:59:03.728,414.8605566133161,996
2024-09-17 09:59:03.739,414.8963868249356,100
2024-09-17 09:59:03.745,414.89107338000827,8
2024-09-17 09:59:03.745,414.84540875548,9
2024-09-17 09:59:03.889,414.8433769641911,999
2024-09-17 09:59:03.894,414.8437714180061,8
2024-09-17 09:59:04.164,414.8816274558306,1003
2024-09-17 09:59:04.167,414.86289847099306,11
2024-09-17 09:59:04.179,414.8784492714682,7
2024-09-17 09:59:04.197,414.8912989233663,1005
2024-09-17 09:59:04.225,414.8607496138951,1004
2024-09-17 09:59:04.235,414.8572802745573,10
2024-09-17 09:59:04.237,414.8609023978433,98
2024-09-17 09:59:04.260,414.8625507323917,95
2024-09-17 09:59:04.290,414.8372441680957,7
2024-09-17 09:59:04.333,414.8728694615273,96
2024-09-17 09:59:04.530,414.8342267705803,1003
2024-09-17 09:59:04.724,414.8794910667294,12
2024-09-17 09:59:04.738,414.8791993799522,9
2024-09-17 09:59:04.862,414.8727230107245,104
2024-09-17 09:59:04.950,414.87026802923697,1004
2024-09-17 09:59:04.951,414.8669396208984,102
2024-09-17 09:59:06.078,-414.8762307261189,1000
2024-09-17 09:59:06.201,414.84752467003096,997
2024-09-17 09:59:06.210,414.8747525982163,998
2024-09-17 09:59:06.326,414.8915006659393,95
2024-09-17 09:59:06.656,414.89430321639634,95
2024-09-17 09:59:06.763,414.8737438848794,14
2024-09-17 09:59:06.834,414.8664406293625,96
2024-09-17 09:59:06.940,414.90859318966153,1004
2024-09-17 09:59:07.043,414.9344314610152,997
2024-09-17 09:59:07.050,414.9829692791415,95
2024-09-17 09:59:07.064,414.9338758551144,1000
2024-09-17 09:59:07.071,414.9212514235478,96
2024-09-17 09:59:07.072,414.99976970637294,99
2024-09-17 09:59:07.127,414.9416805400047,15
2024-09-17 09:59:07.241,414.96653472056846,10
2024-09-17 09:59:07.300,414.9774297496593,97
2024-09-17 09:59:07.317,414.9721406186089,5
2024-09-17 09:59:07.363,414.98385910627786,1001
2024-09-17 09:59:07.367,414.9116603957078,98
2024-09-17 09:59:07.472,414.9761684788727,1000
2024-09-17 09:59:07.472,414.93344067462135,99
2024-09-17 09:59:07.566,414.9921262777004,1001
2024-09-17 09:59:07.607,414.9715954390164,995
2024-09-17 09:59:07.703,414.90704417661465,1005
2024-09-17 09:59:07.719,414.9824437828261,104
2024-09-17 09:59:07.751,414.9023414648336,101
2024-09-17 09:59:07.756,414.9887545832032,102
2024-09-17 09:59:07.914,414.9918831234373,1004
2024-09-17 09:59:07.946,414.98969703832944,14
2024-09-17 09:59:08.037,414.9773001599944,995
2024-09-17 09:59:08.128,414.965904341524,10
2024-09-17 09:59:08.140,414.97867693691103,102
2024-09-17 09:59:08.207,414.9700118092297,101
2024-09-17 09:59:08.278,,1005
2024-09-17 09:59:08.288,414.9997521660032,995
2024-09-17 09:59:08.315,415.03646597257614,999
2024-09-17 09:59:08.367,414.9826047856041,15
2024-09-17 09:59:08.429,,14
2024-09-17 09:59:08.430,415.00440170997626,10
2024-09-17 09:59:08.436,414.97202131770206,1000
2024-09-17 09:59:08.458,415.0115264297533,95
2024-09-17 09:59:08.526,414.9883995223974,999
2024-09-17 09:59:08.542,415.00693161005006,102
2024-09-17 09:59:08.638,415.03190947423695,997
2024-09-17 09:59:08.662,415.0270541975809,102
2024-09-17 09:59:08.672,415.0221070068658,5
2024-09-17 09:59:08.673,415.01486936042863,997
2024-09-17 09:59:08.709,,6
2024-09-17 09:59:08.734,415.0058235935301,95
2024-09-17 09:59:08.747,414.968159366804,7
2024-09-17 09:59:08.774,414.9907603445512,9
2024-09-17 09:59:08.825,414.98226321371806,995
2024-09-17 09:59:08.892,414.9732542311641,998
2024-09-17 09:59:08.934,41.50061690774018,1000
2024-09-17 09:59:08.952,414.99400365697073,5
2024-09-17 09:59:08.956,415.02803451925286,96
2024-09-17 09:59:08.958,414.9566707806126,96
2024-09-17 09:59:09.013,415.0820858996279,97
2024-09-17 09:59:09.015,415.068885456842,98
2024-09-17 09:59:09.030,415.0315072389734,11
2024-09-17 09:59:09.097,415.0801691825599,97
2024-09-17 09:59:09.138,415.0968460459964,7
2024-09-17 09:59:09.179,415.08056572878223,996
2024-09-17 09:59:09.322,415.0783778686126,14
2024-09-17 09:59:09.466,415.06459086927794,1004
2024-09-17 09:59:09.508,415.06569633898965,5
2024-09-17 09:59:09.538,415.0854470684012,1001
2024-09-17 09:59:09.587,415.0665994607424,1000
2024-09-17 09:59:09.638,415.0721980878672,13
2024-09-17 09:59:09.741,415.0782010527035,999
2024-09-17 09:59:10.071,415.0478747395276,1003
2024-09-17 09:59:10.154,415.0740321403437,12
2024-09-17 09:59:10.273,415.0671402100176,105
2024-09-17 09:59:10.306,415.0859209119423,1005
2024-09-17 09:59:10.363,415.0779088693155,1002
2024-09-17 09:59:10.468,415.0699444414848,1003
2024-09-17 09:59:10.495,415.103631632,12
2024-09-17 09:59:10.570,415.0813972670115,103
2024-09-17 09:59:10.630,415.06769632666345,102
2024-09-17 09:59:10.750,415.04515373399727,1005
2024-09-17 09:59:10.816,415.062405210836,99
2024-09-17 09:59:10.822,415.0510682787253,1000
2024-09-17 09:59:10.859,415.0830457992979,11
2024-09-17 09:59:10.910,415.0699492941725,1002
2024-09-17 09:59:10.947,415.0511537962933,8
2024-09-17 09:59:11.009,415.0217481360301,14
2024-09-17 09:59:11.023,415.0396497119632,1003
2024-09-17 09:59:11.100,415.0414248491408,9
2024-09-17 09:59:11.111,415.0734326328593,1004
2024-09-17 09:59:11.116,415.0225699418745,98
2024-09-17 09:59:11.299,415.0238930150779,5
2024-09-17 09:59:11.307,415.07906839035127,104
2024-09-17 09:59:11.430,415.0685015355888,102
2024-09-17 09:59:11.459,415.0011075125066,998
2024-09-17 09:59:11.509,415.0197077678659,97
2024-09-17 09:59:11.535,415.0120187951711,1003
2024-09-17 09:59:11.571,415.0455508140188,95
2024-09-17 09:59:11.586,415.0540253941211,1002
2024-09-17 09:59:11.615,415.0512949491732,95
2024-09-17 09:59:11.647,415.0060305240752,95
2024-09-17 09:59:11.654,415.0396920420442,99
2024-09-17 09:59:11.656,415.04200335544834,998
2024-09-17 09:59:11.678,415.0636850821928,998
2024-09-17 09:59:11.705,415.0288390413973,997
2024-09-17 09:59:11.717,415.0613723623064,8
2024-09-17 09:59:11.719,415.0195906089799,1001
2024-09-17 09:59:11.807,415.0596755088981,1003
2024-09-17 09:59:11.814,415.0612020695347,96
2024-09-17 09:59:11.840,415.0593883909886,15
2024-09-17 09:59:11.856,415.02446213960735,13
2024-09-17 09:59:11.923,415.05922144692255,5
2024-09-17 09:59:11.994,415.0611750832365,5
2024-09-17 09:59:12.003,415.0692616033275,1003
2024-09-17 09:59:12.061,415.10877586244624,996
2024-09-17 09:59:12.086,415.1108050407468,104
2024-09-17 09:59:12.126,415.123014349021,7
2024-09-17 09:59:12.173,415.1063413910648,5
2024-09-17 09:59:12.234,415.076401714269,96
2024-09-17 09:59:12.248,415.1331449415253,100
2024-09-17 09:59:12.262,415.157222286201,11
2024-09-17 09:59:12.269,415.1186949119209,13
2024-09-17 09:59:12.295,415.1126705806016,1003
2024-09-17 09:59:12.358,415.1013734412492,96
2024-09-17 09:59:12.364,415.1210405087764,104
2024-09-17 09:59:12.369,415.1002456049954,12
2024-09-17 09:59:12.614,415.136993640836,9
2024-09-17 09:59:12.764,415.0955377150196,9
2024-09-17 09:59:12.773,415.1190135765638,15
2024-09-17 09:59:12.900,415.1033044196845,1002
2024-09-17 09:59:12.925,415.1251602121705,101
2024-09-17 09:59:12.927,415.1120193762451,100
2024-09-17 09:59:12.942,415.0919633892484,1001
2024-09-17 09:59:13.174,41.51641539368488,104
2024-09-17 09:59:13.392,415.1957618562104,8
2024-09-17 09:59:13.474,415.2244853310288,100
2024-09-17 09:59:13.475,415.2206441664907,13
2024-09-17 09:59:13.629,415.21458827365205,1005
2024-09-17 09:59:13.637,415.1979971496689,98
2024-09-17 09:59:13.727,415.2533422796007,15
2024-09-17 09:59:13.812,415.2311338932574,96
2024-09-17 09:59:13.895,415.2215594486695,997
2024-09-17 09:59:13.940,415.1909592912891,5
2024-09-17 09:59:13.979,415.1838432651945,1002
2024-09-17 09:59:13.993,415.2396565338036,13
2024-09-17 09:59:14.194,415.2063839574673,5
2024-09-17 09:59:14.261,415.2040462393074,99
2024-09-17 09:59:14.393,415.22554700605326,12
2024-09-17 09:59:14.602,415.2172269981686,102
2024-09-17 09:59:14.990,415.231121686106,1003
2024-09-17 09:59:15.010,415.2505124204438,10
2024-09-17 09:59:15.021,415.2607379619583,999
2024-09-17 09:59:15.037,415.23634398891,104
2024-09-17 09:59:15.070,415.2546486408167,996
2024-09-17 09:59:15.084,415.23929608160455,101
2024-09-17 09:59:15.140,415.2331157631384,998
2024-09-17 09:59:15.273,415.2412566123633,998
2024-09-17 09:59:15.429,415.23157127945,98
2024-09-17 09:59:15.461,415.2538561463887,101
2024-09-17 09:59:15.486,415.2372727368808,15
2024-09-17 09:59:15.543,415.2282092621661,99
2024-09-17 09:59:15.615,415.2549809728068,102
2024-09-17 09:59:15.616,415.2385150118862,95
2024-09-17 09:59:15.648,415.2425778336408,1003
2024-09-17 09:59:15.754,415.2425335731352,997
2024-09-17 09:59:15.764,415.24556143644577,999
2024-09-17 09:59:15.798,415.2498748093094,105
2024-09-17 09:59:15.823,415.2415976107599,1001
2024-09-17 09:59:15.825,415.2264523554656,996
2024-09-17 09:59:15.861,415.2637273202229,7
2024-09-17 09:59:15.924,415.23924990848735,995
2024-09-17 09:59:17.047,415.2364418705624,95
2024-09-17 09:59:17.154,415.2404006392932,998
2024-09-17 09:59:17.168,415.2844177752741,996
2024-09-17 09:59:17.199,415.2779039045914,10
2024-09-17 09:59:17.199,415.2425973647147,6
2024-09-17 09:59:17.289,415.2800736772669,998
2024-09-17 09:59:17.291,415.261027537786,1004
2024-09-17 09:59:17.331,415.269571170205,997
2024-09-17 09:59:17.363,415.2566218545613,14
2024-09-17 09:59:17.476,415.2828850906662,995
2024-09-17 09:59:17.542,415.2718487476152,98
2024-09-17 09:59:17.590,415.2278652597456,10
2024-09-17 09:59:17.668,415.27842913992527,101
2024-09-17 09:59:17.669,415.2724074139902,997
2024-09-17 09:59:17.759,415.2557638019516,1003
2024-09-17 09:59:17.849,,97
2024-09-17 09:59:17.906,415.28767947464655,98
2024-09-17 09:59:17.908,415.2407039194701,1002
2024-09-17 09:59:17.918,415.2693111522491,1003
2024-09-17 09:59:17.965,415.26824711997136,97
2024-09-17 09:59:18.158,415.20717944145406,995
2024-09-17 09:59:18.179,415.2646396519217,99
2024-09-17 09:59:18.261,415.2425145340834,8
2024-09-17 09:59:18.299,415.2135882829508,9
2024-09-17 09:59:18.370,415.2493285342362,95
2024-09-17 09:59:18.418,415.25134589948703,9
2024-09-17 09:59:18.425,415.2051182165254,1003
2024-09-17 09:59:18.452,41.52177715848667,1000
2024-09-17 09:59:18.507,415.1985223433237,6
2024-09-17 09:59:18.571,415.2148689670647,1005
2024-09-17 09:59:18.591,415.2117933380824,98
2024-09-17 09:59:18.631,415.2109357802709,1000
2024-09-17 09:59:18.636,415.2633673509503,11
2024-09-17 09:59:18.676,415.2569810264428,1000
2024-09-17 09:59:18.735,415.2079062464701,97
2024-09-17 09:59:18.768,415.2269218735247,1001
2024-09-17 09:59:18.774,415.2002929962772,998
2024-09-17 09:59:18.782,415.2137655961938,6
2024-09-17 09:59:18.830,,997
2024-09-17 09:59:18.883,415.2645715855689,6
2024-09-17 09:59:18.933,-415.2166342739819,102
2024-09-17 09:59:18.982,415.2181492401001,13
2024-09-17 09:59:18.997,415.2155367171303,95
2024-09-17 09:59:19.314,415.1856769920034,7
2024-09-17 09:59:19.406,415.1748841175557,98
2024-09-17 09:59:19.955,415.175898744619,14
2024-09-17 09:59:20.547,415.1756666105952,1003
2024-09-17 09:59:20.772,415.1967866262344,14
2024-09-17 09:59:21.027,415.2133597541237,99
2024-09-17 09:59:21.057,415.1721207415197,1001
2024-09-17 09:59:21.086,415.2145296089772,999
2024-09-17 09:59:21.097,415.2014317863174,6
2024-09-17 09:59:21.183,415.22279341835497,1005
2024-09-17 09:59:21.211,415.200196540341,7
2024-09-17 09:59:21.261,415.1953883271368,96
2024-09-17 09:59:21.299,415.1898707111209,8
2024-09-17 09:59:21.347,415.2256000572674,9
2024-09-17 09:59:21.398,415.2030347070332,100
2024-09-17 09:59:21.408,415.2377461969866,11
2024-09-17 09:59:21.473,415.205029850532,105
2024-09-17 09:59:21.504,415.2060514490592,8
2024-09-17 09:59:21.567,415.2010683733427,95
2024-09-17 09:59:21.770,415.2267805955404,8
2024-09-17 09:59:21.991,415.2088584034472,102
2024-09-17 09:59:22.019,415.2223216650278,999
2024-09-17 09:59:22.081,415.1838979062112,1002
2024-09-17 09:59:22.123,415.2212622610128,1000
2024-09-17 09:59:22.277,415.1679904292104,14
2024-09-17 09:59:22.296,415.16139059959306,997
2024-09-17 09:59:22.341,415.18281908861087,102
2024-09-17 09:59:22.345,-415.184183487553,996
2024-09-17 09:59:22.399,415.1832934978394,5
2024-09-17 09:59:22.431,415.2097480629066,15
2024-09-17 09:59:22.452,415.2028983592229,8
2024-09-17 09:59:22.503,415.1793303040131,101
2024-09-17 09:59:22.507,415.1897423221193,11
2024-09-17 09:59:22.542,415.2424773499524,7
2024-09-17 09:59:22.554,415.2235064856412,1000
2024-09-17 09:59:22.618,415.1739774815251,8
2024-09-17 09:59:22.622,415.2344829857474,998
2024-09-17 09:59:22.660,415.180158394561,1000
2024-09-17 09:59:22.715,415.1872318600662,1000
2024-09-17 09:59:22.755,415.2447720350064,96
2024-09-17 09:59:22.759,415.1800957066821,1001
2024-09-17 09:59:22.778,415.19040290542034,101
2024-09-17 09:59:22.796,415.23615482525713,996
2024-09-17 09:59:22.820,415.1727521159784,97
2024-09-17 09:59:22.841,415.1541931484828,103
2024-09-17 09:59:22.904,415.1697633399164,7
2024-09-17 09:59:22.921,415.1744452138493,11
2024-09-17 09:59:22.960,415.23826563662,95
2024-09-17 09:59:22.970,415.181762709856,8
2024-09-17 09:59:22.980,415.1735079838672,1000
2024-09-17 09:59:23.060,415.1898682850366,104
2024-09-17 09:59:23.072,415.152042647587,1005
2024-09-17 09:59:23.114,415.17813830455646,96
2024-09-17 09:59:23.124,415.1564919891785,11
2024-09-17 09:59:23.214,415.1652220204888,95
2024-09-17 09:59:23.325,,9
2024-09-17 09:59:23.343,415.152632892717,5
2024-09-17 09:59:23.368,415.1982764716536,96
2024-09-17 09:59:23.368,415.1510963236176,999
2024-09-17 09:59:23.392,415.1504858823805,12
2024-09-17 09:59:23.393,415.1434008523991,1002
2024-09-17 09:59:23.399,415.1652920293885,101
2024-09-17 09:59:23.451,415.181694758882,11
2024-09-17 09:59:23.499,415.1663214373579,1002
2024-09-17 09:59:23.550,415.183436809211,14
2024-09-17 09:59:23.581,415.1943693749019,995
2024-09-17 09:59:23.649,415.14292663717794,999
2024-09-17 09:59:23.697,415.1631672666396,1003
2024-09-17 09:59:23.743,415.175360631979,8
2024-09-17 09:59:23.746,415.1939611317633,101
2024-09-17 09:59:23.779,415.1565223215944,995
2024-09-17 09:59:23.782,415.1194944668296,14
2024-09-17 09:59:23.790,415.1818822359881,99
2024-09-17 09:59:23.810,415.1892316792788,995
2024-09-17 09:59:23.820,415.1522346470204,99
2024-09-17 09:59:23.856,415.1866370894932,100
2024-09-17 09:59:23.858,415.1717533274816,105
2024-09-17 09:59:23.878,415.1809476649844,997
2024-09-17 09:59:23.911,415.1819494223611,998
2024-09-17 09:59:23.913,415.18591677865743,100
2024-09-17 09:59:24.808,415.115802768256,105
2024-09-17 09:59:25.031,415.13628105960265,1000
2024-09-17 09:59:25.072,415.1319765978378,97
2024-09-17 09:59:25.145,415.1445309998194,11
2024-09-17 09:59:25.237,415.1353813537404,1004
2024-09-17 09:59:25.286,415.1462743431002,100
2024-09-17 09:59:25.286,415.1424112418186,97
2024-09-17 09:59:25.439,415.1344362484581,1002
2024-09-17 09:59:25.458,415.1289358304954,100
2024-09-17 09:59:25.506,415.1229485273587,12
2024-09-17 09:59:25.525,415.1417027829488,10
2024-09-17 09:59:25.542,415.13561495619433,104
2024-09-17 09:59:25.569,415.1466889538625,7
2024-09-17 09:59:25.635,415.1383693193149,11
2024-09-17 09:59:25.651,415.1267064429159,11
2024-09-17 09:59:25.787,415.1295658949157,1000
2024-09-17 09:59:25.819,415.1349097157668,1000
2024-09-17 09:59:25.906,415.1302950671672,6
2024-09-17 09:59:25.947,415.1374936261944,998
2024-09-17 09:59:26.043,415.1177450669372,5
2024-09-17 09:59:26.071,415.1154555864861,997
2024-09-17 09:59:26.120,415.130971940264,99
2024-09-17 09:59:26.278,415.12569652747976,96
2024-09-17 09:59:26.378,415.1565634954932,104
2024-09-17 09:59:26.440,415.1523801994275,12
2024-09-17 09:59:26.488,415.1285944776173,1002
2024-09-17 09:59:26.491,415.1344181266249,1004
2024-09-17 09:59:26.545,415.1286596177172,9
2024-09-17 09:59:26.643,415.13676569837065,999
2024-09-17 09:59:26.660,415.10770937571135,100
2024-09-17 09:59:26.667,415.111699834826,95
2024-09-17 09:59:26.685,415.1320759483776,98
2024-09-17 09:59:26.736,415.1533312274644,104
2024-09-17 09:59:26.804,415.1343416202039,11
2024-09-17 09:59:26.842,415.1145460379593,98
2024-09-17 09:59:26.843,415.1371225486136,103
2024-09-17 09:59:26.937,415.1537196791209,103
2024-09-17 09:59:26.970,415.1095343634852,10
2024-09-17 09:59:27.074,415.1724177827105,5
2024-09-17 09:59:27.098,415.0961055632917,997
2024-09-17 09:59:27.228,415.0870553050627,10
2024-09-17 09:59:27.233,415.1576534689024,996
2024-09-17 09:59:27.239,-415.1760545339378,105
2024-09-17 09:59:27.288,415.12884273830895,104
2024-09-17 09:59:27.340,415.0982195652249,1000
2024-09-17 09:59:27.361,415.1408293209311,98
2024-09-17 09:59:27.440,415.07758143467,1001
2024-09-17 09:59:27.569,415.0910734445415,999
2024-09-17 09:59:27.587,415.16967958377126,96
2024-09-17 09:59:27.612,415.0804408597089,9
2024-09-17 09:59:27.613,415.1561993617304,99
2024-09-17 09:59:27.718,415.0933576853111,95
2024-09-17 09:59:27.758,415.0956851526791,1000
2024-09-17 09:59:27.762,415.0463934517299,1003
2024-09-17 09:59:27.858,415.1097831370116,97
2024-09-17 09:59:27.863,415.0598430500222,98
2024-09-17 09:59:27.878,415.0849849978839,5
2024-09-17 09:59:27.929,415.07476956723616,10
2024-09-17 09:59:27.990,415.063811126459,6
2024-09-17 09:59:28.102,415.019963914284,95
2024-09-17 09:59:28.228,414.94184524575456,12
2024-09-17 09:59:28.306,415.0366894317568,14
2024-09-17 09:59:28.323,414.9951653822099,6
2024-09-17 09:59:28.361,415.0042889123218,5
2024-09-17 09:59:28.396,415.0393465806701,9
2024-09-17 09:59:28.396,414.9461818270143,1001
2024-09-17 09:59:28.422,415.0314003932079,95
2024-09-17 09:59:28.450,414.994378599168,5
2024-09-17 09:59:28.475,415.00878064617416,12
2024-09-17 09:59:28.519,415.0210008122778,5
2024-09-17 09:59:28.548,415.0365079641756,15
2024-09-17 09:59:28.579,414.9858720064166,998
2024-09-17 09:59:28.580,414.9716821296328,105
2024-09-17 09:59:28.580,415.0239518813826,8
2024-09-17 09:59:28.625,415.012772399133,104
2024-09-17 09:59:28.641,414.9328712951248,996
2024-09-17 09:59:28.842,415.0332299617261,5
2024-09-17 09:59:28.896,,5
2024-09-17 09:59:28.939,414.973597176156,105
2024-09-17 09:59:28.979,-415.0280668515412,996
2024-09-17 09:59:29.083,414.9104147183372,103
2024-09-17 09:59:29.135,414.8783354785173,998
2024-09-17 09:59:29.138,414.8937566997738,11
2024-09-17 09:59:29.196,414.9556818894049,96
2024-09-17 09:59:29.279,414.9011632209,996
2024-09-17 09:59:29.335,414.9019274746116,98
2024-09-17 09:59:29.387,414.91600033063577,99
2024-09-17 09:59:29.388,414.9060236898192,996
2024-09-17 09:59:29.394,414.913470007754,100
2024-09-17 09:59:29.401,414.9290104960692,100
2024-09-17 09:59:29.403,414.9580428724416,11
2024-09-17 09:59:29.426,414.90774307959646,997
2024-09-17 09:59:29.434,414.9030300811374,1005
2024-09-17 09:59:29.436,414.8983220897528,10
2024-09-17 09:59:29.622,414.92650207817616,1002
2024-09-17 09:59:29.671,414.92958994022825,1002
2024-09-17 09:59:29.702,414.9229207670473,97
2024-09-17 09:59:29.739,414.9337737384876,102
2024-09-17 09:59:29.754,414.9052130643863,102
2024-09-17 09:59:29.842,414.8990128273707,100
2024-09-17 09:59:29.843,414.9040067641273,98
2024-09-17 09:59:29.901,-414.9119503021308,996
2024-09-17 09:59:29.924,414.9193241821703,1004
2024-09-17 09:59:29.928,414.9243215871666,9
2024-09-17 09:59:29.946,414.94047501758456,15
2024-09-17 09:59:29.951,414.91974155714087,104
2024-09-17 09:59:30.086,414.9463923117447,1004
2024-09-17 09:59:30.280,414.95556621355263,96
2024-09-17 09:59:30.292,414.9601861793179,95
2024-09-17 09:59:30.444,414.9467571233404,99
2024-09-17 09:59:30.450,414.951868814855,99
2024-09-17 09:59:30.931,414.9494208574699,1000
2024-09-17 09:59:30.960,414.9439892843076,6
2024-09-17 09:59:31.071,415.0231861462482,13
2024-09-17 09:59:31.128,414.9420052621544,997
2024-09-17 09:59:31.149,414.9517447839041,995
2024-09-17 09:59:31.192,414.9790328769987,96
2024-09-17 09:59:31.265,414.9565675182329,1004
2024-09-17 09:59:31.267,414.93996380720233,101
2024-09-17 09:59:31.314,414.9352046780435,95
2024-09-17 09:59:31.325,414.95393375506393,98
2024-09-17 09:59:31.354,414.960255642173,6
2024-09-17 09:59:31.362,414.94682918115217,10
2024-09-17 09:59:31.432,414.9405097892958,1005
2024-09-17 09:59:31.447,415.0453394112062,14
2024-09-17 09:59:31.453,415.0124820051784,996
2024-09-17 09:59:31.515,415.0169103434079,104
2024-09-17 09:59:31.625,415.0363650178151,99
2024-09-17 09:59:31.633,414.9629078542516,999
2024-09-17 09:59:31.659,414.9616190378261,99
2024-09-17 09:59:31.673,415.0199345083846,1003
2024-09-17 09:59:31.691,414.9375471309021,102
2024-09-17 09:59:31.784,415.0194479379435,10
2024-09-17 09:59:31.786,415.01033545006686,7
2024-09-17 09:59:31.820,414.9398372304536,95
2024-09-17 09:59:31.824,414.925649439577,9
2024-09-17 09:59:31.861,41.495189692545175,1002
2024-09-17 09:59:31.883,414.95535195004135,1002
2024-09-17 09:59:31.956,414.9448190611536,102
2024-09-17 09:59:31.973,414.9561059597928,10
2024-09-17 09:59:31.985,414.9731332316877,98
2024-09-17 09:59:32.061,414.96255542221024,1002
2024-09-17 09:59:32.155,415.0055459575096,101
2024-09-17 09:59:32.157,414.95127415947263,1004
2024-09-17 09:59:32.179,414.9861893407394,1000
2024-09-17 09:59:32.206,415.0504586046853,9
2024-09-17 09:59:32.212,414.9955583463243,96
2024-09-17 09:59:32.224,414.9802483573522,999
2024-09-17 09:59:32.239,414.96290593847175,98
2024-09-17 09:59:32.307,414.9659283576412,104
2024-09-17 09:59:32.331,414.9936706982318,997
2024-09-17 09:59:32.349,414.9982159601065,1002
2024-09-17 09:59:32.350,415.04034245613445,13
2024-09-17 09:59:32.458,415.0024833961941,105
2024-09-17 09:59:32.487,414.972563951406,1005
2024-09-17 09:59:32.654,415.0063821372876,10
2024-09-17 09:59:32.658,414.9839184781598,96
2024-09-17 09:59:32.659,414.9649163123582,9
2024-09-17 09:59:32.747,415.0017886780897,103
2024-09-17 09:59:32.777,414.970068191856,997
2024-09-17 09:59:32.778,,999
2024-09-17 09:59:32.812,414.9669229739109,10
2024-09-17 09:59:32.930,414.983795358065,15
2024-09-17 09:59:32.942,414.9631404065117,95
2024-09-17 09:59:32.968,415.01691825879874,100
2024-09-17 09:59:33.011,414.9857371916149,998
2024-09-17 09:59:33.150,414.9771422363402,1005
2024-09-17 09:59:33.309,414.9923985482298,15
2024-09-17 09:59:33.473,415.0061660644458,104
2024-09-17 09:59:33.481,414.99567553021495,1002
2024-09-17 09:59:33.615,414.997829704466,6
2024-09-17 09:59:33.624,414.9789253171096,9
2024-09-17 09:59:33.678,414.9956003592448,1002
2024-09-17 09:59:33.749,414.977458642489,1003
2024-09-17 09:59:33.838,414.9814175463658,13
2024-09-17 09:59:33.853,414.96416982125,11
2024-09-17 09:59:33.864,414.9990661314285,1002
2024-09-17 09:59:33.870,41.49864966418728,997
2024-09-17 09:59:33.983,414.9825139629088,95
2024-09-17 09:59:34.002,415.00340938360426,15
2024-09-17 09:59:34.843,415.009494504798,1003
2024-09-17 09:59:34.859,415.0021202961457,15
2024-09-17 09:59:34.916,415.00481463429617,11
2024-09-17 09:59:34.931,415.0093175057775,1003
2024-09-17 09:59:35.165,415.02266362162726,1004
2024-09-17 09:59:35.197,414.9961361853676,998
2024-09-17 09:59:35.282,415.0384489035271,13
2024-09-17 09:59:35.310,414.9944233992406,95
2024-09-17 09:59:35.311,414.94328586643866,1003
2024-09-17 09:59:35.345,415.0041415077519,8
2024-09-17 09:59:35.356,415.02773758778056,8
2024-09-17 09:59:35.372,415.0369404627591,14
2024-09-17 09:59:35.378,414.9958718930978,8
2024-09-17 09:59:35.381,414.938915684496,103
2024-09-17 09:59:35.486,415.0221540973496,997
2024-09-17 09:59:35.501,414.94098163989423,1004
2024-09-17 09:59:35.626,415.0306019514808,99
2024-09-17 09:59:35.644,414.93264392623,101
2024-09-17 09:59:35.680,414.9623932973543,100
2024-09-17 09:59:35.706,415.0323383264672,1001
2024-09-17 09:59:35.835,415.0097294462385,99
2024-09-17 09:59:35.848,414.9406018581045,995
2024-09-17 09:59:35.855,415.0370476136063,99
2024-09-17 09:59:35.912,415.0188640654346,995
2024-09-17 09:59:35.927,415.001540140692,14
2024-09-17 09:59:35.974,415.02250370153246,5
2024-09-17 09:59:36.016,414.9731565972415,10
2024-09-17 09:59:36.023,414.96697635480143,95
2024-09-17 09:59:36.121,414.9882823197428,1003
2024-09-17 09:59:36.133,415.00092020739896,998
2024-09-17 09:59:36.206,415.0637618710998,9
2024-09-17 09:59:36.216,414.9841246896207,5
2024-09-17 09:59:36.332,415.06420563056,14
2024-09-17 09:59:36.343,414.98326226765886,7
2024-09-17 09:59:36.392,414.99766068468034,13
2024-09-17 09:59:36.455,415.0578267442911,14
2024-09-17 09:59:36.559,415.06200629833376,1002
2024-09-17 09:59:36.580,415.04191414437,11
2024-09-17 09:59:36.610,414.9940214852015,95
2024-09-17 09:59:36.730,414.9193477212938,102
2024-09-17 09:59:36.789,415.0754848037062,105
2024-09-17 09:59:36.835,415.02282980429686,10
2024-09-17 09:59:36.839,415.056433432697,8
2024-09-17 09:59:36.899,414.9728835109331,997
2024-09-17 09:59:36.975,414.93779717259855,1000
2024-09-17 09:59:37.347,415.0751539158055,102
2024-09-17 09:59:38.001,415.1010478016594,97
2024-09-17 09:59:38.008,415.18914483082966,999
2024-09-17 09:59:38.067,41.52160209472427,101
2024-09-17 09:59:38.092,415.06235968866986,6
2024-09-17 09:59:38.104,415.1643742242273,996
2024-09-17 09:59:38.127,415.21404672531486,101
2024-09-17 09:59:38.165,415.1366085161868,13
2024-09-17 09:59:38.248,415.1690230569097,105
2024-09-17 09:59:38.287,415.2012418458262,996
2024-09-17 09:59:38.306,415.1253031103666,6
2024-09-17 09:59:38.334,415.1599755506598,7
2024-09-17 09:59:38.335,415.18197515832674,103
2024-09-17 09:59:38.429,415.22503080958427,15
2024-09-17 09:59:38.433,415.0725323669821,99
2024-09-17 09:59:38.536,415.0811949660683,1002
2024-09-17 09:59:38.583,415.08111841671945,1003
2024-09-17 09:59:38.586,415.0756080547743,8
2024-09-17 09:59:38.594,415.1676000218386,1005
2024-09-17 09:59:38.637,415.1433112696188,99
2024-09-17 09:59:38.649,415.1629548344137,1001
2024-09-17 09:59:38.662,415.07567344649743,1002
2024-09-17 09:59:38.837,415.1225884362607,13
2024-09-17 09:59:38.966,415.1099846209744,996
2024-09-17 09:59:39.037,415.21616257434914,14
2024-09-17 09:59:39.194,415.138940673596,12
2024-09-17 09:59:39.233,415.2015256315706,997
2024-09-17 09:59:39.333,415.1944346477842,997
2024-09-17 09:59:39.375,415.1586802842895,998
2024-09-17 09:59:39.390,415.149155269187,14
2024-09-17 09:59:39.475,415.1980670234524,1003
2024-09-17 09:59:39.497,415.1310955906068,1003
2024-09-17 09:59:39.500,415.1836002008395,8
2024-09-17 09:59:39.565,415.2217233933741,96
2024-09-17 09:59:39.581,415.2093084865332,95
2024-09-17 09:59:39.626,415.201665203375,6
2024-09-17 09:59:39.638,415.214699902188,997
2024-09-17 09:59:39.640,415.2113459192692,104
2024-09-17 09:59:39.660,415.1813217975907,1000
2024-09-17 09:59:39.706,415.2150508945126,104
2024-09-17 09:59:39.715,415.2010746874761,9
2024-09-17 09:59:39.743,415.150025661057,95
2024-09-17 09:59:39.777,415.1867973315752,103
2024-09-17 09:59:39.792,415.1475656090101,97
2024-09-17 09:59:39.823,415.1312142753249,15
2024-09-17 09:59:39.826,415.2248693911719,101
2024-09-17 09:59:39.840,415.2026406668548,14
2024-09-17 09:59:39.984,415.2256486069259,1000
2024-09-17 09:59:40.090,415.18398182384936,103
2024-09-17 09:59:40.090,415.1647828469153,100
2024-09-17 09:59:40.103,415.13736823172144,8
2024-09-17 09:59:40.214,415.14443453576496,1001
2024-09-17 09:59:40.263,415.15834333143226,14
2024-09-17 09:59:40.403,415.1384128750021,996
2024-09-17 09:59:40.615,415.1713004087565,95
2024-09-17 09:59:40.623,415.13852441489234,102
2024-09-17 09:59:40.714,415.19843194777474,1005
2024-09-17 09:59:40.721,415.1396394819217,8
2024-09-17 09:59:40.738,415.14954153172016,103
2024-09-17 09:59:40.803,415.1840275784927,997
2024-09-17 09:59:40.813,415.16544854409074,101
2024-09-17 09:59:40.864,415.1449120347245,100
2024-09-17 09:59:41.008,415.17983778133487,98
2024-09-17 09:59:41.025,415.1974802398624,996
2024-09-17 09:59:41.029,415.17676271458976,11
2024-09-17 09:59:41.123,415.1676223972557,102
2024-09-17 09:59:41.237,415.1992019204749,998
2024-09-17 09:59:41.249,415.1829183688161,14
2024-09-17 09:59:41.327,415.1963921686894,997
2024-09-17 09:59:41.428,415.1874981124124,13
2024-09-17 09:59:41.479,415.1836790034363,97
2024-09-17 09:59:41.516,415.1803270229989,995
2024-09-17 09:59:41.534,415.1649865966769,7
2024-09-17 09:59:41.586,415.18085606833415,105
2024-09-17 09:59:41.635,415.1750206619096,997
2024-09-17 09:59:41.766,415.1705194840924,13
2024-09-17 09:59:41.787,415.183223662273,997
2024-09-17 09:59:41.789,415.1781858309175,103
2024-09-17 09:59:41.909,415.20573759580105,7
2024-09-17 09:59:41.918,415.1930972650511,97
2024-09-17 09:59:41.956,415.1865328770826,5
2024-09-17 09:59:42.051,415.1753028606403,996
2024-09-17 09:59:42.157,415.1287781874428,104
2024-09-17 09:59:42.196,415.1445720932499,103
2024-09-17 09:59:42.210,415.1429210563789,10
2024-09-17 09:59:42.302,415.1384771570694,13
2024-09-17 09:59:42.338,415.1507107871051,8
2024-09-17 09:59:42.370,415.145396893829,98
2024-09-17 09:59:42.498,415.1834131832455,100
2024-09-17 09:59:42.577,415.1714179607082,14
2024-09-17 09:59:42.671,415.1697868788097,15
2024-09-17 09:59:42.686,415.148958640196,997
2024-09-17 09:59:43.955,415.13562570196825,11
2024-09-17 09:59:43.963,415.1313584181238,97
2024-09-17 09:59:44.033,415.1861605402372,12
2024-09-17 09:59:44.141,415.1490129351795,999
2024-09-17 09:59:44.213,415.17865662808737,105
2024-09-17 09:59:44.450,415.1532396376922,1002
2024-09-17 09:59:44.467,415.17657721409984,102
2024-09-17 09:59:44.508,415.1336332034575,14
2024-09-17 09:59:44.587,415.18310909674506,999
2024-09-17 09:59:44.687,415.14756196739154,8
2024-09-17 09:59:44.946,415.1574741330813,9
2024-09-17 09:59:45.086,415.1374245040785,12
2024-09-17 09:59:45.154,415.1536549231489,97
2024-09-17 09:59:45.198,415.1517981322704,103
2024-09-17 09:59:45.245,415.176497552041,8
2024-09-17 09:59:45.347,415.1839328587129,996
2024-09-17 09:59:45.419,415.1343713532464,6
2024-09-17 09:59:45.448,415.1330214625996,103
2024-09-17 09:59:45.459,415.1455542559324,1005
2024-09-17 09:59:45.488,415.1347146423794,998
2024-09-17 09:59:45.515,415.1468654809345,105
2024-09-17 09:59:45.561,415.1582579189709,1005
2024-09-17 09:59:45.617,415.1336844996931,995
2024-09-17 09:59:45.816,415.14218125693736,999
2024-09-17 09:59:46.016,415.1286106198618,11
2024-09-17 09:59:46.033,-415.1322244774535,1003
2024-09-17 09:59:46.045,415.1536616872515,7
2024-09-17 09:59:46.045,415.1616168057574,1002
2024-09-17 09:59:46.100,415.1095614430337,1001
2024-09-17 09:59:46.117,415.1364634366093,10
2024-09-17 09:59:46.118,415.1161446581215,7
2024-09-17 09:59:46.132,415.1097244014114,999
2024-09-17 09:59:46.167,415.1438590122639,1002
2024-09-17 09:59:46.174,415.1345682324617,999
2024-09-17 09:59:46.233,415.1526438904269,1002
2024-09-17 09:59:46.240,415.1101997398118,1000
2024-09-17 09:59:46.263,415.121310472533,12
2024-09-17 09:59:46.341,415.1481027303484,13
2024-09-17 09:59:46.365,415.12258094631954,999
2024-09-17 09:59:46.373,415.1342660041213,1005
2024-09-17 09:59:46.436,415.1168742943123,999
2024-09-17 09:59:46.463,415.1288519132508,105
2024-09-17 09:59:46.562,415.11670831736205,95
2024-09-17 09:59:46.670,415.1102873024337,11
2024-09-17 09:59:46.762,415.1329386405582,14
2024-09-17 09:59:46.807,415.1279592291307,7
2024-09-17 09:59:46.840,415.1087541874549,96
2024-09-17 09:59:46.907,415.1629137566241,95
2024-09-17 09:59:46.908,415.1535434633447,5
2024-09-17 09:59:46.911,415.1650702817566,13
2024-09-17 09:59:47.041,415.1406894542452,1001
2024-09-17 09:59:47.107,415.1320892505926,102
2024-09-17 09:59:47.150,415.1704248332839,998
2024-09-17 09:59:47.261,415.1461883578125,105
2024-09-17 09:59:47.281,415.1463418150024,15
2024-09-17 09:59:47.300,415.13368272553726,995
2024-09-17 09:59:47.320,415.12213911995,8
2024-09-17 09:59:47.380,415.1663478036165,11
2024-09-17 09:59:47.385,415.137885799524,103
2024-09-17 09:59:47.385,415.13817053154537,102
2024-09-17 09:59:47.460,415.1399235671784,999
2024-09-17 09:59:47.586,415.1503797673459,1003
2024-09-17 09:59:47.618,415.1398438021016,5
2024-09-17 09:59:47.638,415.1390205842206,101
2024-09-17 09:59:47.733,415.1667912798628,99
2024-09-17 09:59:47.741,415.1660614051176,15
2024-09-17 09:59:47.792,415.16391249205856,997
2024-09-17 09:59:47.810,415.1716677647895,12
2024-09-17 09:59:47.840,415.15614244493673,1000
2024-09-17 09:59:47.853,415.1203936632472,1005
2024-09-17 09:59:47.858,415.12590469439664,103
2024-09-17 09:59:48.126,415.1825689117963,996
2024-09-17 09:59:48.142,415.0974509502808,1003
2024-09-17 09:59:48.147,415.1333729331293,9
2024-09-17 09:59:48.189,415.1227221265801,9
2024-09-17 09:59:48.220,415.1799390127935,6
2024-09-17 09:59:48.249,415.12184923348,12
2024-09-17 09:59:48.324,415.1694733021209,8
2024-09-17 09:59:48.377,415.10982026577176,9
2024-09-17 09:59:48.389,415.1551964472077,103
2024-09-17 09:59:48.420,415.1764328901997,101
2024-09-17 09:59:48.433,415.0713929476355,13
2024-09-17 09:59:48.450,415.1692013671642,10
2024-09-17 09:59:48.459,415.1192743247868,97
2024-09-17 09:59:48.511,415.1240186014565,101
2024-09-17 09:59:48.514,415.1370718275259,96
2024-09-17 09:59:48.569,415.1142142716769,10
2024-09-17 09:59:48.579,415.1294210415445,1003
2024-09-17 09:59:48.609,415.11347877724313,1005
2024-09-17 09:59:48.620,415.1276582910148,95
2024-09-17 09:59:48.666,415.1240736591026,1004
2024-09-17 09:59:48.699,415.08875860089984,15
2024-09-17 09:59:48.756,415.1570156260902,13
2024-09-17 09:59:48.772,415.0934679356919,9
2024-09-17 09:59:48.860,415.1662424287524,999
2024-09-17 09:59:48.887,415.1403508257593,9
2024-09-17 09:59:48.915,415.1670227067358,14
2024-09-17 09:59:48.931,415.1490165043326,103
2024-09-17 09:59:48.959,415.1182882531049,104
2024-09-17 09:59:48.962,415.1130157196998,15
2024-09-17 09:59:49.075,415.20077214178826,5
2024-09-17 09:59:49.090,415.1739219877457,995
2024-09-17 09:59:49.187,415.1678695587764,8
2024-09-17 09:59:49.261,415.2001147113798,1004
2024-09-17 09:59:49.262,415.1627824420104,101
2024-09-17 09:59:49.350,415.2014393917377,1005
2024-09-17 09:59:49.415,415.2022116758756,96
2024-09-17 09:59:49.496,415.19987490612544,1001
2024-09-17 09:59:49.683,415.1727077957176,996
2024-09-17 09:59:49.774,415.15622736314,99
2024-09-17 09:59:49.789,415.1726504265232,97
2024-09-17 09:59:49.874,415.19825460899096,105
2024-09-17 09:59:49.893,415.1742020821028,9
2024-09-17 09:59:50.123,415.15758839256506,102
2024-09-17 09:59:50.541,-415.1795171740477,995
2024-09-17 09:59:52.101,415.1585746602035,13
2024-09-17 09:59:52.122,415.1823974621619,5
2024-09-17 09:59:52.143,415.1389010009395,14
2024-09-17 09:59:52.179,415.1719980416159,101
2024-09-17 09:59:52.196,415.1477761822108,14
2024-09-17 09:59:52.284,415.1329091857829,8
2024-09-17 09:59:52.335,415.154270010898,11
2024-09-17 09:59:52.365,415.1065708039961,14
2024-09-17 09:59:52.393,415.1329092323473,95
2024-09-17 09:59:52.457,415.1437523038061,99
2024-09-17 09:59:52.692,415.1760654662976,999
2024-09-17 09:59:52.797,415.144072873144,104
2024-09-17 09:59:52.798,415.1489612557932,101
2024-09-17 09:59:52.821,415.1246500125127,101
2024-09-17 09:59:52.891,415.1251420152121,1000
2024-09-17 09:59:52.896,415.1422331067638,1003
2024-09-17 09:59:52.945,41.51319916571084,96
2024-09-17 09:59:52.961,415.1457795184612,1001
2024-09-17 09:59:52.965,415.1631852326642,13
2024-09-17 09:59:54.949,415.13859998139617,11
2024-09-17 09:59:55.016,415.0878027795256,11
2024-09-17 09:59:55.083,415.0995832415052,1004
2024-09-17 09:59:55.130,415.117622198493,1004
2024-09-17 09:59:55.202,415.1080822254616,1005
2024-09-17 09:59:55.256,415.1332246896193,997
2024-09-17 09:59:55.304,415.13306824620696,998
2024-09-17 09:59:55.363,415.14347276151307,11
2024-09-17 09:59:55.379,41.50910157297832,998
2024-09-17 09:59:55.423,415.07997496075336,13
2024-09-17 09:59:55.512,415.1524714004437,1004
2024-09-17 09:59:55.547,415.1464713965208,99
2024-09-17 09:59:55.756,415.1394649492835,8
2024-09-17 09:59:55.794,415.1088577591515,11
2024-09-17 09:59:55.865,415.1290524003816,1001
2024-09-17 09:59:55.908,415.1532776152817,1001
2024-09-17 09:59:55.936,415.0851044406228,1005
2024-09-17 09:59:55.954,415.1334867769151,5
2024-09-17 09:59:55.976,415.1582192453681,104
2024-09-17 09:59:56.021,415.0783712190247,9
2024-09-17 09:59:56.079,415.0870487174362,7
2024-09-17 09:59:56.095,415.0828623713908,998
2024-09-17 09:59:56.103,415.08096227015005,12
2024-09-17 09:59:56.123,415.0979517213781,1003
2024-09-17 09:59:56.318,415.082003576794,10
2024-09-17 09:59:56.346,415.07171396620816,1004
2024-09-17 09:59:56.380,415.0594312576128,6
2024-09-17 09:59:56.399,415.1097933184875,1005
2024-09-17 09:59:56.440,415.0982805044132,8
2024-09-17 09:59:56.448,415.07583922272414,12
2024-09-17 09:59:56.485,415.09524589195775,1005
2024-09-17 09:59:56.665,415.0903462589832,100
2024-09-17 09:59:56.679,415.0775787340776,1000
2024-09-17 09:59:56.730,415.0902068389579,97
2024-09-17 09:59:56.759,415.0992031386016,995
2024-09-17 09:59:56.821,415.0741855918882,1002
2024-09-17 09:59:56.868,415.099970244817,996
2024-09-17 09:59:56.886,415.077356019139,12
2024-09-17 09:59:56.886,415.073693085487,99
2024-09-17 09:59:56.936,415.10514310962674,10
2024-09-17 09:59:56.992,415.09134055833056,9
2024-09-17 09:59:56.999,415.0774952745179,1003
2024-09-17 09:59:57.280,415.0812406995397,5
2024-09-17 09:59:57.303,415.1071151345012,99
2024-09-17 09:59:57.318,415.1030580607601,996
2024-09-17 09:59:57.353,415.0781749982461,99
2024-09-17 09:59:57.626,415.0827853160498,6
2024-09-17 09:59:57.759,415.099222499276,999
2024-09-17 09:59:57.763,415.09124666382206,7
2024-09-17 09:59:57.913,415.0650441658312,14
2024-09-17 09:59:57.982,415.09905933654034,104
2024-09-17 09:59:58.226,415.0907751009836,998
2024-09-17 09:59:58.449,415.10566248392166,100
2024-09-17 09:59:58.920,415.1096044104037,998
2024-09-17 09:59:59.398,-415.0793401333295,12
2024-09-17 09:59:59.807,415.06093816179936,1003
2024-09-17 09:59:59.946,415.0695696250163,97
