Timestamp,Price,Size
2024-09-18 14:40:00.045,412.87755608415074,105
2024-09-18 14:40:00.113,412.8531772629418,998
2024-09-18 14:40:00.186,412.8484945788275,13
2024-09-18 14:40:00.238,412.8595175223048,100
2024-09-18 14:40:00.308,412.8580421798919,15
2024-09-18 14:40:00.355,412.8411817624762,14
2024-09-18 14:40:00.399,412.85557387724384,102
2024-09-18 14:40:00.417,412.9035606494828,98
2024-09-18 14:40:00.451,412.8869943351099,1005
2024-09-18 14:40:00.512,412.8292745682799,97
2024-09-18 14:40:00.587,412.8376011381008,995
2024-09-18 14:40:00.599,412.8417074601536,1001
2024-09-18 14:40:00.636,412.854514905437,100
2024-09-18 14:40:00.684,412.8550559757374,996
2024-09-18 14:40:00.691,412.85763183406135,103
2024-09-18 14:40:00.761,412.8403977155211,6
2024-09-18 14:40:00.829,412.8542842273322,997
2024-09-18 14:40:00.844,-412.8426480004417,99
2024-09-18 14:40:00.857,412.8565631318151,105
2024-09-18 14:40:00.898,412.8491123330559,6
2024-09-18 14:40:00.920,412.9021302026316,104
2024-09-18 14:40:00.985,412.86173811718805,99
2024-09-18 14:40:01.064,412.8392013672108,15
2024-09-18 14:40:01.398,-412.8570472656557,98
2024-09-18 14:40:01.419,412.8413351329981,9
2024-09-18 14:40:01.487,412.86193523052776,7
2024-09-18 14:40:01.582,412.8353014837687,99
2024-09-18 14:40:01.777,412.8873166736511,11
2024-09-18 14:40:01.802,412.8661822408681,1000
2024-09-18 14:40:01.832,412.8609044478614,1000
2024-09-18 14:40:02.035,412.8806319048175,14
2024-09-18 14:40:02.069,407.31535453876137,998
2024-09-18 14:40:02.072,412.8855224012542,100
2024-09-18 14:40:02.089,412.88035441194216,102
2024-09-18 14:40:02.096,412.8784528991201,95
2024-09-18 14:40:02.108,412.8799696429887,6
2024-09-18 14:40:02.162,412.8678512398028,96
2024-09-18 14:40:02.190,412.8730599680043,12
2024-09-18 14:40:02.249,412.8784893981673,102
2024-09-18 14:40:02.261,412.87105609099024,9
2024-09-18 14:40:02.264,412.8734864957014,14
2024-09-18 14:40:02.315,412.85085440097055,104
2024-09-18 14:40:02.316,412.8675505168819,11
2024-09-18 14:40:02.361,412.8929535256176,999
2024-09-18 14:40:02.385,412.8656370885444,104
2024-09-18 14:40:02.484,412.8648123987298,1001
2024-09-18 14:40:02.485,412.8893668673485,1000
2024-09-18 14:40:02.536,412.8561333130182,10
2024-09-18 14:40:02.613,412.8766063910435,6
2024-09-18 14:40:02.625,412.8943297917609,15
2024-09-18 14:40:02.691,412.8858779489895,997
2024-09-18 14:40:02.733,412.8452038303733,1003
2024-09-18 14:40:02.776,412.8628306728139,996
2024-09-18 14:40:02.777,412.8550108997418,96
2024-09-18 14:40:02.779,412.8709807442812,999
2024-09-18 14:40:02.795,412.8511859555944,103
2024-09-18 14:40:02.818,412.8495810909965,99
2024-09-18 14:40:02.882,412.86972680769856,999
2024-09-18 14:40:03.587,412.8794545875326,997
2024-09-18 14:40:03.736,412.89571789725545,996
2024-09-18 14:40:04.764,-412.8867004794604,1000
2024-09-18 14:40:04.911,412.88552003011614,105
2024-09-18 14:40:05.191,412.833523618597,105
2024-09-18 14:40:05.258,412.8514749707763,6
2024-09-18 14:40:05.291,412.8792899658629,7
2024-09-18 14:40:05.300,412.8449544073066,6
2024-09-18 14:40:05.305,412.8262253250834,1005
2024-09-18 14:40:05.517,412.8578588247064,96
2024-09-18 14:40:05.546,412.820949483324,12
2024-09-18 14:40:05.731,412.8487360888973,1000
2024-09-18 14:40:05.850,412.8462525827693,1000
2024-09-18 14:40:05.896,407.4088565077853,998
2024-09-18 14:40:05.905,412.82185093910897,1000
2024-09-18 14:40:06.218,412.8747090113018,9
2024-09-18 14:40:06.225,412.8715965084465,101
2024-09-18 14:40:06.237,412.8192423762269,99
2024-09-18 14:40:06.242,412.8490710631932,1002
2024-09-18 14:40:06.309,412.85824179593874,103
2024-09-18 14:40:06.362,412.8677325433948,97
2024-09-18 14:40:06.486,412.8561529892236,105
2024-09-18 14:40:06.627,412.85971415997415,1004
2024-09-18 14:40:06.643,412.8479234520245,997
2024-09-18 14:40:06.696,412.8608213676591,104
2024-09-18 14:40:06.751,412.860583966735,10
2024-09-18 14:40:06.758,412.8828552429141,1004
2024-09-18 14:40:06.821,412.8478095430853,101
2024-09-18 14:40:06.835,412.8625206659423,1003
2024-09-18 14:40:06.850,412.8520770615181,12
2024-09-18 14:40:06.953,412.8603270399982,95
2024-09-18 14:40:06.956,412.86090331854473,8
2024-09-18 14:40:06.971,412.8502596317728,999
2024-09-18 14:40:06.979,412.8401508729491,10
2024-09-18 14:40:07.047,412.8806694709021,1001
2024-09-18 14:40:07.066,412.8456909246692,104
2024-09-18 14:40:07.090,412.8765996204584,14
2024-09-18 14:40:07.097,412.8504819814117,97
2024-09-18 14:40:07.176,41.28742467494661,100
2024-09-18 14:40:07.250,412.8718612475106,998
2024-09-18 14:40:07.337,412.8970641927262,100
2024-09-18 14:40:07.397,412.8499085484252,99
2024-09-18 14:40:07.457,412.9033844543208,98
2024-09-18 14:40:07.466,412.8982647922659,105
2024-09-18 14:40:07.494,412.8752380468053,998
2024-09-18 14:40:07.528,412.8941863460173,996
2024-09-18 14:40:07.559,412.8847457338143,104
2024-09-18 14:40:07.594,412.90120303883054,1002
2024-09-18 14:40:07.648,412.8862822467247,9
2024-09-18 14:40:07.678,412.841481032314,7
2024-09-18 14:40:07.785,412.8658563752113,15
2024-09-18 14:40:07.865,412.8704089836253,996
2024-09-18 14:40:07.878,412.8929335523122,99
2024-09-18 14:40:07.902,412.8783505161446,11
2024-09-18 14:40:07.925,412.8810600904247,103
2024-09-18 14:40:07.983,412.8867536938735,1001
2024-09-18 14:40:08.067,412.8924860464516,103
2024-09-18 14:40:08.099,412.91283178741713,14
2024-09-18 14:40:08.111,412.87542054876553,6
2024-09-18 14:40:08.143,412.8752175535905,1001
2024-09-18 14:40:08.198,412.9094106681188,5
2024-09-18 14:40:08.226,412.85626900348393,1005
2024-09-18 14:40:08.233,412.8743564965821,998
2024-09-18 14:40:08.314,412.8866826195972,104
2024-09-18 14:40:08.315,412.8920916054229,101
2024-09-18 14:40:08.417,412.8894993371878,95
2024-09-18 14:40:08.475,412.903832498438,999
2024-09-18 14:40:08.529,412.862587066374,102
2024-09-18 14:40:08.540,412.87298100241054,9
2024-09-18 14:40:08.588,412.85683152388464,11
2024-09-18 14:40:08.630,412.853760232338,95
2024-09-18 14:40:08.681,412.8865850738058,6
2024-09-18 14:40:08.703,412.8788320749678,9
2024-09-18 14:40:08.708,412.8510324707021,997
2024-09-18 14:40:08.736,412.8901417076136,998
2024-09-18 14:40:08.972,412.8697158738258,98
2024-09-18 14:40:08.996,412.89105980018553,10
2024-09-18 14:40:09.017,412.8318865508618,95
2024-09-18 14:40:09.057,412.84054996953125,97
2024-09-18 14:40:09.062,412.8723454290525,1001
2024-09-18 14:40:09.087,412.7964737923645,7
2024-09-18 14:40:09.139,412.8995976890504,997
2024-09-18 14:40:09.169,412.91458279830414,6
2024-09-18 14:40:09.235,412.830257211496,97
2024-09-18 14:40:09.239,412.82443859425257,10
2024-09-18 14:40:09.309,412.8268692655532,5
2024-09-18 14:40:09.344,412.8152831441602,101
2024-09-18 14:40:09.434,-412.8514002055105,1003
2024-09-18 14:40:09.481,412.9077009457332,11
2024-09-18 14:40:09.495,412.89080629879817,995
2024-09-18 14:40:09.511,412.8154790844629,999
2024-09-18 14:40:09.542,412.8263817458083,14
2024-09-18 14:40:09.544,412.8905229756225,8
2024-09-18 14:40:09.614,412.8715680920544,1000
2024-09-18 14:40:09.618,412.8536850161743,5
2024-09-18 14:40:09.628,412.8721403295293,12
2024-09-18 14:40:09.664,412.8947729888645,97
2024-09-18 14:40:09.695,412.839473522597,14
2024-09-18 14:40:09.706,412.8209121234338,105
2024-09-18 14:40:09.813,412.8979608162306,98
2024-09-18 14:40:09.855,412.8213224950888,103
2024-09-18 14:40:09.876,412.92729377201255,995
2024-09-18 14:40:09.893,412.8891589047677,10
2024-09-18 14:40:09.899,412.8734817373444,14
2024-09-18 14:40:09.948,412.81137199348507,995
2024-09-18 14:40:09.950,412.8150811490328,100
2024-09-18 14:40:10.025,412.77301081698295,9
2024-09-18 14:40:10.110,412.8093917347298,8
2024-09-18 14:40:10.817,412.78907315837375,9
2024-09-18 14:40:10.905,412.79909016059713,8
2024-09-18 14:40:11.009,412.765307992568,998
2024-09-18 14:40:11.231,412.7784122223987,7
2024-09-18 14:40:11.827,412.7798925069462,13
2024-09-18 14:40:12.108,412.7442672017624,1000
2024-09-18 14:40:12.140,412.7661273971388,14
2024-09-18 14:40:12.173,412.7539492781204,105
2024-09-18 14:40:12.204,412.77282812378354,97
2024-09-18 14:40:12.254,412.76650215881705,6
2024-09-18 14:40:12.360,412.7587585204593,7
2024-09-18 14:40:12.508,412.7542243515515,11
2024-09-18 14:40:12.890,412.7586110170465,14
2024-09-18 14:40:12.910,412.7585191826194,15
2024-09-18 14:40:12.985,412.75712752189565,96
2024-09-18 14:40:13.107,-412.7668164653836,15
2024-09-18 14:40:13.138,412.7545155712131,997
2024-09-18 14:40:13.144,412.7743114813789,8
2024-09-18 14:40:13.169,412.74983963140846,997
2024-09-18 14:40:13.202,412.76271032443617,8
2024-09-18 14:40:13.228,412.7536497153716,12
2024-09-18 14:40:13.234,412.74678587795535,1001
2024-09-18 14:40:13.253,412.7247685116389,1000
2024-09-18 14:40:13.257,,997
2024-09-18 14:40:13.392,412.730830138814,1002
2024-09-18 14:40:13.403,412.7663199870094,1000
2024-09-18 14:40:13.422,412.7693427188856,995
2024-09-18 14:40:13.447,,1000
2024-09-18 14:40:13.515,412.73697543403097,14
2024-09-18 14:40:13.537,412.7092981398672,1001
2024-09-18 14:40:13.605,412.7480023944634,996
2024-09-18 14:40:13.689,412.75848306233314,1000
2024-09-18 14:40:13.728,412.7598442857965,1001
2024-09-18 14:40:13.746,412.7454567607502,8
2024-09-18 14:40:13.833,412.7472725380484,96
2024-09-18 14:40:13.835,412.7636988769287,999
2024-09-18 14:40:13.857,412.70777603927866,98
2024-09-18 14:40:13.895,407.42752855332674,102
2024-09-18 14:40:13.951,412.7508144770584,98
2024-09-18 14:40:14.013,412.81207230087387,8
2024-09-18 14:40:14.026,412.8027759000891,9
2024-09-18 14:40:14.165,412.8175800480321,999
2024-09-18 14:40:14.167,412.8306192342124,102
2024-09-18 14:40:14.190,412.8264753101479,104
2024-09-18 14:40:14.201,412.8040017489593,105
2024-09-18 14:40:14.215,412.8238525335606,998
2024-09-18 14:40:14.349,412.8216706558185,95
2024-09-18 14:40:14.509,412.81650261484674,1002
2024-09-18 14:40:14.805,412.8102068748354,99
2024-09-18 14:40:14.880,-412.79893508354456,95
2024-09-18 14:40:15.534,412.8237478700748,102
2024-09-18 14:40:15.755,412.8248253430128,1004
2024-09-18 14:40:15.814,412.8263783073102,5
2024-09-18 14:40:16.216,412.825549242497,100
2024-09-18 14:40:16.840,412.8281864977752,100
2024-09-18 14:40:17.181,412.7764644631821,1001
2024-09-18 14:40:17.243,412.7684357920215,13
2024-09-18 14:40:17.288,412.8391718736642,5
2024-09-18 14:40:17.290,412.851241247018,13
2024-09-18 14:40:17.332,412.8280729027617,9
2024-09-18 14:40:17.345,412.8184489394659,5
2024-09-18 14:40:17.380,412.7566246827993,996
2024-09-18 14:40:17.407,412.84089074316535,8
2024-09-18 14:40:17.494,412.8459318220872,6
2024-09-18 14:40:17.562,412.8396349982499,1005
2024-09-18 14:40:17.572,412.8454929790559,100
2024-09-18 14:40:17.596,412.84856790076753,1003
2024-09-18 14:40:17.640,412.7520842476032,95
2024-09-18 14:40:17.751,412.8295152096992,105
2024-09-18 14:40:17.804,412.8434175154164,5
2024-09-18 14:40:17.819,412.8238946226677,96
2024-09-18 14:40:17.834,412.8109352098797,101
2024-09-18 14:40:17.837,412.8154034240846,98
2024-09-18 14:40:17.945,412.8264899488142,101
2024-09-18 14:40:17.949,412.7441579496017,5
2024-09-18 14:40:17.958,412.7477073247032,99
2024-09-18 14:40:17.976,412.8175435940743,1004
2024-09-18 14:40:18.822,412.75263950863314,5
2024-09-18 14:40:19.016,412.778616942179,997
2024-09-18 14:40:19.736,412.7719751730618,11
2024-09-18 14:40:19.862,412.7746477767475,8
2024-09-18 14:40:20.003,41.27702045281679,1003
2024-09-18 14:40:20.027,412.77274654127854,999
2024-09-18 14:40:20.072,412.7675635418876,97
2024-09-18 14:40:20.148,412.7732742140015,6
2024-09-18 14:40:20.153,412.7714892135309,1002
2024-09-18 14:40:20.212,412.7756226168755,13
2024-09-18 14:40:20.235,412.7760878584388,101
2024-09-18 14:40:20.294,412.75883590610994,100
2024-09-18 14:40:20.410,412.749831018868,98
2024-09-18 14:40:20.578,412.775913967582,98
2024-09-18 14:40:20.584,412.7458504982494,995
2024-09-18 14:40:20.593,412.7597812675271,103
2024-09-18 14:40:20.651,412.7449158643809,1004
2024-09-18 14:40:20.706,412.7502519672316,12
2024-09-18 14:40:20.724,412.7847623670059,12
2024-09-18 14:40:20.758,412.7605507276296,997
2024-09-18 14:40:20.767,412.7740192406168,13
2024-09-18 14:40:20.772,412.76694218530446,95
2024-09-18 14:40:20.797,412.7718793069686,104
2024-09-18 14:40:20.835,412.7633466616304,101
2024-09-18 14:40:20.836,412.7738185866727,1005
2024-09-18 14:40:20.863,412.7722920397353,12
2024-09-18 14:40:20.991,412.7781411247736,1005
2024-09-18 14:40:21.125,412.7632338401015,1003
2024-09-18 14:40:21.567,412.7742549384711,6
2024-09-18 14:40:21.720,412.7520135546496,9
2024-09-18 14:40:22.025,412.80363893099263,1003
2024-09-18 14:40:22.026,412.6437065864696,102
2024-09-18 14:40:22.205,412.780650851871,99
2024-09-18 14:40:22.297,-412.6465511626807,14
2024-09-18 14:40:22.312,412.8128680471521,5
2024-09-18 14:40:22.345,412.75450569784687,98
2024-09-18 14:40:22.362,412.7870636065292,13
2024-09-18 14:40:22.387,412.76154926183926,99
2024-09-18 14:40:22.413,412.6572242283659,7
2024-09-18 14:40:22.413,412.7904522962027,103
2024-09-18 14:40:22.428,412.779858439366,1005
2024-09-18 14:40:22.515,412.7875529278887,98
2024-09-18 14:40:22.520,412.6932745223881,11
2024-09-18 14:40:22.527,412.6525310219656,7
2024-09-18 14:40:22.570,,103
2024-09-18 14:40:22.583,412.683621493182,5
2024-09-18 14:40:22.590,41.279156155400656,104
2024-09-18 14:40:22.634,412.7017886185937,996
2024-09-18 14:40:22.677,412.7376576894396,100
2024-09-18 14:40:22.693,412.7812357413708,103
2024-09-18 14:40:22.714,412.68479656897983,9
2024-09-18 14:40:22.728,412.79650131944834,15
2024-09-18 14:40:22.729,412.68717465211705,995
2024-09-18 14:40:22.847,407.5266928959494,8
2024-09-18 14:40:22.986,412.6771061096719,105
2024-09-18 14:40:22.997,412.6551031948503,102
2024-09-18 14:40:23.028,412.6200870191204,9
2024-09-18 14:40:23.069,412.6147197340275,995
2024-09-18 14:40:23.102,412.6355726177455,104
2024-09-18 14:40:23.155,412.6105751677605,14
2024-09-18 14:40:23.164,412.649615287797,13
2024-09-18 14:40:23.227,412.6284016747718,95
2024-09-18 14:40:23.243,412.64217686368175,14
2024-09-18 14:40:23.314,412.6366830836511,11
2024-09-18 14:40:23.390,412.6122398916688,14
2024-09-18 14:40:23.468,412.61394446946,9
2024-09-18 14:40:23.473,412.642910644756,6
2024-09-18 14:40:23.473,412.6463548799163,103
2024-09-18 14:40:23.532,412.6425817916804,999
2024-09-18 14:40:23.551,412.6493516357616,105
2024-09-18 14:40:23.578,412.62955233053583,96
2024-09-18 14:40:23.579,412.6261299481856,101
2024-09-18 14:40:23.609,412.64924334330254,101
2024-09-18 14:40:23.834,412.6382577192784,96
2024-09-18 14:40:23.835,412.6414020417312,1004
2024-09-18 14:40:23.865,412.6324038053539,7
2024-09-18 14:40:23.880,412.6410099220688,13
2024-09-18 14:40:23.903,412.6388325831333,1002
2024-09-18 14:40:23.904,412.63477946054894,5
2024-09-18 14:40:23.916,412.6367825623269,98
2024-09-18 14:40:23.942,412.59884331245394,1005
2024-09-18 14:40:23.944,412.6538525590585,12
2024-09-18 14:40:23.977,412.6453916478634,11
2024-09-18 14:40:24.111,412.6238993725513,1002
2024-09-18 14:40:24.289,412.6410326061673,13
2024-09-18 14:40:24.291,412.62796943340174,1004
2024-09-18 14:40:24.633,412.6348204877278,9
2024-09-18 14:40:24.697,412.6171959620168,6
2024-09-18 14:40:24.966,412.6137486265631,1002
2024-09-18 14:40:25.528,412.6160413070757,7
2024-09-18 14:40:26.139,412.6282209880544,13
2024-09-18 14:40:26.199,412.6349397438032,1003
2024-09-18 14:40:26.267,412.6166560710242,97
2024-09-18 14:40:26.465,412.614485220055,10
2024-09-18 14:40:26.500,412.6246990240305,8
2024-09-18 14:40:26.630,412.6340755293536,13
2024-09-18 14:40:26.647,412.6258267966408,14
2024-09-18 14:40:26.720,412.6263519487912,104
2024-09-18 14:40:26.796,412.6338386952664,5
2024-09-18 14:40:26.929,,11
2024-09-18 14:40:27.049,412.6228935446821,1003
2024-09-18 14:40:27.586,412.6445123679744,95
2024-09-18 14:40:27.904,412.6029148699036,10
2024-09-18 14:40:27.975,412.6430429373768,995
2024-09-18 14:40:28.075,412.55343577057846,96
2024-09-18 14:40:28.163,412.5467122692462,7
2024-09-18 14:40:28.207,412.5760485570036,11
2024-09-18 14:40:28.244,412.50592986607154,15
2024-09-18 14:40:28.250,412.5466012097308,99
2024-09-18 14:40:28.271,412.5437665011398,10
2024-09-18 14:40:28.273,412.5378540024719,1000
2024-09-18 14:40:28.387,412.5602532480159,101
2024-09-18 14:40:28.402,412.4936881115781,1000
2024-09-18 14:40:28.444,412.5712813750112,1004
2024-09-18 14:40:28.504,412.5569220299524,998
2024-09-18 14:40:28.522,412.4897416958704,104
2024-09-18 14:40:28.531,412.5381043707366,6
2024-09-18 14:40:28.539,412.5418477685793,100
2024-09-18 14:40:28.547,412.50369105589925,999
2024-09-18 14:40:28.586,412.5406970807253,1005
2024-09-18 14:40:28.619,412.5117747284556,101
2024-09-18 14:40:28.712,412.5516464344447,8
2024-09-18 14:40:28.713,412.5540740333519,12
2024-09-18 14:40:28.717,412.5521746507543,104
2024-09-18 14:40:28.812,412.5366150986117,997
2024-09-18 14:40:28.859,412.56545757593386,96
2024-09-18 14:40:28.905,412.56214871657767,10
2024-09-18 14:40:28.946,412.5328876992169,103
2024-09-18 14:40:28.955,412.5586511574838,100
2024-09-18 14:40:28.984,412.4946232968601,8
2024-09-18 14:40:28.996,412.56095682654615,101
2024-09-18 14:40:29.113,412.5540796634157,1002
2024-09-18 14:40:29.179,412.56012886368455,998
2024-09-18 14:40:29.250,412.5615917400289,100
2024-09-18 14:40:29.311,412.55184189982384,5
2024-09-18 14:40:29.424,412.5568887465068,14
2024-09-18 14:40:29.480,412.55958555482295,996
2024-09-18 14:40:29.707,412.5387726090114,996
2024-09-18 14:40:29.729,412.5397639347874,1002
2024-09-18 14:40:29.814,412.5440313448179,998
2024-09-18 14:40:29.815,412.5433926978047,5
2024-09-18 14:40:29.866,412.5570433176287,1001
2024-09-18 14:40:29.951,412.5724483567938,104
2024-09-18 14:40:30.134,412.5688625802076,1000
2024-09-18 14:40:30.173,412.5721349262407,999
2024-09-18 14:40:30.773,412.5647778810493,98
2024-09-18 14:40:31.023,412.5810805708945,105
2024-09-18 14:40:31.245,412.6057993050395,1004
2024-09-18 14:40:31.270,412.60991900673,15
2024-09-18 14:40:31.275,412.5876898696144,10
2024-09-18 14:40:31.393,412.6293581474261,11
2024-09-18 14:40:31.464,412.6244102179828,1002
2024-09-18 14:40:31.734,412.62090700602187,101
2024-09-18 14:40:31.789,412.6150408928871,7
2024-09-18 14:40:32.016,412.5639121281047,8
2024-09-18 14:40:32.051,,10
2024-09-18 14:40:32.757,412.5806654938544,98
2024-09-18 14:40:32.762,412.5543367424564,11
2024-09-18 14:40:32.851,412.5773248068183,1002
2024-09-18 14:40:32.988,412.5556453389299,996
2024-09-18 14:40:33.000,412.5696343639785,995
2024-09-18 14:40:33.036,412.544814861046,1005
2024-09-18 14:40:33.089,412.5055710109327,11
2024-09-18 14:40:33.115,412.5600490915128,12
2024-09-18 14:40:33.151,412.5670483815976,998
2024-09-18 14:40:33.164,412.4843283679575,100
2024-09-18 14:40:33.184,412.5210140740982,1001
2024-09-18 14:40:33.271,412.5764661069064,8
2024-09-18 14:40:33.297,412.5573938838627,1002
2024-09-18 14:40:33.297,412.4942344123907,1003
2024-09-18 14:40:33.297,412.57728570629473,104
2024-09-18 14:40:33.300,412.4965407048708,6
2024-09-18 14:40:33.393,412.5332586880661,6
2024-09-18 14:40:33.415,412.5948967718615,9
2024-09-18 14:40:33.418,412.5549985728636,8
2024-09-18 14:40:33.449,412.5688078492953,99
2024-09-18 14:40:33.457,412.5789782925005,995
2024-09-18 14:40:33.511,412.56004507876895,997
2024-09-18 14:40:33.521,412.5300478824768,9
2024-09-18 14:40:33.526,412.5662330886858,9
2024-09-18 14:40:33.553,412.559299910124,13
2024-09-18 14:40:33.627,412.5646636183608,12
2024-09-18 14:40:33.633,412.5651790530137,15
2024-09-18 14:40:33.645,412.5513171679573,15
2024-09-18 14:40:33.746,412.4778540307536,11
2024-09-18 14:40:33.890,412.4710680140407,999
2024-09-18 14:40:33.902,412.4840030484731,99
2024-09-18 14:40:33.918,412.5717314288797,101
2024-09-18 14:40:33.983,412.5807421353091,8
2024-09-18 14:40:34.017,412.5631164792455,11
2024-09-18 14:40:34.060,412.54755351651534,12
2024-09-18 14:40:34.136,412.4741124941698,7
2024-09-18 14:40:34.152,412.484399775367,97
2024-09-18 14:40:34.158,412.5376604332018,8
2024-09-18 14:40:34.166,412.5423201065373,95
2024-09-18 14:40:34.178,412.5410564209477,1001
2024-09-18 14:40:34.192,412.4943673322359,95
2024-09-18 14:40:34.272,412.5064418603259,96
2024-09-18 14:40:34.312,412.5199497316895,100
2024-09-18 14:40:34.368,412.4709460308677,9
2024-09-18 14:40:34.449,412.5361053087929,99
2024-09-18 14:40:34.515,412.5133931817557,8
2024-09-18 14:40:34.520,412.490815775237,12
2024-09-18 14:40:34.530,412.4819598541316,1002
2024-09-18 14:40:34.620,412.4676158374045,103
2024-09-18 14:40:34.653,412.5533537797108,9
2024-09-18 14:40:34.666,412.4814409700061,998
2024-09-18 14:40:34.670,412.5389643277439,103
2024-09-18 14:40:34.699,412.4706675065831,1003
2024-09-18 14:40:34.892,412.477951259906,998
2024-09-18 14:40:34.915,412.5527880180502,97
2024-09-18 14:40:34.995,412.4923746112177,102
2024-09-18 14:40:35.031,412.4862823909037,996
2024-09-18 14:40:35.100,412.5085685873824,1002
2024-09-18 14:40:35.201,41.25100058168844,1000
2024-09-18 14:40:35.266,412.53989348391735,96
2024-09-18 14:40:35.296,412.44259021055024,14
2024-09-18 14:40:35.307,412.47760745556286,1000
2024-09-18 14:40:35.406,412.5108872325603,104
2024-09-18 14:40:35.456,412.4654310222695,9
2024-09-18 14:40:35.481,412.4841390444006,7
2024-09-18 14:40:35.512,412.4850080315277,101
2024-09-18 14:40:35.570,412.5115723751076,96
2024-09-18 14:40:35.617,412.4528600832855,7
2024-09-18 14:40:35.683,412.4594983537461,8
2024-09-18 14:40:35.733,412.4584389287021,15
2024-09-18 14:40:35.778,412.4651624598177,5
2024-09-18 14:40:35.806,412.4585036120919,1001
2024-09-18 14:40:35.819,412.4717177644917,6
2024-09-18 14:40:35.834,412.4535087137324,5
2024-09-18 14:40:35.843,412.5126774195242,997
2024-09-18 14:40:35.863,412.4430783194189,99
2024-09-18 14:40:35.898,412.43978462871786,11
2024-09-18 14:40:35.937,412.4712380726341,1001
2024-09-18 14:40:35.946,412.4416856747497,7
2024-09-18 14:40:35.957,412.5032721329956,95
2024-09-18 14:40:35.966,412.4605596150599,13
2024-09-18 14:40:36.069,-412.5451886098272,1005
2024-09-18 14:40:36.079,412.51375173946,998
2024-09-18 14:40:36.100,412.5332103559074,999
2024-09-18 14:40:36.172,,995
2024-09-18 14:40:36.195,412.48402123978434,105
2024-09-18 14:40:36.262,412.5127064787046,11
2024-09-18 14:40:36.263,412.498225962885,999
2024-09-18 14:40:36.272,412.5114424258337,7
2024-09-18 14:40:36.289,412.5427100615324,95
2024-09-18 14:40:36.342,412.4398552990646,99
2024-09-18 14:40:36.354,412.4568039403256,7
2024-09-18 14:40:36.400,412.5403772883888,7
2024-09-18 14:40:36.443,412.5148638510312,102
2024-09-18 14:40:36.548,412.4523585280086,102
2024-09-18 14:40:36.577,412.51648552990457,1004
2024-09-18 14:40:36.579,412.4469462721425,999
2024-09-18 14:40:36.623,,14
2024-09-18 14:40:36.720,412.5467224207511,1005
2024-09-18 14:40:36.724,41.25257872398902,997
2024-09-18 14:40:36.725,412.516036713745,101
2024-09-18 14:40:36.731,412.514256347127,8
2024-09-18 14:40:36.785,412.54741689838687,5
2024-09-18 14:40:36.815,412.4463719958243,15
2024-09-18 14:40:36.859,412.51901276143366,9
2024-09-18 14:40:36.874,412.4437241654813,10
2024-09-18 14:40:36.921,412.5259251421672,96
2024-09-18 14:40:36.951,412.49698344817705,102
2024-09-18 14:40:36.982,412.4417865347311,1005
2024-09-18 14:40:37.029,412.4990763653695,1002
2024-09-18 14:40:37.087,412.5055237650334,97
2024-09-18 14:40:37.112,412.4821901896632,98
2024-09-18 14:40:37.142,412.4758091066214,12
2024-09-18 14:40:37.205,412.5165695567188,102
2024-09-18 14:40:37.345,412.4985200142457,1002
2024-09-18 14:40:37.361,412.49310115526447,95
2024-09-18 14:40:37.386,412.4975357836951,1002
2024-09-18 14:40:37.424,412.4796333408348,100
2024-09-18 14:40:37.493,412.5001580448268,1004
2024-09-18 14:40:37.778,412.5131833808584,9
2024-09-18 14:40:37.892,412.4935646716775,8
2024-09-18 14:40:38.066,412.4657756339028,12
2024-09-18 14:40:38.219,412.4557923951202,97
2024-09-18 14:40:38.221,412.46662794310646,1004
2024-09-18 14:40:38.254,412.42926758876393,5
2024-09-18 14:40:38.716,412.4244838749058,998
2024-09-18 14:40:38.718,412.42984612394,97
2024-09-18 14:40:38.853,412.4391887833396,5
2024-09-18 14:40:38.912,412.4451742189739,8
2024-09-18 14:40:38.995,412.4417436231018,1002
2024-09-18 14:40:39.435,412.40997178826206,1001
2024-09-18 14:40:39.566,412.41579572379095,97
2024-09-18 14:40:39.637,412.4205002103612,8
2024-09-18 14:40:39.696,412.42885638705326,97
2024-09-18 14:40:39.708,412.42126212439234,8
2024-09-18 14:40:39.741,407.78271053237495,11
2024-09-18 14:40:39.802,412.4120156287236,12
2024-09-18 14:40:40.142,-412.44292912076696,9
2024-09-18 14:40:40.259,412.42382854704016,1000
2024-09-18 14:40:40.261,412.4127542811536,98
2024-09-18 14:40:40.332,412.425644441954,5
2024-09-18 14:40:40.458,412.4449608735218,1001
2024-09-18 14:40:40.497,412.426540280686,13
2024-09-18 14:40:40.510,412.39130320003176,7
2024-09-18 14:40:40.578,412.4298443334063,96
2024-09-18 14:40:40.598,412.4133036740303,105
2024-09-18 14:40:40.647,412.4277985392658,8
2024-09-18 14:40:40.658,412.40766335984,95
2024-09-18 14:40:40.766,412.408679330167,10
2024-09-18 14:40:40.798,412.416224882698,1003
2024-09-18 14:40:40.838,412.4028899306272,9
2024-09-18 14:40:40.851,412.4280240567404,1005
2024-09-18 14:40:40.934,412.4072568830818,101
2024-09-18 14:40:40.981,412.41804477414473,15
2024-09-18 14:40:41.006,412.4374606179122,12
2024-09-18 14:40:41.051,412.5613909472521,1003
2024-09-18 14:40:41.059,412.5491585232152,998
2024-09-18 14:40:41.067,412.53708342777577,12
2024-09-18 14:40:41.068,412.587955462038,996
2024-09-18 14:40:41.073,412.5140217784656,997
2024-09-18 14:40:41.097,412.5499299141824,5
2024-09-18 14:40:41.189,412.4705807341196,1004
2024-09-18 14:40:41.202,,1002
2024-09-18 14:40:41.257,412.542795304433,97
2024-09-18 14:40:41.264,412.52082821323376,6
2024-09-18 14:40:41.308,412.4753640350609,98
2024-09-18 14:40:41.353,412.44793655897655,997
2024-09-18 14:40:41.366,412.5002320839437,998
2024-09-18 14:40:41.400,412.5483360289743,5
2024-09-18 14:40:41.443,412.5365253945422,15
2024-09-18 14:40:41.556,412.42758395764207,103
2024-09-18 14:40:41.575,412.5509887547237,95
2024-09-18 14:40:41.601,412.56962913968925,14
2024-09-18 14:40:41.672,412.5362077671708,104
2024-09-18 14:40:41.675,412.55862828072776,997
2024-09-18 14:40:41.679,412.5439263177697,105
2024-09-18 14:40:41.703,412.5313137996512,1000
2024-09-18 14:40:41.733,412.4630515138529,9
2024-09-18 14:40:41.959,412.5104256577273,8
2024-09-18 14:40:41.974,412.5616122936127,7
2024-09-18 14:40:41.996,412.53655161075335,8
2024-09-18 14:40:42.035,412.6486686488783,102
2024-09-18 14:40:42.052,412.594002656484,1005
2024-09-18 14:40:42.106,412.5753057426955,1000
2024-09-18 14:40:42.164,412.5555402113122,997
2024-09-18 14:40:42.212,412.63630695309706,101
2024-09-18 14:40:42.272,412.66284354599446,10
2024-09-18 14:40:42.297,412.52034025877305,101
2024-09-18 14:40:42.371,412.6197702420756,13
2024-09-18 14:40:42.381,412.6182810093202,98
2024-09-18 14:40:42.392,412.5650499095854,95
2024-09-18 14:40:42.446,412.56431176225817,1004
2024-09-18 14:40:42.474,412.5191359194502,12
2024-09-18 14:40:42.487,412.62852728150045,1000
2024-09-18 14:40:42.517,412.51303010863097,96
2024-09-18 14:40:42.547,412.554375396974,1003
2024-09-18 14:40:42.712,412.5406579759273,100
2024-09-18 14:40:42.724,412.65806585536126,12
2024-09-18 14:40:43.697,412.6794450156305,1005
2024-09-18 14:40:44.011,412.7637400144413,104
2024-09-18 14:40:44.035,412.70406051982246,1005
2024-09-18 14:40:44.053,412.7005326551362,1004
2024-09-18 14:40:44.157,412.7476122941397,995
2024-09-18 14:40:44.249,412.687425814269,105
2024-09-18 14:40:44.328,412.7567541157037,998
2024-09-18 14:40:44.345,412.7049659809874,98
2024-09-18 14:40:44.356,412.75722911594767,96
2024-09-18 14:40:44.506,412.7199557957928,5
2024-09-18 14:40:44.538,412.71142699346126,1001
2024-09-18 14:40:44.588,,1001
2024-09-18 14:40:44.600,412.75975546630633,12
2024-09-18 14:40:44.636,412.7668543680847,105
2024-09-18 14:40:44.694,412.751782844072,101
2024-09-18 14:40:44.732,412.7235563987819,1002
2024-09-18 14:40:44.776,412.768586971844,14
2024-09-18 14:40:44.779,412.728789227776,14
2024-09-18 14:40:44.781,412.6932524133716,101
2024-09-18 14:40:44.976,412.7706867043448,12
2024-09-18 14:40:44.982,412.7543056547881,1003
2024-09-18 14:40:46.108,412.74387638716985,1003
2024-09-18 14:40:46.272,412.7314715268138,996
2024-09-18 14:40:46.280,412.7703674767369,14
2024-09-18 14:40:46.563,412.7603545716374,15
2024-09-18 14:40:46.577,407.7347961172463,1004
2024-09-18 14:40:46.589,412.73164822336713,8
2024-09-18 14:40:46.625,412.7417379737957,13
2024-09-18 14:40:46.667,412.7965978563471,95
2024-09-18 14:40:46.745,412.7651009088274,95
2024-09-18 14:40:46.776,412.7985625991972,10
2024-09-18 14:40:46.783,412.7317507573959,103
2024-09-18 14:40:46.800,412.7359075722391,98
2024-09-18 14:40:46.967,412.7512669261857,98
2024-09-18 14:40:47.072,412.8644998051319,997
2024-09-18 14:40:47.081,412.7954886320469,1004
2024-09-18 14:40:47.145,412.7729839428347,995
2024-09-18 14:40:47.208,412.7928424934832,13
2024-09-18 14:40:47.235,412.87695256799685,100
2024-09-18 14:40:47.295,412.79917901634354,997
2024-09-18 14:40:47.370,412.8348268425436,999
2024-09-18 14:40:47.427,412.8266699706869,1001
2024-09-18 14:40:47.439,412.7892355772225,104
2024-09-18 14:40:47.629,412.7591930525182,99
2024-09-18 14:40:47.642,412.7804410250856,6
2024-09-18 14:40:47.672,412.8667886745667,12
2024-09-18 14:40:47.717,412.768944843408,104
2024-09-18 14:40:47.723,41.27810008274157,7
2024-09-18 14:40:47.725,412.8143174589708,100
2024-09-18 14:40:47.810,412.81926544917405,1005
2024-09-18 14:40:47.834,412.8366435822026,102
2024-09-18 14:40:47.902,412.7871235876465,997
2024-09-18 14:40:47.903,412.83714253162,9
2024-09-18 14:40:47.909,412.78107727374856,100
2024-09-18 14:40:48.693,412.8682904937692,99
2024-09-18 14:40:49.011,407.8114367618487,1000
2024-09-18 14:40:49.157,412.9328515944427,13
2024-09-18 14:40:49.851,412.8890018756,998
2024-09-18 14:40:49.924,412.9039863243875,10
2024-09-18 14:40:50.169,412.92635993191993,996
2024-09-18 14:40:50.289,412.908977651928,1003
2024-09-18 14:40:50.348,412.96180373836455,15
2024-09-18 14:40:50.469,412.9157455501111,995
2024-09-18 14:40:50.529,412.9282704064776,14
2024-09-18 14:40:50.637,412.9417543642152,996
2024-09-18 14:40:50.773,412.9407900876,6
2024-09-18 14:40:50.963,412.92444308988536,15
2024-09-18 14:40:51.069,412.9359809873476,997
2024-09-18 14:40:51.126,412.9438638506362,8
2024-09-18 14:40:51.166,412.9608399665997,1004
2024-09-18 14:40:51.321,412.93041728449725,13
2024-09-18 14:40:51.402,412.93111223702897,1004
2024-09-18 14:40:51.527,412.9170511378246,105
2024-09-18 14:40:51.575,412.93346964996505,104
2024-09-18 14:40:51.888,407.8852291670655,6
2024-09-18 14:40:52.003,412.94359561466337,103
2024-09-18 14:40:52.014,412.98152167608384,99
2024-09-18 14:40:52.064,413.0008251756609,14
2024-09-18 14:40:52.158,412.9608866654321,999
2024-09-18 14:40:52.164,412.9978854348954,102
2024-09-18 14:40:52.226,412.9590436830209,13
2024-09-18 14:40:52.331,-412.9827137738677,11
2024-09-18 14:40:52.419,412.9918231062717,10
2024-09-18 14:40:52.438,412.9911478982052,12
2024-09-18 14:40:52.452,412.9505009527272,1001
2024-09-18 14:40:52.506,412.9776172934784,9
2024-09-18 14:40:52.513,413.0065952305116,9
2024-09-18 14:40:52.535,412.9602214756359,8
2024-09-18 14:40:52.639,412.9803081470848,15
2024-09-18 14:40:52.654,412.9930540418914,995
2024-09-18 14:40:52.676,412.98741221849775,1001
2024-09-18 14:40:52.736,412.97875835661125,103
2024-09-18 14:40:52.756,412.9681484133223,15
2024-09-18 14:40:52.762,412.9743739471521,102
2024-09-18 14:40:52.779,412.9922445410617,98
2024-09-18 14:40:52.818,412.9815310301632,104
2024-09-18 14:40:52.910,412.9973098127617,996
2024-09-18 14:40:52.959,412.9978483122314,8
2024-09-18 14:40:52.986,413.0097998232027,11
2024-09-18 14:40:53.009,412.9311447129699,10
2024-09-18 14:40:53.052,,14
2024-09-18 14:40:53.070,412.9437101724677,1000
2024-09-18 14:40:53.132,412.9839450996698,1005
2024-09-18 14:40:53.151,412.9006363162936,100
2024-09-18 14:40:53.180,412.9757802002979,103
2024-09-18 14:40:53.365,412.9323701013318,9
2024-09-18 14:40:53.402,412.9769044677543,997
2024-09-18 14:40:53.425,412.91158185258274,99
2024-09-18 14:40:53.436,412.9092031309299,998
2024-09-18 14:40:53.439,412.9726094084028,97
2024-09-18 14:40:53.552,412.924163440165,6
2024-09-18 14:40:53.597,412.9990921487252,9
2024-09-18 14:40:53.683,412.940961306592,98
2024-09-18 14:40:53.760,41.293724970995214,1005
2024-09-18 14:40:53.783,412.93190130435215,10
2024-09-18 14:40:53.905,412.94292395042993,996
2024-09-18 14:40:54.045,412.9283069541114,8
2024-09-18 14:40:54.082,412.8959710437051,99
2024-09-18 14:40:54.105,412.9477499061267,996
2024-09-18 14:40:54.131,412.9369120117266,999
2024-09-18 14:40:54.220,412.9555067467671,6
2024-09-18 14:40:54.300,412.94163639819067,7
2024-09-18 14:40:54.302,412.9067001273815,13
2024-09-18 14:40:54.409,412.92653200680536,15
2024-09-18 14:40:54.455,412.9362181804772,11
2024-09-18 14:40:54.491,412.921675382348,996
2024-09-18 14:40:54.499,412.9431766338082,1000
2024-09-18 14:40:54.521,412.94578096147205,999
2024-09-18 14:40:54.588,,13
2024-09-18 14:40:54.604,412.9055554700199,997
2024-09-18 14:40:54.614,412.89705152766027,995
2024-09-18 14:40:54.696,412.9513799177604,103
2024-09-18 14:40:54.697,412.8943109115773,9
2024-09-18 14:40:54.705,412.9179808418641,7
2024-09-18 14:40:54.722,412.9268298671666,995
2024-09-18 14:40:54.741,412.922445074699,1001
2024-09-18 14:40:54.749,412.892412678028,996
2024-09-18 14:40:54.802,412.8956314029497,11
2024-09-18 14:40:54.849,412.8971151499389,102
2024-09-18 14:40:54.877,-412.8878363331058,12
2024-09-18 14:40:54.893,412.8992477219783,102
2024-09-18 14:40:54.945,412.9523957747411,8
2024-09-18 14:40:54.973,412.8929724901816,1003
2024-09-18 14:40:54.983,412.9128916735829,104
2024-09-18 14:40:55.100,412.91243580670937,1001
2024-09-18 14:40:55.128,412.9039768050778,7
2024-09-18 14:40:55.138,412.9044324803749,13
2024-09-18 14:40:55.258,412.9329671335176,10
2024-09-18 14:40:55.401,412.9000430655274,1004
2024-09-18 14:40:55.403,412.9182951710123,998
2024-09-18 14:40:55.602,412.914693262978,103
2024-09-18 14:40:55.669,407.8113021112762,5
2024-09-18 14:40:55.681,412.91968679810185,1000
2024-09-18 14:40:55.716,412.9082001295312,996
2024-09-18 14:40:55.781,412.9118279921527,103
2024-09-18 14:40:55.787,412.91175641729046,97
2024-09-18 14:40:55.868,412.914729475644,997
2024-09-18 14:40:55.960,412.916384430143,103
2024-09-18 14:40:55.977,412.9174592317912,10
2024-09-18 14:40:56.105,412.91670648533074,100
2024-09-18 14:40:56.560,412.9175220853374,12
2024-09-18 14:40:56.829,412.9169065728692,9
2024-09-18 14:40:57.509,412.8976743605803,11
2024-09-18 14:40:57.620,412.9051091852989,999
2024-09-18 14:40:57.996,412.9192091681217,13
2024-09-18 14:40:58.072,412.8531673127847,1004
2024-09-18 14:40:58.094,412.89151286635706,9
2024-09-18 14:40:58.222,412.79517493861965,1001
2024-09-18 14:40:58.297,412.78255532465226,997
2024-09-18 14:40:58.299,412.8054812641674,99
2024-09-18 14:40:58.374,412.8980955338495,9
2024-09-18 14:40:58.546,407.7218710480389,6
2024-09-18 14:40:58.558,412.8053406068714,7
2024-09-18 14:40:58.565,412.79067362915424,995
2024-09-18 14:40:58.601,412.89197803038365,9
2024-09-18 14:40:58.727,412.7927233355138,999
2024-09-18 14:40:58.795,412.8283246918639,8
2024-09-18 14:40:58.859,412.8710258530404,99
2024-09-18 14:40:58.860,412.8048669184328,996
2024-09-18 14:40:58.875,412.8399049472266,105
2024-09-18 14:40:58.928,412.8020893722612,14
2024-09-18 14:40:58.939,412.7926433768533,1001
2024-09-18 14:40:58.972,412.8415333201365,10
2024-09-18 14:40:59.754,412.7979667523272,995
