Timestamp,Price,Size
2024-09-19 15:52:00.019,419.4146513239215,95
2024-09-19 15:52:00.074,419.4795911950279,1000
2024-09-19 15:52:00.091,419.4212751017433,1003
2024-09-19 15:52:00.095,419.4529491799451,96
2024-09-19 15:52:00.101,419.4285702579055,998
2024-09-19 15:52:00.153,419.4830391705329,995
2024-09-19 15:52:00.198,419.4716318515869,1002
2024-09-19 15:52:00.216,419.48688251420816,997
2024-09-19 15:52:00.317,419.4659336830687,11
2024-09-19 15:52:00.318,419.43632493831694,998
2024-09-19 15:52:00.339,419.49450342689033,97
2024-09-19 15:52:00.357,419.45046466037,96
2024-09-19 15:52:00.387,419.40503131333503,5
2024-09-19 15:52:00.436,419.4323023129428,100
2024-09-19 15:52:00.437,419.4254771037808,6
2024-09-19 15:52:00.507,419.438328521849,102
2024-09-19 15:52:00.602,419.2119351183599,1004
2024-09-19 15:52:00.612,419.4253786392312,999
2024-09-19 15:52:00.613,419.4191199146042,998
2024-09-19 15:52:00.616,419.4521302552001,1003
2024-09-19 15:52:00.714,419.470609363134,6
2024-09-19 15:52:00.908,419.3935761176415,98
2024-09-19 15:52:00.999,419.443085402147,1000
2024-09-19 15:52:01.030,419.419507146854,996
2024-09-19 15:52:01.231,419.42114766236,1005
2024-09-19 15:52:01.400,419.3725515055697,9
2024-09-19 15:52:01.486,419.415457904948,103
2024-09-19 15:52:01.720,419.418401684608,1002
2024-09-19 15:52:01.725,419.4277984146797,5
2024-09-19 15:52:01.929,419.4130605181836,96
2024-09-19 15:52:01.934,419.3826036524615,103
2024-09-19 15:52:01.954,419.3799517847012,5
2024-09-19 15:52:01.988,419.3667120530426,1005
2024-09-19 15:52:02.001,419.3505949746666,9
2024-09-19 15:52:02.075,41.93438189948319,101
2024-09-19 15:52:02.085,419.34182708134506,98
2024-09-19 15:52:02.100,419.41252376829095,14
2024-09-19 15:52:02.120,419.3674483929133,1002
2024-09-19 15:52:02.196,419.3874813142865,999
2024-09-19 15:52:02.265,419.408492023616,6
2024-09-19 15:52:02.271,419.39075001329417,15
2024-09-19 15:52:02.280,419.357029818218,96
2024-09-19 15:52:02.368,419.3679108712325,98
2024-09-19 15:52:02.403,419.34330833996194,104
2024-09-19 15:52:02.433,419.3976780201528,102
2024-09-19 15:52:02.468,419.3860880953656,7
2024-09-19 15:52:02.501,419.3925868132658,101
2024-09-19 15:52:02.521,419.3356520668738,995
2024-09-19 15:52:02.529,419.42724951237534,1004
2024-09-19 15:52:02.607,419.34736471707066,101
2024-09-19 15:52:02.622,419.3407695948395,97
2024-09-19 15:52:02.697,419.3408675571728,1001
2024-09-19 15:52:02.726,419.4191095957408,14
2024-09-19 15:52:02.811,419.4061642795076,12
2024-09-19 15:52:02.859,419.3696298331346,996
2024-09-19 15:52:02.882,419.3337422814036,1002
2024-09-19 15:52:02.888,,103
2024-09-19 15:52:02.907,419.3959153554206,12
2024-09-19 15:52:02.912,419.39348694658014,6
2024-09-19 15:52:02.923,419.42485174239886,1001
2024-09-19 15:52:02.924,419.4366184901618,13
2024-09-19 15:52:02.950,419.3366274813108,6
2024-09-19 15:52:02.967,419.3398698434932,998
2024-09-19 15:52:03.203,419.4009765284296,98
2024-09-19 15:52:03.250,419.4103837624107,998
2024-09-19 15:52:03.263,419.39851987738194,12
2024-09-19 15:52:03.315,419.4045081149264,7
2024-09-19 15:52:03.337,,996
2024-09-19 15:52:03.529,419.4000921533048,12
2024-09-19 15:52:03.642,419.43155752668105,99
2024-09-19 15:52:03.681,419.429086676839,12
2024-09-19 15:52:03.693,419.3928601506235,95
2024-09-19 15:52:03.775,419.41215586932384,98
2024-09-19 15:52:03.929,419.39382716532526,1003
2024-09-19 15:52:04.108,419.3687192178422,1000
2024-09-19 15:52:04.138,419.3723284287824,105
2024-09-19 15:52:04.168,419.373994311174,996
2024-09-19 15:52:04.250,419.39831673872095,6
2024-09-19 15:52:04.253,419.39299326104015,15
2024-09-19 15:52:04.386,419.3993168288637,1004
2024-09-19 15:52:04.447,419.3862649918031,103
2024-09-19 15:52:04.543,419.3900702768893,13
2024-09-19 15:52:04.556,419.3879238032882,1001
2024-09-19 15:52:04.630,419.3873187098846,995
2024-09-19 15:52:04.657,419.3799595378449,104
2024-09-19 15:52:04.824,419.3998960083943,98
2024-09-19 15:52:04.871,419.3734247448714,104
2024-09-19 15:52:05.021,419.45276563235154,103
2024-09-19 15:52:05.109,419.442691588661,995
2024-09-19 15:52:05.414,419.42874745452826,97
2024-09-19 15:52:05.516,419.439009052364,95
2024-09-19 15:52:05.520,419.43563605157385,1002
2024-09-19 15:52:05.565,419.424138761801,105
2024-09-19 15:52:05.663,419.4245079082927,1004
2024-09-19 15:52:05.689,419.43191462949534,999
2024-09-19 15:52:05.735,419.4213025151537,1003
2024-09-19 15:52:05.923,419.4181228054807,1000
2024-09-19 15:52:05.998,41.94388698932635,96
2024-09-19 15:52:06.027,419.5175343495839,10
2024-09-19 15:52:06.050,41.9499836340914,1005
2024-09-19 15:52:06.075,419.46616163863456,99
2024-09-19 15:52:06.103,419.5030070794114,1003
2024-09-19 15:52:06.130,419.4792302587669,105
2024-09-19 15:52:06.137,419.4632366746083,997
2024-09-19 15:52:06.291,-419.46674942391127,12
2024-09-19 15:52:06.299,419.4103904695922,99
2024-09-19 15:52:06.430,419.4787527022771,96
2024-09-19 15:52:06.437,419.437040777476,100
2024-09-19 15:52:06.460,419.46181008158175,11
2024-09-19 15:52:06.545,419.50563330953287,1003
2024-09-19 15:52:06.637,419.4458420186981,98
2024-09-19 15:52:06.660,419.4453650174339,6
2024-09-19 15:52:06.684,419.436799033874,13
2024-09-19 15:52:06.696,419.4851234874889,13
2024-09-19 15:52:06.706,419.49933464820106,996
2024-09-19 15:52:06.740,419.4215757670164,102
2024-09-19 15:52:06.747,419.44535064713455,105
2024-09-19 15:52:06.775,419.4667398546958,8
2024-09-19 15:52:06.818,419.5146902076841,99
2024-09-19 15:52:06.921,419.4476805903305,999
2024-09-19 15:52:06.923,419.5104879503239,1000
2024-09-19 15:52:06.929,419.50274905809135,102
2024-09-19 15:52:06.960,419.49306601965066,15
2024-09-19 15:52:07.005,419.435257713722,103
2024-09-19 15:52:07.027,419.4233855158397,95
2024-09-19 15:52:07.044,419.424752095764,15
2024-09-19 15:52:07.115,419.4400509710837,998
2024-09-19 15:52:07.141,419.4792483606636,102
2024-09-19 15:52:07.163,419.431922118274,13
2024-09-19 15:52:07.205,419.43894512557273,12
2024-09-19 15:52:07.259,419.4634560369192,6
2024-09-19 15:52:07.260,419.4402569365609,8
2024-09-19 15:52:07.262,419.41994613733794,98
2024-09-19 15:52:07.286,41.94350782676249,6
2024-09-19 15:52:07.324,419.4254741904312,995
2024-09-19 15:52:07.427,-419.4296704149782,96
2024-09-19 15:52:07.430,419.48003698077554,7
2024-09-19 15:52:07.449,419.41413876191024,99
2024-09-19 15:52:07.631,419.4361649267309,5
2024-09-19 15:52:07.640,419.4307523131911,10
2024-09-19 15:52:07.655,419.43371886094087,1000
2024-09-19 15:52:07.662,419.4115865751059,995
2024-09-19 15:52:07.764,419.49910925671634,998
2024-09-19 15:52:07.766,419.46685616710175,10
2024-09-19 15:52:07.824,419.4751774383958,997
2024-09-19 15:52:07.874,419.43212123152495,97
2024-09-19 15:52:07.881,419.4489643106915,98
2024-09-19 15:52:07.946,419.4374509116278,1005
2024-09-19 15:52:07.970,419.48081921508,13
2024-09-19 15:52:08.021,419.4636044905087,12
2024-09-19 15:52:08.025,419.4120206092359,99
2024-09-19 15:52:08.029,419.463739508034,1005
2024-09-19 15:52:08.061,419.4590907942182,998
2024-09-19 15:52:08.070,419.4756532279791,14
2024-09-19 15:52:08.074,,1005
2024-09-19 15:52:08.079,419.4783453461177,102
2024-09-19 15:52:08.121,419.4192003447415,10
2024-09-19 15:52:08.129,419.4573617601436,99
2024-09-19 15:52:08.285,419.47644906521447,999
2024-09-19 15:52:08.377,419.4669043182452,12
2024-09-19 15:52:08.415,419.43995662976647,997
2024-09-19 15:52:08.428,419.41990505194326,11
2024-09-19 15:52:08.540,,103
2024-09-19 15:52:08.564,419.46510278237577,15
2024-09-19 15:52:08.599,419.4702301594572,1004
2024-09-19 15:52:08.661,419.48891844177,1001
2024-09-19 15:52:08.666,419.43007758762286,104
2024-09-19 15:52:08.669,419.4316160001342,9
2024-09-19 15:52:08.684,419.45628296793257,998
2024-09-19 15:52:08.792,419.4452653559374,7
2024-09-19 15:52:08.796,419.4897130388858,14
2024-09-19 15:52:08.809,419.4523283763464,98
2024-09-19 15:52:08.886,419.4692544825205,1003
2024-09-19 15:52:08.891,419.4809897869576,997
2024-09-19 15:52:08.891,419.4205793579621,101
2024-09-19 15:52:08.917,419.4655348727482,1000
2024-09-19 15:52:08.942,419.4492916491801,105
2024-09-19 15:52:10.096,419.4063863002438,5
2024-09-19 15:52:10.379,419.4095854291696,996
2024-09-19 15:52:10.405,419.3966495177976,997
2024-09-19 15:52:10.424,419.3880928166844,105
2024-09-19 15:52:10.809,419.4133955803272,99
2024-09-19 15:52:11.076,419.5725740330783,1005
2024-09-19 15:52:11.094,419.5097032883441,1003
2024-09-19 15:52:11.142,419.4697391297379,1004
2024-09-19 15:52:11.296,419.5641367598393,9
2024-09-19 15:52:11.303,419.4728525887204,1003
2024-09-19 15:52:11.327,419.4479374637445,99
2024-09-19 15:52:11.446,419.5172961552796,1004
2024-09-19 15:52:11.458,419.5083290949794,1002
2024-09-19 15:52:11.508,419.5231664212396,1000
2024-09-19 15:52:11.511,419.5082605458485,1004
2024-09-19 15:52:11.537,419.5042245163274,98
2024-09-19 15:52:11.539,419.434162390593,5
2024-09-19 15:52:11.587,419.5204907209167,1005
2024-09-19 15:52:11.603,419.5419068582136,101
2024-09-19 15:52:11.646,419.4245443197286,996
2024-09-19 15:52:11.679,419.5217991845988,6
2024-09-19 15:52:11.688,419.4863824117191,1002
2024-09-19 15:52:11.763,419.5720793191858,1002
2024-09-19 15:52:11.777,419.4437103727264,998
2024-09-19 15:52:11.817,419.5554003335602,1004
2024-09-19 15:52:11.823,419.4626242938929,99
2024-09-19 15:52:11.827,419.5785728573867,104
2024-09-19 15:52:11.827,419.5750717755984,12
2024-09-19 15:52:11.900,419.5386503799413,998
2024-09-19 15:52:11.949,419.5423874053415,99
2024-09-19 15:52:12.037,419.564444122169,7
2024-09-19 15:52:12.044,419.56478551787785,105
2024-09-19 15:52:12.114,419.5501203356097,996
2024-09-19 15:52:12.130,419.5503027443898,997
2024-09-19 15:52:12.149,419.56550962108895,1005
2024-09-19 15:52:12.228,419.5313329455544,15
2024-09-19 15:52:12.275,419.5440572511106,99
2024-09-19 15:52:12.285,419.5703684338652,95
2024-09-19 15:52:12.294,419.5583125035624,11
2024-09-19 15:52:12.296,419.5450490576161,995
2024-09-19 15:52:12.304,419.5472015300908,997
2024-09-19 15:52:12.341,419.552855180124,15
2024-09-19 15:52:12.347,-419.5406205573979,104
2024-09-19 15:52:12.360,419.5530663472576,1005
2024-09-19 15:52:12.431,419.5756554472118,97
2024-09-19 15:52:12.454,419.5498566030861,9
2024-09-19 15:52:12.462,41.95588046195056,6
2024-09-19 15:52:12.489,419.55350389045566,101
2024-09-19 15:52:12.566,419.55825552730937,1002
2024-09-19 15:52:12.631,419.5495499367772,105
2024-09-19 15:52:12.664,419.5735979490747,1005
2024-09-19 15:52:12.699,419.5239304733369,996
2024-09-19 15:52:12.702,41.95577362832723,95
2024-09-19 15:52:12.710,419.5354232074319,14
2024-09-19 15:52:12.815,419.559817172564,10
2024-09-19 15:52:12.862,419.56462287513074,102
2024-09-19 15:52:12.864,419.5563098637618,1001
2024-09-19 15:52:12.948,419.571957254201,103
2024-09-19 15:52:12.976,419.5787856081655,8
2024-09-19 15:52:12.977,419.5570798967684,7
2024-09-19 15:52:13.088,419.51546356893977,95
2024-09-19 15:52:13.117,419.52663377792106,14
2024-09-19 15:52:13.155,419.54858942161707,15
2024-09-19 15:52:13.326,419.5116076421832,14
2024-09-19 15:52:13.370,419.5445777918901,104
2024-09-19 15:52:13.406,419.5626516274222,105
2024-09-19 15:52:13.531,419.5328159759769,1002
2024-09-19 15:52:13.561,419.5165215347264,100
2024-09-19 15:52:13.875,419.5260597981619,1001
2024-09-19 15:52:13.890,419.5329740020328,13
2024-09-19 15:52:14.228,419.5806155468803,13
2024-09-19 15:52:14.231,419.59962964307545,96
2024-09-19 15:52:14.250,419.5539569884799,7
2024-09-19 15:52:14.301,419.5823858054263,998
2024-09-19 15:52:14.327,419.5666389789665,97
2024-09-19 15:52:14.389,419.5930444174853,995
2024-09-19 15:52:14.515,419.5829799043855,999
2024-09-19 15:52:14.519,419.5625302942232,1001
2024-09-19 15:52:14.651,419.5850591022159,105
2024-09-19 15:52:14.954,419.02521421426616,1003
2024-09-19 15:52:15.129,419.5786515342136,11
2024-09-19 15:52:15.134,419.5996678187617,998
2024-09-19 15:52:15.170,419.5978838543328,13
2024-09-19 15:52:15.212,419.58241363087154,103
2024-09-19 15:52:15.305,419.6025215270121,9
2024-09-19 15:52:15.312,41.95894112749787,12
2024-09-19 15:52:15.498,419.5860156863853,95
2024-09-19 15:52:15.610,419.5866743868526,997
2024-09-19 15:52:15.666,419.0751221887173,97
2024-09-19 15:52:15.733,419.5725330918459,101
2024-09-19 15:52:15.800,419.5809730160823,101
2024-09-19 15:52:15.863,419.5899172727014,11
2024-09-19 15:52:17.132,419.5774702619946,96
2024-09-19 15:52:17.158,419.5948130041668,14
2024-09-19 15:52:17.195,419.6234806663988,1002
2024-09-19 15:52:17.212,419.5923410953322,5
2024-09-19 15:52:17.237,419.6341267413735,6
2024-09-19 15:52:17.253,,1001
2024-09-19 15:52:17.288,419.592711446722,100
2024-09-19 15:52:17.295,419.604789186602,999
2024-09-19 15:52:17.356,419.5914660203167,99
2024-09-19 15:52:17.383,419.5915753718708,1001
2024-09-19 15:52:17.400,419.5686056460086,98
2024-09-19 15:52:17.437,419.58718058714345,999
2024-09-19 15:52:17.447,419.6100348270054,995
2024-09-19 15:52:17.467,419.6319609563768,15
2024-09-19 15:52:17.673,419.6112916721701,996
2024-09-19 15:52:17.745,419.6317800762615,15
2024-09-19 15:52:17.904,419.57306885730605,9
2024-09-19 15:52:17.932,,1004
2024-09-19 15:52:17.948,419.6265872432883,1001
2024-09-19 15:52:18.061,419.6476966797677,1001
2024-09-19 15:52:18.096,41.959325819013216,100
2024-09-19 15:52:18.137,419.6203941217116,15
2024-09-19 15:52:18.175,419.5969656960734,7
2024-09-19 15:52:18.179,419.5964645394306,101
2024-09-19 15:52:18.184,419.62121308213904,12
2024-09-19 15:52:18.227,419.6204700005088,101
2024-09-19 15:52:18.233,419.6337715264589,97
2024-09-19 15:52:18.269,419.0078854631619,10
2024-09-19 15:52:18.300,419.6197279986533,999
2024-09-19 15:52:18.493,419.5967216149922,5
2024-09-19 15:52:18.551,419.6047577377939,13
2024-09-19 15:52:18.569,419.6229943377792,105
2024-09-19 15:52:18.635,419.623730626771,5
2024-09-19 15:52:18.716,419.0149375308246,10
2024-09-19 15:52:18.725,419.5982686688183,95
2024-09-19 15:52:18.791,419.6270842228981,1004
2024-09-19 15:52:18.846,419.6515130919992,998
2024-09-19 15:52:18.905,419.59692183917,1000
2024-09-19 15:52:18.930,419.5971086936579,103
2024-09-19 15:52:18.965,419.609308330221,105
2024-09-19 15:52:19.002,419.66059108959786,999
2024-09-19 15:52:19.056,419.73846032144326,96
2024-09-19 15:52:19.142,419.6543010835574,995
2024-09-19 15:52:19.182,419.663118126996,1002
2024-09-19 15:52:19.225,419.7621982549583,1003
2024-09-19 15:52:19.285,419.681338553217,98
2024-09-19 15:52:19.290,419.644998208994,11
2024-09-19 15:52:19.347,419.67680630292654,1005
2024-09-19 15:52:19.389,419.656003433806,1004
2024-09-19 15:52:19.511,419.6587849136082,6
2024-09-19 15:52:19.585,419.6469534683317,9
2024-09-19 15:52:19.622,419.6669903486261,6
2024-09-19 15:52:19.636,419.7038586346672,995
2024-09-19 15:52:19.649,419.7528076159799,999
2024-09-19 15:52:19.655,419.6603235927877,9
2024-09-19 15:52:19.782,419.7371809687717,8
2024-09-19 15:52:19.811,419.7390838810379,104
2024-09-19 15:52:19.839,419.7362669169141,997
2024-09-19 15:52:19.844,419.65928666062166,102
2024-09-19 15:52:19.885,419.7291974818852,998
2024-09-19 15:52:19.905,419.65132671305065,96
2024-09-19 15:52:19.973,419.64700969966873,1003
2024-09-19 15:52:20.106,419.7205202176981,104
2024-09-19 15:52:20.339,419.7067440489223,105
2024-09-19 15:52:20.345,419.723763404265,997
2024-09-19 15:52:20.541,419.7244200573371,5
2024-09-19 15:52:20.588,419.7106966795207,14
2024-09-19 15:52:21.036,419.6535152072061,99
2024-09-19 15:52:21.050,41.96912640610309,995
2024-09-19 15:52:21.082,41.96351498538709,1003
2024-09-19 15:52:21.088,419.653519984474,105
2024-09-19 15:52:21.092,419.6142817099798,998
2024-09-19 15:52:21.122,419.6403631047908,7
2024-09-19 15:52:21.126,419.6132761351005,13
2024-09-19 15:52:21.129,419.6864610616442,1001
2024-09-19 15:52:21.132,419.6151998904589,15
2024-09-19 15:52:21.171,419.7133669722628,998
2024-09-19 15:52:21.175,419.6583798684878,1002
2024-09-19 15:52:21.193,419.6797211723252,13
2024-09-19 15:52:21.202,419.70541432863575,997
2024-09-19 15:52:21.202,419.6831275489956,6
2024-09-19 15:52:21.203,419.69896028184223,1001
2024-09-19 15:52:21.215,419.6830707459054,98
2024-09-19 15:52:21.224,419.7191730185992,9
2024-09-19 15:52:21.249,419.6835937838847,98
2024-09-19 15:52:21.256,419.71136150010193,1004
2024-09-19 15:52:21.333,419.6227223053504,12
2024-09-19 15:52:21.366,419.6476512467756,104
2024-09-19 15:52:21.643,419.6883421949349,10
2024-09-19 15:52:21.652,419.7056552359127,14
2024-09-19 15:52:21.652,419.6982550096256,1005
2024-09-19 15:52:21.812,419.6581422159341,11
2024-09-19 15:52:21.874,419.6635540846012,1000
2024-09-19 15:52:21.957,419.7086304634567,995
2024-09-19 15:52:21.957,419.6523681338565,96
2024-09-19 15:52:22.020,419.5877054641349,13
2024-09-19 15:52:22.041,419.5824617881361,102
2024-09-19 15:52:22.069,419.6155130225401,12
2024-09-19 15:52:22.098,419.5889444815004,7
2024-09-19 15:52:22.204,419.6477103238347,1001
2024-09-19 15:52:22.224,419.6174969815573,1004
2024-09-19 15:52:22.247,419.6362213566245,11
2024-09-19 15:52:22.295,419.62583386119326,13
2024-09-19 15:52:22.316,419.6307681905319,1001
2024-09-19 15:52:22.335,419.63958349484864,101
2024-09-19 15:52:22.339,419.5918548522471,15
2024-09-19 15:52:22.428,419.6027912631925,9
2024-09-19 15:52:22.449,419.5771700520922,97
2024-09-19 15:52:22.474,419.601731975472,995
2024-09-19 15:52:22.477,419.6469558496437,100
2024-09-19 15:52:22.525,41.95739976632135,11
2024-09-19 15:52:22.577,419.6240401825575,5
2024-09-19 15:52:22.595,419.5888097420658,15
2024-09-19 15:52:22.649,419.6156373746155,15
2024-09-19 15:52:22.682,419.6116985754341,1002
2024-09-19 15:52:22.690,419.6243900364643,999
2024-09-19 15:52:22.693,419.623923908154,103
2024-09-19 15:52:22.702,419.62487292109546,98
2024-09-19 15:52:22.776,419.62733140521846,95
2024-09-19 15:52:22.786,-419.5900585440948,10
2024-09-19 15:52:22.900,419.6243859983958,1003
2024-09-19 15:52:22.977,419.6193250821422,998
2024-09-19 15:52:22.979,419.6361874947141,104
2024-09-19 15:52:23.017,419.5735834064111,998
2024-09-19 15:52:23.021,419.6571527880397,1003
2024-09-19 15:52:23.074,419.5710041296524,1002
2024-09-19 15:52:23.081,419.5974606159589,999
2024-09-19 15:52:23.097,419.60149284233904,1004
2024-09-19 15:52:23.118,419.659469556075,14
2024-09-19 15:52:23.141,419.61444827990033,996
2024-09-19 15:52:23.196,419.57756524255245,14
2024-09-19 15:52:23.221,419.58689539796296,10
2024-09-19 15:52:23.288,419.6475976508304,999
2024-09-19 15:52:23.346,419.673924406984,1003
2024-09-19 15:52:23.386,419.576312516057,5
2024-09-19 15:52:23.423,419.6684589156452,1000
2024-09-19 15:52:23.449,419.661358070489,104
2024-09-19 15:52:23.462,419.67204266259455,10
2024-09-19 15:52:23.480,419.5872207813417,105
2024-09-19 15:52:23.594,419.6703115526482,999
2024-09-19 15:52:23.606,419.6013922899873,102
2024-09-19 15:52:23.633,419.6692685964844,1004
2024-09-19 15:52:23.691,419.6578164399912,103
2024-09-19 15:52:23.771,419.6588882347362,100
2024-09-19 15:52:23.773,419.6584054060589,97
2024-09-19 15:52:24.056,419.7188871725407,10
2024-09-19 15:52:24.138,419.708619552824,7
2024-09-19 15:52:24.185,419.7144746791853,105
2024-09-19 15:52:24.321,419.7108917588943,101
2024-09-19 15:52:24.346,419.7114737450967,1002
2024-09-19 15:52:24.411,419.698701057452,7
2024-09-19 15:52:24.638,419.6886288323875,11
2024-09-19 15:52:24.703,419.7093242862187,95
2024-09-19 15:52:24.735,419.6800781921633,9
2024-09-19 15:52:24.794,419.6958018656412,997
2024-09-19 15:52:24.807,,10
2024-09-19 15:52:24.983,419.709670307016,9
2024-09-19 15:52:25.000,419.79055949455073,13
2024-09-19 15:52:25.039,419.75788018111393,13
2024-09-19 15:52:25.091,419.7891463365119,1001
2024-09-19 15:52:25.118,419.7400277369652,1002
2024-09-19 15:52:25.181,419.7833285057593,95
2024-09-19 15:52:25.222,419.7526950088488,95
2024-09-19 15:52:25.223,419.7571242998298,1005
2024-09-19 15:52:25.273,419.76163835819744,1001
2024-09-19 15:52:25.330,419.7411294428321,102
2024-09-19 15:52:25.335,419.7821915637585,5
2024-09-19 15:52:25.351,419.77674267069705,1002
2024-09-19 15:52:25.432,419.7776078455521,999
2024-09-19 15:52:25.469,419.7868514923197,7
2024-09-19 15:52:25.531,419.77113454191567,9
2024-09-19 15:52:25.641,419.7562540035846,5
2024-09-19 15:52:25.642,419.7627666991853,101
2024-09-19 15:52:25.722,419.71539529444135,96
2024-09-19 15:52:25.736,419.7676000657051,96
2024-09-19 15:52:25.742,419.74972916231815,98
2024-09-19 15:52:25.761,419.3755579426483,103
2024-09-19 15:52:25.774,419.77872468823074,12
2024-09-19 15:52:25.788,419.7862376334284,104
2024-09-19 15:52:25.832,419.7568452921587,996
2024-09-19 15:52:25.840,419.7787442283978,1000
2024-09-19 15:52:25.859,419.7493000562757,14
2024-09-19 15:52:25.866,419.74650759401993,95
2024-09-19 15:52:25.868,419.7836754135048,104
2024-09-19 15:52:25.939,419.76532392906194,1005
2024-09-19 15:52:25.978,419.7436122462967,7
2024-09-19 15:52:25.987,419.7420171971201,14
2024-09-19 15:52:26.007,419.8488332063526,96
2024-09-19 15:52:26.080,419.7912775338646,101
2024-09-19 15:52:26.087,419.85881235616415,95
2024-09-19 15:52:26.094,419.8386968635237,101
2024-09-19 15:52:26.112,419.77564014955215,15
2024-09-19 15:52:26.158,419.8055099674717,102
2024-09-19 15:52:26.160,419.7769979477122,9
2024-09-19 15:52:26.253,419.7957326632522,9
2024-09-19 15:52:26.433,419.7823320720201,1001
2024-09-19 15:52:26.444,419.870596331788,14
2024-09-19 15:52:26.466,419.842839776484,995
2024-09-19 15:52:26.480,419.842829384557,14
2024-09-19 15:52:26.567,419.85023100099386,11
2024-09-19 15:52:26.638,419.7982582061345,5
2024-09-19 15:52:26.674,419.8344632224769,5
2024-09-19 15:52:26.681,419.8140241268447,1001
2024-09-19 15:52:26.690,419.7718751257642,1000
2024-09-19 15:52:26.696,419.8207261372944,95
2024-09-19 15:52:26.762,419.873952633394,9
2024-09-19 15:52:26.762,419.84377746945046,104
2024-09-19 15:52:26.775,419.8312793901839,1000
2024-09-19 15:52:26.832,419.83443104850113,997
2024-09-19 15:52:26.846,419.7897545839082,999
2024-09-19 15:52:26.849,419.8419675034965,995
2024-09-19 15:52:26.889,419.819440739399,997
2024-09-19 15:52:26.947,419.79376507027047,8
2024-09-19 15:52:26.950,419.8021646171036,999
2024-09-19 15:52:26.988,419.8670227233503,1003
2024-09-19 15:52:26.991,419.84428073695454,98
2024-09-19 15:52:27.046,419.75576791580977,13
2024-09-19 15:52:27.160,419.7739774326462,10
2024-09-19 15:52:27.280,419.77479991859184,8
2024-09-19 15:52:27.363,419.7938073213741,1003
2024-09-19 15:52:27.488,419.7675546890464,98
2024-09-19 15:52:27.506,419.7709278866388,5
2024-09-19 15:52:27.526,419.7879087821824,5
2024-09-19 15:52:27.714,419.7817473201708,1004
2024-09-19 15:52:27.718,419.7740544909456,1002
2024-09-19 15:52:27.794,419.7663500661048,1000
2024-09-19 15:52:27.813,419.7692538989415,12
2024-09-19 15:52:28.001,419.8258975085932,13
2024-09-19 15:52:28.016,419.8491724204133,1003
2024-09-19 15:52:28.109,41.97744757729487,1004
2024-09-19 15:52:28.115,419.7921186917248,9
2024-09-19 15:52:28.188,419.7757319128223,97
2024-09-19 15:52:28.193,419.83827244765655,5
2024-09-19 15:52:28.281,419.828248907651,98
2024-09-19 15:52:28.344,419.7999727264527,999
2024-09-19 15:52:28.352,419.8162216883106,7
2024-09-19 15:52:28.354,419.7751113880746,1000
2024-09-19 15:52:28.355,419.8310414938922,1001
2024-09-19 15:52:28.382,419.8070980159503,1003
2024-09-19 15:52:28.426,419.8187079371999,6
2024-09-19 15:52:28.456,419.7777162232842,11
2024-09-19 15:52:28.475,419.7820319397781,996
2024-09-19 15:52:28.512,419.7768256431916,13
2024-09-19 15:52:28.533,419.76969261223314,1001
2024-09-19 15:52:28.578,,104
2024-09-19 15:52:28.582,419.761960730901,11
2024-09-19 15:52:28.626,419.794815026745,102
2024-09-19 15:52:28.692,419.7822857958581,101
2024-09-19 15:52:28.895,419.8503654883696,14
2024-09-19 15:52:28.904,419.8296332208283,1002
2024-09-19 15:52:28.907,419.79204936006266,995
2024-09-19 15:52:28.921,419.8433095237367,10
2024-09-19 15:52:28.930,419.8057274688479,95
2024-09-19 15:52:28.952,419.78710738197327,8
2024-09-19 15:52:28.953,419.8127663884178,1001
2024-09-19 15:52:28.991,419.7962016324013,14
2024-09-19 15:52:29.023,419.7750450646906,101
2024-09-19 15:52:29.177,419.7662259860313,12
2024-09-19 15:52:29.245,419.78111697485207,7
2024-09-19 15:52:29.315,419.7671405295223,1003
2024-09-19 15:52:29.327,419.76655234264695,96
2024-09-19 15:52:29.501,419.7868849555792,1000
2024-09-19 15:52:29.628,419.7817439432652,996
2024-09-19 15:52:29.662,419.7776107198826,10
2024-09-19 15:52:29.968,419.7927997139991,12
2024-09-19 15:52:30.040,419.7655038437705,5
2024-09-19 15:52:30.093,419.78669410335766,1005
2024-09-19 15:52:30.132,419.7598222822794,95
2024-09-19 15:52:30.161,419.79436805293113,1004
2024-09-19 15:52:30.193,419.7313762681941,98
2024-09-19 15:52:30.264,419.7756988115277,105
2024-09-19 15:52:30.364,419.7516685123595,97
2024-09-19 15:52:30.374,419.7521745509703,8
2024-09-19 15:52:30.390,419.7537738111657,95
2024-09-19 15:52:30.427,419.7336766205045,100
2024-09-19 15:52:30.588,419.74960922176064,997
2024-09-19 15:52:30.592,-419.7335287737181,1003
2024-09-19 15:52:30.651,419.7233305839903,1004
2024-09-19 15:52:30.682,419.7679391111289,12
2024-09-19 15:52:30.805,419.7123755228624,98
2024-09-19 15:52:30.815,419.7344714139705,101
2024-09-19 15:52:30.818,419.7648053521,997
2024-09-19 15:52:30.820,419.7587826434342,101
2024-09-19 15:52:30.845,419.79873226456414,1004
2024-09-19 15:52:30.953,419.7593261820427,6
2024-09-19 15:52:30.961,419.7639741141813,104
2024-09-19 15:52:30.965,419.7379250623318,9
2024-09-19 15:52:31.004,419.7084578815765,15
2024-09-19 15:52:31.585,419.69912883675687,1002
2024-09-19 15:52:31.600,419.7068911475033,103
2024-09-19 15:52:31.656,419.7162501159293,102
2024-09-19 15:52:31.893,419.71914973458325,7
2024-09-19 15:52:31.996,419.7127667762589,97
2024-09-19 15:52:32.130,419.7072959521802,999
2024-09-19 15:52:32.132,419.7317514279314,1004
2024-09-19 15:52:32.283,419.7456728361551,100
2024-09-19 15:52:32.301,419.70382213977246,8
2024-09-19 15:52:32.312,419.71752228150194,15
2024-09-19 15:52:32.434,419.7420023113411,1002
2024-09-19 15:52:32.716,,996
2024-09-19 15:52:32.756,419.7193701751102,10
2024-09-19 15:52:32.850,419.7139884405333,9
2024-09-19 15:52:33.054,419.6793097543943,1005
2024-09-19 15:52:33.125,419.73702700773725,1005
2024-09-19 15:52:33.145,419.70852079944535,1004
2024-09-19 15:52:33.294,419.6325237376027,98
2024-09-19 15:52:33.301,419.6834406001221,996
2024-09-19 15:52:33.383,419.6696312518274,96
2024-09-19 15:52:33.541,419.6568228817234,14
2024-09-19 15:52:33.544,419.6882724778338,5
2024-09-19 15:52:33.564,419.6830039668067,10
2024-09-19 15:52:33.665,41.96670406610135,1001
2024-09-19 15:52:33.762,419.73473322181593,104
2024-09-19 15:52:33.818,419.66869226845466,1002
2024-09-19 15:52:33.889,419.6597056750346,9
2024-09-19 15:52:33.926,419.7342421908612,105
2024-09-19 15:52:33.965,419.70134266236,100
2024-09-19 15:52:33.984,419.6728269177264,15
2024-09-19 15:52:34.096,419.7016130801135,1003
2024-09-19 15:52:34.471,419.6665397625959,95
2024-09-19 15:52:34.645,419.6630794458882,102
2024-09-19 15:52:34.761,419.6859758497757,11
2024-09-19 15:52:34.953,419.6659440261871,10
2024-09-19 15:52:35.004,419.65139255228,96
2024-09-19 15:52:35.028,419.6734171650234,6
2024-09-19 15:52:35.096,419.6729231780877,10
2024-09-19 15:52:35.118,419.683410827754,104
2024-09-19 15:52:35.131,-419.653115177727,999
2024-09-19 15:52:35.153,419.63608035310654,9
2024-09-19 15:52:35.226,419.66726601002455,5
2024-09-19 15:52:35.329,419.6284478216482,1002
2024-09-19 15:52:35.361,419.6818648896497,997
2024-09-19 15:52:35.364,419.68024212995766,7
2024-09-19 15:52:35.407,419.6608332018193,96
2024-09-19 15:52:35.411,419.6484727965065,102
2024-09-19 15:52:35.426,419.6817523616357,8
2024-09-19 15:52:35.497,419.694083543767,996
2024-09-19 15:52:35.562,419.648918072689,1004
2024-09-19 15:52:35.629,419.69234958254833,8
2024-09-19 15:52:35.719,419.67427844599865,96
2024-09-19 15:52:35.731,419.6604713728877,9
2024-09-19 15:52:35.788,419.6812258321265,10
2024-09-19 15:52:35.832,419.6267241246791,995
2024-09-19 15:52:35.837,419.64738503174806,95
2024-09-19 15:52:35.862,419.6910995139969,96
2024-09-19 15:52:35.973,419.6703318781821,999
2024-09-19 15:52:36.032,419.6602121954022,996
2024-09-19 15:52:36.139,419.67675432458094,996
2024-09-19 15:52:36.658,419.6627760264184,104
2024-09-19 15:52:36.766,419.69224803845503,1004
2024-09-19 15:52:36.838,419.6737395003189,11
2024-09-19 15:52:36.842,419.66421680278,98
2024-09-19 15:52:36.853,419.6759481331326,105
2024-09-19 15:52:37.019,419.65847056794473,7
2024-09-19 15:52:37.042,419.6621283970344,8
2024-09-19 15:52:37.060,419.6053247843045,14
2024-09-19 15:52:37.061,419.59117142932,1003
2024-09-19 15:52:37.062,419.6240994932351,95
2024-09-19 15:52:37.125,419.60221462801496,7
2024-09-19 15:52:37.139,419.6784273565244,8
2024-09-19 15:52:37.237,419.65095406643167,10
2024-09-19 15:52:37.272,419.6067783998765,9
2024-09-19 15:52:37.305,419.6344221108524,10
2024-09-19 15:52:37.408,419.5821437120868,102
2024-09-19 15:52:37.443,419.6014691926055,99
2024-09-19 15:52:37.491,419.6071879417065,100
2024-09-19 15:52:37.511,419.6882085679397,8
2024-09-19 15:52:37.614,419.5994649820265,9
2024-09-19 15:52:37.625,419.6350335182175,997
2024-09-19 15:52:37.729,419.5900729406996,15
2024-09-19 15:52:37.792,419.63838643252217,9
2024-09-19 15:52:37.972,419.6203670785848,101
2024-09-19 15:52:38.005,419.50416498574623,98
2024-09-19 15:52:38.050,419.51262223610814,98
2024-09-19 15:52:38.060,419.5443186398495,1003
2024-09-19 15:52:38.136,419.56898632223096,14
2024-09-19 15:52:38.136,419.5408217091724,10
2024-09-19 15:52:38.180,419.5313595538221,100
2024-09-19 15:52:38.222,-41.95545639892702,999
2024-09-19 15:52:38.270,419.5478605977246,1000
2024-09-19 15:52:38.274,419.5591367782845,1000
2024-09-19 15:52:38.356,419.57604373294174,6
2024-09-19 15:52:38.420,419.5595639846502,1001
2024-09-19 15:52:38.431,419.5630482282775,99
2024-09-19 15:52:38.449,419.5333471884009,102
2024-09-19 15:52:38.508,419.5216558102328,101
2024-09-19 15:52:38.555,419.5363226966663,13
2024-09-19 15:52:38.657,419.5312832902464,95
2024-09-19 15:52:38.699,419.5385212738947,5
2024-09-19 15:52:38.713,419.5922911123933,96
2024-09-19 15:52:38.843,419.5263784752472,6
2024-09-19 15:52:38.937,419.566582789249,15
2024-09-19 15:52:38.982,419.5363476060592,102
2024-09-19 15:52:38.993,419.7321615663032,995
2024-09-19 15:52:39.163,419.534033762673,99
2024-09-19 15:52:39.308,419.5412701539165,99
2024-09-19 15:52:39.385,419.6917197318968,8
2024-09-19 15:52:39.424,419.5600175111249,999
2024-09-19 15:52:39.576,419.5137120676183,105
2024-09-19 15:52:39.667,419.49035709662616,997
2024-09-19 15:52:39.793,419.53756736592106,95
2024-09-19 15:52:39.806,419.485777459162,10
2024-09-19 15:52:39.912,419.49607599694974,99
2024-09-19 15:52:40.021,419.55148232837934,1004
2024-09-19 15:52:40.043,419.5033193037539,996
2024-09-19 15:52:40.119,419.5289722280383,99
2024-09-19 15:52:40.176,419.5643094113613,999
2024-09-19 15:52:40.196,419.53324277671567,10
2024-09-19 15:52:40.288,419.5052075140337,97
2024-09-19 15:52:40.448,419.5470061807473,14
2024-09-19 15:52:40.458,419.5625186748515,98
2024-09-19 15:52:40.726,419.5702333711834,8
2024-09-19 15:52:40.795,419.5120877388353,996
2024-09-19 15:52:40.809,419.5023574938918,11
2024-09-19 15:52:40.817,419.5162866892035,998
2024-09-19 15:52:40.823,419.5208337185508,98
2024-09-19 15:52:40.858,419.5265857413223,10
2024-09-19 15:52:41.011,419.6019358210429,7
2024-09-19 15:52:41.101,,15
2024-09-19 15:52:41.188,419.6037712740024,96
2024-09-19 15:52:41.243,419.60811406790106,99
2024-09-19 15:52:41.338,419.6004590893592,1002
2024-09-19 15:52:41.367,419.6059905791311,1000
2024-09-19 15:52:41.401,419.6112329831058,1003
2024-09-19 15:52:41.422,419.6069777466765,14
2024-09-19 15:52:41.443,419.6124316415509,1003
2024-09-19 15:52:41.497,419.5614009005545,11
2024-09-19 15:52:41.543,419.5846965152628,1003
2024-09-19 15:52:41.574,419.6003427260987,100
2024-09-19 15:52:41.577,419.6085724797928,8
2024-09-19 15:52:41.618,41.96140037359556,105
2024-09-19 15:52:41.657,419.6050836157604,98
2024-09-19 15:52:41.746,419.5956888702344,995
2024-09-19 15:52:41.809,419.6025680046229,97
2024-09-19 15:52:41.823,419.6004729194645,97
2024-09-19 15:52:41.842,419.6034383823404,11
2024-09-19 15:52:41.862,419.6184855548587,1003
2024-09-19 15:52:41.887,419.5989683426637,995
2024-09-19 15:52:41.895,419.6170021316304,99
2024-09-19 15:52:41.972,419.581366263608,996
2024-09-19 15:52:42.846,419.60930843304686,105
2024-09-19 15:52:43.045,419.5843657213876,1002
2024-09-19 15:52:43.048,419.6042370476496,8
2024-09-19 15:52:43.049,419.5725758744583,105
2024-09-19 15:52:43.192,419.5875232378643,99
2024-09-19 15:52:43.208,419.62145623478057,9
2024-09-19 15:52:43.244,419.58827992785336,995
2024-09-19 15:52:43.339,419.5866601173729,1002
2024-09-19 15:52:43.390,419.5604081431804,1005
2024-09-19 15:52:43.442,419.5780981241117,997
2024-09-19 15:52:43.529,419.5923227351501,998
2024-09-19 15:52:43.561,419.590457812939,1003
2024-09-19 15:52:43.574,419.5947381980872,999
2024-09-19 15:52:43.593,419.6109013428351,98
2024-09-19 15:52:43.596,419.5713827971401,104
2024-09-19 15:52:43.606,419.5698669771988,95
2024-09-19 15:52:43.704,419.6011692239103,9
2024-09-19 15:52:43.743,419.5815492628975,1001
2024-09-19 15:52:43.759,419.61315693358,102
2024-09-19 15:52:43.832,419.566304980073,12
2024-09-19 15:52:43.841,,1003
2024-09-19 15:52:43.842,419.5775932267941,102
2024-09-19 15:52:43.859,419.5709281423865,1004
2024-09-19 15:52:43.861,419.5706691692761,995
2024-09-19 15:52:43.960,419.5804533521065,997
2024-09-19 15:52:43.977,419.5698209023121,1003
2024-09-19 15:52:43.984,419.59754904579216,100
2024-09-19 15:52:43.989,419.5845124692336,1002
2024-09-19 15:52:43.990,419.61181482704734,96
2024-09-19 15:52:44.000,419.56615029261945,1004
2024-09-19 15:52:44.111,419.5765577788834,997
2024-09-19 15:52:44.125,419.5697866755111,105
2024-09-19 15:52:44.385,419.5780398828263,7
2024-09-19 15:52:44.448,419.5790227950916,1002
2024-09-19 15:52:44.702,419.56907641497486,1001
2024-09-19 15:52:44.799,419.5787158765226,15
2024-09-19 15:52:44.875,419.5847667897969,96
2024-09-19 15:52:44.905,419.56715862228486,1005
2024-09-19 15:52:44.919,41.95739800773444,99
2024-09-19 15:52:45.005,419.6078136284255,104
2024-09-19 15:52:45.033,419.55200547440114,1002
2024-09-19 15:52:45.163,419.5818972611444,13
2024-09-19 15:52:45.190,419.5711539420751,1005
2024-09-19 15:52:45.255,419.60009275204624,14
2024-09-19 15:52:45.308,419.5529010563805,97
2024-09-19 15:52:45.344,419.577825815239,103
2024-09-19 15:52:45.357,419.5653790691716,1003
2024-09-19 15:52:45.379,419.5408811226488,997
2024-09-19 15:52:45.530,419.5879844543504,1005
2024-09-19 15:52:45.575,419.57268012919866,103
2024-09-19 15:52:45.605,419.5849951760833,104
2024-09-19 15:52:45.623,419.5557072038654,997
2024-09-19 15:52:45.692,419.5561263557671,11
2024-09-19 15:52:45.696,419.6024121672649,11
2024-09-19 15:52:45.705,419.548060869506,999
2024-09-19 15:52:45.705,419.5293709348992,1002
2024-09-19 15:52:45.716,419.6107431823461,14
2024-09-19 15:52:45.725,419.53445932824553,15
2024-09-19 15:52:45.837,419.5426930944844,8
2024-09-19 15:52:45.884,419.56814891661935,997
2024-09-19 15:52:45.919,419.5499212038153,14
2024-09-19 15:52:45.996,419.5373308809969,97
2024-09-19 15:52:46.033,419.5848163653623,13
2024-09-19 15:52:46.092,419.56126152556817,998
2024-09-19 15:52:46.127,419.5912712810894,6
2024-09-19 15:52:46.130,419.59286456765096,97
2024-09-19 15:52:46.211,419.5781348415163,10
2024-09-19 15:52:46.352,419.56596826610456,98
2024-09-19 15:52:46.355,419.5957867656397,1003
2024-09-19 15:52:46.493,419.5547808619252,9
2024-09-19 15:52:46.515,419.5723774176832,9
2024-09-19 15:52:46.517,419.55422655467714,6
2024-09-19 15:52:46.732,419.5576510887255,105
2024-09-19 15:52:46.759,419.5943829630804,995
2024-09-19 15:52:46.769,419.542894078578,13
2024-09-19 15:52:46.803,,15
2024-09-19 15:52:46.890,419.5563654677368,95
2024-09-19 15:52:46.928,419.59228611704737,998
2024-09-19 15:52:46.934,419.5495579347379,7
2024-09-19 15:52:46.994,419.56695387486616,998
2024-09-19 15:52:47.275,419.5432194870667,14
2024-09-19 15:52:47.499,419.5538692488769,11
2024-09-19 15:52:47.553,419.56166164999553,99
2024-09-19 15:52:47.609,419.73853159805327,999
2024-09-19 15:52:48.321,419.5430331197949,1000
2024-09-19 15:52:48.469,419.8313726671587,1001
2024-09-19 15:52:48.764,419.5518382817044,1001
2024-09-19 15:52:49.067,419.4848147794243,96
2024-09-19 15:52:49.082,419.5434398463752,6
2024-09-19 15:52:49.214,419.5283958527054,13
2024-09-19 15:52:49.314,419.5679641718941,7
2024-09-19 15:52:49.347,419.5445749684393,998
2024-09-19 15:52:49.474,419.4998564360311,9
2024-09-19 15:52:49.547,419.51873048536737,998
2024-09-19 15:52:49.549,419.4813479161484,95
2024-09-19 15:52:49.615,419.5287622139292,12
2024-09-19 15:52:49.636,419.4836998447326,1003
2024-09-19 15:52:49.705,419.49626354558615,96
2024-09-19 15:52:49.757,419.5124888620948,9
2024-09-19 15:52:49.783,419.51379888941966,998
2024-09-19 15:52:49.936,419.48835764560096,7
2024-09-19 15:52:50.392,419.5001337426941,1005
2024-09-19 15:52:50.433,,1004
2024-09-19 15:52:50.542,419.4890493583243,102
2024-09-19 15:52:50.629,419.4869655472416,95
2024-09-19 15:52:50.879,419.4820547093697,104
2024-09-19 15:52:50.897,419.5000774763878,1001
2024-09-19 15:52:50.948,419.4892804034691,99
2024-09-19 15:52:51.002,419.4693911974846,995
2024-09-19 15:52:51.391,419.4930632884502,11
2024-09-19 15:52:51.895,419.4817702803766,102
2024-09-19 15:52:52.072,419.4825485112863,997
2024-09-19 15:52:52.085,419.4184038952367,103
2024-09-19 15:52:52.124,419.4805972563137,10
2024-09-19 15:52:52.241,419.479698097866,1005
2024-09-19 15:52:52.374,419.4415985454648,105
2024-09-19 15:52:52.428,419.4690549692632,10
2024-09-19 15:52:52.435,419.4627196037384,95
2024-09-19 15:52:52.659,419.4825622481442,1001
2024-09-19 15:52:52.799,419.4775841053894,7
2024-09-19 15:52:52.970,419.4451061790612,14
2024-09-19 15:52:53.142,419.4900584361264,14
2024-09-19 15:52:53.147,419.4700584701322,103
2024-09-19 15:52:53.187,419.4633060618252,102
2024-09-19 15:52:53.256,41.943930500249785,13
2024-09-19 15:52:53.277,419.4183622003688,997
2024-09-19 15:52:53.279,419.43237038435217,101
2024-09-19 15:52:53.284,419.43337509506216,1005
2024-09-19 15:52:53.306,419.4292283199956,1002
2024-09-19 15:52:53.351,419.4606715697186,996
2024-09-19 15:52:53.448,419.4583286629242,12
2024-09-19 15:52:53.498,419.494876621212,95
2024-09-19 15:52:53.672,419.4331702242511,96
2024-09-19 15:52:53.707,419.43440178274335,97
2024-09-19 15:52:53.717,419.4396227134307,8
2024-09-19 15:52:53.852,419.4135560359453,1004
2024-09-19 15:52:53.926,419.4429144291316,12
2024-09-19 15:52:54.052,419.4782523297597,1000
2024-09-19 15:52:54.063,419.4113098428778,1004
2024-09-19 15:52:54.077,419.40933510091367,12
2024-09-19 15:52:54.345,419.4331662836002,100
2024-09-19 15:52:54.538,419.4622969781327,101
2024-09-19 15:52:54.675,419.4733351360944,1004
2024-09-19 15:52:54.784,419.4682046606523,996
2024-09-19 15:52:54.860,419.41357946379446,100
2024-09-19 15:52:55.008,419.4678308415302,7
2024-09-19 15:52:55.045,419.4461138772331,1003
2024-09-19 15:52:55.117,419.4423252170951,12
2024-09-19 15:52:55.208,419.4764030222566,104
2024-09-19 15:52:55.296,419.44849788775736,1000
2024-09-19 15:52:55.301,419.465187321932,14
2024-09-19 15:52:55.355,419.45390405297167,1002
2024-09-19 15:52:55.359,419.46475256998247,100
2024-09-19 15:52:55.366,419.45412279842407,100
2024-09-19 15:52:55.384,419.43682347162246,995
2024-09-19 15:52:55.486,419.4561681456544,105
2024-09-19 15:52:55.530,419.4565055614274,95
2024-09-19 15:52:55.536,419.4723518083626,8
2024-09-19 15:52:55.541,419.8154251673321,96
2024-09-19 15:52:55.549,419.4605834504167,1005
2024-09-19 15:52:55.550,419.4490354724168,10
2024-09-19 15:52:55.588,419.4541503347618,100
2024-09-19 15:52:55.606,419.4627264575413,99
2024-09-19 15:52:55.626,419.4740068020853,1003
2024-09-19 15:52:55.655,419.4771837058228,996
2024-09-19 15:52:55.803,419.4478773786096,96
2024-09-19 15:52:55.855,419.4693808271773,995
2024-09-19 15:52:55.881,419.4605994164427,10
2024-09-19 15:52:55.908,419.4744169448672,14
2024-09-19 15:52:55.969,419.4644777465899,1003
2024-09-19 15:52:57.062,419.4949693758694,999
2024-09-19 15:52:57.182,419.4883535772289,98
2024-09-19 15:52:57.193,419.4967613407397,997
2024-09-19 15:52:57.207,419.4911883367384,6
2024-09-19 15:52:57.357,419.4810322139437,1000
2024-09-19 15:52:57.547,419.4829555775655,1002
2024-09-19 15:52:57.839,419.48306394284776,99
2024-09-19 15:52:58.821,419.49458325673214,5
2024-09-19 15:52:59.101,419.5246642759813,96
2024-09-19 15:52:59.185,419.5315216225974,99
2024-09-19 15:52:59.208,419.5317843039873,104
2024-09-19 15:52:59.219,419.5470195945747,101
2024-09-19 15:52:59.244,419.5067290417491,14
2024-09-19 15:52:59.308,419.5336526906245,98
2024-09-19 15:52:59.313,419.5233443065803,1004
2024-09-19 15:52:59.363,419.522921419513,98
2024-09-19 15:52:59.377,419.50838146577706,7
2024-09-19 15:52:59.463,419.52804797090295,7
2024-09-19 15:52:59.463,419.5247650974092,5
2024-09-19 15:52:59.465,419.5191085766901,95
2024-09-19 15:52:59.509,419.5192086403456,6
2024-09-19 15:52:59.512,419.551082538974,996
2024-09-19 15:52:59.573,419.5071851151796,5
2024-09-19 15:52:59.591,,102
2024-09-19 15:52:59.598,419.5329530465203,6
2024-09-19 15:52:59.637,419.5246647380436,9
2024-09-19 15:52:59.679,419.5008964337203,5
2024-09-19 15:52:59.870,419.52445780778254,96
2024-09-19 15:52:59.939,419.5180548245477,1004
2024-09-19 15:52:59.940,419.54717447521216,99
