Timestamp,Price,Size
2024-09-19 11:17:00.070,420.0072591106936,1005
2024-09-19 11:17:00.190,420.0045176400751,7
2024-09-19 11:17:00.214,419.9969945935297,1000
2024-09-19 11:17:00.237,420.0213502452481,996
2024-09-19 11:17:00.278,420.0376539865084,995
2024-09-19 11:17:00.312,420.0290731681268,101
2024-09-19 11:17:00.338,420.0202907074249,13
2024-09-19 11:17:00.390,420.0503549180188,15
2024-09-19 11:17:00.512,420.0063965991797,1001
2024-09-19 11:17:00.521,420.0411087230272,999
2024-09-19 11:17:00.533,420.0319422126834,96
2024-09-19 11:17:00.559,420.01771464144457,8
2024-09-19 11:17:00.597,420.046645583873,104
2024-09-19 11:17:00.614,420.0378554134695,103
2024-09-19 11:17:00.687,420.0138757149431,995
2024-09-19 11:17:00.730,419.9780819255367,101
2024-09-19 11:17:00.811,419.99180691164304,102
2024-09-19 11:17:00.836,420.0578492553482,101
2024-09-19 11:17:00.839,420.0487919243335,102
2024-09-19 11:17:00.840,420.0589830961707,995
2024-09-19 11:17:00.959,419.98909841129705,100
2024-09-19 11:17:00.994,419.99152600812994,100
2024-09-19 11:17:00.999,420.0040087424078,1003
2024-09-19 11:17:01.176,420.0316604459235,95
2024-09-19 11:17:01.266,420.02038283611074,999
2024-09-19 11:17:01.415,420.0266533728835,8
2024-09-19 11:17:01.890,420.0179383007842,105
2024-09-19 11:17:01.973,420.0124669481879,999
2024-09-19 11:17:02.073,420.02622730308406,14
2024-09-19 11:17:02.105,420.0044009926602,100
2024-09-19 11:17:02.121,419.9798734984769,1001
2024-09-19 11:17:02.188,420.0060686375636,102
2024-09-19 11:17:02.193,420.0178391985898,5
2024-09-19 11:17:02.204,420.0399761458925,1005
2024-09-19 11:17:02.253,420.01771901812754,104
2024-09-19 11:17:02.286,419.97113878446976,9
2024-09-19 11:17:02.350,420.0302894589688,103
2024-09-19 11:17:02.392,420.0489600144232,998
2024-09-19 11:17:02.427,420.0264408563705,105
2024-09-19 11:17:02.486,420.0381601537384,14
2024-09-19 11:17:02.757,420.0319449014473,96
2024-09-19 11:17:02.884,420.00865334665485,998
2024-09-19 11:17:03.481,419.967043791297,1002
2024-09-19 11:17:04.044,419.9210641485432,100
2024-09-19 11:17:04.073,419.93567458244246,997
2024-09-19 11:17:04.148,419.934454767348,99
2024-09-19 11:17:04.182,419.90833642562063,101
2024-09-19 11:17:04.193,419.965037116707,98
2024-09-19 11:17:04.236,419.9429282316556,102
2024-09-19 11:17:04.247,419.9127984746664,9
2024-09-19 11:17:04.377,419.91551901643066,14
2024-09-19 11:17:04.430,419.93011549463006,998
2024-09-19 11:17:04.465,419.92214392368174,997
2024-09-19 11:17:04.527,419.9163804494748,101
2024-09-19 11:17:04.594,-419.9666573189757,1004
2024-09-19 11:17:04.631,419.8942189761236,10
2024-09-19 11:17:04.632,419.9151601179663,15
2024-09-19 11:17:04.657,419.91277435062335,98
2024-09-19 11:17:04.724,419.91726940028286,998
2024-09-19 11:17:04.770,419.91593794020895,9
2024-09-19 11:17:04.776,419.9296085974287,1005
2024-09-19 11:17:04.818,419.9276217836888,1000
2024-09-19 11:17:04.902,419.8972077413542,99
2024-09-19 11:17:04.976,419.9158760652352,1000
2024-09-19 11:17:04.995,419.9271062051994,95
2024-09-19 11:17:05.062,419.92384854581206,998
2024-09-19 11:17:05.116,419.9321108829372,1002
2024-09-19 11:17:05.145,419.9109729460146,8
2024-09-19 11:17:05.315,419.9101130181196,95
2024-09-19 11:17:05.498,419.92282636925984,6
2024-09-19 11:17:05.593,419.9209969809504,102
2024-09-19 11:17:05.663,419.9143779971073,8
2024-09-19 11:17:05.716,419.9205021622501,96
2024-09-19 11:17:05.897,419.90942927105954,97
2024-09-19 11:17:05.973,419.906095370562,99
2024-09-19 11:17:05.998,419.9184849836212,104
2024-09-19 11:17:06.029,419.9502047651961,7
2024-09-19 11:17:06.143,419.9381345611031,103
2024-09-19 11:17:06.198,41.993426201547166,102
2024-09-19 11:17:06.395,419.9408925334295,5
2024-09-19 11:17:06.481,419.92924618274543,7
2024-09-19 11:17:06.601,419.9486469154802,96
2024-09-19 11:17:06.798,419.9344189115111,1005
2024-09-19 11:17:06.814,419.9576480984545,1005
2024-09-19 11:17:06.947,419.93996993942073,98
2024-09-19 11:17:07.063,420.0769280416665,6
2024-09-19 11:17:07.067,419.9825222621788,998
2024-09-19 11:17:07.069,,97
2024-09-19 11:17:07.140,419.9530373554607,999
2024-09-19 11:17:07.238,419.97703610874606,996
2024-09-19 11:17:07.268,419.9809702714236,10
2024-09-19 11:17:07.283,420.0164885836947,11
2024-09-19 11:17:07.438,420.0121472935199,11
2024-09-19 11:17:07.452,420.0140219742811,1005
2024-09-19 11:17:07.467,41.99769563689753,997
2024-09-19 11:17:07.517,420.033699506126,1005
2024-09-19 11:17:07.618,419.9714853883676,14
2024-09-19 11:17:07.667,419.9744860117314,101
2024-09-19 11:17:07.697,420.0277211194032,6
2024-09-19 11:17:07.714,420.0032384392585,997
2024-09-19 11:17:07.819,420.0015569996215,11
2024-09-19 11:17:07.822,420.0248389622072,1001
2024-09-19 11:17:07.834,419.94933721233343,1003
2024-09-19 11:17:07.862,420.0178730127015,10
2024-09-19 11:17:07.867,419.9840911044218,98
2024-09-19 11:17:07.908,420.0090114581332,1005
2024-09-19 11:17:07.978,420.0430666895076,102
2024-09-19 11:17:08.089,420.0884846079418,96
2024-09-19 11:17:08.680,-420.0844892078064,999
2024-09-19 11:17:08.753,420.07611468791,997
2024-09-19 11:17:09.079,420.0916618272525,102
2024-09-19 11:17:09.097,420.1013756256165,98
2024-09-19 11:17:09.146,420.0882249459515,99
2024-09-19 11:17:09.371,420.0885163948091,11
2024-09-19 11:17:09.741,,9
2024-09-19 11:17:09.844,420.0855040706262,8
2024-09-19 11:17:09.946,420.0728127478974,1005
2024-09-19 11:17:10.016,420.0631434302501,12
2024-09-19 11:17:10.132,420.0886862563733,96
2024-09-19 11:17:10.183,420.06087520558833,102
2024-09-19 11:17:10.198,420.0738992293991,995
2024-09-19 11:17:10.215,420.0946284687663,997
2024-09-19 11:17:10.226,420.0726236875527,6
2024-09-19 11:17:10.332,420.0868647281258,998
2024-09-19 11:17:10.387,420.07616798903945,13
2024-09-19 11:17:10.500,420.0683424637886,14
2024-09-19 11:17:10.602,420.0756814528684,97
2024-09-19 11:17:10.634,420.0766088579766,101
2024-09-19 11:17:10.782,420.06982732399945,996
2024-09-19 11:17:10.939,420.1013467569554,997
2024-09-19 11:17:10.945,420.0748488192439,7
2024-09-19 11:17:11.043,420.0923737384254,1003
2024-09-19 11:17:11.283,420.0869902204588,101
2024-09-19 11:17:11.321,420.09433989448655,98
2024-09-19 11:17:11.387,420.1022711898365,5
2024-09-19 11:17:11.453,420.1001988129627,98
2024-09-19 11:17:11.558,420.1340974247654,1004
2024-09-19 11:17:11.624,420.0908116276764,1002
2024-09-19 11:17:11.652,420.10198134252016,95
2024-09-19 11:17:11.652,420.1027829434916,1003
2024-09-19 11:17:11.654,420.0920778497557,12
2024-09-19 11:17:11.694,420.0853183287139,1005
2024-09-19 11:17:11.751,420.10834075503743,998
2024-09-19 11:17:11.828,420.0806991693105,1002
2024-09-19 11:17:11.852,420.1053311549984,1002
2024-09-19 11:17:11.896,42.009729527756825,1005
2024-09-19 11:17:11.901,420.0880929721053,11
2024-09-19 11:17:11.928,420.1045513202478,9
2024-09-19 11:17:11.951,420.0940342233634,1004
2024-09-19 11:17:12.016,420.1238739671909,98
2024-09-19 11:17:12.049,420.1503462352291,7
2024-09-19 11:17:12.138,420.1919174563847,99
2024-09-19 11:17:12.189,420.1684642712166,103
2024-09-19 11:17:12.244,420.1778819469464,1005
2024-09-19 11:17:12.260,420.1920675767085,7
2024-09-19 11:17:12.283,420.169480037849,12
2024-09-19 11:17:12.385,420.1744005103216,6
2024-09-19 11:17:12.548,420.17890286951126,999
2024-09-19 11:17:12.565,420.1387788294044,9
2024-09-19 11:17:12.568,420.1421045146768,10
2024-09-19 11:17:12.604,420.1258085937861,1004
2024-09-19 11:17:12.675,420.13866718306593,11
2024-09-19 11:17:12.822,420.1684193807848,997
2024-09-19 11:17:12.918,420.2005276834778,102
2024-09-19 11:17:13.060,420.2566511523232,105
2024-09-19 11:17:13.090,420.2095097260329,97
2024-09-19 11:17:13.161,420.2100761133304,10
2024-09-19 11:17:13.264,420.19945489094926,12
2024-09-19 11:17:13.286,420.2232105945241,7
2024-09-19 11:17:13.353,420.2171725548199,95
2024-09-19 11:17:13.406,420.195342305942,104
2024-09-19 11:17:13.644,420.2348814959944,1004
2024-09-19 11:17:13.645,420.2117817457533,7
2024-09-19 11:17:13.652,420.1639703082503,99
2024-09-19 11:17:13.751,420.1959694727332,15
2024-09-19 11:17:13.999,420.2435562733874,105
2024-09-19 11:17:14.117,420.2806986305648,99
2024-09-19 11:17:14.135,420.2725028811584,1003
2024-09-19 11:17:14.195,42.027825971099865,102
2024-09-19 11:17:14.245,420.2729278910639,105
2024-09-19 11:17:14.283,420.2691682727942,105
2024-09-19 11:17:14.293,420.29327527885545,13
2024-09-19 11:17:14.303,420.32521052643176,98
2024-09-19 11:17:14.313,420.3021801415237,1004
2024-09-19 11:17:14.328,420.2982316737781,1005
2024-09-19 11:17:14.361,420.2654443909559,97
2024-09-19 11:17:14.385,420.301072100597,995
2024-09-19 11:17:14.413,420.2956336129093,995
2024-09-19 11:17:14.465,420.2584666714844,1002
2024-09-19 11:17:14.516,420.31449366596814,998
2024-09-19 11:17:14.547,420.2814092357684,97
2024-09-19 11:17:14.556,420.2751353285856,8
2024-09-19 11:17:14.719,420.3043789449746,100
2024-09-19 11:17:14.729,420.3140483874349,103
2024-09-19 11:17:14.748,420.27869066715584,8
2024-09-19 11:17:14.750,420.2978339237942,1003
2024-09-19 11:17:14.802,420.31492260196046,6
2024-09-19 11:17:14.844,420.2984010087885,5
2024-09-19 11:17:14.864,420.2925796388202,12
2024-09-19 11:17:14.988,420.2847594320815,999
2024-09-19 11:17:15.007,420.31920777998926,100
2024-09-19 11:17:15.048,420.3215780106826,104
2024-09-19 11:17:15.071,420.2766368389305,5
2024-09-19 11:17:15.124,420.304166405146,102
2024-09-19 11:17:15.178,420.2921623465683,1003
2024-09-19 11:17:15.258,420.261455193049,996
2024-09-19 11:17:15.326,420.29669923676215,1000
2024-09-19 11:17:15.492,420.32265048492894,14
2024-09-19 11:17:15.569,420.31069362855015,996
2024-09-19 11:17:15.736,420.2679430478559,1001
2024-09-19 11:17:15.800,420.27390204429526,1003
2024-09-19 11:17:15.840,420.2604662356436,104
2024-09-19 11:17:15.849,420.27142775174906,100
2024-09-19 11:17:15.897,420.2846843099488,5
2024-09-19 11:17:16.006,420.3439534624504,10
2024-09-19 11:17:16.048,420.3521906966397,99
2024-09-19 11:17:16.117,420.32740459983336,1003
2024-09-19 11:17:16.196,420.3653759941196,1001
2024-09-19 11:17:16.199,420.2969520850547,8
2024-09-19 11:17:16.302,420.33163227897785,102
2024-09-19 11:17:16.372,420.3065567314539,15
2024-09-19 11:17:16.548,420.3581447064645,97
2024-09-19 11:17:16.633,-420.3139489555359,996
2024-09-19 11:17:16.865,420.28925943594976,101
2024-09-19 11:17:16.895,420.3576349675527,8
2024-09-19 11:17:16.946,420.3055337089321,1005
2024-09-19 11:17:16.993,420.3558879775766,97
2024-09-19 11:17:17.052,420.3963587660897,1003
2024-09-19 11:17:17.215,420.3650555552573,14
2024-09-19 11:17:17.270,420.3363364118181,9
2024-09-19 11:17:17.338,420.3960911299063,105
2024-09-19 11:17:17.450,420.383621194784,101
2024-09-19 11:17:17.501,420.3826748001549,10
2024-09-19 11:17:17.511,420.3686485666344,95
2024-09-19 11:17:17.524,420.373678080117,96
2024-09-19 11:17:17.557,420.3897817316483,98
2024-09-19 11:17:17.596,420.3924313597269,996
2024-09-19 11:17:17.783,420.3521367663241,1000
2024-09-19 11:17:17.792,420.39744793814737,103
2024-09-19 11:17:17.893,420.3907130172853,12
2024-09-19 11:17:17.904,420.3968584637655,104
2024-09-19 11:17:18.012,420.4145141111427,95
2024-09-19 11:17:18.044,420.42449190754206,105
2024-09-19 11:17:18.160,420.40333530153566,14
2024-09-19 11:17:18.302,420.4333358492516,98
2024-09-19 11:17:18.374,420.4030701748333,12
2024-09-19 11:17:18.405,420.43946866434777,996
2024-09-19 11:17:18.408,420.4370626152772,995
2024-09-19 11:17:18.440,420.42392585107984,13
2024-09-19 11:17:18.634,420.4243596753835,98
2024-09-19 11:17:18.698,420.4290643446066,8
2024-09-19 11:17:19.135,420.44116958193376,996
2024-09-19 11:17:19.153,420.4498332045544,102
2024-09-19 11:17:19.177,420.44905683614434,996
2024-09-19 11:17:19.215,420.4384539023672,1004
2024-09-19 11:17:19.234,420.4063327258683,12
2024-09-19 11:17:19.453,420.4091269770795,96
2024-09-19 11:17:19.503,420.4341382161442,11
2024-09-19 11:17:19.701,420.4226088860384,12
2024-09-19 11:17:19.784,420.4080108275342,1004
2024-09-19 11:17:19.956,420.4344614116987,103
2024-09-19 11:17:20.046,420.4385044003589,995
2024-09-19 11:17:20.193,420.4560240391264,12
2024-09-19 11:17:20.203,420.4634981727268,14
2024-09-19 11:17:20.295,420.4391023583474,8
2024-09-19 11:17:20.297,420.4718527986571,102
2024-09-19 11:17:20.306,420.4569459231373,14
2024-09-19 11:17:20.327,420.4746693456256,102
2024-09-19 11:17:20.339,420.4528416751543,98
2024-09-19 11:17:20.418,420.4362597901153,12
2024-09-19 11:17:20.439,420.4696741028501,10
2024-09-19 11:17:20.440,420.43254170259047,999
2024-09-19 11:17:20.446,420.468719425854,96
2024-09-19 11:17:20.498,420.4560068322946,1000
2024-09-19 11:17:20.542,420.443037098757,95
2024-09-19 11:17:20.767,420.43234232539817,6
2024-09-19 11:17:20.856,420.4429721930918,1004
2024-09-19 11:17:20.894,420.4821345661227,96
2024-09-19 11:17:20.928,420.4610517913241,1005
2024-09-19 11:17:20.946,420.4611449456695,1001
2024-09-19 11:17:20.959,420.4390602223365,1005
2024-09-19 11:17:21.068,420.431550251358,1002
2024-09-19 11:17:21.151,420.4232679214058,100
2024-09-19 11:17:22.089,420.5198629464108,15
2024-09-19 11:17:22.146,420.4076793408244,105
2024-09-19 11:17:22.167,420.4128560736575,11
2024-09-19 11:17:22.178,420.4220921790729,101
2024-09-19 11:17:22.199,420.4620893232005,998
2024-09-19 11:17:22.199,420.50160895495287,997
2024-09-19 11:17:22.207,420.4505717685685,105
2024-09-19 11:17:22.259,420.5231893206953,995
2024-09-19 11:17:22.329,420.4167315903127,95
2024-09-19 11:17:22.437,420.4669011733067,11
2024-09-19 11:17:22.445,420.44330503983576,12
2024-09-19 11:17:22.542,420.521465095752,996
2024-09-19 11:17:22.554,420.51604106939726,97
2024-09-19 11:17:22.567,420.4984963595077,14
2024-09-19 11:17:22.617,420.4297105496405,998
2024-09-19 11:17:22.664,420.4414284502503,7
2024-09-19 11:17:22.677,420.4867488457055,997
2024-09-19 11:17:22.706,420.4887928515912,10
2024-09-19 11:17:22.744,420.4145906178945,104
2024-09-19 11:17:22.816,420.4211554801394,11
2024-09-19 11:17:22.836,420.501921975112,998
2024-09-19 11:17:22.885,420.5141544006152,9
2024-09-19 11:17:22.973,420.4332577788297,10
2024-09-19 11:17:22.991,420.4999860468844,100
2024-09-19 11:17:23.027,420.5680985997515,12
2024-09-19 11:17:23.060,420.5539403400682,1005
2024-09-19 11:17:23.080,420.5611866359,5
2024-09-19 11:17:23.313,420.5388263479065,100
2024-09-19 11:17:23.418,420.5552477224446,103
2024-09-19 11:17:23.443,420.5447797257614,9
2024-09-19 11:17:23.567,420.5586485121813,1005
2024-09-19 11:17:23.610,420.5677346110061,1004
2024-09-19 11:17:23.682,420.5661843672548,1001
2024-09-19 11:17:23.704,420.5494547081918,5
2024-09-19 11:17:23.739,420.5661269901487,1000
2024-09-19 11:17:23.853,,103
2024-09-19 11:17:23.856,420.56015896882855,1003
2024-09-19 11:17:24.419,420.55998234258993,96
2024-09-19 11:17:25.085,420.5904971622104,1004
2024-09-19 11:17:25.152,420.5604159229901,1000
2024-09-19 11:17:25.154,420.5700146164253,8
2024-09-19 11:17:25.158,420.6075516899405,1005
2024-09-19 11:17:25.160,420.5804755118789,1005
2024-09-19 11:17:25.169,420.6216190199992,98
2024-09-19 11:17:25.181,420.575747130501,99
2024-09-19 11:17:25.199,420.58716891206416,15
2024-09-19 11:17:25.246,420.56500484126974,102
2024-09-19 11:17:25.330,420.5677413480848,997
2024-09-19 11:17:25.330,420.56502163537664,100
2024-09-19 11:17:25.386,420.5698278697354,14
2024-09-19 11:17:25.607,420.5758033734592,98
2024-09-19 11:17:25.681,420.565299348678,104
2024-09-19 11:17:25.879,420.6252007737978,102
2024-09-19 11:17:25.910,420.5466834291898,5
2024-09-19 11:17:25.988,420.5812950784293,105
2024-09-19 11:17:26.502,420.6298738724526,15
2024-09-19 11:17:26.887,420.6418980414153,7
2024-09-19 11:17:27.063,420.63767852224,995
2024-09-19 11:17:27.116,420.63324515655415,1002
2024-09-19 11:17:27.172,420.6374339166412,101
2024-09-19 11:17:27.281,420.6217213401729,10
2024-09-19 11:17:27.466,420.656943382958,96
2024-09-19 11:17:27.497,420.6519254926602,100
2024-09-19 11:17:27.722,420.6220766208281,1000
2024-09-19 11:17:27.951,420.6520969006245,97
2024-09-19 11:17:28.020,420.5833698324406,6
2024-09-19 11:17:28.241,420.6040619362112,1000
2024-09-19 11:17:28.292,420.6516995865287,996
2024-09-19 11:17:28.355,420.59564714134126,1003
2024-09-19 11:17:28.388,420.6016978884144,996
2024-09-19 11:17:28.410,420.584089931994,95
2024-09-19 11:17:28.443,420.6425496083589,7
2024-09-19 11:17:28.598,420.6373029710609,105
2024-09-19 11:17:28.748,420.5868761771572,11
2024-09-19 11:17:28.866,420.586305112068,12
2024-09-19 11:17:29.025,420.55913932594274,1005
2024-09-19 11:17:29.043,420.5841220490212,14
2024-09-19 11:17:29.131,420.5392038791509,10
2024-09-19 11:17:29.209,420.5963992922015,9
2024-09-19 11:17:29.248,420.59876257136494,1000
2024-09-19 11:17:29.263,420.58272656261386,998
2024-09-19 11:17:29.286,420.57503109328087,999
2024-09-19 11:17:29.364,420.5849411605494,8
2024-09-19 11:17:29.396,420.5820720855309,1004
2024-09-19 11:17:29.413,420.5812098250501,8
2024-09-19 11:17:29.440,420.5764775992442,6
2024-09-19 11:17:29.469,420.57529432486064,13
2024-09-19 11:17:29.475,420.5563426025543,1003
2024-09-19 11:17:29.487,420.6048421667333,997
2024-09-19 11:17:29.525,420.610836852761,102
2024-09-19 11:17:29.529,420.572841255553,104
2024-09-19 11:17:29.586,420.56870759588736,1002
2024-09-19 11:17:29.598,420.5950596836787,98
2024-09-19 11:17:29.612,420.5996094366772,14
2024-09-19 11:17:29.730,420.5442436548664,100
2024-09-19 11:17:29.748,420.5657722088389,1003
2024-09-19 11:17:29.798,420.58883479228206,997
2024-09-19 11:17:29.856,420.5515493239593,1004
2024-09-19 11:17:29.864,420.5510302251563,1000
2024-09-19 11:17:29.991,420.5650062422742,104
2024-09-19 11:17:30.423,420.5491242047557,11
2024-09-19 11:17:30.741,420.5424438347325,101
2024-09-19 11:17:31.116,42.05065017555122,7
2024-09-19 11:17:31.405,420.5321542225579,1004
2024-09-19 11:17:31.515,420.51764477706416,104
2024-09-19 11:17:31.715,42.054007473014025,11
2024-09-19 11:17:32.037,420.51277504433153,100
2024-09-19 11:17:32.210,420.5356443154896,7
2024-09-19 11:17:32.303,420.5107874172408,97
2024-09-19 11:17:32.365,420.5066073685454,11
2024-09-19 11:17:32.392,420.5105680143277,96
2024-09-19 11:17:32.676,420.5314602271942,97
2024-09-19 11:17:32.841,420.51976100915806,1005
2024-09-19 11:17:32.945,,12
2024-09-19 11:17:33.154,420.550032405125,14
2024-09-19 11:17:33.196,420.5292338868635,1004
2024-09-19 11:17:33.288,420.5489645103156,12
2024-09-19 11:17:33.293,420.5292483872838,105
2024-09-19 11:17:33.401,420.5534107710972,8
2024-09-19 11:17:33.500,420.5308996136833,8
2024-09-19 11:17:33.659,420.5487811170819,11
2024-09-19 11:17:33.784,420.544695085057,97
2024-09-19 11:17:33.903,420.5547054174979,1005
2024-09-19 11:17:34.680,420.5126897706694,995
2024-09-19 11:17:34.707,420.5200032283983,998
2024-09-19 11:17:34.729,420.5253510187189,7
2024-09-19 11:17:34.829,420.5223550127849,8
2024-09-19 11:17:34.890,420.5325166829441,101
2024-09-19 11:17:35.207,420.5295028843117,15
2024-09-19 11:17:35.604,420.51331809693386,6
2024-09-19 11:17:35.794,420.5317796134081,8
2024-09-19 11:17:35.935,42.05340119528984,997
2024-09-19 11:17:35.992,420.5382700009232,5
2024-09-19 11:17:36.256,420.5325416295431,9
2024-09-19 11:17:36.411,420.5823631436106,105
2024-09-19 11:17:36.563,420.5592946946409,1001
2024-09-19 11:17:36.590,420.5614503645949,1000
2024-09-19 11:17:36.602,420.5587029711461,995
2024-09-19 11:17:36.620,420.5468773957976,12
2024-09-19 11:17:36.636,420.5605952471065,9
2024-09-19 11:17:36.812,420.5673464734685,100
2024-09-19 11:17:36.974,420.573711154891,1000
2024-09-19 11:17:36.981,420.5674110847975,9
2024-09-19 11:17:37.061,420.5127735383894,997
2024-09-19 11:17:37.135,420.5280719250105,100
2024-09-19 11:17:37.195,42.05353955927959,997
2024-09-19 11:17:37.215,-420.5368778622029,101
2024-09-19 11:17:37.319,420.5270295398371,101
2024-09-19 11:17:37.592,420.5303528851197,12
2024-09-19 11:17:37.651,420.5190497676376,95
2024-09-19 11:17:37.691,420.5243409425305,96
2024-09-19 11:17:37.711,420.5081584683384,97
2024-09-19 11:17:37.768,420.50379776112607,13
2024-09-19 11:17:37.781,420.50638550560745,96
2024-09-19 11:17:37.782,420.5129742493002,105
2024-09-19 11:17:37.841,420.5157471675009,7
2024-09-19 11:17:37.854,420.5031239675817,13
2024-09-19 11:17:37.855,420.53696195098473,95
2024-09-19 11:17:37.921,420.5498474464085,103
2024-09-19 11:17:38.008,420.4440774159529,997
2024-09-19 11:17:38.010,420.5199833448322,999
2024-09-19 11:17:38.084,420.4577742525234,999
2024-09-19 11:17:38.147,420.4843323134229,5
2024-09-19 11:17:38.199,420.5173030812288,1004
2024-09-19 11:17:38.200,420.4994768986353,14
2024-09-19 11:17:38.332,420.513441115755,96
2024-09-19 11:17:38.365,420.4966255580136,997
2024-09-19 11:17:38.414,420.47496648219214,997
2024-09-19 11:17:38.472,,13
2024-09-19 11:17:38.474,420.5073222422041,1005
2024-09-19 11:17:38.526,420.4687718569768,9
2024-09-19 11:17:38.584,420.52487576595,13
2024-09-19 11:17:38.628,420.44880818461417,104
2024-09-19 11:17:38.638,420.462614875498,6
2024-09-19 11:17:38.682,420.522072600489,8
2024-09-19 11:17:38.719,420.5291107585579,98
2024-09-19 11:17:38.746,420.4663040077165,5
2024-09-19 11:17:38.748,420.450090155865,997
2024-09-19 11:17:38.757,420.4407636145108,95
2024-09-19 11:17:38.810,420.5286029877425,14
2024-09-19 11:17:38.819,420.505370614521,14
2024-09-19 11:17:38.831,420.5065740924065,998
2024-09-19 11:17:38.864,420.4978443759076,6
2024-09-19 11:17:38.961,420.44935167442367,98
2024-09-19 11:17:38.965,420.50935992562415,995
2024-09-19 11:17:39.276,420.449055434138,5
2024-09-19 11:17:40.075,420.4342404921643,1001
2024-09-19 11:17:40.174,420.41099228203086,9
2024-09-19 11:17:40.257,420.4380967333019,105
2024-09-19 11:17:40.394,420.4234231137378,102
2024-09-19 11:17:40.427,420.4225856656323,15
2024-09-19 11:17:40.615,420.4193310436185,10
2024-09-19 11:17:40.639,420.4125794578148,102
2024-09-19 11:17:40.893,420.4460589018457,99
2024-09-19 11:17:41.033,420.348154352348,1005
2024-09-19 11:17:41.056,420.4150311277989,105
2024-09-19 11:17:41.187,420.3828533111387,96
2024-09-19 11:17:41.203,420.4359147769165,996
2024-09-19 11:17:41.206,420.378198994708,15
2024-09-19 11:17:41.231,420.3468744729658,9
2024-09-19 11:17:41.232,420.4498489610196,99
2024-09-19 11:17:41.269,420.4521661447414,995
2024-09-19 11:17:41.276,420.3686917403123,11
2024-09-19 11:17:41.301,420.3514200636349,98
2024-09-19 11:17:41.308,420.3636971603521,11
2024-09-19 11:17:41.568,420.3664563078943,1001
2024-09-19 11:17:41.639,420.3450638061517,1000
2024-09-19 11:17:41.647,420.3860352460472,95
2024-09-19 11:17:41.651,420.3263448033152,8
2024-09-19 11:17:41.663,420.3653964308964,100
2024-09-19 11:17:41.664,420.3759472930266,102
2024-09-19 11:17:41.691,420.41254950154456,99
2024-09-19 11:17:41.697,420.4470629540903,14
2024-09-19 11:17:41.710,420.36794992945374,97
2024-09-19 11:17:41.777,420.4114338949253,12
2024-09-19 11:17:41.786,420.4258647103605,95
2024-09-19 11:17:41.854,420.3996270617762,8
2024-09-19 11:17:42.063,420.3259959929677,9
2024-09-19 11:17:42.067,420.3049406394572,6
2024-09-19 11:17:42.073,420.3266722628576,14
2024-09-19 11:17:42.121,420.3006857093077,998
2024-09-19 11:17:42.178,420.293116501593,101
2024-09-19 11:17:42.236,420.3021277608136,101
2024-09-19 11:17:42.260,420.3193612828147,102
2024-09-19 11:17:42.268,420.342122136992,5
2024-09-19 11:17:42.307,420.3383635355764,6
2024-09-19 11:17:42.314,420.35513239527234,9
2024-09-19 11:17:42.428,420.3314789753785,102
2024-09-19 11:17:42.442,420.3159596468564,10
2024-09-19 11:17:42.669,420.32809168115887,103
2024-09-19 11:17:42.669,420.3446751994759,101
2024-09-19 11:17:42.824,420.35810152633775,101
2024-09-19 11:17:42.975,420.33065711564814,97
2024-09-19 11:17:42.990,420.3491087856854,10
2024-09-19 11:17:43.136,420.38939151468696,7
2024-09-19 11:17:43.647,420.43907383178015,104
2024-09-19 11:17:43.887,420.3826939017099,10
2024-09-19 11:17:43.913,420.4130273286146,998
2024-09-19 11:17:44.013,420.45120843327936,1004
2024-09-19 11:17:44.082,420.4276125513103,96
2024-09-19 11:17:44.179,420.4168776931761,1000
2024-09-19 11:17:44.235,420.4594088781458,12
2024-09-19 11:17:44.239,420.4677458752993,1005
2024-09-19 11:17:44.246,420.4508414292992,1004
2024-09-19 11:17:44.347,420.4365380021418,100
2024-09-19 11:17:44.360,420.4676082805328,105
2024-09-19 11:17:44.399,420.4725831706056,1005
2024-09-19 11:17:44.399,420.4217439564802,15
2024-09-19 11:17:44.409,420.4300856609537,102
2024-09-19 11:17:44.412,420.4494095288634,102
2024-09-19 11:17:44.416,420.4360205361669,7
2024-09-19 11:17:44.590,420.4423565800147,997
2024-09-19 11:17:44.594,420.4678287678959,999
2024-09-19 11:17:44.598,420.4213915697514,8
2024-09-19 11:17:44.635,420.44426296181103,1004
2024-09-19 11:17:44.681,420.43782488361626,98
2024-09-19 11:17:44.754,420.4131801150369,6
2024-09-19 11:17:44.935,420.46792464880616,1003
2024-09-19 11:17:45.067,420.43717100300057,95
2024-09-19 11:17:45.505,420.47756783943663,14
2024-09-19 11:17:45.609,420.4603623174597,999
2024-09-19 11:17:45.656,420.4481368145201,104
2024-09-19 11:17:45.938,420.4739245939991,13
2024-09-19 11:17:46.149,420.4663723739563,15
2024-09-19 11:17:46.462,420.46659944892326,7
2024-09-19 11:17:46.893,420.4748228701052,101
2024-09-19 11:17:47.049,420.4713072593953,105
2024-09-19 11:17:47.177,420.5091089075881,1001
2024-09-19 11:17:47.430,420.5119082368887,1003
2024-09-19 11:17:47.564,420.5107981910318,6
2024-09-19 11:17:47.670,420.5078698829687,1001
2024-09-19 11:17:47.724,420.5144053904128,98
2024-09-19 11:17:47.857,420.49395649243655,95
2024-09-19 11:17:47.922,420.487744184284,999
2024-09-19 11:17:48.098,420.4926729540549,100
2024-09-19 11:17:48.319,420.4858324651756,9
2024-09-19 11:17:48.324,420.4861113548124,1005
2024-09-19 11:17:48.655,420.5023352089472,997
2024-09-19 11:17:49.024,420.4976748722044,10
2024-09-19 11:17:49.180,420.4984959304812,98
2024-09-19 11:17:49.842,420.4845433936487,1002
2024-09-19 11:17:50.041,420.4900683029468,8
2024-09-19 11:17:50.050,420.5019859627112,6
2024-09-19 11:17:50.055,420.51816693690495,104
2024-09-19 11:17:50.131,420.50634491678784,996
2024-09-19 11:17:50.272,420.4465077684092,99
2024-09-19 11:17:50.323,420.5121805473817,7
2024-09-19 11:17:50.333,420.4523092935636,1004
2024-09-19 11:17:50.362,420.4664314581424,102
2024-09-19 11:17:50.403,420.49569506969465,14
2024-09-19 11:17:50.424,420.4435469650608,104
2024-09-19 11:17:50.432,420.4404638234755,11
2024-09-19 11:17:50.496,420.5013136564469,8
2024-09-19 11:17:50.507,420.4436715678792,9
2024-09-19 11:17:50.512,420.52616440421326,6
2024-09-19 11:17:50.527,420.4955542547932,1003
2024-09-19 11:17:50.531,420.4928972331615,999
2024-09-19 11:17:50.535,420.5020590950748,104
2024-09-19 11:17:50.566,420.4389462617842,9
2024-09-19 11:17:50.570,420.4975729025928,103
2024-09-19 11:17:50.584,420.4608136563784,999
2024-09-19 11:17:50.593,420.4580463812951,1000
2024-09-19 11:17:50.598,420.5128790810889,12
2024-09-19 11:17:50.604,420.4553193964068,1000
2024-09-19 11:17:50.613,420.4944574700044,12
2024-09-19 11:17:50.773,420.4584641826456,102
2024-09-19 11:17:50.906,420.4769385225113,101
2024-09-19 11:17:50.906,420.4538198177508,13
2024-09-19 11:17:50.938,420.5232980427761,1001
2024-09-19 11:17:50.955,420.4989776652178,104
2024-09-19 11:17:51.051,420.4776485185285,996
2024-09-19 11:17:51.063,420.4706942616204,102
2024-09-19 11:17:51.143,420.4701024608191,1002
2024-09-19 11:17:51.191,420.4942983806458,14
2024-09-19 11:17:51.228,420.4836131988136,95
2024-09-19 11:17:51.464,42.04677293395099,103
2024-09-19 11:17:51.585,420.48225298443225,99
2024-09-19 11:17:51.813,420.47933755785033,103
2024-09-19 11:17:52.017,420.4597315903685,998
2024-09-19 11:17:52.130,420.47882105511167,8
2024-09-19 11:17:52.133,420.4599054471785,1002
2024-09-19 11:17:52.199,420.47470423588993,104
2024-09-19 11:17:52.243,420.443926977708,14
2024-09-19 11:17:52.251,420.41142402883867,11
2024-09-19 11:17:52.352,420.4773646121461,6
2024-09-19 11:17:52.370,420.44330132673474,96
2024-09-19 11:17:52.623,420.4265243847058,1005
2024-09-19 11:17:52.676,420.4296766663136,101
2024-09-19 11:17:52.703,420.45503679993016,96
2024-09-19 11:17:52.749,420.47751314368935,7
2024-09-19 11:17:52.812,420.463764079457,1002
2024-09-19 11:17:52.853,420.465822014512,103
2024-09-19 11:17:52.958,420.4473283252951,998
2024-09-19 11:17:52.961,420.4788199785313,6
2024-09-19 11:17:52.962,420.4688243134327,96
2024-09-19 11:17:53.018,420.4439984382576,997
2024-09-19 11:17:53.018,420.476176081028,996
2024-09-19 11:17:53.051,,996
2024-09-19 11:17:53.062,,104
2024-09-19 11:17:53.137,420.4839398929856,102
2024-09-19 11:17:53.184,420.424112310714,1004
2024-09-19 11:17:53.204,420.5024368501914,998
2024-09-19 11:17:53.276,420.44972828925,12
2024-09-19 11:17:53.300,420.4815450175437,12
2024-09-19 11:17:53.335,420.4437949350215,15
2024-09-19 11:17:53.348,420.4357389199622,102
2024-09-19 11:17:53.351,420.49818321656335,999
2024-09-19 11:17:53.424,420.4392492583153,101
2024-09-19 11:17:53.494,,102
2024-09-19 11:17:53.510,420.4386188128019,105
2024-09-19 11:17:53.563,420.48632153001546,15
2024-09-19 11:17:53.569,420.4733370533909,11
2024-09-19 11:17:53.618,420.4850596299035,12
2024-09-19 11:17:53.618,420.42930740087417,14
2024-09-19 11:17:53.637,420.4372746295898,98
2024-09-19 11:17:53.645,420.4514616502461,1005
2024-09-19 11:17:53.665,420.487793824142,5
2024-09-19 11:17:53.782,420.4582514466748,1000
2024-09-19 11:17:53.859,420.48454089533385,11
2024-09-19 11:17:53.896,420.4508686161262,96
2024-09-19 11:17:53.964,420.4866872957262,96
2024-09-19 11:17:54.043,420.42575747923496,96
2024-09-19 11:17:54.312,42.04684173661106,98
2024-09-19 11:17:54.428,420.4525124262514,1005
2024-09-19 11:17:54.433,420.4588292180615,999
2024-09-19 11:17:54.457,420.4585086190162,998
2024-09-19 11:17:54.539,420.4561434216522,1001
2024-09-19 11:17:54.592,420.4361517714025,105
2024-09-19 11:17:54.596,420.4450272400612,1005
2024-09-19 11:17:54.800,420.4168973342437,15
2024-09-19 11:17:54.868,420.4285374592897,8
2024-09-19 11:17:55.062,420.4604778300251,98
2024-09-19 11:17:55.086,420.4580632908024,12
2024-09-19 11:17:55.161,-420.4473239001072,997
2024-09-19 11:17:55.251,420.4747397669713,15
2024-09-19 11:17:55.293,420.4695373534524,15
2024-09-19 11:17:55.303,420.4611817559223,997
2024-09-19 11:17:55.355,-420.4391664907937,105
2024-09-19 11:17:55.379,420.42287699702257,997
2024-09-19 11:17:55.401,420.4615561863499,11
2024-09-19 11:17:55.451,420.4678543633741,12
2024-09-19 11:17:55.601,420.45633868641823,11
2024-09-19 11:17:55.631,420.4452078869797,10
2024-09-19 11:17:55.643,420.4667343438634,1000
2024-09-19 11:17:55.796,42.04693876367233,8
2024-09-19 11:17:55.807,420.4546245803962,999
2024-09-19 11:17:56.271,420.4506778065688,98
2024-09-19 11:17:57.009,420.4939035591937,95
2024-09-19 11:17:57.040,420.4767125785767,1004
2024-09-19 11:17:57.129,420.4584442263112,8
2024-09-19 11:17:57.238,420.47596277166485,11
2024-09-19 11:17:57.245,420.445445362843,1000
2024-09-19 11:17:57.260,420.5415050433383,5
2024-09-19 11:17:57.265,420.4638562568668,103
2024-09-19 11:17:57.267,420.4814836245645,1004
2024-09-19 11:17:57.273,420.474505496625,7
2024-09-19 11:17:57.295,420.4471501282021,15
2024-09-19 11:17:57.315,420.4683865644493,1005
2024-09-19 11:17:57.318,420.4573725042444,12
2024-09-19 11:17:57.373,420.5220360137219,5
2024-09-19 11:17:57.378,420.5253172572657,8
2024-09-19 11:17:57.402,420.5145528733176,98
2024-09-19 11:17:57.480,420.4573139930388,12
2024-09-19 11:17:57.494,420.4580118776885,100
2024-09-19 11:17:57.568,420.4349751445823,998
2024-09-19 11:17:57.575,420.4427022644701,14
2024-09-19 11:17:57.614,420.45097300117015,15
2024-09-19 11:17:57.617,420.4855263427597,98
2024-09-19 11:17:57.656,420.455668468944,101
2024-09-19 11:17:57.687,420.49813197982417,998
2024-09-19 11:17:57.744,420.5057059629699,995
2024-09-19 11:17:57.772,420.4559272735762,1001
2024-09-19 11:17:57.839,420.5165737262643,103
2024-09-19 11:17:57.853,420.500804062901,11
2024-09-19 11:17:57.898,420.4891609024976,14
2024-09-19 11:17:58.135,420.4993847904486,1004
2024-09-19 11:17:58.184,420.4940926461086,995
2024-09-19 11:17:58.238,420.4936425525038,1000
2024-09-19 11:17:58.238,420.4966458989864,999
2024-09-19 11:17:58.409,420.5031455350533,6
2024-09-19 11:17:58.434,420.47591530816345,100
2024-09-19 11:17:58.494,-420.5165314244632,1001
2024-09-19 11:17:58.506,420.4770610653508,104
2024-09-19 11:17:58.530,420.5135407900859,1003
2024-09-19 11:17:58.572,420.4996975234445,13
2024-09-19 11:17:58.573,420.4985752453995,1003
2024-09-19 11:17:58.693,420.4833930892258,12
2024-09-19 11:17:58.722,420.5084924249659,12
2024-09-19 11:17:58.745,420.4688806884213,103
2024-09-19 11:17:58.912,420.5152938022614,999
2024-09-19 11:17:59.003,420.5002614460013,103
2024-09-19 11:17:59.005,420.4658713481933,1005
2024-09-19 11:17:59.028,420.4911422585336,999
2024-09-19 11:17:59.083,420.49534612436304,1005
2024-09-19 11:17:59.115,420.5237196350603,10
2024-09-19 11:17:59.224,420.5161789825211,11
2024-09-19 11:17:59.235,420.49132269510176,100
2024-09-19 11:17:59.263,420.5443391104574,15
2024-09-19 11:17:59.271,42.05019741791923,99
2024-09-19 11:17:59.382,420.516161392172,995
2024-09-19 11:17:59.404,420.5055273628005,1000
2024-09-19 11:17:59.405,420.4950812548305,997
2024-09-19 11:17:59.523,420.5177337678173,10
2024-09-19 11:17:59.598,420.5149239544318,996
2024-09-19 11:17:59.699,420.5021320720852,1001
2024-09-19 11:17:59.884,420.4871809762229,99
2024-09-19 11:17:59.907,420.4928703267077,10
2024-09-19 11:17:59.961,420.5382153186332,1003
