Timestamp,Price,Size
2024-09-17 12:44:00.035,404.4907175021214,13
2024-09-17 12:44:00.075,404.49334929498457,7
2024-09-17 12:44:00.188,404.5109921130484,97
2024-09-17 12:44:00.200,404.5102483065944,104
2024-09-17 12:44:00.242,404.497145367773,1002
2024-09-17 12:44:00.278,404.4860051875596,103
2024-09-17 12:44:00.289,404.514637945408,998
2024-09-17 12:44:00.297,404.49401679468,14
2024-09-17 12:44:00.343,404.4949801056978,98
2024-09-17 12:44:00.348,404.5103471772841,999
2024-09-17 12:44:00.452,,105
2024-09-17 12:44:00.453,404.5141204896933,996
2024-09-17 12:44:00.460,404.5141217536512,999
2024-09-17 12:44:00.468,404.5208585588106,6
2024-09-17 12:44:00.664,404.5086433122702,995
2024-09-17 12:44:00.767,404.4948362232285,1000
2024-09-17 12:44:00.777,404.5035671368536,11
2024-09-17 12:44:00.967,404.5205762927498,1000
2024-09-17 12:44:00.978,404.49134943820457,1004
2024-09-17 12:44:01.157,404.3966254648156,1002
2024-09-17 12:44:01.302,,1001
2024-09-17 12:44:01.309,404.4310719288177,105
2024-09-17 12:44:01.323,404.394694325384,1005
2024-09-17 12:44:01.406,404.45990988632656,7
2024-09-17 12:44:01.416,404.4733898713485,11
2024-09-17 12:44:01.454,404.4676887966754,997
2024-09-17 12:44:01.488,404.47555374426815,14
2024-09-17 12:44:01.533,404.3910415483404,1005
2024-09-17 12:44:01.574,404.462994592736,995
2024-09-17 12:44:01.586,404.4930663145756,12
2024-09-17 12:44:01.695,404.40580726139314,1002
2024-09-17 12:44:01.836,404.45354101232704,6
2024-09-17 12:44:01.856,404.40242376935856,998
2024-09-17 12:44:01.862,404.4096827432447,9
2024-09-17 12:44:01.866,404.3940245728031,96
2024-09-17 12:44:01.883,404.443527372378,100
2024-09-17 12:44:01.912,404.39949600090665,14
2024-09-17 12:44:01.955,404.4350518385108,996
2024-09-17 12:44:02.169,404.4218383316775,104
2024-09-17 12:44:02.579,404.43523247944665,9
2024-09-17 12:44:03.095,404.4251786027161,7
2024-09-17 12:44:03.253,404.43118553683416,1003
2024-09-17 12:44:03.258,404.472675353163,996
2024-09-17 12:44:03.426,404.489797305304,11
2024-09-17 12:44:03.454,404.4734789084215,103
2024-09-17 12:44:03.485,404.4374782690385,7
2024-09-17 12:44:03.601,404.45161018480326,1002
2024-09-17 12:44:03.658,404.49428326865376,7
2024-09-17 12:44:03.662,404.4867529387765,998
2024-09-17 12:44:03.772,404.50045151107446,104
2024-09-17 12:44:03.834,404.4371709112352,1005
2024-09-17 12:44:03.934,404.4327278967159,100
2024-09-17 12:44:03.970,404.4799419887643,997
2024-09-17 12:44:04.048,404.47633563387103,10
2024-09-17 12:44:04.207,404.4815929709641,99
2024-09-17 12:44:04.333,404.4692312043081,6
2024-09-17 12:44:04.333,404.48281866625,103
2024-09-17 12:44:04.546,404.4748496803192,998
2024-09-17 12:44:04.571,404.46829902669634,1001
2024-09-17 12:44:04.699,404.4690613727706,95
2024-09-17 12:44:04.986,404.4805159651847,97
2024-09-17 12:44:05.125,404.5282833961457,105
2024-09-17 12:44:05.134,404.52005391658975,7
2024-09-17 12:44:05.184,404.5236655443328,1003
2024-09-17 12:44:05.290,404.5205327308187,12
2024-09-17 12:44:05.297,404.4993087140665,95
2024-09-17 12:44:05.346,404.52855931641767,995
2024-09-17 12:44:05.362,404.5419020239245,997
2024-09-17 12:44:05.386,404.5053482732405,97
2024-09-17 12:44:05.553,404.46868413027937,95
2024-09-17 12:44:05.556,404.53248406489257,8
2024-09-17 12:44:05.613,404.4943418041359,1002
2024-09-17 12:44:05.627,404.5318016936551,1001
2024-09-17 12:44:05.636,404.4740745569753,1001
2024-09-17 12:44:05.688,404.5246180568812,105
2024-09-17 12:44:05.853,404.463116945077,102
2024-09-17 12:44:05.882,404.5254266240991,14
2024-09-17 12:44:05.897,404.5334580336344,8
2024-09-17 12:44:05.979,404.53298522079496,1005
2024-09-17 12:44:06.050,404.52466471576,105
2024-09-17 12:44:06.289,404.5426988531565,7
2024-09-17 12:44:06.399,404.52287657735945,1001
2024-09-17 12:44:06.550,404.5262415460648,1002
2024-09-17 12:44:06.763,404.51338787114986,14
2024-09-17 12:44:06.998,404.5421757767702,105
2024-09-17 12:44:07.128,404.5421229421274,6
2024-09-17 12:44:08.440,404.53393295077126,995
2024-09-17 12:44:08.610,404.52673129024095,5
2024-09-17 12:44:08.997,404.53218163240473,1002
2024-09-17 12:44:10.033,404.5182677387464,104
2024-09-17 12:44:10.291,404.5339704928658,10
2024-09-17 12:44:10.317,404.53455089054586,1001
2024-09-17 12:44:10.370,404.5212222932341,95
2024-09-17 12:44:10.467,404.53817077862976,104
2024-09-17 12:44:10.493,404.5374594239348,102
2024-09-17 12:44:10.745,404.5274657517074,1005
2024-09-17 12:44:10.767,404.5304556784333,1001
2024-09-17 12:44:10.811,404.51255667988426,96
2024-09-17 12:44:10.913,404.5375707514183,98
2024-09-17 12:44:11.168,404.5459320145443,11
2024-09-17 12:44:11.333,404.5680607753368,99
2024-09-17 12:44:11.717,404.5634986287304,1002
2024-09-17 12:44:11.910,404.556614171958,95
2024-09-17 12:44:12.429,404.5784170746487,995
2024-09-17 12:44:13.063,404.5984078009321,1002
2024-09-17 12:44:13.069,404.66510988358,7
2024-09-17 12:44:13.091,404.60540552879553,1002
2024-09-17 12:44:13.138,404.618830587446,15
2024-09-17 12:44:13.160,404.5836818375407,96
2024-09-17 12:44:13.226,404.6384478331305,96
2024-09-17 12:44:13.262,404.63632522658713,999
2024-09-17 12:44:13.289,404.6282160956516,102
2024-09-17 12:44:13.371,404.6456220789131,105
2024-09-17 12:44:13.497,404.5984919048438,996
2024-09-17 12:44:13.513,404.60798765789394,104
2024-09-17 12:44:13.635,404.6008971243756,13
2024-09-17 12:44:13.714,404.6022098738927,995
2024-09-17 12:44:13.729,404.6444723639767,99
2024-09-17 12:44:13.743,404.6033675788302,102
2024-09-17 12:44:13.743,404.61943062802254,100
2024-09-17 12:44:13.752,404.61906808203264,98
2024-09-17 12:44:13.753,404.5955556602696,996
2024-09-17 12:44:13.756,404.65017721993627,96
2024-09-17 12:44:13.766,404.61499167436034,13
2024-09-17 12:44:13.806,404.6000683886126,998
2024-09-17 12:44:13.833,404.5712464204844,7
2024-09-17 12:44:13.853,404.6028817703884,1005
2024-09-17 12:44:13.868,404.6435615998112,97
2024-09-17 12:44:13.956,404.62312549736754,102
2024-09-17 12:44:13.974,404.6204456023388,104
2024-09-17 12:44:14.009,,996
2024-09-17 12:44:14.071,404.6201842498102,998
2024-09-17 12:44:14.130,404.6381462872185,102
2024-09-17 12:44:14.409,404.607105699716,105
2024-09-17 12:44:14.415,404.61645699287936,5
2024-09-17 12:44:14.435,404.64458364200567,105
2024-09-17 12:44:14.468,40.4607230705707,12
2024-09-17 12:44:14.532,404.63961610203467,996
2024-09-17 12:44:14.610,404.6162863736503,95
2024-09-17 12:44:14.765,404.6259712249378,102
2024-09-17 12:44:14.769,404.6271061092967,9
2024-09-17 12:44:14.906,404.63902284669695,1003
2024-09-17 12:44:15.136,404.5797058187172,105
2024-09-17 12:44:15.217,404.57943481699806,101
2024-09-17 12:44:15.224,404.5778629862405,14
2024-09-17 12:44:15.245,404.61797696796833,998
2024-09-17 12:44:15.348,404.57969234506857,7
2024-09-17 12:44:15.435,404.6064494772043,1004
2024-09-17 12:44:15.544,404.5212140503549,998
2024-09-17 12:44:15.621,40.457819714504254,5
2024-09-17 12:44:15.656,404.61615080380767,101
2024-09-17 12:44:15.661,404.5802035272168,997
2024-09-17 12:44:15.664,404.6260321753213,99
2024-09-17 12:44:15.704,404.58270162235146,9
2024-09-17 12:44:15.718,404.5832503109245,7
2024-09-17 12:44:15.813,404.5440981277768,99
2024-09-17 12:44:15.836,404.5986463789604,6
2024-09-17 12:44:15.851,404.5261874642837,1005
2024-09-17 12:44:16.051,404.4968901464436,15
2024-09-17 12:44:16.076,404.582283286724,6
2024-09-17 12:44:16.114,404.553550626694,104
2024-09-17 12:44:16.130,404.497414583502,999
2024-09-17 12:44:16.134,404.5591379175991,13
2024-09-17 12:44:16.217,404.5504711299629,104
2024-09-17 12:44:16.386,404.5282791690386,99
2024-09-17 12:44:16.401,404.5189754711587,6
2024-09-17 12:44:16.416,404.5111007342098,998
2024-09-17 12:44:16.581,404.5405305162026,10
2024-09-17 12:44:16.595,404.49269852010485,101
2024-09-17 12:44:16.615,404.5943650896497,1004
2024-09-17 12:44:16.619,404.5960139762124,5
2024-09-17 12:44:16.654,404.5293518524272,105
2024-09-17 12:44:16.873,404.5103701465686,95
2024-09-17 12:44:17.114,404.5784876939863,1003
2024-09-17 12:44:17.191,,998
2024-09-17 12:44:17.217,404.5931933263944,999
2024-09-17 12:44:17.233,404.5887733527048,1000
2024-09-17 12:44:17.267,404.61428877306327,13
2024-09-17 12:44:17.491,404.59469919918826,95
2024-09-17 12:44:17.522,404.6010909220972,11
2024-09-17 12:44:17.531,404.6107144901583,995
2024-09-17 12:44:17.556,404.5848658094179,105
2024-09-17 12:44:17.573,404.5997887448229,101
2024-09-17 12:44:17.705,-404.5988558551185,1000
2024-09-17 12:44:17.717,404.5927113518323,10
2024-09-17 12:44:17.734,404.6142406022042,13
2024-09-17 12:44:17.808,404.60538887286685,1001
2024-09-17 12:44:17.876,404.60305079518014,1002
2024-09-17 12:44:17.905,404.60830544848096,1003
2024-09-17 12:44:17.911,404.61456338657786,1005
2024-09-17 12:44:18.016,404.620850446662,102
2024-09-17 12:44:18.058,404.6044329645474,10
2024-09-17 12:44:18.161,404.5952547845952,1002
2024-09-17 12:44:18.216,404.6241155649212,9
2024-09-17 12:44:18.243,404.6134943061692,101
2024-09-17 12:44:18.251,404.62709044661614,101
2024-09-17 12:44:18.292,404.5945237134232,995
2024-09-17 12:44:18.440,404.62598609789774,6
2024-09-17 12:44:18.446,404.6030302487584,104
2024-09-17 12:44:18.495,404.6171664483335,10
2024-09-17 12:44:18.585,404.62447231036407,1001
2024-09-17 12:44:18.677,404.601271474588,995
2024-09-17 12:44:18.686,404.6039333131848,103
2024-09-17 12:44:18.689,404.626260493763,11
2024-09-17 12:44:18.800,404.6211225488077,995
2024-09-17 12:44:18.877,404.5953461108472,1003
2024-09-17 12:44:18.919,404.6060862498351,9
2024-09-17 12:44:18.947,404.6019901948856,1004
2024-09-17 12:44:18.974,40.46209353245724,1005
2024-09-17 12:44:19.047,404.6651771543078,999
2024-09-17 12:44:19.059,404.60892011230953,12
2024-09-17 12:44:19.082,404.60747477076495,995
2024-09-17 12:44:19.196,404.6261740335791,1000
2024-09-17 12:44:19.199,404.6278391468301,1005
2024-09-17 12:44:19.279,404.6369233772371,5
2024-09-17 12:44:19.284,404.6259928889837,997
2024-09-17 12:44:19.295,404.6366369182762,998
2024-09-17 12:44:19.304,404.61025383505,98
2024-09-17 12:44:19.336,404.6366954083584,105
2024-09-17 12:44:19.345,404.6212509041098,102
2024-09-17 12:44:19.355,404.64065612677706,98
2024-09-17 12:44:19.494,404.64137672982673,6
2024-09-17 12:44:19.537,404.6333060026926,10
2024-09-17 12:44:19.581,404.6268618332735,7
2024-09-17 12:44:19.661,404.6147979936835,1002
2024-09-17 12:44:19.693,404.6448221500803,11
2024-09-17 12:44:19.797,404.62168520963394,1005
2024-09-17 12:44:19.797,404.6152346283096,98
2024-09-17 12:44:19.830,404.60959106277454,10
2024-09-17 12:44:19.889,404.6374365246443,999
2024-09-17 12:44:19.922,404.6082200588585,5
2024-09-17 12:44:19.937,404.63877871505855,105
2024-09-17 12:44:19.952,404.6369614904279,95
2024-09-17 12:44:19.971,404.6393369435679,100
2024-09-17 12:44:19.977,404.6440169074645,997
2024-09-17 12:44:19.984,404.63141225084667,7
2024-09-17 12:44:20.021,404.6953476742208,13
2024-09-17 12:44:20.045,404.6783162501284,15
2024-09-17 12:44:20.049,404.64149273921385,1001
2024-09-17 12:44:20.105,404.655672969453,15
2024-09-17 12:44:20.130,404.6504308928782,103
2024-09-17 12:44:20.142,404.7048915983356,103
2024-09-17 12:44:20.180,404.65946375709086,9
2024-09-17 12:44:20.182,404.65612308841537,98
2024-09-17 12:44:20.299,40.46589959619346,95
2024-09-17 12:44:20.319,404.6500185189453,96
2024-09-17 12:44:20.332,404.7044781112157,8
2024-09-17 12:44:20.351,404.66111964996816,102
2024-09-17 12:44:20.362,404.6828253644414,14
2024-09-17 12:44:20.373,404.6486036506196,6
2024-09-17 12:44:20.374,404.6581352043101,14
2024-09-17 12:44:20.401,404.6290351529926,96
2024-09-17 12:44:20.518,404.671966046939,15
2024-09-17 12:44:20.573,404.6663865127037,1005
2024-09-17 12:44:20.638,404.62602190280575,1005
2024-09-17 12:44:20.662,404.6890028862571,10
2024-09-17 12:44:20.701,404.6598579989591,998
2024-09-17 12:44:20.716,404.6708023924319,5
2024-09-17 12:44:20.731,404.6372286972629,1002
2024-09-17 12:44:20.778,404.6627992863142,6
2024-09-17 12:44:20.789,404.6855944857941,96
2024-09-17 12:44:20.811,404.662559153849,95
2024-09-17 12:44:20.844,404.6619610980631,11
2024-09-17 12:44:20.925,404.6578921684043,12
2024-09-17 12:44:20.981,,1004
2024-09-17 12:44:20.993,404.686739285126,96
2024-09-17 12:44:21.036,404.6922877479644,95
2024-09-17 12:44:21.042,404.73931884292574,96
2024-09-17 12:44:21.067,404.7432787694968,1003
2024-09-17 12:44:21.148,404.7476550452219,9
2024-09-17 12:44:21.172,404.67800247267456,15
2024-09-17 12:44:21.219,404.6891458458807,14
2024-09-17 12:44:21.277,404.63422993891714,999
2024-09-17 12:44:21.316,404.75605359432205,999
2024-09-17 12:44:21.402,404.6910012284008,15
2024-09-17 12:44:21.471,404.6778701015347,1002
2024-09-17 12:44:21.502,404.70290627354126,9
2024-09-17 12:44:21.506,404.7278326566812,15
2024-09-17 12:44:21.550,404.66213015478775,103
2024-09-17 12:44:21.575,404.6700786841675,996
2024-09-17 12:44:21.577,404.71844572051504,98
2024-09-17 12:44:21.584,404.7110855240173,103
2024-09-17 12:44:21.589,404.6411913959863,12
2024-09-17 12:44:21.617,404.6576802651453,101
2024-09-17 12:44:21.693,404.71686198184426,1000
2024-09-17 12:44:21.727,404.7044863714239,5
2024-09-17 12:44:21.764,404.6898631681166,9
2024-09-17 12:44:21.768,404.6550772690103,999
2024-09-17 12:44:21.770,404.6973377761408,996
2024-09-17 12:44:21.858,404.6598752797978,1002
2024-09-17 12:44:21.899,404.7642478739704,998
2024-09-17 12:44:21.916,404.7152265949533,102
2024-09-17 12:44:21.918,404.67419660074495,105
2024-09-17 12:44:21.920,404.6858683869117,995
2024-09-17 12:44:21.942,404.7066153998949,9
2024-09-17 12:44:21.989,404.71053519576753,13
2024-09-17 12:44:22.093,404.6760676860352,12
2024-09-17 12:44:22.169,404.6725456158675,1000
2024-09-17 12:44:22.210,404.6341842667321,105
2024-09-17 12:44:22.563,404.6078397718019,6
2024-09-17 12:44:22.571,404.6402277320262,11
2024-09-17 12:44:22.677,404.6575380363621,1004
2024-09-17 12:44:22.803,404.60961635054286,12
2024-09-17 12:44:22.859,404.6149751370453,1000
2024-09-17 12:44:23.071,404.59128161705553,1001
2024-09-17 12:44:23.435,404.6443198207581,11
2024-09-17 12:44:23.436,404.6245027413302,996
2024-09-17 12:44:23.600,404.593596564454,96
2024-09-17 12:44:23.762,404.5894563270032,5
2024-09-17 12:44:24.053,404.65178101738377,9
2024-09-17 12:44:24.074,404.6654918356544,1003
2024-09-17 12:44:24.120,404.6308959280037,998
2024-09-17 12:44:24.204,404.6247594264681,11
2024-09-17 12:44:24.237,404.6494053542002,102
2024-09-17 12:44:24.259,404.6499299226341,11
2024-09-17 12:44:24.280,404.628990041827,10
2024-09-17 12:44:24.301,404.6452571686677,1003
2024-09-17 12:44:24.335,404.6609364608556,1005
2024-09-17 12:44:24.344,404.6180979603992,997
2024-09-17 12:44:24.425,-404.6638286747327,101
2024-09-17 12:44:24.505,404.6522093271647,1000
2024-09-17 12:44:24.505,404.6402854778155,105
2024-09-17 12:44:24.562,404.6241296584839,5
2024-09-17 12:44:24.577,404.6746368795371,996
2024-09-17 12:44:24.615,404.64372628430095,6
2024-09-17 12:44:24.619,404.6778032605528,5
2024-09-17 12:44:24.654,404.6342924068948,6
2024-09-17 12:44:24.719,404.6540910662914,997
2024-09-17 12:44:24.748,404.6460756234623,100
2024-09-17 12:44:24.762,404.6307747301568,14
2024-09-17 12:44:24.786,404.6487919944373,7
2024-09-17 12:44:24.795,404.6277031246476,101
2024-09-17 12:44:24.807,404.6365393291237,5
2024-09-17 12:44:24.944,404.6259575416666,1001
2024-09-17 12:44:24.953,404.6265847173629,999
2024-09-17 12:44:25.084,404.6438820337079,103
2024-09-17 12:44:25.085,404.6400698473986,97
2024-09-17 12:44:25.164,404.6380126754652,997
2024-09-17 12:44:25.167,404.6677101532704,99
2024-09-17 12:44:25.338,404.6717615568984,1005
2024-09-17 12:44:25.389,404.6565150924765,105
2024-09-17 12:44:25.466,404.6803673321704,102
2024-09-17 12:44:25.635,404.6508344672405,1004
2024-09-17 12:44:25.644,404.6400304735706,1004
2024-09-17 12:44:25.651,404.6438925082809,15
2024-09-17 12:44:25.652,404.6391845009651,99
2024-09-17 12:44:25.667,404.6744308970565,95
2024-09-17 12:44:25.675,404.6823796702095,104
2024-09-17 12:44:25.694,404.6546662844689,12
2024-09-17 12:44:25.711,404.64604087354496,8
2024-09-17 12:44:25.731,404.636338649233,1005
2024-09-17 12:44:25.827,404.6499938167986,1005
2024-09-17 12:44:25.884,404.6544400622786,6
2024-09-17 12:44:25.913,404.67467292217736,12
2024-09-17 12:44:26.000,404.6851432770122,7
2024-09-17 12:44:26.013,404.6722944589025,997
2024-09-17 12:44:26.028,404.670867328584,104
2024-09-17 12:44:26.135,404.6808827016714,98
2024-09-17 12:44:26.180,404.7106687547953,15
2024-09-17 12:44:26.246,404.679710745352,104
2024-09-17 12:44:26.283,404.6963585444705,6
2024-09-17 12:44:26.395,404.688551387908,997
2024-09-17 12:44:26.414,404.6838429903957,96
2024-09-17 12:44:26.482,404.6593954428328,1000
2024-09-17 12:44:26.501,404.6785889243122,96
2024-09-17 12:44:26.529,404.6801948988749,99
2024-09-17 12:44:26.540,404.6608582616362,98
2024-09-17 12:44:26.609,404.686605372592,102
2024-09-17 12:44:26.620,404.6618244211842,96
2024-09-17 12:44:26.661,404.70638482534207,7
2024-09-17 12:44:26.690,404.658437617011,10
2024-09-17 12:44:26.700,404.6943701073867,8
2024-09-17 12:44:26.700,404.67024176373513,996
2024-09-17 12:44:26.702,404.686758261457,11
2024-09-17 12:44:26.737,404.6854774090489,1003
2024-09-17 12:44:26.767,404.6749967666361,15
2024-09-17 12:44:26.800,404.6744878786835,1004
2024-09-17 12:44:26.804,404.7055799836867,1002
2024-09-17 12:44:26.819,404.6725015792674,104
2024-09-17 12:44:26.841,404.71432124517816,95
2024-09-17 12:44:26.843,404.6721569112942,95
2024-09-17 12:44:26.894,404.67483223073634,9
2024-09-17 12:44:26.899,404.6773704384482,15
2024-09-17 12:44:26.909,404.6923259965751,6
2024-09-17 12:44:27.254,404.7247192609933,1005
2024-09-17 12:44:27.588,404.7006455231649,101
2024-09-17 12:44:28.296,404.71814771603886,998
2024-09-17 12:44:28.342,404.6914056589514,9
2024-09-17 12:44:28.376,404.7171185720821,95
2024-09-17 12:44:28.519,404.6956498519137,102
2024-09-17 12:44:28.580,404.72321647491856,9
2024-09-17 12:44:28.631,404.6823932578535,95
2024-09-17 12:44:28.972,404.7144710190595,11
2024-09-17 12:44:29.813,404.6951175181658,999
2024-09-17 12:44:29.920,404.6956168253638,98
2024-09-17 12:44:31.069,404.7021547250188,995
2024-09-17 12:44:31.099,404.7454139016001,12
2024-09-17 12:44:31.135,404.6768691625366,105
2024-09-17 12:44:31.178,404.7232138256204,999
2024-09-17 12:44:31.187,404.6942273498168,996
2024-09-17 12:44:31.196,404.7102931148139,96
2024-09-17 12:44:31.307,404.70682412527776,100
2024-09-17 12:44:31.344,404.70231354700417,103
2024-09-17 12:44:31.437,404.6908510273956,9
2024-09-17 12:44:31.495,404.7204925505131,100
2024-09-17 12:44:31.553,404.78581888475344,1005
2024-09-17 12:44:31.599,404.6973460788798,8
2024-09-17 12:44:31.708,404.7201211080692,105
2024-09-17 12:44:31.737,404.7116209305409,98
2024-09-17 12:44:31.812,404.7084613665122,10
2024-09-17 12:44:31.858,404.7642311055593,13
2024-09-17 12:44:31.887,404.711184985721,104
2024-09-17 12:44:31.915,404.6939421929754,102
2024-09-17 12:44:31.988,404.7677751944258,996
2024-09-17 12:44:32.004,404.8433732343054,1005
2024-09-17 12:44:32.005,404.8355438718036,95
2024-09-17 12:44:32.061,404.8395411004523,13
2024-09-17 12:44:32.086,404.8486325282805,1003
2024-09-17 12:44:32.167,404.8581123388011,96
2024-09-17 12:44:32.256,404.8406699877937,12
2024-09-17 12:44:32.286,404.8327302507801,5
2024-09-17 12:44:32.292,404.8429362922316,96
2024-09-17 12:44:32.314,404.853719377172,1005
2024-09-17 12:44:32.406,404.8186229538576,996
2024-09-17 12:44:32.488,404.85820098021753,102
2024-09-17 12:44:32.503,404.83612599709926,1001
2024-09-17 12:44:32.523,404.846553735544,11
2024-09-17 12:44:32.609,404.837134345397,103
2024-09-17 12:44:32.650,404.8560390908549,995
2024-09-17 12:44:32.672,404.7917593854415,96
2024-09-17 12:44:32.685,404.85949891255547,10
2024-09-17 12:44:32.729,404.8334873134155,10
2024-09-17 12:44:32.744,404.8344074355144,12
2024-09-17 12:44:32.759,404.8401589654373,96
2024-09-17 12:44:32.845,404.8545512820086,95
2024-09-17 12:44:32.885,404.86186805008447,13
2024-09-17 12:44:32.896,404.8603752368888,96
2024-09-17 12:44:32.924,404.8468392137559,5
2024-09-17 12:44:32.982,404.8094676065397,6
2024-09-17 12:44:33.120,404.90693853502165,95
2024-09-17 12:44:33.206,404.8692001583713,997
2024-09-17 12:44:33.249,404.9308539406818,1003
2024-09-17 12:44:33.344,404.9592719617061,5
2024-09-17 12:44:33.408,404.94658111377737,13
2024-09-17 12:44:33.419,404.9072062428764,999
2024-09-17 12:44:33.522,404.9374726982509,1005
2024-09-17 12:44:33.627,404.8856773077554,105
2024-09-17 12:44:33.700,404.9513082689939,999
2024-09-17 12:44:33.722,404.9212007196724,95
2024-09-17 12:44:33.726,404.9228309433438,7
2024-09-17 12:44:33.857,404.8559491460139,7
2024-09-17 12:44:34.078,405.0771515467249,98
2024-09-17 12:44:34.126,404.9521610405636,99
2024-09-17 12:44:34.130,404.93971928933627,999
2024-09-17 12:44:34.234,405.0546686237094,12
2024-09-17 12:44:34.351,404.98387543162846,1001
2024-09-17 12:44:34.379,404.9580958340509,1003
2024-09-17 12:44:34.379,404.97027531892326,15
2024-09-17 12:44:34.437,405.09241863864935,1005
2024-09-17 12:44:34.445,405.0463579277243,6
2024-09-17 12:44:34.481,404.9945408921371,1001
2024-09-17 12:44:34.572,405.0733904678562,9
2024-09-17 12:44:34.638,404.94955439397904,11
2024-09-17 12:44:34.650,404.9765551714712,7
2024-09-17 12:44:34.662,405.01185494511225,998
2024-09-17 12:44:34.720,405.0488474830255,998
2024-09-17 12:44:34.722,405.0700273061552,1002
2024-09-17 12:44:34.762,404.9471588752843,1001
2024-09-17 12:44:34.899,405.071544788027,6
2024-09-17 12:44:34.938,405.0805088163344,104
2024-09-17 12:44:34.958,404.9228790839693,995
2024-09-17 12:44:35.415,405.0622559136505,9
2024-09-17 12:44:35.452,405.0554790490707,96
2024-09-17 12:44:35.488,405.0646605702518,1005
2024-09-17 12:44:35.665,405.0531314539887,11
2024-09-17 12:44:36.035,405.12558589998,999
2024-09-17 12:44:36.061,405.0915234357216,99
2024-09-17 12:44:36.119,-405.1564479761843,6
2024-09-17 12:44:36.350,405.1021895844509,102
2024-09-17 12:44:36.371,405.10429216833415,105
2024-09-17 12:44:36.429,405.1353982126331,98
2024-09-17 12:44:36.432,405.1530673895233,998
2024-09-17 12:44:36.452,405.0690386191955,9
2024-09-17 12:44:36.543,405.1466491989389,996
2024-09-17 12:44:36.609,405.1353610695977,101
2024-09-17 12:44:36.680,405.134711484617,5
2024-09-17 12:44:36.810,405.1554590079404,1005
2024-09-17 12:44:36.875,405.13466155869617,997
2024-09-17 12:44:36.957,405.15548445456096,1004
2024-09-17 12:44:37.014,405.16063872759975,100
2024-09-17 12:44:37.042,405.1154057238472,102
2024-09-17 12:44:37.076,405.1786219274879,1005
2024-09-17 12:44:37.085,405.1298397364368,995
2024-09-17 12:44:37.095,405.1636641177606,95
2024-09-17 12:44:37.227,405.1684924480048,6
2024-09-17 12:44:37.268,405.14804890949455,6
2024-09-17 12:44:37.288,405.17657415453306,1003
2024-09-17 12:44:37.296,405.18102587411454,1003
2024-09-17 12:44:37.343,405.1618508852436,14
2024-09-17 12:44:37.405,405.1696666803096,105
2024-09-17 12:44:37.484,405.16472999898986,999
2024-09-17 12:44:37.619,40.51730746733462,15
2024-09-17 12:44:37.648,405.1577863915586,105
2024-09-17 12:44:37.668,405.15832681898695,997
2024-09-17 12:44:37.669,405.1606126903647,103
2024-09-17 12:44:37.675,405.1519991684125,997
2024-09-17 12:44:37.689,405.0899166506386,995
2024-09-17 12:44:37.969,405.1602717662016,13
2024-09-17 12:44:37.991,405.10756565844594,101
2024-09-17 12:44:38.056,405.1245422819892,995
2024-09-17 12:44:38.083,405.0652236354077,99
2024-09-17 12:44:38.126,405.1735838665261,997
2024-09-17 12:44:38.156,405.0712442175792,995
2024-09-17 12:44:38.239,405.1652501735141,6
2024-09-17 12:44:38.282,405.1209213501959,1005
2024-09-17 12:44:38.358,405.0629652216352,12
2024-09-17 12:44:38.391,405.1019512812617,102
2024-09-17 12:44:38.432,405.0782505892509,96
2024-09-17 12:44:38.504,405.0835410391149,6
2024-09-17 12:44:38.521,405.1011431703062,95
2024-09-17 12:44:38.547,405.14315221957,12
2024-09-17 12:44:38.631,405.09025568558064,1004
2024-09-17 12:44:38.665,405.08270696883983,1003
2024-09-17 12:44:38.728,405.0950708549509,105
2024-09-17 12:44:38.819,405.0782981973723,995
2024-09-17 12:44:38.821,405.1533986612003,13
2024-09-17 12:44:38.885,405.1480592451445,996
2024-09-17 12:44:38.941,405.0907445965264,100
2024-09-17 12:44:38.950,405.1385893230492,103
2024-09-17 12:44:38.977,405.1462225451716,9
2024-09-17 12:44:38.984,405.1906039539858,996
2024-09-17 12:44:38.986,405.0763041189101,7
2024-09-17 12:44:39.278,405.1744916975381,9
2024-09-17 12:44:39.434,405.1959891360578,997
2024-09-17 12:44:39.467,405.1789857339921,95
2024-09-17 12:44:39.495,405.1744787812076,102
2024-09-17 12:44:39.616,405.1839983660491,95
2024-09-17 12:44:39.685,405.1996997158207,11
2024-09-17 12:44:39.735,405.17728002378544,102
2024-09-17 12:44:39.774,405.1783211562106,97
2024-09-17 12:44:39.805,405.185079788299,95
2024-09-17 12:44:39.817,405.18295105685473,104
2024-09-17 12:44:39.820,405.183900836103,1005
2024-09-17 12:44:39.820,405.1836743559375,999
2024-09-17 12:44:39.901,405.19027277273415,1004
2024-09-17 12:44:39.944,405.1763350880749,1004
2024-09-17 12:44:39.964,405.16811432251313,95
2024-09-17 12:44:40.057,405.04524805954986,997
2024-09-17 12:44:40.107,,99
2024-09-17 12:44:40.140,405.1528104418878,96
2024-09-17 12:44:40.145,405.0431564946461,101
2024-09-17 12:44:40.162,405.1363456348629,101
2024-09-17 12:44:40.167,405.1511524792424,999
2024-09-17 12:44:40.210,405.0479611480973,1002
2024-09-17 12:44:40.231,405.1145083225212,97
2024-09-17 12:44:40.296,405.0795658451626,15
2024-09-17 12:44:40.372,405.0832073071428,103
2024-09-17 12:44:40.403,405.0601773267648,104
2024-09-17 12:44:40.445,405.1495952671908,1003
2024-09-17 12:44:40.523,405.088899617484,101
2024-09-17 12:44:40.549,405.0617456923283,97
2024-09-17 12:44:40.583,405.0252943877976,9
2024-09-17 12:44:40.619,405.0381457807314,997
2024-09-17 12:44:40.621,405.1407699466171,1003
2024-09-17 12:44:40.696,405.0524024951305,99
2024-09-17 12:44:40.711,405.04583877613766,101
2024-09-17 12:44:40.809,405.05356076976994,101
2024-09-17 12:44:40.935,405.0425624721756,997
2024-09-17 12:44:41.052,405.0064965072668,11
2024-09-17 12:44:41.162,405.02507271873554,9
2024-09-17 12:44:41.198,405.06457535179953,95
2024-09-17 12:44:41.394,405.0607113448978,97
2024-09-17 12:44:41.476,405.04608775746425,1002
2024-09-17 12:44:41.562,405.0656959454704,14
2024-09-17 12:44:41.655,405.01826064747087,998
2024-09-17 12:44:41.757,405.0182185566401,14
2024-09-17 12:44:41.767,405.0625346881254,99
2024-09-17 12:44:41.784,405.0195172196386,1001
2024-09-17 12:44:41.966,405.04930325855656,97
2024-09-17 12:44:42.038,405.0047503475604,98
2024-09-17 12:44:42.056,405.0159535872169,13
2024-09-17 12:44:42.097,405.0619610429228,995
2024-09-17 12:44:42.113,405.06599244713,96
2024-09-17 12:44:42.262,405.06013273544346,103
2024-09-17 12:44:42.280,405.0837853201413,96
2024-09-17 12:44:42.397,405.0421156244261,1005
2024-09-17 12:44:42.482,405.01642082259247,96
2024-09-17 12:44:42.482,405.0102867997401,99
2024-09-17 12:44:42.533,405.03936442884816,1000
2024-09-17 12:44:42.778,405.0820382727599,14
2024-09-17 12:44:42.903,405.00465800807456,10
2024-09-17 12:44:43.419,405.0696225245786,995
2024-09-17 12:44:43.686,405.06822014955605,7
2024-09-17 12:44:43.876,405.0620668024874,103
2024-09-17 12:44:44.051,405.0544293393256,12
2024-09-17 12:44:44.079,405.05313481761686,95
2024-09-17 12:44:44.083,405.05269757935446,98
2024-09-17 12:44:44.095,405.03410154051227,1003
2024-09-17 12:44:44.102,405.0753544866301,6
2024-09-17 12:44:44.121,404.9847249791022,105
2024-09-17 12:44:44.204,405.0456316867307,10
2024-09-17 12:44:44.214,405.0283827808008,96
2024-09-17 12:44:44.237,404.9717682871269,998
2024-09-17 12:44:44.377,405.0605308586952,999
2024-09-17 12:44:44.436,405.0094549078726,1003
2024-09-17 12:44:44.476,405.06739474595867,97
2024-09-17 12:44:44.477,405.0565487694941,103
2024-09-17 12:44:44.488,404.9954438429901,15
2024-09-17 12:44:44.524,405.0203155504827,15
2024-09-17 12:44:44.586,405.01593597197024,12
2024-09-17 12:44:44.664,405.05299136398986,14
2024-09-17 12:44:44.740,405.02141571632296,1001
2024-09-17 12:44:44.760,404.98907464387815,11
2024-09-17 12:44:44.767,405.04271568611415,104
2024-09-17 12:44:44.798,404.9759338432716,1001
2024-09-17 12:44:44.867,405.0717547526001,996
2024-09-17 12:44:44.871,404.9841208392622,101
2024-09-17 12:44:44.878,405.0705053475981,995
2024-09-17 12:44:44.909,405.0598085865755,15
2024-09-17 12:44:44.922,405.03645474928703,5
2024-09-17 12:44:44.965,405.0378589971602,104
2024-09-17 12:44:44.993,405.00809414156015,11
2024-09-17 12:44:45.163,404.9585859121878,1000
2024-09-17 12:44:45.202,404.96094931781386,996
2024-09-17 12:44:45.229,404.9548117323445,100
2024-09-17 12:44:45.247,404.97781326306665,102
2024-09-17 12:44:45.306,404.97201887590046,95
2024-09-17 12:44:45.384,404.9743361521744,98
2024-09-17 12:44:45.424,404.9579020708237,98
2024-09-17 12:44:45.798,404.9630739599818,5
2024-09-17 12:44:46.060,404.9469399707421,96
2024-09-17 12:44:46.098,404.9668842257321,996
2024-09-17 12:44:46.129,404.9752394409567,1004
2024-09-17 12:44:46.170,404.95594959112486,97
2024-09-17 12:44:46.238,40.49709249329607,15
2024-09-17 12:44:46.274,404.9798980658055,998
2024-09-17 12:44:46.395,404.9884114903723,997
2024-09-17 12:44:46.460,404.9451843394378,96
2024-09-17 12:44:46.511,404.939494423004,10
2024-09-17 12:44:46.646,404.9593586937305,105
2024-09-17 12:44:46.728,404.96406947031096,103
2024-09-17 12:44:46.753,404.96292286931634,96
2024-09-17 12:44:46.763,404.9682476090434,101
2024-09-17 12:44:46.863,404.9482381656148,5
2024-09-17 12:44:46.964,404.9618333626823,996
2024-09-17 12:44:48.265,404.9702130950248,104
2024-09-17 12:44:48.610,404.9568075792668,1001
2024-09-17 12:44:48.772,404.97851645489936,14
2024-09-17 12:44:48.845,404.96077490755016,996
2024-09-17 12:44:49.085,404.9830354739586,11
2024-09-17 12:44:49.150,40.49990465128072,999
2024-09-17 12:44:49.214,404.97513715256537,12
2024-09-17 12:44:49.221,404.9938266464446,99
2024-09-17 12:44:49.225,405.012899827735,999
2024-09-17 12:44:49.238,404.99234744261577,97
2024-09-17 12:44:49.422,404.9763168480752,995
2024-09-17 12:44:49.431,405.0050757063362,1005
2024-09-17 12:44:49.450,404.9749859670592,13
2024-09-17 12:44:49.469,404.97825729761433,7
2024-09-17 12:44:49.483,404.9733506204166,104
2024-09-17 12:44:49.567,405.00668296827376,997
2024-09-17 12:44:49.572,404.9839970412904,1001
2024-09-17 12:44:49.604,404.9812401056359,96
2024-09-17 12:44:49.671,405.00046729046346,7
2024-09-17 12:44:49.759,404.9915294978852,10
2024-09-17 12:44:49.808,404.9954311899597,1000
2024-09-17 12:44:49.890,404.99542727963575,105
2024-09-17 12:44:49.982,404.9978131601365,15
2024-09-17 12:44:49.995,404.99312582283176,7
2024-09-17 12:44:50.007,405.0011680078745,995
2024-09-17 12:44:50.671,404.9926088591055,1001
2024-09-17 12:44:50.719,405.00979509769775,12
2024-09-17 12:44:50.943,404.99404743982143,1000
2024-09-17 12:44:51.007,405.0257401634855,96
2024-09-17 12:44:51.018,405.006642087764,101
2024-09-17 12:44:51.044,405.0207426071626,15
2024-09-17 12:44:51.119,405.02482612429947,99
2024-09-17 12:44:51.158,405.03210892582734,100
2024-09-17 12:44:51.161,405.039153329733,995
2024-09-17 12:44:51.259,405.02849685077655,101
2024-09-17 12:44:51.303,405.0336869158709,15
2024-09-17 12:44:51.303,405.0133214904423,1004
2024-09-17 12:44:51.332,405.0392311517157,1001
2024-09-17 12:44:51.361,405.0122543758428,1005
2024-09-17 12:44:51.370,405.0403416998104,997
2024-09-17 12:44:51.419,405.0475527526368,104
2024-09-17 12:44:51.489,405.0328488656887,5
2024-09-17 12:44:51.518,404.9982994120723,95
2024-09-17 12:44:51.543,405.0294373405436,13
2024-09-17 12:44:51.584,405.0258523591975,1003
2024-09-17 12:44:51.595,405.0111703379011,105
2024-09-17 12:44:51.602,405.0632654918075,13
2024-09-17 12:44:51.623,405.0110521280911,1005
2024-09-17 12:44:51.923,405.0465034099022,9
2024-09-17 12:44:51.926,405.0067347306114,1001
2024-09-17 12:44:51.949,405.01413742812025,996
2024-09-17 12:44:52.049,405.0369537164582,100
2024-09-17 12:44:52.063,405.1004131859788,13
2024-09-17 12:44:52.122,405.0607164009445,999
2024-09-17 12:44:52.177,405.0581000651729,5
2024-09-17 12:44:52.179,405.04970669428087,101
2024-09-17 12:44:52.249,405.0322170626014,10
2024-09-17 12:44:52.264,405.0341242819852,13
2024-09-17 12:44:52.270,405.0391535918872,103
2024-09-17 12:44:52.282,405.0531489235984,99
2024-09-17 12:44:52.302,405.0947160055992,98
2024-09-17 12:44:52.345,405.0609794501668,8
2024-09-17 12:44:52.375,405.0163494509283,8
2024-09-17 12:44:52.461,405.050906178948,98
2024-09-17 12:44:52.462,405.04161150860057,6
2024-09-17 12:44:52.471,405.0990266024602,1004
2024-09-17 12:44:52.633,405.045639658274,105
2024-09-17 12:44:52.652,405.05675540001135,8
2024-09-17 12:44:52.772,405.0713692334028,1004
2024-09-17 12:44:52.776,405.0547063847266,12
2024-09-17 12:44:52.847,405.0357657946552,7
2024-09-17 12:44:52.850,405.02725141571415,1005
2024-09-17 12:44:52.932,405.0304120861489,103
2024-09-17 12:44:52.968,405.11064424121713,11
2024-09-17 12:44:52.994,405.0457324055963,998
2024-09-17 12:44:53.043,405.0675749193169,1005
2024-09-17 12:44:53.090,405.065590682123,102
2024-09-17 12:44:53.103,405.0702563765689,1005
2024-09-17 12:44:53.125,405.0809784996102,101
2024-09-17 12:44:53.226,405.0598047117767,996
2024-09-17 12:44:53.232,405.05238948302286,97
2024-09-17 12:44:53.237,405.0892198356675,95
2024-09-17 12:44:53.343,405.062041892456,1002
2024-09-17 12:44:53.380,405.0848415958424,998
2024-09-17 12:44:53.408,405.0541672223483,1004
2024-09-17 12:44:53.412,405.0815151367337,12
2024-09-17 12:44:53.444,405.0465065201258,1003
2024-09-17 12:44:53.622,405.1014516762514,1005
2024-09-17 12:44:53.764,405.10106332986487,10
2024-09-17 12:44:53.879,405.0639158235263,11
2024-09-17 12:44:53.886,405.0788464181474,105
2024-09-17 12:44:53.972,405.0365401049069,1004
2024-09-17 12:44:53.988,405.0564369711519,6
2024-09-17 12:44:54.026,405.0534174003066,95
2024-09-17 12:44:54.097,405.0610942740454,8
2024-09-17 12:44:54.117,405.0266123247061,998
2024-09-17 12:44:54.203,405.0519528005711,1002
2024-09-17 12:44:54.478,405.0404308095239,100
2024-09-17 12:44:54.755,405.0310867027776,998
2024-09-17 12:44:54.826,405.06121854369536,997
2024-09-17 12:44:54.847,405.02493565447287,105
2024-09-17 12:44:55.009,405.0709763887953,10
2024-09-17 12:44:55.058,405.0889356276673,1003
2024-09-17 12:44:55.112,405.0590336098333,98
2024-09-17 12:44:55.134,405.0390572202117,105
2024-09-17 12:44:55.162,405.0715016276389,999
2024-09-17 12:44:55.175,405.0658111734016,1003
2024-09-17 12:44:55.175,405.0667936446184,13
2024-09-17 12:44:55.202,405.06410034353576,100
2024-09-17 12:44:55.212,405.0784522275216,105
2024-09-17 12:44:55.291,405.07702515989087,11
2024-09-17 12:44:55.352,405.0345465656582,995
2024-09-17 12:44:55.354,405.0487134316498,995
2024-09-17 12:44:55.358,405.0982694002452,998
2024-09-17 12:44:55.375,405.04386476926896,97
2024-09-17 12:44:55.399,405.05546790958965,1003
2024-09-17 12:44:55.580,405.0328063201909,99
2024-09-17 12:44:55.584,405.06033787065707,6
2024-09-17 12:44:55.612,405.09435876513976,13
2024-09-17 12:44:55.682,405.0593756524168,1004
2024-09-17 12:44:55.699,405.0443342232117,99
2024-09-17 12:44:55.740,405.06256929608566,5
2024-09-17 12:44:55.764,405.0730937786684,11
2024-09-17 12:44:55.771,405.1002796452795,1000
2024-09-17 12:44:55.800,405.085751443514,104
2024-09-17 12:44:55.825,405.0568147767637,104
2024-09-17 12:44:55.841,405.05887294771424,1000
2024-09-17 12:44:55.888,405.1027587548176,996
2024-09-17 12:44:55.900,405.0547013853279,1002
2024-09-17 12:44:56.097,405.1455510825477,14
2024-09-17 12:44:56.114,405.1412894135788,998
2024-09-17 12:44:56.118,405.150464744206,102
2024-09-17 12:44:56.157,405.1135539561831,1002
2024-09-17 12:44:56.185,405.146668939551,105
2024-09-17 12:44:56.202,405.1633418974871,102
2024-09-17 12:44:56.240,405.1515126689709,996
2024-09-17 12:44:56.247,405.1398240136476,105
2024-09-17 12:44:56.249,405.0741981340496,10
2024-09-17 12:44:56.296,405.15618772974767,105
2024-09-17 12:44:56.302,405.1556090724321,998
2024-09-17 12:44:56.309,405.1667317929197,1004
2024-09-17 12:44:56.494,405.1575191570688,96
2024-09-17 12:44:56.576,405.1106055724364,13
2024-09-17 12:44:56.614,405.15685272129264,998
2024-09-17 12:44:56.643,405.1485657508308,105
2024-09-17 12:44:56.747,405.1228376947043,11
2024-09-17 12:44:56.757,405.1379686009781,996
2024-09-17 12:44:56.793,405.0980820398699,13
2024-09-17 12:44:56.806,405.1223508085254,1002
2024-09-17 12:44:56.820,405.1528855886071,1000
2024-09-17 12:44:56.828,405.1313965676375,96
2024-09-17 12:44:56.844,405.06723588244193,15
2024-09-17 12:44:56.851,405.1236004589711,95
2024-09-17 12:44:56.932,405.1508980129189,996
2024-09-17 12:44:57.035,405.1060890320501,14
2024-09-17 12:44:57.225,405.0994026635812,9
2024-09-17 12:44:57.271,405.1114951034752,96
2024-09-17 12:44:57.433,405.0942491158508,1005
2024-09-17 12:44:57.489,405.1132669091506,1001
2024-09-17 12:44:57.606,405.11499417882953,97
2024-09-17 12:44:57.852,405.11962655033847,1000
2024-09-17 12:44:58.029,405.0935861136829,7
2024-09-17 12:44:58.159,405.11108587701017,7
2024-09-17 12:44:58.253,405.0846741660944,97
2024-09-17 12:44:58.300,405.08380852862086,13
2024-09-17 12:44:58.318,405.0903811285331,10
2024-09-17 12:44:58.336,405.1086567828924,15
2024-09-17 12:44:58.367,405.0769230228189,97
2024-09-17 12:44:58.454,405.15284178947087,999
2024-09-17 12:44:58.496,405.1003474080273,12
2024-09-17 12:44:58.532,405.0991141086224,14
2024-09-17 12:44:58.551,405.08322203880846,7
2024-09-17 12:44:58.597,405.1205219916796,97
2024-09-17 12:44:58.628,405.0813521441799,998
2024-09-17 12:44:58.715,405.08705637794105,101
2024-09-17 12:44:58.762,405.08296924746736,1000
2024-09-17 12:44:58.808,405.09755553759135,104
2024-09-17 12:44:58.859,405.0915064002053,5
2024-09-17 12:44:58.965,405.0786718121345,99
2024-09-17 12:44:59.004,405.1723471172096,996
2024-09-17 12:44:59.020,405.1691181578203,104
2024-09-17 12:44:59.027,405.1496118608254,1003
2024-09-17 12:44:59.030,405.1442356734572,1005
2024-09-17 12:44:59.035,405.1595863629816,97
2024-09-17 12:44:59.106,405.1449367779869,8
2024-09-17 12:44:59.107,405.1321340394471,99
2024-09-17 12:44:59.140,405.1503139465439,999
2024-09-17 12:44:59.153,405.1360192686197,996
2024-09-17 12:44:59.171,405.1672446141637,101
2024-09-17 12:44:59.388,405.16864563849634,995
2024-09-17 12:44:59.439,405.135947382595,97
2024-09-17 12:44:59.598,405.1594543700653,14
2024-09-17 12:44:59.806,405.17023166791887,9
2024-09-17 12:44:59.908,405.1322234908561,102
2024-09-17 12:44:59.943,405.1443478668068,14
2024-09-17 12:44:59.997,405.14793403613805,102
