Timestamp,Price,Size
2024-09-19 12:19:00.031,422.7722449438731,10
2024-09-19 12:19:00.041,422.787490993344,103
2024-09-19 12:19:00.061,422.7872324752178,98
2024-09-19 12:19:00.221,422.7946773493117,97
2024-09-19 12:19:00.493,422.7874302796814,1003
2024-09-19 12:19:00.611,422.7858043756399,995
2024-09-19 12:19:00.635,422.7916092277683,1005
2024-09-19 12:19:00.713,422.7723620787421,998
2024-09-19 12:19:00.809,422.7741911070239,97
2024-09-19 12:19:00.989,422.7889225844605,6
2024-09-19 12:19:01.004,422.804047514905,102
2024-09-19 12:19:01.005,422.826219694238,98
2024-09-19 12:19:01.045,422.8213997216319,100
2024-09-19 12:19:01.228,422.83661107828345,9
2024-09-19 12:19:01.292,422.79564931355736,5
2024-09-19 12:19:01.316,422.7939397106798,8
2024-09-19 12:19:01.404,422.7857005841125,5
2024-09-19 12:19:01.444,422.8125038548464,12
2024-09-19 12:19:01.500,422.7780130507133,11
2024-09-19 12:19:01.529,422.8024324774418,98
2024-09-19 12:19:01.569,422.8108529180248,103
2024-09-19 12:19:01.659,422.7917022643203,5
2024-09-19 12:19:01.679,422.79748785780936,98
2024-09-19 12:19:01.700,422.83383001625054,1001
2024-09-19 12:19:01.804,422.8103133188135,1001
2024-09-19 12:19:01.816,422.791795801678,1002
2024-09-19 12:19:01.819,422.8208167428253,96
2024-09-19 12:19:01.829,422.8220079532034,1005
2024-09-19 12:19:01.858,422.8029211811572,105
2024-09-19 12:19:01.916,422.7843115936431,1000
2024-09-19 12:19:01.925,422.79531622749937,1005
2024-09-19 12:19:01.972,422.79492148137416,12
2024-09-19 12:19:02.435,422.811767379011,10
2024-09-19 12:19:02.490,422.8146479162583,103
2024-09-19 12:19:02.580,422.81730641088217,15
2024-09-19 12:19:02.581,422.8195310186502,998
2024-09-19 12:19:02.669,422.811962970551,13
2024-09-19 12:19:02.763,422.8278979968781,99
2024-09-19 12:19:02.963,422.8178955177583,11
2024-09-19 12:19:03.020,422.8658453928801,96
2024-09-19 12:19:03.032,422.8407955275582,104
2024-09-19 12:19:03.061,422.88047313713525,1002
2024-09-19 12:19:03.242,422.8571683895354,103
2024-09-19 12:19:03.294,422.8597754235744,13
2024-09-19 12:19:03.440,422.846013650537,999
2024-09-19 12:19:03.458,422.8676584559466,8
2024-09-19 12:19:03.469,422.8515510449302,102
2024-09-19 12:19:03.549,422.8413561848511,1003
2024-09-19 12:19:03.595,422.8620819176435,95
2024-09-19 12:19:03.653,422.8621610297403,5
2024-09-19 12:19:03.841,422.8548179082184,8
2024-09-19 12:19:03.954,422.8372533944959,13
2024-09-19 12:19:03.989,422.8669274536777,8
2024-09-19 12:19:04.174,422.8513547776246,99
2024-09-19 12:19:04.263,422.8409046099212,5
2024-09-19 12:19:04.317,422.8169374712377,98
2024-09-19 12:19:04.326,422.934297932176,97
2024-09-19 12:19:04.398,422.8390848613456,15
2024-09-19 12:19:04.407,422.8068541637147,11
2024-09-19 12:19:04.522,42.28322443539116,97
2024-09-19 12:19:04.530,-422.8161235713166,96
2024-09-19 12:19:04.580,422.84455657244695,12
2024-09-19 12:19:04.599,-422.8457898692142,1001
2024-09-19 12:19:04.614,422.87362830207184,11
2024-09-19 12:19:04.637,422.84148010474667,96
2024-09-19 12:19:04.675,422.8636377905632,1003
2024-09-19 12:19:04.689,422.85857349556426,1004
2024-09-19 12:19:04.707,422.8806680382972,997
2024-09-19 12:19:04.715,422.8699135135721,995
2024-09-19 12:19:04.736,422.82815676295934,105
2024-09-19 12:19:04.751,422.94958086275767,101
2024-09-19 12:19:04.763,422.9603275396721,9
2024-09-19 12:19:04.764,422.83346064734775,103
2024-09-19 12:19:04.922,422.8745990103226,999
2024-09-19 12:19:04.931,422.8708509143338,10
2024-09-19 12:19:04.943,422.8538068375282,9
2024-09-19 12:19:04.989,422.899317604569,995
2024-09-19 12:19:05.031,422.9655592791869,8
2024-09-19 12:19:06.015,422.9233119646679,8
2024-09-19 12:19:06.038,422.9107269800279,1003
2024-09-19 12:19:06.095,422.8994427186729,14
2024-09-19 12:19:06.121,422.9255517836122,995
2024-09-19 12:19:06.125,422.9323015668917,998
2024-09-19 12:19:06.234,422.88495423663,104
2024-09-19 12:19:06.279,422.9524216117429,15
2024-09-19 12:19:06.328,422.956915765127,1005
2024-09-19 12:19:06.388,422.93308242560784,15
2024-09-19 12:19:06.445,42.2937441186518,105
2024-09-19 12:19:06.502,422.8852829002989,99
2024-09-19 12:19:06.568,,9
2024-09-19 12:19:06.582,422.921248259632,5
2024-09-19 12:19:06.648,422.9230965492089,1000
2024-09-19 12:19:06.658,422.9236469391474,999
2024-09-19 12:19:06.690,422.8982979389322,14
2024-09-19 12:19:06.758,422.9415693834057,103
2024-09-19 12:19:06.799,422.8767018449927,9
2024-09-19 12:19:06.802,422.8732721450096,15
2024-09-19 12:19:06.917,422.96374828889566,8
2024-09-19 12:19:07.066,422.8578499932133,6
2024-09-19 12:19:07.174,422.8756001820788,12
2024-09-19 12:19:07.184,422.8732872030139,7
2024-09-19 12:19:07.412,422.86843563153707,6
2024-09-19 12:19:07.614,422.8690770733433,1005
2024-09-19 12:19:07.696,422.8847935997106,996
2024-09-19 12:19:07.830,422.86960227308464,9
2024-09-19 12:19:07.876,422.868455344095,100
2024-09-19 12:19:07.927,42.28710558839072,9
2024-09-19 12:19:08.042,422.8436991556631,102
2024-09-19 12:19:08.061,422.844444249316,15
2024-09-19 12:19:08.072,422.8609898795861,1000
2024-09-19 12:19:08.230,422.8807322858929,103
2024-09-19 12:19:08.250,422.8915707284689,96
2024-09-19 12:19:08.306,422.88295813761295,104
2024-09-19 12:19:08.360,422.88670913768505,10
2024-09-19 12:19:08.440,422.8455291518695,12
2024-09-19 12:19:08.537,422.85598925669007,11
2024-09-19 12:19:08.566,422.8703937988102,995
2024-09-19 12:19:08.644,422.8834419823907,11
2024-09-19 12:19:08.644,422.8826394169638,14
2024-09-19 12:19:08.665,422.8786658981351,98
2024-09-19 12:19:08.715,422.8867927597757,996
2024-09-19 12:19:08.715,422.8540961093507,1005
2024-09-19 12:19:08.742,422.8896787685226,997
2024-09-19 12:19:08.746,422.87499931750233,10
2024-09-19 12:19:08.749,422.88300008553927,100
2024-09-19 12:19:08.920,422.8563894423486,11
2024-09-19 12:19:08.988,422.8694934740147,997
2024-09-19 12:19:09.062,422.8115685566726,98
2024-09-19 12:19:09.065,422.8900755093664,1002
2024-09-19 12:19:09.066,422.8732889339344,1004
2024-09-19 12:19:09.067,422.8393088181793,5
2024-09-19 12:19:09.113,422.8930208635599,104
2024-09-19 12:19:09.134,422.8972768379654,104
2024-09-19 12:19:09.147,422.8469996351111,14
2024-09-19 12:19:09.164,422.89074355260095,13
2024-09-19 12:19:09.165,422.8946297525477,999
2024-09-19 12:19:09.168,422.9095870645506,1001
2024-09-19 12:19:09.191,422.9067900044566,98
2024-09-19 12:19:09.231,422.87716447362806,5
2024-09-19 12:19:09.271,422.8898094219605,99
2024-09-19 12:19:09.324,422.878507522699,98
2024-09-19 12:19:09.353,422.9007060403941,6
2024-09-19 12:19:09.380,422.89397034300015,996
2024-09-19 12:19:09.428,422.87950367169344,995
2024-09-19 12:19:09.493,422.8910732323562,98
2024-09-19 12:19:09.558,422.8905808292842,103
2024-09-19 12:19:09.581,422.89593857923217,1004
2024-09-19 12:19:09.705,42.28949174555777,9
2024-09-19 12:19:09.710,422.8992286282239,95
2024-09-19 12:19:09.733,422.8842399627951,13
2024-09-19 12:19:09.741,422.8980343519284,5
2024-09-19 12:19:09.835,422.8991974193737,998
2024-09-19 12:19:09.856,422.8732829028944,11
2024-09-19 12:19:09.862,422.8928032587434,995
2024-09-19 12:19:09.864,422.90027044924256,997
2024-09-19 12:19:09.873,422.8368291762536,102
2024-09-19 12:19:09.936,422.8788067135071,995
2024-09-19 12:19:10.067,422.79491636679006,998
2024-09-19 12:19:10.123,422.795083125344,997
2024-09-19 12:19:10.136,422.7944873959225,7
2024-09-19 12:19:10.140,422.7778456675064,1005
2024-09-19 12:19:10.209,422.7658212816456,10
2024-09-19 12:19:10.243,422.8497678745486,100
2024-09-19 12:19:10.324,422.7762707089836,1005
2024-09-19 12:19:10.596,422.7625882086007,995
2024-09-19 12:19:10.602,422.7807744425338,10
2024-09-19 12:19:10.629,422.7906907546215,101
2024-09-19 12:19:10.677,422.8193459112027,995
2024-09-19 12:19:10.686,422.8103420681099,995
2024-09-19 12:19:10.717,422.7895352865333,102
2024-09-19 12:19:10.756,422.802579594778,96
2024-09-19 12:19:10.761,422.7719502470318,13
2024-09-19 12:19:10.763,422.7947487856853,995
2024-09-19 12:19:10.829,422.8075904956912,996
2024-09-19 12:19:10.844,422.7660651583629,12
2024-09-19 12:19:10.871,422.8105555400476,15
2024-09-19 12:19:10.897,422.7956706735536,96
2024-09-19 12:19:10.952,422.8115046357002,10
2024-09-19 12:19:11.079,422.7701270049455,100
2024-09-19 12:19:11.108,-422.8310738957872,1002
2024-09-19 12:19:11.175,422.837351909133,99
2024-09-19 12:19:11.232,422.7268773409615,104
2024-09-19 12:19:11.480,422.79195928190745,6
2024-09-19 12:19:11.584,422.7509073939412,1000
2024-09-19 12:19:11.671,422.8205850875647,1003
2024-09-19 12:19:11.676,422.7683545417967,10
2024-09-19 12:19:11.709,422.8256838795782,1002
2024-09-19 12:19:11.712,422.8339371484927,6
2024-09-19 12:19:11.916,422.7765453299481,96
2024-09-19 12:19:11.955,422.8239539688165,7
2024-09-19 12:19:11.980,422.8110774761933,5
2024-09-19 12:19:12.360,422.7278308309499,999
2024-09-19 12:19:12.364,422.729560377376,1001
2024-09-19 12:19:12.717,422.7445345777234,998
2024-09-19 12:19:12.841,422.72702066275536,995
2024-09-19 12:19:13.011,,99
2024-09-19 12:19:13.130,422.79842370757376,14
2024-09-19 12:19:13.180,422.7593924153615,98
2024-09-19 12:19:13.213,422.81096943759775,997
2024-09-19 12:19:13.311,422.86021856125376,11
2024-09-19 12:19:13.346,422.8283584434853,96
2024-09-19 12:19:13.367,422.8205188554119,5
2024-09-19 12:19:13.367,422.7309170741701,105
2024-09-19 12:19:13.379,422.853483029618,7
2024-09-19 12:19:13.413,422.8596527835721,100
2024-09-19 12:19:13.440,422.8570986433226,11
2024-09-19 12:19:13.441,422.84008945594456,5
2024-09-19 12:19:13.487,422.8413568329406,105
2024-09-19 12:19:13.493,422.7355600075552,1004
2024-09-19 12:19:13.493,422.8374947541116,100
2024-09-19 12:19:13.501,422.7905882580121,12
2024-09-19 12:19:13.523,422.8033707913391,95
2024-09-19 12:19:13.566,422.7467353336006,11
2024-09-19 12:19:13.604,422.8222248823845,1005
2024-09-19 12:19:13.651,422.8659911493328,997
2024-09-19 12:19:13.651,422.8656776357349,13
2024-09-19 12:19:13.802,422.775556233801,105
2024-09-19 12:19:13.805,422.8701390221965,99
2024-09-19 12:19:13.878,422.8034838106945,5
2024-09-19 12:19:13.936,422.8721288525493,98
2024-09-19 12:19:13.960,422.8159394055305,1004
2024-09-19 12:19:14.040,422.8660478325658,5
2024-09-19 12:19:14.147,422.8482674418884,1001
2024-09-19 12:19:14.182,422.868965325416,105
2024-09-19 12:19:14.257,422.8608789837519,6
2024-09-19 12:19:14.280,422.8828218762349,10
2024-09-19 12:19:14.327,422.8965271378037,995
2024-09-19 12:19:14.341,422.8653236434181,997
2024-09-19 12:19:14.348,422.8681971950066,10
2024-09-19 12:19:14.374,422.8759901385912,14
2024-09-19 12:19:14.466,422.8231639349543,12
2024-09-19 12:19:14.483,422.8290741759951,6
2024-09-19 12:19:14.494,422.8302327546962,101
2024-09-19 12:19:14.530,422.8647025418969,6
2024-09-19 12:19:14.611,422.8697078836486,97
2024-09-19 12:19:14.663,422.8543222324184,13
2024-09-19 12:19:14.689,422.8518502882478,102
2024-09-19 12:19:14.722,422.8770942059677,999
2024-09-19 12:19:14.776,422.8560895829892,98
2024-09-19 12:19:14.807,422.8532234705898,5
2024-09-19 12:19:14.824,422.8705894028407,8
2024-09-19 12:19:14.895,422.8593741358193,8
2024-09-19 12:19:14.938,422.8384734377737,7
2024-09-19 12:19:14.946,422.8555757875153,14
2024-09-19 12:19:14.982,422.8555470005187,5
2024-09-19 12:19:14.986,422.8377692742398,100
2024-09-19 12:19:14.991,422.86467872138456,13
2024-09-19 12:19:14.994,422.8835848909041,1005
2024-09-19 12:19:14.997,422.8423013109674,5
2024-09-19 12:19:15.102,422.7588162761302,13
2024-09-19 12:19:15.137,422.7329111581702,8
2024-09-19 12:19:15.162,422.7699191232243,995
2024-09-19 12:19:15.234,422.7320959636259,13
2024-09-19 12:19:15.342,422.7748670634986,95
2024-09-19 12:19:15.405,422.80213407020017,5
2024-09-19 12:19:15.409,422.7328075479228,1005
2024-09-19 12:19:15.411,422.74903191549686,1000
2024-09-19 12:19:15.513,-422.7797851454831,103
2024-09-19 12:19:15.515,422.7366895204033,13
2024-09-19 12:19:15.668,422.7913004444487,8
2024-09-19 12:19:15.694,422.7583193003345,99
2024-09-19 12:19:15.717,422.73075369112365,6
2024-09-19 12:19:15.745,422.7092200231481,95
2024-09-19 12:19:15.799,422.7546923808114,102
2024-09-19 12:19:15.911,,997
2024-09-19 12:19:16.013,422.7405801395102,100
2024-09-19 12:19:16.096,422.7071291914076,1004
2024-09-19 12:19:16.096,422.7242561152676,999
2024-09-19 12:19:16.102,422.6944428624728,97
2024-09-19 12:19:16.114,422.72443311853954,13
2024-09-19 12:19:16.119,422.7299909361529,101
2024-09-19 12:19:16.312,422.6982728106023,97
2024-09-19 12:19:16.343,422.7483270464267,996
2024-09-19 12:19:16.462,422.7140975350693,1004
2024-09-19 12:19:16.496,422.6663388379844,104
2024-09-19 12:19:16.565,422.6990901429478,1004
2024-09-19 12:19:16.586,422.6836084953851,1004
2024-09-19 12:19:16.668,422.7024530245802,104
2024-09-19 12:19:16.689,422.70278697919633,99
2024-09-19 12:19:16.846,422.7486043729492,101
2024-09-19 12:19:16.872,422.6839656267193,6
2024-09-19 12:19:16.984,422.7129864474043,5
2024-09-19 12:19:17.078,422.7181138198293,999
2024-09-19 12:19:17.081,422.7361185746855,15
2024-09-19 12:19:17.089,422.7564128370749,998
2024-09-19 12:19:17.094,422.755285689248,1002
2024-09-19 12:19:17.126,422.6732327125465,995
2024-09-19 12:19:17.224,422.73394729825856,1003
2024-09-19 12:19:17.301,422.685126414813,1002
2024-09-19 12:19:17.352,422.7350555206213,11
2024-09-19 12:19:17.382,422.6793737783593,103
2024-09-19 12:19:17.436,422.7471310792533,102
2024-09-19 12:19:17.495,422.72604379152415,95
2024-09-19 12:19:17.588,422.7279515412267,9
2024-09-19 12:19:17.590,422.7665177851935,996
2024-09-19 12:19:17.634,422.7483883313596,995
2024-09-19 12:19:17.699,422.6666388096087,96
2024-09-19 12:19:17.718,422.7126548232132,1001
2024-09-19 12:19:17.886,422.6936705443625,105
2024-09-19 12:19:17.902,422.6672353580541,98
2024-09-19 12:19:18.216,422.7768412782322,1003
2024-09-19 12:19:18.263,,9
2024-09-19 12:19:18.377,-422.7836299413258,95
2024-09-19 12:19:18.408,422.7632028765696,14
2024-09-19 12:19:18.566,422.7711609384325,999
2024-09-19 12:19:18.986,422.7587937208969,998
2024-09-19 12:19:19.049,422.7245913552824,1002
2024-09-19 12:19:19.129,422.6982523423762,105
2024-09-19 12:19:19.142,422.76643022547137,12
2024-09-19 12:19:19.180,422.7680186712267,999
2024-09-19 12:19:19.188,422.7838589763292,7
2024-09-19 12:19:19.223,422.7404488429574,6
2024-09-19 12:19:19.269,422.73196850469344,997
2024-09-19 12:19:19.419,422.7066918173367,1000
2024-09-19 12:19:19.424,422.69475078001807,102
2024-09-19 12:19:19.452,422.73138504399566,100
2024-09-19 12:19:19.482,422.74720918132107,996
2024-09-19 12:19:19.484,422.7503772113535,14
2024-09-19 12:19:19.547,422.7612306706464,1002
2024-09-19 12:19:19.557,422.7600961986532,1004
2024-09-19 12:19:19.714,422.7329594944084,12
2024-09-19 12:19:19.724,422.7392772947807,105
2024-09-19 12:19:19.839,422.743016851692,10
2024-09-19 12:19:19.841,422.7396301885999,98
2024-09-19 12:19:19.851,422.73956262645993,995
2024-09-19 12:19:19.853,422.7421338356137,996
2024-09-19 12:19:19.873,422.7445160753615,96
2024-09-19 12:19:19.899,422.7333957179006,104
2024-09-19 12:19:19.924,422.7391523595,996
2024-09-19 12:19:19.954,422.7501237380837,997
2024-09-19 12:19:19.973,422.7448653894783,101
2024-09-19 12:19:20.219,422.6662852551844,7
2024-09-19 12:19:20.264,422.655757775321,101
2024-09-19 12:19:20.281,422.5828989530736,995
2024-09-19 12:19:20.327,422.599106113938,1000
2024-09-19 12:19:20.366,422.6353063024777,102
2024-09-19 12:19:20.395,422.6575546619707,102
2024-09-19 12:19:20.406,422.6674206678183,14
2024-09-19 12:19:20.413,422.6085552329633,14
2024-09-19 12:19:20.422,422.6524387657066,101
2024-09-19 12:19:20.477,422.5920729080791,999
2024-09-19 12:19:20.485,422.6063696168119,103
2024-09-19 12:19:20.511,422.60735548763074,95
2024-09-19 12:19:20.538,422.65480064333445,105
2024-09-19 12:19:20.586,422.6815324450577,14
2024-09-19 12:19:20.611,422.55816695730505,11
2024-09-19 12:19:20.628,422.6717912786169,104
2024-09-19 12:19:20.658,422.62830386832496,100
2024-09-19 12:19:20.763,422.6465402636039,97
2024-09-19 12:19:20.795,422.60592562361217,1002
2024-09-19 12:19:20.819,422.653070053506,1002
2024-09-19 12:19:20.840,422.6055510647656,997
2024-09-19 12:19:20.929,422.5780033873841,98
2024-09-19 12:19:20.929,422.60940782197247,95
2024-09-19 12:19:20.974,422.6160365106962,102
2024-09-19 12:19:21.064,422.5944905018357,998
2024-09-19 12:19:21.075,422.6042052900433,995
2024-09-19 12:19:21.106,422.5848926443668,10
2024-09-19 12:19:21.111,422.61309119813626,6
2024-09-19 12:19:21.140,422.59376862871136,6
2024-09-19 12:19:21.153,422.6218034050391,999
2024-09-19 12:19:21.344,422.5611766603126,1005
2024-09-19 12:19:21.398,422.6131191086343,14
2024-09-19 12:19:21.469,422.5844707711192,997
2024-09-19 12:19:21.481,422.6112605144149,8
2024-09-19 12:19:21.505,422.6178516149472,15
2024-09-19 12:19:21.515,422.5967351433464,998
2024-09-19 12:19:21.665,422.58632433751,13
2024-09-19 12:19:21.705,422.58771683558206,1000
2024-09-19 12:19:21.711,422.6254297852967,9
2024-09-19 12:19:21.832,422.6200934275192,98
2024-09-19 12:19:21.932,422.6011533276672,5
2024-09-19 12:19:22.087,422.5801950727885,103
2024-09-19 12:19:22.398,422.5763301988103,10
2024-09-19 12:19:22.436,422.56488306489103,95
2024-09-19 12:19:22.561,422.5916169891332,9
2024-09-19 12:19:22.599,422.6020164976994,7
2024-09-19 12:19:22.647,422.5830675412617,1001
2024-09-19 12:19:22.658,422.5783700224496,1000
2024-09-19 12:19:22.734,42.25612066921827,95
2024-09-19 12:19:22.751,422.60559088984274,998
2024-09-19 12:19:22.832,422.5704839337024,14
2024-09-19 12:19:23.069,422.6175066484346,9
2024-09-19 12:19:23.117,422.6206804610868,95
2024-09-19 12:19:23.325,422.61005497526537,15
2024-09-19 12:19:23.338,422.630726945673,1004
2024-09-19 12:19:23.396,422.6180166689304,104
2024-09-19 12:19:23.413,422.601958302787,96
2024-09-19 12:19:23.496,422.6135456534444,1000
2024-09-19 12:19:23.506,422.63009898979567,103
2024-09-19 12:19:23.509,422.6208008329933,15
2024-09-19 12:19:23.526,422.6184813020669,1001
2024-09-19 12:19:23.834,422.6097506862323,102
2024-09-19 12:19:23.842,,96
2024-09-19 12:19:23.855,422.6140376732507,13
2024-09-19 12:19:23.862,422.6311501619995,98
2024-09-19 12:19:24.005,422.5659759728988,7
2024-09-19 12:19:24.016,422.5277935418775,5
2024-09-19 12:19:24.082,,96
2024-09-19 12:19:24.101,422.5782769685764,1004
2024-09-19 12:19:24.228,422.5577347775941,9
2024-09-19 12:19:24.256,422.5599020143742,6
2024-09-19 12:19:24.286,422.6055786597083,96
2024-09-19 12:19:24.302,422.57469592643935,11
2024-09-19 12:19:24.360,422.5753988534751,996
2024-09-19 12:19:24.389,422.5867671372749,102
2024-09-19 12:19:24.396,422.548839229919,95
2024-09-19 12:19:24.454,422.6058017196761,103
2024-09-19 12:19:24.481,422.5881605370856,996
2024-09-19 12:19:24.490,422.5868213440384,12
2024-09-19 12:19:24.502,422.5771505463296,102
2024-09-19 12:19:24.540,422.5175945293893,101
2024-09-19 12:19:24.546,422.5579924502694,5
2024-09-19 12:19:24.628,422.5274568745263,996
2024-09-19 12:19:24.638,422.59111345448775,101
2024-09-19 12:19:24.675,422.5853734309599,1001
2024-09-19 12:19:24.682,422.5752417525487,12
2024-09-19 12:19:24.694,422.5506643920643,8
2024-09-19 12:19:24.716,422.5691219557162,103
2024-09-19 12:19:24.785,422.57540452515406,7
2024-09-19 12:19:24.840,422.55546418769154,102
2024-09-19 12:19:24.866,422.59838789345554,1003
2024-09-19 12:19:24.888,422.5869593708701,104
2024-09-19 12:19:24.966,422.5167900848365,95
2024-09-19 12:19:25.040,422.5266632549693,5
2024-09-19 12:19:25.230,422.4944707748423,6
2024-09-19 12:19:25.361,422.5324274234802,1001
2024-09-19 12:19:25.368,422.52678711135167,99
2024-09-19 12:19:25.385,422.509160640529,1005
2024-09-19 12:19:25.439,422.5199882342503,95
2024-09-19 12:19:25.690,422.5045452944517,1004
2024-09-19 12:19:25.693,422.5248572257437,6
2024-09-19 12:19:25.708,422.5208790540873,1004
2024-09-19 12:19:25.842,422.5172812657248,101
2024-09-19 12:19:25.946,422.501779078186,997
2024-09-19 12:19:25.994,422.4963290026501,998
2024-09-19 12:19:25.995,422.5018686425362,102
2024-09-19 12:19:26.119,422.54145505457126,100
2024-09-19 12:19:26.437,422.5635178203281,997
2024-09-19 12:19:26.442,422.5647440212003,9
2024-09-19 12:19:26.452,422.5588762257204,13
2024-09-19 12:19:26.538,422.5519790893419,998
2024-09-19 12:19:26.681,422.55026333889015,13
2024-09-19 12:19:26.731,422.5550662809332,97
2024-09-19 12:19:26.771,422.5295463408954,101
2024-09-19 12:19:26.813,422.5750552225888,996
2024-09-19 12:19:27.038,422.4976862952299,1003
2024-09-19 12:19:27.057,422.5635472862663,102
2024-09-19 12:19:27.473,422.5442595673171,1003
2024-09-19 12:19:27.507,422.5307702864879,12
2024-09-19 12:19:27.513,422.5698724154668,1005
2024-09-19 12:19:27.521,422.5115766040309,97
2024-09-19 12:19:27.557,422.5025173016927,102
2024-09-19 12:19:27.619,422.5421055255278,13
2024-09-19 12:19:27.692,422.5579679248167,5
2024-09-19 12:19:27.767,422.5043157271236,100
2024-09-19 12:19:27.775,422.4932896556522,5
2024-09-19 12:19:27.822,422.5725627258964,1004
2024-09-19 12:19:27.884,422.5431027532807,995
2024-09-19 12:19:27.929,422.5562412976423,15
2024-09-19 12:19:27.958,422.5121152562418,102
2024-09-19 12:19:28.032,422.4594682433893,102
2024-09-19 12:19:28.081,422.4761941918925,1000
2024-09-19 12:19:28.180,422.4820149603067,10
2024-09-19 12:19:28.183,422.4622194993608,5
2024-09-19 12:19:28.190,422.4741476802264,101
2024-09-19 12:19:28.204,422.4570247700137,8
2024-09-19 12:19:28.223,422.4851523394594,12
2024-09-19 12:19:28.272,422.4655934841374,1000
2024-09-19 12:19:28.274,422.4816776149492,1004
2024-09-19 12:19:28.324,422.4701559844799,10
2024-09-19 12:19:28.391,422.4551596459568,105
2024-09-19 12:19:28.427,,1002
2024-09-19 12:19:28.467,422.4697060282146,995
2024-09-19 12:19:28.500,422.4691510746849,101
2024-09-19 12:19:28.509,422.48850648307433,15
2024-09-19 12:19:28.523,422.4553037263114,10
2024-09-19 12:19:28.554,422.51006117373225,15
2024-09-19 12:19:28.572,422.4310419303486,97
2024-09-19 12:19:28.597,422.4734204399169,105
2024-09-19 12:19:28.627,422.4297306316328,1005
2024-09-19 12:19:28.644,422.4655662960317,99
2024-09-19 12:19:28.722,422.4508812235883,996
2024-09-19 12:19:28.729,422.4720109733256,1003
2024-09-19 12:19:28.765,422.4565385173177,1004
2024-09-19 12:19:28.768,422.4827869176291,1003
2024-09-19 12:19:28.796,422.4463777200108,1002
2024-09-19 12:19:28.854,422.4846448161088,1003
2024-09-19 12:19:28.923,422.45768505973945,100
2024-09-19 12:19:28.944,422.44692820465286,6
2024-09-19 12:19:28.992,422.4841063774748,1002
2024-09-19 12:19:30.045,422.4552287874672,95
2024-09-19 12:19:30.853,422.4555053091403,102
2024-09-19 12:19:30.878,422.4468797011086,998
2024-09-19 12:19:31.018,422.45974027323103,103
2024-09-19 12:19:31.047,422.4608623936364,1002
2024-09-19 12:19:31.605,422.4571422415698,8
2024-09-19 12:19:31.827,422.4808217011831,104
2024-09-19 12:19:31.852,422.4467350250568,12
2024-09-19 12:19:31.916,422.4673816544913,103
2024-09-19 12:19:31.935,422.462867508506,99
2024-09-19 12:19:31.947,422.4533105961194,10
2024-09-19 12:19:32.058,422.4666857707137,1004
2024-09-19 12:19:32.393,422.45673473903696,95
2024-09-19 12:19:32.556,422.457510914351,100
2024-09-19 12:19:33.107,422.45874447442975,1000
2024-09-19 12:19:33.157,422.4748150027884,99
2024-09-19 12:19:33.237,422.44399225752375,7
2024-09-19 12:19:33.265,422.480807618014,998
2024-09-19 12:19:33.297,422.4649767966684,8
2024-09-19 12:19:33.309,422.4532001023997,996
2024-09-19 12:19:33.357,422.46546023519227,997
2024-09-19 12:19:33.452,422.4827024733479,103
2024-09-19 12:19:33.488,422.4819497411365,97
2024-09-19 12:19:33.512,422.4683756647354,14
2024-09-19 12:19:33.804,422.45153516702914,99
2024-09-19 12:19:33.816,422.482120411289,999
2024-09-19 12:19:33.851,422.4845186251617,13
2024-09-19 12:19:33.870,422.45971184800777,1000
2024-09-19 12:19:33.897,422.478511897125,12
2024-09-19 12:19:33.945,422.4701566796215,998
2024-09-19 12:19:33.950,422.4540632718336,98
2024-09-19 12:19:33.969,422.44433290952696,1004
2024-09-19 12:19:34.011,422.4908960223637,7
2024-09-19 12:19:34.030,422.5037856933473,5
2024-09-19 12:19:34.112,422.4870386328547,104
2024-09-19 12:19:34.240,422.4865726865578,100
2024-09-19 12:19:34.277,422.5041375979776,104
2024-09-19 12:19:34.291,422.4898732270231,100
2024-09-19 12:19:34.332,422.5175464052733,10
2024-09-19 12:19:34.581,422.4912075984007,13
2024-09-19 12:19:34.665,422.5165758221245,103
2024-09-19 12:19:34.666,422.5041426304283,995
2024-09-19 12:19:34.682,422.4762143157244,103
2024-09-19 12:19:34.685,422.5229366761868,15
2024-09-19 12:19:34.699,422.4977931367469,99
2024-09-19 12:19:34.708,422.4843579917471,997
2024-09-19 12:19:34.712,422.4927367927711,100
2024-09-19 12:19:34.718,422.49331084218215,8
2024-09-19 12:19:34.749,422.48605216322943,1000
2024-09-19 12:19:34.798,422.5090548464748,97
2024-09-19 12:19:34.856,422.5063604532919,7
2024-09-19 12:19:34.863,422.49966816796416,102
2024-09-19 12:19:34.863,422.49726103798565,96
2024-09-19 12:19:34.891,422.4881704070352,97
2024-09-19 12:19:34.935,422.5213219278236,105
2024-09-19 12:19:35.032,422.4074995525818,105
2024-09-19 12:19:35.063,422.4347250070708,1003
2024-09-19 12:19:35.117,422.440194607728,8
2024-09-19 12:19:35.149,422.3846093610553,96
2024-09-19 12:19:35.183,422.3661002089895,10
2024-09-19 12:19:35.257,422.4349284427972,9
2024-09-19 12:19:35.285,422.45033465495817,95
2024-09-19 12:19:35.303,422.3649111475013,6
2024-09-19 12:19:35.340,422.38698649511554,1003
2024-09-19 12:19:35.359,422.42750055881135,99
2024-09-19 12:19:35.380,422.3898268761616,11
2024-09-19 12:19:35.394,422.4449030367167,6
2024-09-19 12:19:35.403,422.3782829795094,8
2024-09-19 12:19:35.532,422.4347267283138,101
2024-09-19 12:19:35.597,422.4502772492963,998
2024-09-19 12:19:35.632,422.4254879859801,13
2024-09-19 12:19:35.671,422.43511534752105,95
2024-09-19 12:19:35.679,422.4387390636295,104
2024-09-19 12:19:35.733,422.3782143163079,997
2024-09-19 12:19:35.816,422.4556271685872,12
2024-09-19 12:19:35.820,422.45476039400455,1001
2024-09-19 12:19:35.827,422.4383525314541,100
2024-09-19 12:19:35.948,422.46392088259086,1000
2024-09-19 12:19:36.018,422.4037156865575,97
2024-09-19 12:19:36.041,422.4331279093264,1001
2024-09-19 12:19:36.110,422.43214322204585,9
2024-09-19 12:19:36.111,422.3990949430992,1000
2024-09-19 12:19:36.118,422.4147537363124,14
2024-09-19 12:19:36.138,422.4106071156203,7
2024-09-19 12:19:36.193,422.4405862204969,100
2024-09-19 12:19:36.207,422.3908196349956,98
2024-09-19 12:19:36.216,422.3982741151666,997
2024-09-19 12:19:36.259,422.3636245960927,1004
2024-09-19 12:19:36.285,422.3524891687557,98
2024-09-19 12:19:36.288,422.4089897126384,9
2024-09-19 12:19:36.337,422.388890757434,9
2024-09-19 12:19:36.340,422.38622267259046,5
2024-09-19 12:19:36.352,422.3851108551426,995
2024-09-19 12:19:36.435,422.4055599252335,1001
2024-09-19 12:19:36.536,422.3641880093536,13
2024-09-19 12:19:36.602,422.38974890574366,13
2024-09-19 12:19:36.613,422.4099035171864,5
2024-09-19 12:19:36.658,422.4036975939029,97
2024-09-19 12:19:36.867,422.4378163283771,1003
2024-09-19 12:19:36.888,422.4072986509568,96
2024-09-19 12:19:36.936,422.3804005511672,6
2024-09-19 12:19:36.936,422.3849153944358,11
2024-09-19 12:19:37.010,422.41701870324863,100
2024-09-19 12:19:37.098,-422.4078256080338,1000
2024-09-19 12:19:37.356,422.4124339010528,101
2024-09-19 12:19:37.995,422.4001283501997,8
2024-09-19 12:19:38.040,422.4500973813324,12
2024-09-19 12:19:38.151,422.4434917317938,1000
2024-09-19 12:19:38.192,422.4541777737598,998
2024-09-19 12:19:38.247,422.39523482982,100
2024-09-19 12:19:38.261,422.4207555572102,100
2024-09-19 12:19:38.369,422.42428572665096,97
2024-09-19 12:19:38.413,422.4274761384983,1002
2024-09-19 12:19:38.423,422.4151116474328,7
2024-09-19 12:19:38.506,422.4576898349694,12
2024-09-19 12:19:38.587,422.43933691084334,6
2024-09-19 12:19:38.599,,103
2024-09-19 12:19:38.616,422.4179253728011,7
2024-09-19 12:19:38.626,422.3987441500522,13
2024-09-19 12:19:38.705,422.421384208569,997
2024-09-19 12:19:38.708,422.42123196352856,7
2024-09-19 12:19:38.772,422.44157271737976,11
2024-09-19 12:19:38.814,422.42671173100064,996
2024-09-19 12:19:39.028,422.3612515551178,1000
2024-09-19 12:19:39.157,422.38154889942217,1002
2024-09-19 12:19:39.432,422.40576818961904,1002
2024-09-19 12:19:39.453,422.38203715431104,96
2024-09-19 12:19:39.570,422.37406257398686,15
2024-09-19 12:19:39.619,422.3966790714359,14
2024-09-19 12:19:39.638,422.4030933248257,8
2024-09-19 12:19:39.654,422.40538490644,9
2024-09-19 12:19:39.722,422.3873231232555,1004
2024-09-19 12:19:39.829,422.38850751728415,105
2024-09-19 12:19:39.836,422.3915763507392,1000
2024-09-19 12:19:39.844,422.3931181038057,7
2024-09-19 12:19:39.880,422.39525046817687,999
2024-09-19 12:19:39.999,422.4032005840999,999
2024-09-19 12:19:40.002,422.38201876478735,15
2024-09-19 12:19:40.019,422.3821267785471,997
2024-09-19 12:19:40.117,422.355430637392,1002
2024-09-19 12:19:40.145,422.3518177355601,10
2024-09-19 12:19:40.155,422.3667929535824,10
2024-09-19 12:19:40.183,422.38096539115327,102
2024-09-19 12:19:40.207,422.3682332481234,1005
2024-09-19 12:19:40.296,422.36391008579153,99
2024-09-19 12:19:40.370,422.3604678211639,13
2024-09-19 12:19:40.504,422.3570962829689,996
2024-09-19 12:19:40.542,422.3620877576619,1000
2024-09-19 12:19:40.559,422.3667695593514,13
2024-09-19 12:19:40.599,422.3608367928697,9
2024-09-19 12:19:40.607,422.3524124479622,96
2024-09-19 12:19:40.616,422.357490462866,996
2024-09-19 12:19:40.642,422.3492851565065,14
2024-09-19 12:19:40.713,-422.3658841008457,101
2024-09-19 12:19:40.802,422.3542356398832,999
2024-09-19 12:19:40.819,422.36982267918165,1002
2024-09-19 12:19:41.002,422.3542210044155,1001
2024-09-19 12:19:41.133,422.4056205043128,105
2024-09-19 12:19:41.163,422.3439084077316,95
2024-09-19 12:19:41.169,422.4226401523765,7
2024-09-19 12:19:41.178,422.3281094433199,103
2024-09-19 12:19:41.207,422.3651562969301,7
2024-09-19 12:19:41.228,422.37056380135846,12
2024-09-19 12:19:41.290,422.3495227811815,999
2024-09-19 12:19:41.332,422.393571520993,7
2024-09-19 12:19:41.335,422.3252162834044,101
2024-09-19 12:19:41.352,422.3825175091332,995
2024-09-19 12:19:41.396,422.302913139707,1004
2024-09-19 12:19:41.403,422.34727531817504,8
2024-09-19 12:19:41.450,422.3477914721078,5
2024-09-19 12:19:41.520,422.3308992444423,95
2024-09-19 12:19:41.560,422.37623138602703,12
2024-09-19 12:19:41.598,422.3173158337035,5
2024-09-19 12:19:41.660,422.35564343758654,13
2024-09-19 12:19:41.716,422.3994367985096,8
2024-09-19 12:19:41.749,422.3559615758465,999
2024-09-19 12:19:41.806,422.3749508940318,15
2024-09-19 12:19:41.852,422.3654866703996,1000
2024-09-19 12:19:41.897,422.322220407828,97
2024-09-19 12:19:41.942,422.33545618571833,997
2024-09-19 12:19:41.996,422.3654662519903,103
2024-09-19 12:19:42.283,422.3314948101503,1003
2024-09-19 12:19:42.412,422.3339601620877,14
2024-09-19 12:19:42.572,422.3236427829298,999
2024-09-19 12:19:42.580,42.23316816398327,9
2024-09-19 12:19:42.649,422.3199514763184,997
2024-09-19 12:19:42.697,422.32908689032695,10
2024-09-19 12:19:42.734,422.34054050344434,6
2024-09-19 12:19:43.214,422.3072180044717,1004
2024-09-19 12:19:44.016,422.2820165624244,998
2024-09-19 12:19:44.040,422.2929999610631,5
2024-09-19 12:19:44.079,422.2835444672152,105
2024-09-19 12:19:44.123,422.28957649621583,995
2024-09-19 12:19:44.132,422.289320748034,103
2024-09-19 12:19:44.162,422.29008632987615,10
2024-09-19 12:19:44.201,422.29508669376,104
2024-09-19 12:19:44.202,422.2773031975229,1002
2024-09-19 12:19:44.221,422.3054948639196,995
2024-09-19 12:19:44.248,422.281433050725,97
2024-09-19 12:19:44.264,422.2701051951029,1004
2024-09-19 12:19:44.271,42.22792230654411,6
2024-09-19 12:19:44.276,422.2955889493456,997
2024-09-19 12:19:44.279,422.291476602505,98
2024-09-19 12:19:44.311,422.2911367342006,100
2024-09-19 12:19:44.330,422.28184162565975,15
2024-09-19 12:19:44.487,422.2775610120245,12
2024-09-19 12:19:44.604,42.227015595795294,1003
2024-09-19 12:19:44.665,422.2684776007542,1000
2024-09-19 12:19:44.720,422.28358428240006,10
2024-09-19 12:19:44.828,422.2954910157525,11
2024-09-19 12:19:44.932,422.2862471653775,98
2024-09-19 12:19:45.043,422.3506939532138,10
2024-09-19 12:19:45.101,422.3501337471761,995
2024-09-19 12:19:45.177,422.3388176413935,9
2024-09-19 12:19:45.226,422.3304762954992,1003
2024-09-19 12:19:45.406,422.3583710879506,105
2024-09-19 12:19:45.530,422.2813004794904,997
2024-09-19 12:19:45.676,422.2853257864393,95
2024-09-19 12:19:45.710,422.3566833085911,98
2024-09-19 12:19:45.770,422.3379624967394,995
2024-09-19 12:19:45.782,422.30026999311,95
2024-09-19 12:19:45.787,422.269645953158,15
2024-09-19 12:19:45.969,422.348637724864,7
2024-09-19 12:19:46.095,422.3723776510006,105
2024-09-19 12:19:46.193,422.3496619774812,6
2024-09-19 12:19:46.200,422.33966693912265,100
2024-09-19 12:19:46.202,422.3915779769324,12
2024-09-19 12:19:46.234,422.3928576035492,1001
2024-09-19 12:19:46.270,422.36686641757535,1004
2024-09-19 12:19:46.327,422.3716127818357,99
2024-09-19 12:19:46.335,422.349423182318,104
2024-09-19 12:19:46.356,422.3845216746543,1004
2024-09-19 12:19:46.370,422.3477992068721,102
2024-09-19 12:19:46.385,422.3997466501615,1002
2024-09-19 12:19:46.411,-422.3481496941882,95
2024-09-19 12:19:46.514,422.3300963323436,103
2024-09-19 12:19:46.544,422.40049751344,1002
2024-09-19 12:19:46.595,422.3688553483283,97
2024-09-19 12:19:46.636,422.34689161831903,104
2024-09-19 12:19:46.647,422.3583854497335,996
2024-09-19 12:19:46.736,,15
2024-09-19 12:19:46.785,422.3802187681515,9
2024-09-19 12:19:46.809,422.4052169139656,96
2024-09-19 12:19:46.853,422.365126133369,999
2024-09-19 12:19:46.883,422.3984452604674,102
2024-09-19 12:19:46.884,422.3609236981738,98
2024-09-19 12:19:46.898,422.3712583590112,14
2024-09-19 12:19:46.985,422.3892789158918,996
2024-09-19 12:19:46.998,422.3515400095269,7
2024-09-19 12:19:47.071,422.3793335356637,998
2024-09-19 12:19:47.242,422.3971671427392,998
2024-09-19 12:19:47.253,422.4248142096383,99
2024-09-19 12:19:47.281,422.4035596229797,1000
2024-09-19 12:19:47.352,422.381808903342,1001
2024-09-19 12:19:47.368,422.4017661613645,997
2024-09-19 12:19:47.611,422.4166270154229,10
2024-09-19 12:19:47.722,422.3861455325493,98
2024-09-19 12:19:47.846,422.4030039133727,1004
2024-09-19 12:19:47.865,422.3960514140865,997
2024-09-19 12:19:47.931,422.4103823147768,105
2024-09-19 12:19:47.985,422.3811490179563,96
2024-09-19 12:19:48.027,422.4332800532961,12
2024-09-19 12:19:48.046,422.39135551930167,996
2024-09-19 12:19:48.072,422.4462066951593,10
2024-09-19 12:19:48.096,422.4386462321838,12
2024-09-19 12:19:48.113,422.4464110183831,98
2024-09-19 12:19:48.151,422.4241790699635,6
2024-09-19 12:19:48.160,422.4082868037495,1003
2024-09-19 12:19:48.210,422.4122041990416,5
2024-09-19 12:19:48.211,422.4384389287884,103
2024-09-19 12:19:48.275,422.4281904674239,13
2024-09-19 12:19:48.408,422.4344447417072,11
2024-09-19 12:19:48.439,422.445353417874,97
2024-09-19 12:19:48.474,422.4009997441466,14
2024-09-19 12:19:48.515,422.4099885016884,1002
2024-09-19 12:19:48.583,422.43238787489344,13
2024-09-19 12:19:48.585,422.40374372924754,1000
2024-09-19 12:19:48.594,422.4495855646634,1004
2024-09-19 12:19:48.615,422.4208201130343,6
2024-09-19 12:19:48.617,422.4103131661242,96
2024-09-19 12:19:48.638,422.4591685604834,11
2024-09-19 12:19:48.639,422.4228484642261,1000
2024-09-19 12:19:48.709,422.4265950177036,7
2024-09-19 12:19:48.747,422.4283752447713,995
2024-09-19 12:19:48.779,422.39381185459337,98
2024-09-19 12:19:48.814,422.4336547676014,100
2024-09-19 12:19:48.869,422.453619671425,97
2024-09-19 12:19:48.913,422.4033609015394,1004
2024-09-19 12:19:48.917,422.4164939074213,996
2024-09-19 12:19:48.960,422.4065718064682,101
2024-09-19 12:19:49.005,422.3902980386761,103
2024-09-19 12:19:49.010,422.41078653505934,8
2024-09-19 12:19:49.142,422.3992097709826,997
2024-09-19 12:19:49.148,422.39658519108434,9
2024-09-19 12:19:49.166,422.4472759218728,11
2024-09-19 12:19:49.181,422.373894439051,13
2024-09-19 12:19:49.207,422.3761451992745,1001
2024-09-19 12:19:49.276,422.4364485017908,5
2024-09-19 12:19:49.294,422.43078284444186,97
2024-09-19 12:19:49.296,422.3939264477083,9
2024-09-19 12:19:49.322,422.42249439826287,1004
2024-09-19 12:19:49.324,422.4323529223081,1004
2024-09-19 12:19:49.340,422.42252819993456,98
2024-09-19 12:19:49.371,422.4162374903437,1003
2024-09-19 12:19:49.396,422.4225264059546,12
2024-09-19 12:19:49.399,422.4108546092388,15
2024-09-19 12:19:49.403,422.43922672683016,95
2024-09-19 12:19:49.413,422.403098235418,13
2024-09-19 12:19:49.461,422.38882387932216,1001
2024-09-19 12:19:49.464,422.3725488400733,105
2024-09-19 12:19:49.522,422.3979519442735,102
2024-09-19 12:19:49.697,422.4187663192519,101
2024-09-19 12:19:49.724,422.4043229349831,6
2024-09-19 12:19:49.913,422.4170181473226,99
2024-09-19 12:19:49.913,422.41067137084696,103
2024-09-19 12:19:49.924,422.3626794921539,9
2024-09-19 12:19:49.996,422.4300265746184,10
2024-09-19 12:19:50.093,422.5097721509683,103
2024-09-19 12:19:50.160,422.4972269462388,99
2024-09-19 12:19:50.261,422.4929808769716,97
2024-09-19 12:19:50.292,422.49018286894847,997
2024-09-19 12:19:50.327,422.4344370309205,999
2024-09-19 12:19:50.451,422.4558165920311,102
2024-09-19 12:19:50.460,422.4950977100511,998
2024-09-19 12:19:50.499,422.5039012893826,98
2024-09-19 12:19:50.529,422.494922087809,104
2024-09-19 12:19:50.603,422.47110618240606,1003
2024-09-19 12:19:50.807,422.447707719344,5
2024-09-19 12:19:50.832,422.4477609220472,1001
2024-09-19 12:19:50.945,422.4933823935083,99
2024-09-19 12:19:51.041,422.5070049375603,1001
2024-09-19 12:19:51.169,422.5308819419016,999
2024-09-19 12:19:51.217,422.5336529031558,14
2024-09-19 12:19:51.263,422.51058769487565,96
2024-09-19 12:19:51.327,422.5146551646029,11
2024-09-19 12:19:51.452,422.5087309779304,1002
2024-09-19 12:19:51.577,422.5237278812657,104
2024-09-19 12:19:51.667,422.52200219164143,6
2024-09-19 12:19:51.703,422.5203613211442,1004
2024-09-19 12:19:51.710,422.52056903634485,97
2024-09-19 12:19:51.762,422.5175899853696,15
2024-09-19 12:19:51.797,422.5162512434196,1003
2024-09-19 12:19:51.912,422.5369411216062,99
2024-09-19 12:19:52.006,422.499676867654,104
2024-09-19 12:19:52.017,422.4747845308489,103
2024-09-19 12:19:52.032,422.4654079198909,1001
2024-09-19 12:19:52.106,422.5020579305572,8
2024-09-19 12:19:52.123,422.4732439635101,105
2024-09-19 12:19:52.140,422.48447380928513,8
2024-09-19 12:19:52.142,,97
2024-09-19 12:19:52.222,422.52562970132055,5
2024-09-19 12:19:52.246,422.4608620229415,8
2024-09-19 12:19:52.259,422.505502018033,96
2024-09-19 12:19:52.294,422.4618520638469,97
2024-09-19 12:19:52.340,422.5320023261419,13
2024-09-19 12:19:52.353,422.5016721650383,104
2024-09-19 12:19:52.366,422.5099450963901,1001
2024-09-19 12:19:52.384,422.5385788378423,97
2024-09-19 12:19:52.467,422.4832734015467,1002
2024-09-19 12:19:52.473,422.45754347047387,103
2024-09-19 12:19:52.610,422.5124903461792,1005
2024-09-19 12:19:52.614,422.5085067492468,95
2024-09-19 12:19:52.713,422.4854513071048,9
2024-09-19 12:19:52.766,422.4853148539968,15
2024-09-19 12:19:52.814,422.4561405659904,95
2024-09-19 12:19:52.833,422.4938809763081,995
2024-09-19 12:19:52.850,422.4394066493968,96
2024-09-19 12:19:52.884,422.5148858207593,999
2024-09-19 12:19:52.920,422.470317835447,999
2024-09-19 12:19:52.970,422.4386811109078,7
2024-09-19 12:19:52.997,422.4611562408603,998
2024-09-19 12:19:53.030,422.4571301167393,14
2024-09-19 12:19:53.038,422.46461152768535,997
2024-09-19 12:19:53.070,422.4819324062802,1005
2024-09-19 12:19:53.096,42.24826202896868,8
2024-09-19 12:19:53.144,422.4696210978319,6
2024-09-19 12:19:53.224,422.46195912938936,98
2024-09-19 12:19:53.308,422.4521491110738,100
2024-09-19 12:19:53.383,422.45499091911904,6
2024-09-19 12:19:53.449,422.4839608197878,995
2024-09-19 12:19:53.488,422.4883548974035,104
2024-09-19 12:19:53.511,422.47918148704895,96
2024-09-19 12:19:53.526,422.4607540861032,997
2024-09-19 12:19:53.555,422.4513305170946,996
2024-09-19 12:19:53.659,422.4664290336057,11
2024-09-19 12:19:53.718,422.4513257451899,1002
2024-09-19 12:19:53.788,422.4704398548854,10
2024-09-19 12:19:53.826,422.4748666272897,8
2024-09-19 12:19:53.859,422.4818527315237,13
2024-09-19 12:19:53.880,422.46236864402033,5
2024-09-19 12:19:53.927,422.4729577735154,103
2024-09-19 12:19:54.096,422.4978583069248,96
2024-09-19 12:19:54.115,422.50470831737175,103
2024-09-19 12:19:54.262,422.5276727016544,5
2024-09-19 12:19:54.338,422.49187624349946,1005
2024-09-19 12:19:54.449,422.5382796350908,14
2024-09-19 12:19:54.458,422.5004406649188,99
2024-09-19 12:19:54.495,422.5474431296941,96
2024-09-19 12:19:54.524,422.5608637389175,996
2024-09-19 12:19:54.643,422.5026712913101,1001
2024-09-19 12:19:54.764,422.5623458878821,99
2024-09-19 12:19:54.861,422.559694597101,104
2024-09-19 12:19:55.029,422.587011617185,1005
2024-09-19 12:19:55.053,422.5937433143424,9
2024-09-19 12:19:55.131,422.5896391397886,5
2024-09-19 12:19:55.155,422.5859574093831,1000
2024-09-19 12:19:55.160,422.5532515913544,12
2024-09-19 12:19:55.228,422.5514191299097,1001
2024-09-19 12:19:55.242,422.5675783212233,101
2024-09-19 12:19:55.247,422.5636990847915,999
2024-09-19 12:19:55.274,422.5727018439839,14
2024-09-19 12:19:55.335,422.5600431543952,9
2024-09-19 12:19:55.379,422.5527348689015,997
2024-09-19 12:19:55.388,422.5642457826997,103
2024-09-19 12:19:55.413,,1002
2024-09-19 12:19:55.494,422.5784573054124,7
2024-09-19 12:19:55.525,422.577290356388,5
2024-09-19 12:19:55.586,422.57858485948833,1003
2024-09-19 12:19:55.592,422.5750131090338,1002
2024-09-19 12:19:55.608,422.5750816158408,5
2024-09-19 12:19:55.652,422.5739646184537,98
2024-09-19 12:19:55.726,422.5615636802402,996
2024-09-19 12:19:55.746,422.5806217590834,95
2024-09-19 12:19:55.764,42.255144978220166,6
2024-09-19 12:19:55.784,422.54955127742346,96
2024-09-19 12:19:55.842,422.5518920084778,11
2024-09-19 12:19:55.874,422.5641020377411,996
2024-09-19 12:19:55.877,422.5608394368056,99
2024-09-19 12:19:55.936,422.55071372074224,14
2024-09-19 12:19:55.949,422.5635574384618,999
2024-09-19 12:19:56.053,422.55494394954775,1002
2024-09-19 12:19:56.063,422.53315798017576,995
2024-09-19 12:19:56.136,422.5914835716748,98
2024-09-19 12:19:56.142,422.54411404433097,9
2024-09-19 12:19:56.152,422.60104664588863,104
2024-09-19 12:19:56.208,-422.53374988105855,11
2024-09-19 12:19:56.376,422.5881230945429,1005
2024-09-19 12:19:56.382,422.5630926750038,9
2024-09-19 12:19:56.403,422.55455739602894,100
2024-09-19 12:19:56.479,422.55271705450366,97
2024-09-19 12:19:56.497,422.5440179100534,1005
2024-09-19 12:19:56.555,422.5534549917184,1005
2024-09-19 12:19:56.574,422.55588191088935,101
2024-09-19 12:19:56.580,422.5781209592595,104
2024-09-19 12:19:56.709,422.5337248705837,996
2024-09-19 12:19:56.709,422.5398864732493,995
2024-09-19 12:19:56.722,422.564435578637,14
2024-09-19 12:19:56.739,422.5489540550697,995
2024-09-19 12:19:56.759,422.5643340691148,9
2024-09-19 12:19:56.787,422.58422091150845,995
2024-09-19 12:19:56.804,,95
2024-09-19 12:19:56.899,422.5612054316032,1005
2024-09-19 12:19:57.003,422.55076681237216,997
2024-09-19 12:19:57.203,422.5453799990876,103
2024-09-19 12:19:57.426,422.5400056695852,105
2024-09-19 12:19:57.948,42.25447226204169,1000
2024-09-19 12:19:58.093,422.5681984266999,14
2024-09-19 12:19:58.986,422.5733420855545,999
2024-09-19 12:19:59.040,422.59004091635626,10
2024-09-19 12:19:59.079,422.59451994114016,98
2024-09-19 12:19:59.370,422.5381918376448,8
2024-09-19 12:19:59.403,422.58749464651055,1004
2024-09-19 12:19:59.471,422.5824812059135,97
2024-09-19 12:19:59.484,422.6039983396951,98
2024-09-19 12:19:59.549,422.5545423718313,12
2024-09-19 12:19:59.604,422.575224136371,105
2024-09-19 12:19:59.629,422.5329236805657,5
2024-09-19 12:19:59.649,422.580052954364,999
2024-09-19 12:19:59.667,422.5664555941209,105
2024-09-19 12:19:59.757,422.580301916283,104
2024-09-19 12:19:59.859,422.59808679648,1003
2024-09-19 12:19:59.892,422.6006909507464,15
2024-09-19 12:19:59.903,422.5974860847635,1000
2024-09-19 12:19:59.938,422.5385924945341,104
