Timestamp,Price,Size
2024-09-16 15:47:00.842,416.75019592643537,996
2024-09-16 15:47:01.001,415.0124235604868,12
2024-09-16 15:47:01.049,415.01290151964713,102
2024-09-16 15:47:01.097,415.0328917256136,9
2024-09-16 15:47:01.103,415.0802541638233,98
2024-09-16 15:47:01.107,415.0347675087696,7
2024-09-16 15:47:01.263,415.0344838927665,7
2024-09-16 15:47:01.281,415.0451285208725,8
2024-09-16 15:47:01.316,415.06527238936,1001
2024-09-16 15:47:01.345,415.0305503100067,10
2024-09-16 15:47:01.413,415.0835190963151,9
2024-09-16 15:47:01.428,415.0282814754444,1001
2024-09-16 15:47:01.434,414.9953706992982,9
2024-09-16 15:47:01.479,41.50435894688716,105
2024-09-16 15:47:01.487,414.9917947702224,96
2024-09-16 15:47:01.490,416.66563165056175,7
2024-09-16 15:47:01.541,415.0257913578054,1004
2024-09-16 15:47:01.594,415.0462790058204,1004
2024-09-16 15:47:01.625,415.0413535273756,96
2024-09-16 15:47:01.653,415.07496396557167,1002
2024-09-16 15:47:01.686,415.0448825959275,101
2024-09-16 15:47:01.737,415.0460008413425,1002
2024-09-16 15:47:01.806,415.0115075658414,1000
2024-09-16 15:47:01.816,415.00627563351657,998
2024-09-16 15:47:01.830,415.0215213747754,998
2024-09-16 15:47:01.904,415.0402097502002,98
2024-09-16 15:47:02.012,415.05472294332014,15
2024-09-16 15:47:02.017,415.0709625788776,12
2024-09-16 15:47:02.188,415.0310429748976,999
2024-09-16 15:47:02.231,415.0353076538554,1003
2024-09-16 15:47:02.250,415.0411786559358,1000
2024-09-16 15:47:02.271,415.0551434844697,96
2024-09-16 15:47:02.272,415.0595149171632,1001
2024-09-16 15:47:02.283,415.0308276849456,105
2024-09-16 15:47:02.297,415.0447294397269,15
2024-09-16 15:47:02.359,415.05812340426814,105
2024-09-16 15:47:02.416,415.0380466901776,95
2024-09-16 15:47:02.586,415.0140065341261,105
2024-09-16 15:47:02.593,415.0488173909978,1001
2024-09-16 15:47:02.741,415.0635815719935,5
2024-09-16 15:47:02.765,415.0396884701734,998
2024-09-16 15:47:02.892,415.0130351886969,998
2024-09-16 15:47:03.008,415.0556341711619,104
2024-09-16 15:47:03.108,415.070256244348,998
2024-09-16 15:47:03.123,415.0864225346667,1005
2024-09-16 15:47:03.167,415.0718542386634,995
2024-09-16 15:47:03.279,415.1209506840119,995
2024-09-16 15:47:03.350,415.0605023139052,998
2024-09-16 15:47:03.358,415.0857555301066,9
2024-09-16 15:47:03.375,415.0857690472717,7
2024-09-16 15:47:03.378,415.07764105527536,1000
2024-09-16 15:47:03.475,415.0652599488239,996
2024-09-16 15:47:03.592,415.0578139586451,10
2024-09-16 15:47:03.593,415.0709558352635,7
2024-09-16 15:47:03.605,415.10884484078207,98
2024-09-16 15:47:03.929,415.0853666521184,7
2024-09-16 15:47:03.944,415.1192888888077,8
2024-09-16 15:47:04.022,415.10387812134576,15
2024-09-16 15:47:04.046,415.09829950302674,999
2024-09-16 15:47:04.124,415.125143890255,10
2024-09-16 15:47:04.209,415.10137219888975,997
2024-09-16 15:47:04.237,415.125695545099,1001
2024-09-16 15:47:04.298,415.1058026534888,100
2024-09-16 15:47:04.318,415.1354613341604,1000
2024-09-16 15:47:04.405,415.11340650950336,1000
2024-09-16 15:47:04.464,415.1138304375722,98
2024-09-16 15:47:04.556,415.10660285308376,1002
2024-09-16 15:47:04.587,415.0759672169812,7
2024-09-16 15:47:04.689,415.1335402446519,8
2024-09-16 15:47:04.769,415.1230918752527,7
2024-09-16 15:47:04.791,415.0956225458664,15
2024-09-16 15:47:04.828,-415.11816011032977,7
2024-09-16 15:47:04.946,415.1098263605232,105
2024-09-16 15:47:05.179,415.0823613214562,1003
2024-09-16 15:47:06.012,415.08103486000266,102
2024-09-16 15:47:06.159,414.998799234028,9
2024-09-16 15:47:06.239,415.0216296160058,12
2024-09-16 15:47:06.245,415.0710680244653,9
2024-09-16 15:47:06.466,414.9836841994979,103
2024-09-16 15:47:06.471,414.9956171163519,995
2024-09-16 15:47:06.504,415.02477651779344,996
2024-09-16 15:47:06.538,415.051112958642,995
2024-09-16 15:47:06.545,415.0111045483407,999
2024-09-16 15:47:06.570,415.02407978590384,6
2024-09-16 15:47:06.963,415.0954584251092,6
2024-09-16 15:47:06.980,415.0189604340167,95
2024-09-16 15:47:06.983,415.03700163859503,105
2024-09-16 15:47:07.033,414.9554109213497,1000
2024-09-16 15:47:07.047,414.9773687883233,6
2024-09-16 15:47:07.090,414.9655826384389,95
2024-09-16 15:47:07.120,414.9856113067469,5
2024-09-16 15:47:07.171,414.9668042082329,97
2024-09-16 15:47:07.180,414.9794593284459,1005
2024-09-16 15:47:07.196,414.95629700794376,996
2024-09-16 15:47:07.352,414.98997462895295,105
2024-09-16 15:47:07.374,414.9978981700071,13
2024-09-16 15:47:07.400,414.9668450644887,6
2024-09-16 15:47:07.442,414.9793727025576,6
2024-09-16 15:47:07.570,414.98078473197137,1004
2024-09-16 15:47:07.576,415.0050999474242,95
2024-09-16 15:47:07.620,414.9654267568019,1003
2024-09-16 15:47:07.689,415.0030735098358,96
2024-09-16 15:47:07.720,414.99202028850254,12
2024-09-16 15:47:07.786,414.9886269895435,5
2024-09-16 15:47:07.798,414.9625370396852,12
2024-09-16 15:47:07.851,414.95247584788905,997
2024-09-16 15:47:07.868,414.9600693038086,997
2024-09-16 15:47:07.951,414.9780190803494,15
2024-09-16 15:47:08.026,414.904755167519,97
2024-09-16 15:47:08.057,414.9372795917328,999
2024-09-16 15:47:08.132,414.89897594993687,7
2024-09-16 15:47:08.181,414.9192179679712,1000
2024-09-16 15:47:08.216,414.9191027202088,101
2024-09-16 15:47:08.235,414.9430236950824,1000
2024-09-16 15:47:08.237,414.8956364601512,15
2024-09-16 15:47:08.360,414.9182200522925,1002
2024-09-16 15:47:08.362,414.92055879025816,15
2024-09-16 15:47:08.375,414.937354438829,14
2024-09-16 15:47:08.431,414.9169130537021,97
2024-09-16 15:47:08.437,414.9105443126279,105
2024-09-16 15:47:08.452,414.9432014382824,98
2024-09-16 15:47:08.459,41.49099413783431,104
2024-09-16 15:47:08.568,414.9134951232393,11
2024-09-16 15:47:08.730,414.91514945496186,96
2024-09-16 15:47:08.733,414.9488161365367,995
2024-09-16 15:47:08.813,414.92667955271367,100
2024-09-16 15:47:08.836,414.9499446200824,998
2024-09-16 15:47:08.856,414.9000211705261,995
2024-09-16 15:47:08.899,414.90974958165054,99
2024-09-16 15:47:08.937,414.91791879125856,11
2024-09-16 15:47:09.009,414.9120755255216,99
2024-09-16 15:47:09.146,414.86117972346176,99
2024-09-16 15:47:09.249,414.8520871894643,14
2024-09-16 15:47:09.269,414.86725302715394,95
2024-09-16 15:47:09.290,414.8526502471231,1004
2024-09-16 15:47:09.301,414.8314135547934,5
2024-09-16 15:47:09.324,414.92298703802834,105
2024-09-16 15:47:09.355,414.84605899976174,995
2024-09-16 15:47:09.365,414.8493582982015,6
2024-09-16 15:47:09.493,414.8628143112328,1005
2024-09-16 15:47:09.496,414.8725421330829,1003
2024-09-16 15:47:09.547,414.83195401710896,997
2024-09-16 15:47:09.552,414.8592033509572,1000
2024-09-16 15:47:09.556,414.8420045673896,105
2024-09-16 15:47:09.575,414.8482914347799,15
2024-09-16 15:47:09.603,414.8920785235698,104
2024-09-16 15:47:09.607,414.89162356551446,1004
2024-09-16 15:47:09.633,414.8737377344487,7
2024-09-16 15:47:09.692,414.8453164504477,995
2024-09-16 15:47:09.731,414.8990731706557,997
2024-09-16 15:47:09.796,,98
2024-09-16 15:47:09.819,414.8889378815612,1004
2024-09-16 15:47:09.905,414.8541353219628,99
2024-09-16 15:47:09.905,414.8532794388026,12
2024-09-16 15:47:09.907,414.8575559391512,10
2024-09-16 15:47:09.987,414.8453313060167,1004
2024-09-16 15:47:10.005,414.9219723883374,103
2024-09-16 15:47:10.133,414.9067770740168,103
2024-09-16 15:47:10.140,414.9139918557955,98
2024-09-16 15:47:10.147,414.9110971887167,96
2024-09-16 15:47:10.148,414.88148066416375,1002
2024-09-16 15:47:10.250,414.8737099163145,104
2024-09-16 15:47:10.302,414.9034455150538,1003
2024-09-16 15:47:10.304,414.9046525938508,996
2024-09-16 15:47:10.388,414.9210405624211,998
2024-09-16 15:47:10.415,414.9057789524112,998
2024-09-16 15:47:10.494,414.922839971411,1004
2024-09-16 15:47:10.538,414.9283397143272,102
2024-09-16 15:47:10.541,414.8652392492168,15
2024-09-16 15:47:10.801,414.91030572862496,1001
2024-09-16 15:47:10.849,414.9344818208073,1002
2024-09-16 15:47:10.872,414.90307509691553,15
2024-09-16 15:47:11.417,414.892396875193,6
2024-09-16 15:47:11.860,414.8846558797836,96
2024-09-16 15:47:12.820,414.8957666455804,6
2024-09-16 15:47:13.023,414.8840010937589,102
2024-09-16 15:47:13.215,414.8546690817602,102
2024-09-16 15:47:13.535,414.8865234266139,96
2024-09-16 15:47:13.537,414.8828882475294,14
2024-09-16 15:47:13.616,414.8921250463142,104
2024-09-16 15:47:13.800,414.8662264916632,96
2024-09-16 15:47:13.876,414.8967720363071,1000
2024-09-16 15:47:14.057,414.85478740381984,998
2024-09-16 15:47:14.057,414.8300904937117,1002
2024-09-16 15:47:14.083,414.8586461350625,1003
2024-09-16 15:47:14.093,414.8409909190001,15
2024-09-16 15:47:14.093,414.84123066632975,1004
2024-09-16 15:47:14.125,414.8419658886221,998
2024-09-16 15:47:14.132,414.8398213662015,1000
2024-09-16 15:47:14.148,414.8437371206013,103
2024-09-16 15:47:14.261,414.8773310229727,7
2024-09-16 15:47:14.291,414.84952491028224,14
2024-09-16 15:47:14.439,414.8462356537822,995
2024-09-16 15:47:14.439,414.829449775021,10
2024-09-16 15:47:14.498,414.8274673201265,7
2024-09-16 15:47:14.503,414.8584651750037,104
2024-09-16 15:47:14.517,41.48656653103647,12
2024-09-16 15:47:14.524,414.839014804472,995
2024-09-16 15:47:14.735,414.8371465670728,1005
2024-09-16 15:47:14.780,414.8395466843916,8
2024-09-16 15:47:14.815,414.8190665765027,97
2024-09-16 15:47:14.849,414.8388075433256,96
2024-09-16 15:47:14.857,414.8375989312482,7
2024-09-16 15:47:14.865,414.82710904811614,102
2024-09-16 15:47:14.920,414.8778536720521,98
2024-09-16 15:47:14.984,414.8355191341444,102
2024-09-16 15:47:15.002,414.8269679690162,14
2024-09-16 15:47:15.027,414.8235087579209,1004
2024-09-16 15:47:15.090,414.8543003533635,1002
2024-09-16 15:47:15.160,414.8516939212728,15
2024-09-16 15:47:15.176,414.81278499672754,98
2024-09-16 15:47:15.200,414.837672676145,98
2024-09-16 15:47:15.235,414.8118984301295,12
2024-09-16 15:47:15.268,414.85219501635714,1000
2024-09-16 15:47:15.282,414.84639438967633,1003
2024-09-16 15:47:15.300,414.8423611476104,104
2024-09-16 15:47:15.301,414.887570352292,103
2024-09-16 15:47:15.320,414.8382677363056,8
2024-09-16 15:47:15.349,414.8650051222316,1002
2024-09-16 15:47:15.381,414.82398056311945,12
2024-09-16 15:47:15.409,41.48256457423553,5
2024-09-16 15:47:15.444,414.86241775261806,996
2024-09-16 15:47:15.553,414.8214274745239,15
2024-09-16 15:47:15.594,414.8334290303578,1000
2024-09-16 15:47:15.613,414.844513798384,7
2024-09-16 15:47:15.624,414.85235232169305,997
2024-09-16 15:47:15.672,41.48257216088583,101
2024-09-16 15:47:15.707,414.8750704399902,13
2024-09-16 15:47:15.760,414.8115192153168,1002
2024-09-16 15:47:15.811,414.8603863624864,1004
2024-09-16 15:47:15.860,414.85584826504777,1000
2024-09-16 15:47:15.868,414.84533977526337,14
2024-09-16 15:47:15.901,414.8681479415329,998
2024-09-16 15:47:15.953,414.8340821374765,100
2024-09-16 15:47:16.141,414.8646393792446,104
2024-09-16 15:47:17.204,414.8648157062488,14
2024-09-16 15:47:18.007,414.8044501612931,1000
2024-09-16 15:47:18.195,414.85921872735616,1005
2024-09-16 15:47:18.264,414.7920720435345,95
2024-09-16 15:47:18.276,414.833805793565,995
2024-09-16 15:47:18.281,414.8457525600763,1001
2024-09-16 15:47:18.321,414.8499239033465,100
2024-09-16 15:47:18.350,414.8580900658384,100
2024-09-16 15:47:18.426,414.82028228039206,5
2024-09-16 15:47:18.438,414.8546403822006,5
2024-09-16 15:47:18.480,414.7962938802717,105
2024-09-16 15:47:18.567,414.7915827177559,6
2024-09-16 15:47:18.575,414.8004884615547,12
2024-09-16 15:47:18.669,414.82028592629234,998
2024-09-16 15:47:18.684,414.8020441612814,1002
2024-09-16 15:47:18.770,414.8090462855504,14
2024-09-16 15:47:18.780,414.8317951237814,11
2024-09-16 15:47:18.794,414.82137557094455,996
2024-09-16 15:47:18.922,414.8066980124496,1000
2024-09-16 15:47:18.951,414.8551799157016,9
2024-09-16 15:47:18.962,414.8396548741678,95
2024-09-16 15:47:18.969,41.48054450188914,7
2024-09-16 15:47:18.969,414.85027438210506,10
2024-09-16 15:47:18.982,414.8259107909282,11
2024-09-16 15:47:18.987,414.8279066944161,11
2024-09-16 15:47:18.992,414.8279413534429,997
2024-09-16 15:47:19.036,414.6854262800617,9
2024-09-16 15:47:19.039,414.7250690180783,103
2024-09-16 15:47:19.070,414.6949616816652,100
2024-09-16 15:47:19.082,414.7013502091857,8
2024-09-16 15:47:19.109,414.7020732562116,5
2024-09-16 15:47:19.149,414.8102618475464,995
2024-09-16 15:47:19.167,414.7648628347658,999
2024-09-16 15:47:19.185,414.8327536443093,97
2024-09-16 15:47:19.263,414.705989649346,1003
2024-09-16 15:47:19.331,414.7014066060006,14
2024-09-16 15:47:19.396,414.80712469254087,13
2024-09-16 15:47:19.399,414.73524017728215,97
2024-09-16 15:47:19.437,414.7619112744548,99
2024-09-16 15:47:19.490,414.8113391566436,1001
2024-09-16 15:47:19.496,414.82236278003774,101
2024-09-16 15:47:19.515,414.74290720803526,99
2024-09-16 15:47:19.540,414.8182491693289,102
2024-09-16 15:47:19.586,-414.7224591367168,7
2024-09-16 15:47:19.591,414.7812220205272,101
2024-09-16 15:47:19.619,414.7504548215977,5
2024-09-16 15:47:19.639,414.7396304933287,1005
2024-09-16 15:47:19.645,414.7515104345793,7
2024-09-16 15:47:19.692,414.7446114603753,997
2024-09-16 15:47:19.776,414.7408446533914,7
2024-09-16 15:47:19.786,414.7357883638182,104
2024-09-16 15:47:19.843,414.7326233964047,11
2024-09-16 15:47:19.892,414.73608886905794,1005
2024-09-16 15:47:19.900,414.7411556603013,96
2024-09-16 15:47:19.977,414.7986643390252,1002
2024-09-16 15:47:19.995,414.7463919531698,10
2024-09-16 15:47:20.008,414.7199449215858,97
2024-09-16 15:47:20.014,414.7213213061533,12
2024-09-16 15:47:20.103,414.71985528082536,99
2024-09-16 15:47:20.392,414.7483091136222,97
2024-09-16 15:47:20.757,414.7219573112085,99
2024-09-16 15:47:20.769,414.71774577536496,1002
2024-09-16 15:47:20.770,414.7350216556913,1005
2024-09-16 15:47:20.898,414.7341859039592,15
2024-09-16 15:47:21.064,414.7584676550713,996
2024-09-16 15:47:21.090,414.7517513170189,5
2024-09-16 15:47:21.107,414.74638623519377,96
2024-09-16 15:47:21.135,414.7695625835717,999
2024-09-16 15:47:21.157,414.7687382783064,6
2024-09-16 15:47:21.170,414.7406441181504,101
2024-09-16 15:47:21.170,414.7616389414473,1002
2024-09-16 15:47:21.250,414.785525092061,9
2024-09-16 15:47:21.274,414.7404682051463,102
2024-09-16 15:47:21.329,414.7733290275817,103
2024-09-16 15:47:21.397,414.7641885382624,104
2024-09-16 15:47:21.414,414.7364411951839,995
2024-09-16 15:47:21.489,414.7557615479149,5
2024-09-16 15:47:21.535,414.7537764288076,98
2024-09-16 15:47:21.556,414.7497417384261,12
2024-09-16 15:47:21.611,-414.7690880154194,7
2024-09-16 15:47:21.656,414.7459213929217,10
2024-09-16 15:47:21.689,414.7424758076828,1000
2024-09-16 15:47:21.691,414.7364849098532,105
2024-09-16 15:47:21.755,414.7668582798542,1005
2024-09-16 15:47:21.762,414.7460892748181,10
2024-09-16 15:47:21.789,414.7430394781478,1001
2024-09-16 15:47:21.796,414.72236779284594,105
2024-09-16 15:47:21.810,414.7624315224048,103
2024-09-16 15:47:21.905,414.7557492639316,1001
2024-09-16 15:47:21.933,414.75946652211167,14
2024-09-16 15:47:21.948,414.737315008215,8
2024-09-16 15:47:21.990,414.7455285338429,1005
2024-09-16 15:47:21.995,414.7513594956265,10
2024-09-16 15:47:22.109,414.8228940008401,100
2024-09-16 15:47:22.144,-414.8056564464746,99
2024-09-16 15:47:22.151,414.803924303312,999
2024-09-16 15:47:22.176,414.8142789846085,7
2024-09-16 15:47:22.178,414.7879482679865,103
2024-09-16 15:47:22.189,414.8210325194626,99
2024-09-16 15:47:22.330,414.7466481106236,15
2024-09-16 15:47:22.338,414.792364027206,999
2024-09-16 15:47:22.375,414.80636050120256,999
2024-09-16 15:47:22.462,414.7900339753173,103
2024-09-16 15:47:22.603,414.7885870352542,105
2024-09-16 15:47:22.638,414.7966110388764,999
2024-09-16 15:47:22.642,414.8134353167083,10
2024-09-16 15:47:22.717,414.7656205653262,101
2024-09-16 15:47:22.776,414.8265530428663,9
2024-09-16 15:47:22.807,414.8060058211846,99
2024-09-16 15:47:22.830,414.76527668359097,13
2024-09-16 15:47:22.831,414.7849895409306,101
2024-09-16 15:47:22.844,414.77671014723023,997
2024-09-16 15:47:22.868,416.7421181958038,5
2024-09-16 15:47:23.066,414.7988584530133,105
2024-09-16 15:47:23.083,414.7761888447242,1004
2024-09-16 15:47:23.103,414.82843645280775,9
2024-09-16 15:47:23.164,414.80875313424406,1004
2024-09-16 15:47:23.176,414.8024265700159,104
2024-09-16 15:47:23.221,414.81361633032685,14
2024-09-16 15:47:23.375,414.80283420205865,6
2024-09-16 15:47:23.381,414.7976142634223,1003
2024-09-16 15:47:23.382,414.7918699845005,1004
2024-09-16 15:47:23.423,414.7967952930072,14
2024-09-16 15:47:23.649,414.8058149759624,104
2024-09-16 15:47:23.684,414.77555684309806,8
2024-09-16 15:47:23.693,414.8100665610824,105
2024-09-16 15:47:23.722,414.7458968164405,12
2024-09-16 15:47:23.724,414.8025364321152,13
2024-09-16 15:47:23.816,414.78887408201234,13
2024-09-16 15:47:23.850,414.8152176736618,100
2024-09-16 15:47:23.926,414.7920888700276,99
2024-09-16 15:47:23.927,414.8138084737359,10
2024-09-16 15:47:23.998,414.77396186943497,7
2024-09-16 15:47:24.053,414.8150016492828,105
2024-09-16 15:47:24.087,414.7516597775008,8
2024-09-16 15:47:24.186,414.75101782785526,101
2024-09-16 15:47:24.204,414.7422154153612,8
2024-09-16 15:47:24.254,414.78309994613807,5
2024-09-16 15:47:24.265,414.7783192818444,99
2024-09-16 15:47:24.321,,995
2024-09-16 15:47:24.397,414.8162809015229,103
2024-09-16 15:47:24.398,414.79526358955513,11
2024-09-16 15:47:24.431,414.74669053982245,11
2024-09-16 15:47:24.482,414.7830711598557,105
2024-09-16 15:47:24.542,414.81523776110527,14
2024-09-16 15:47:24.602,414.7784910247141,11
2024-09-16 15:47:24.650,414.7894375199369,14
2024-09-16 15:47:24.717,414.7862483606361,96
2024-09-16 15:47:24.773,414.7453112077758,1002
2024-09-16 15:47:24.781,414.8091266905796,98
2024-09-16 15:47:24.789,414.7699017356136,999
2024-09-16 15:47:24.806,414.7451985875033,1002
2024-09-16 15:47:24.832,414.80278951169294,104
2024-09-16 15:47:24.835,414.7778761717531,1000
2024-09-16 15:47:24.878,414.7881296381124,96
2024-09-16 15:47:24.883,414.7785509987469,99
2024-09-16 15:47:24.894,414.797291112568,995
2024-09-16 15:47:24.906,414.73991979804566,12
2024-09-16 15:47:24.917,414.8020080029718,103
2024-09-16 15:47:24.967,414.8312459842808,997
2024-09-16 15:47:25.005,414.80127184460906,103
2024-09-16 15:47:25.047,414.8047897878653,96
2024-09-16 15:47:25.109,414.7832745061263,1001
2024-09-16 15:47:25.134,414.7555172866696,10
2024-09-16 15:47:25.147,41.47571629198552,999
2024-09-16 15:47:25.158,414.79349690852257,1002
2024-09-16 15:47:25.174,414.7825742909532,99
2024-09-16 15:47:25.181,,995
2024-09-16 15:47:25.252,414.81657068020814,1002
2024-09-16 15:47:25.273,414.782300410349,98
2024-09-16 15:47:25.285,414.7844979212802,102
2024-09-16 15:47:25.296,414.7993003947741,10
2024-09-16 15:47:25.520,414.81354875436574,103
2024-09-16 15:47:25.556,414.7562803069805,1001
2024-09-16 15:47:25.599,414.77891458351365,103
2024-09-16 15:47:25.637,414.7753438356581,104
2024-09-16 15:47:25.659,414.7770053382762,12
2024-09-16 15:47:25.713,,14
2024-09-16 15:47:25.734,414.7576383207137,97
2024-09-16 15:47:25.740,414.77863951969886,5
2024-09-16 15:47:25.746,414.8038528290933,5
2024-09-16 15:47:25.762,414.790573748512,998
2024-09-16 15:47:25.812,414.7903164468034,997
2024-09-16 15:47:25.861,414.7546970169836,103
2024-09-16 15:47:25.912,414.7841499733566,11
2024-09-16 15:47:25.932,414.7557431244361,9
2024-09-16 15:47:26.046,414.7510314253754,999
2024-09-16 15:47:26.049,414.8298830401875,105
2024-09-16 15:47:26.052,414.7655185062421,1002
2024-09-16 15:47:26.122,414.7948795910267,1000
2024-09-16 15:47:26.134,,101
2024-09-16 15:47:26.193,414.7745132981636,98
2024-09-16 15:47:26.228,414.7916557924799,15
2024-09-16 15:47:26.242,414.7815477690753,1002
2024-09-16 15:47:26.303,414.8004608843651,105
2024-09-16 15:47:26.346,414.8233593728095,1001
2024-09-16 15:47:26.440,414.7585340777996,998
2024-09-16 15:47:26.526,414.81779832368846,997
2024-09-16 15:47:26.580,414.7760561585087,14
2024-09-16 15:47:26.592,414.75693972131,1002
2024-09-16 15:47:26.595,414.75688527080905,104
2024-09-16 15:47:26.678,414.7467792055585,11
2024-09-16 15:47:26.701,414.78335243054255,998
2024-09-16 15:47:26.783,414.78237750214544,6
2024-09-16 15:47:26.812,414.739849264745,14
2024-09-16 15:47:26.822,414.7695201327074,99
2024-09-16 15:47:26.838,414.77903485546295,104
2024-09-16 15:47:26.865,414.76916071325286,15
2024-09-16 15:47:26.913,414.8219789035736,15
2024-09-16 15:47:26.928,414.7855843347792,995
2024-09-16 15:47:27.075,414.7408916396487,15
2024-09-16 15:47:27.116,414.74974874225006,14
2024-09-16 15:47:27.165,414.7412065315463,6
2024-09-16 15:47:27.169,414.7224728287897,996
2024-09-16 15:47:27.640,414.7526575153656,1004
2024-09-16 15:47:28.057,414.7386633474405,97
2024-09-16 15:47:28.068,414.7037974753372,100
2024-09-16 15:47:28.076,414.7869773471122,10
2024-09-16 15:47:28.133,414.729729740198,7
2024-09-16 15:47:28.145,414.74892936451175,14
2024-09-16 15:47:28.154,414.7102182905305,998
2024-09-16 15:47:28.250,414.8124939493444,102
2024-09-16 15:47:28.355,414.73653893586334,998
2024-09-16 15:47:28.376,414.6892176442856,1001
2024-09-16 15:47:28.417,414.6927534546386,15
2024-09-16 15:47:28.427,414.7033679588773,104
2024-09-16 15:47:28.429,414.7225606078086,7
2024-09-16 15:47:28.484,414.7231243027105,8
2024-09-16 15:47:28.495,414.7572760544885,13
2024-09-16 15:47:28.503,414.708387301366,11
2024-09-16 15:47:28.557,414.7422470164312,999
2024-09-16 15:47:28.694,414.735812383734,995
2024-09-16 15:47:28.727,414.805685805102,13
2024-09-16 15:47:28.754,414.78082299415775,103
2024-09-16 15:47:28.760,414.7889406358841,104
2024-09-16 15:47:28.792,414.7577483524672,1000
2024-09-16 15:47:28.824,414.7599455315615,996
2024-09-16 15:47:28.852,414.8211728224355,1005
2024-09-16 15:47:28.891,414.8123652608218,997
2024-09-16 15:47:28.910,414.8012110248637,6
2024-09-16 15:47:29.193,414.8237565713129,998
2024-09-16 15:47:29.270,414.82305917486224,100
2024-09-16 15:47:29.315,414.79410141394897,6
2024-09-16 15:47:29.354,414.8350726249212,97
2024-09-16 15:47:29.494,414.81011673929584,1000
2024-09-16 15:47:29.519,414.8162950966449,7
2024-09-16 15:47:29.523,414.8127459046973,99
2024-09-16 15:47:29.590,414.8167829575314,11
2024-09-16 15:47:29.627,414.8246139888946,15
2024-09-16 15:47:29.642,414.8036931933496,14
2024-09-16 15:47:29.716,414.80288495328745,98
2024-09-16 15:47:30.015,414.8130353613258,999
2024-09-16 15:47:30.085,414.7934843557992,105
2024-09-16 15:47:30.103,414.805607651246,15
2024-09-16 15:47:30.134,414.8428315515512,105
2024-09-16 15:47:30.240,414.783749654629,105
2024-09-16 15:47:30.249,414.8403808518523,95
2024-09-16 15:47:30.314,414.8654003344221,8
2024-09-16 15:47:30.414,414.8424237817399,14
2024-09-16 15:47:30.428,414.798146582797,1004
2024-09-16 15:47:30.441,414.8001885991404,15
2024-09-16 15:47:30.472,414.8367589230695,6
2024-09-16 15:47:30.551,414.8608630286674,1002
2024-09-16 15:47:30.597,414.8039707825821,10
2024-09-16 15:47:30.602,414.81766474883824,995
2024-09-16 15:47:30.682,414.7949146649024,102
2024-09-16 15:47:30.684,414.8034458861292,6
2024-09-16 15:47:30.719,414.8643477425843,11
2024-09-16 15:47:30.750,414.8609690870256,95
2024-09-16 15:47:30.817,414.860505554069,100
2024-09-16 15:47:30.867,414.8205189471468,1003
2024-09-16 15:47:30.874,414.8396573438319,1005
2024-09-16 15:47:30.887,414.82121304536105,100
2024-09-16 15:47:30.900,414.7879620577188,1002
2024-09-16 15:47:30.914,414.80254833670574,999
2024-09-16 15:47:31.092,414.8380211949532,1000
2024-09-16 15:47:31.174,414.8131328665928,996
2024-09-16 15:47:31.341,414.8314659291364,1000
2024-09-16 15:47:31.378,414.8327994801456,99
2024-09-16 15:47:31.451,414.826225794904,997
2024-09-16 15:47:31.478,414.8185155605527,14
2024-09-16 15:47:31.489,414.8127330604064,104
2024-09-16 15:47:31.547,416.69090593954826,1002
2024-09-16 15:47:31.728,414.813409384048,100
2024-09-16 15:47:32.161,414.81178306612327,999
2024-09-16 15:47:32.513,414.7952632581526,13
2024-09-16 15:47:32.617,414.8110834412991,8
2024-09-16 15:47:32.663,414.8094376742869,99
2024-09-16 15:47:32.673,414.7983659750555,1005
2024-09-16 15:47:32.772,414.83501669586695,98
2024-09-16 15:47:33.012,414.8469555859727,1001
2024-09-16 15:47:33.014,414.8349093762237,1002
2024-09-16 15:47:33.032,414.83416855262135,102
2024-09-16 15:47:33.078,414.8409997578137,99
2024-09-16 15:47:33.103,414.86724575761247,10
2024-09-16 15:47:33.133,414.8318681474466,7
2024-09-16 15:47:33.192,414.8451757014875,105
2024-09-16 15:47:33.288,-414.8350077081872,12
2024-09-16 15:47:33.426,414.8391402930602,103
2024-09-16 15:47:33.426,414.8103299795415,101
2024-09-16 15:47:33.495,414.82480820468913,996
2024-09-16 15:47:33.529,414.84424870475794,999
2024-09-16 15:47:33.547,414.866906504809,996
2024-09-16 15:47:33.576,414.8484708793761,1000
2024-09-16 15:47:33.582,414.8657665899572,1005
2024-09-16 15:47:33.598,414.8381735183114,8
2024-09-16 15:47:33.600,414.83584342388986,5
2024-09-16 15:47:33.707,414.817514220162,5
2024-09-16 15:47:33.734,414.85557652392,1000
2024-09-16 15:47:33.742,414.8330655762754,10
2024-09-16 15:47:33.812,414.80762352770125,103
2024-09-16 15:47:33.876,414.8422509501186,1001
2024-09-16 15:47:33.882,414.8609533920429,998
2024-09-16 15:47:33.900,414.8490136929371,100
2024-09-16 15:47:33.906,414.8317406610944,103
2024-09-16 15:47:33.920,414.8282421719247,13
2024-09-16 15:47:33.979,414.84072058874887,10
2024-09-16 15:47:33.983,414.81981068022463,1001
2024-09-16 15:47:33.984,414.8346715937856,998
2024-09-16 15:47:34.105,414.8159286157729,1003
2024-09-16 15:47:34.107,414.8235157240314,998
2024-09-16 15:47:34.188,414.84782576581057,95
2024-09-16 15:47:34.222,414.8388572399774,12
2024-09-16 15:47:34.224,414.8612790728412,12
2024-09-16 15:47:34.347,414.85047643746833,95
2024-09-16 15:47:34.370,414.8431757279092,10
2024-09-16 15:47:34.695,414.8401786332629,101
2024-09-16 15:47:34.701,414.8513616849602,104
2024-09-16 15:47:34.779,414.8339715152968,8
2024-09-16 15:47:34.810,414.8422385416416,102
2024-09-16 15:47:35.068,414.833435422565,9
2024-09-16 15:47:35.222,414.8335912964779,100
2024-09-16 15:47:35.264,414.78801199367786,14
2024-09-16 15:47:35.326,414.8059297217133,102
2024-09-16 15:47:35.384,414.8025162355544,1004
2024-09-16 15:47:35.396,414.8202065277653,97
2024-09-16 15:47:35.438,414.81336700798886,103
2024-09-16 15:47:35.448,414.7811719291675,12
2024-09-16 15:47:35.453,414.7882556925156,95
2024-09-16 15:47:35.477,414.79346019459865,97
2024-09-16 15:47:35.511,414.8474741050928,15
2024-09-16 15:47:35.525,414.7882981132794,105
2024-09-16 15:47:35.536,414.7971485330468,103
2024-09-16 15:47:35.558,414.797171211846,11
2024-09-16 15:47:35.591,414.77846934702256,12
2024-09-16 15:47:35.613,414.8140760224498,15
2024-09-16 15:47:35.659,414.83496788348464,998
2024-09-16 15:47:35.727,414.8186996875456,12
2024-09-16 15:47:35.825,414.83009937125047,999
2024-09-16 15:47:35.826,414.81126682838897,102
2024-09-16 15:47:35.826,414.824773646214,12
2024-09-16 15:47:35.846,414.7869991082184,6
2024-09-16 15:47:35.883,414.8081858656817,96
2024-09-16 15:47:35.945,414.82868593842016,14
2024-09-16 15:47:35.959,414.7809040511566,6
2024-09-16 15:47:36.054,414.7862941939416,97
2024-09-16 15:47:36.088,414.7849206607999,102
2024-09-16 15:47:36.169,414.8003375533359,96
2024-09-16 15:47:36.199,414.8037750009988,996
2024-09-16 15:47:36.227,414.7982419113858,99
2024-09-16 15:47:36.368,414.7876506198165,104
2024-09-16 15:47:36.375,414.8046331249861,11
2024-09-16 15:47:36.430,414.7921356670835,12
2024-09-16 15:47:36.483,414.7724324923361,1003
2024-09-16 15:47:36.504,414.7808151772948,96
2024-09-16 15:47:36.519,414.7918902245241,1001
2024-09-16 15:47:36.541,414.8057660884711,102
2024-09-16 15:47:36.549,414.77158709649217,14
2024-09-16 15:47:36.551,414.8125227925543,6
2024-09-16 15:47:36.617,414.80210346231246,11
2024-09-16 15:47:36.670,414.7817037624002,95
2024-09-16 15:47:36.824,414.792886046157,15
2024-09-16 15:47:36.843,414.7632815394009,95
2024-09-16 15:47:36.845,414.7942238937455,999
2024-09-16 15:47:36.856,414.7765498150167,95
2024-09-16 15:47:36.869,414.7653184465638,96
2024-09-16 15:47:36.884,414.8098545887332,101
2024-09-16 15:47:36.981,414.78339823877945,1002
2024-09-16 15:47:36.995,414.8096333273986,14
2024-09-16 15:47:37.060,414.8158498536991,9
2024-09-16 15:47:37.291,414.8449074878357,97
2024-09-16 15:47:37.444,414.8260382806943,96
2024-09-16 15:47:37.771,414.8472636822596,8
2024-09-16 15:47:38.198,414.8027724157265,96
2024-09-16 15:47:38.310,414.79673853937584,103
2024-09-16 15:47:38.340,414.827453479,95
2024-09-16 15:47:38.378,41.47723635494125,14
2024-09-16 15:47:38.577,414.8334988967445,8
2024-09-16 15:47:38.737,414.832927567537,95
2024-09-16 15:47:38.770,414.8217478172635,96
2024-09-16 15:47:38.845,414.8138902175687,98
2024-09-16 15:47:38.874,414.8260207786929,15
2024-09-16 15:47:38.878,414.7933480755772,1004
2024-09-16 15:47:38.886,414.8384432159437,6
2024-09-16 15:47:38.892,414.80157945277045,996
2024-09-16 15:47:38.907,414.8299081152268,14
2024-09-16 15:47:38.982,414.8475711148873,13
2024-09-16 15:47:38.994,414.8320007871048,96
2024-09-16 15:47:39.083,414.8072781528487,9
2024-09-16 15:47:39.605,414.8149868543468,15
2024-09-16 15:47:39.638,414.7933600485489,13
2024-09-16 15:47:39.932,414.81476622469467,6
2024-09-16 15:47:40.098,414.8062692430543,101
2024-09-16 15:47:40.156,414.8857381300804,104
2024-09-16 15:47:40.371,414.8222365164299,6
2024-09-16 15:47:40.488,414.8233166810661,5
2024-09-16 15:47:40.550,414.817844076556,13
2024-09-16 15:47:40.556,414.80997904123774,998
2024-09-16 15:47:40.601,414.82528650808257,98
2024-09-16 15:47:40.648,414.8269940407429,8
2024-09-16 15:47:40.693,414.8142122013919,101
2024-09-16 15:47:40.697,414.8581242640683,15
2024-09-16 15:47:40.804,414.80766357480667,7
2024-09-16 15:47:41.018,414.8884543275545,13
2024-09-16 15:47:41.037,414.897351951934,1002
2024-09-16 15:47:41.132,414.9030878586114,8
2024-09-16 15:47:41.170,414.9225613027919,6
2024-09-16 15:47:41.217,414.900904737349,1005
2024-09-16 15:47:41.232,414.9303924309043,97
2024-09-16 15:47:41.277,414.9157406148156,13
2024-09-16 15:47:41.310,414.9478752611498,105
2024-09-16 15:47:41.318,414.91376437890506,98
2024-09-16 15:47:41.319,414.956734971573,997
2024-09-16 15:47:41.399,414.94849211378346,995
2024-09-16 15:47:41.408,414.8923658180157,9
2024-09-16 15:47:41.468,414.8902633476273,12
2024-09-16 15:47:41.501,414.9210023132404,12
2024-09-16 15:47:41.615,414.9454399600692,96
2024-09-16 15:47:41.633,414.9325785871559,1001
2024-09-16 15:47:41.698,414.9056978329005,15
2024-09-16 15:47:41.764,414.92519242216673,97
2024-09-16 15:47:41.772,414.8881886274537,99
2024-09-16 15:47:41.802,414.9493892397536,12
2024-09-16 15:47:41.828,414.9416552917664,1002
2024-09-16 15:47:41.914,414.9114263966438,11
2024-09-16 15:47:41.965,414.9102483272163,998
2024-09-16 15:47:42.012,414.91747051167545,105
2024-09-16 15:47:42.020,414.97375547132,104
2024-09-16 15:47:42.053,414.8661076959357,103
2024-09-16 15:47:42.104,41.49096146204761,7
2024-09-16 15:47:42.154,414.9461698542738,104
2024-09-16 15:47:42.159,414.9706621672245,102
2024-09-16 15:47:42.172,414.8831830878164,1004
2024-09-16 15:47:42.199,414.94975979927074,999
2024-09-16 15:47:42.253,414.9274318675425,15
2024-09-16 15:47:42.274,414.946436365009,13
2024-09-16 15:47:42.319,414.8953676278544,999
2024-09-16 15:47:42.360,414.9500421619478,1002
2024-09-16 15:47:42.465,414.94744458462975,14
2024-09-16 15:47:42.530,414.9526850986175,95
2024-09-16 15:47:42.561,414.9646681888913,12
2024-09-16 15:47:42.564,414.9577993068573,100
2024-09-16 15:47:42.613,414.8831028256304,12
2024-09-16 15:47:42.651,414.9401224053303,999
2024-09-16 15:47:42.696,414.9310642418304,995
2024-09-16 15:47:42.715,414.9095628765686,95
2024-09-16 15:47:42.928,414.946706635308,10
2024-09-16 15:47:42.948,414.968709687144,105
2024-09-16 15:47:42.950,414.95127101846657,1002
2024-09-16 15:47:42.978,414.9770090252858,15
2024-09-16 15:47:43.056,414.9098075258197,999
2024-09-16 15:47:43.167,414.95845714259775,7
2024-09-16 15:47:43.172,414.9235808925605,100
2024-09-16 15:47:43.193,414.91322344165405,15
2024-09-16 15:47:43.321,414.8774772608309,13
2024-09-16 15:47:43.327,414.9401590425176,996
2024-09-16 15:47:43.465,414.916398178856,15
2024-09-16 15:47:43.502,414.91109740502907,99
2024-09-16 15:47:43.518,414.9070355912485,7
2024-09-16 15:47:43.568,414.9412807698496,6
2024-09-16 15:47:43.598,414.8876598795077,1001
2024-09-16 15:47:43.606,414.928334234221,5
2024-09-16 15:47:43.680,414.9323665986941,996
2024-09-16 15:47:43.758,414.9292279728683,997
2024-09-16 15:47:43.788,414.9465505213861,999
2024-09-16 15:47:43.861,414.9377542346866,101
2024-09-16 15:47:43.893,414.9444392000992,9
2024-09-16 15:47:43.969,414.8819199084442,96
2024-09-16 15:47:43.979,414.9133796204024,97
2024-09-16 15:47:44.015,,9
2024-09-16 15:47:44.073,414.8800193360532,102
2024-09-16 15:47:44.356,414.8847941868258,15
2024-09-16 15:47:44.383,414.8482181045366,9
2024-09-16 15:47:44.594,414.8755459302803,102
2024-09-16 15:47:44.956,414.83291307883326,998
2024-09-16 15:47:44.970,41.48664954246069,11
2024-09-16 15:47:44.976,414.8252256750598,102
2024-09-16 15:47:45.008,,103
2024-09-16 15:47:45.037,414.7968387508652,5
2024-09-16 15:47:45.052,414.7738116060418,995
2024-09-16 15:47:45.081,414.8133820090466,999
2024-09-16 15:47:45.145,414.77900532321087,103
2024-09-16 15:47:45.163,414.7753389576455,100
2024-09-16 15:47:45.244,414.7838498424932,100
2024-09-16 15:47:45.303,414.7952398023757,1000
2024-09-16 15:47:45.371,414.7890039890687,12
2024-09-16 15:47:45.391,414.8220883513594,6
2024-09-16 15:47:45.582,414.7885853041966,97
2024-09-16 15:47:45.724,414.808106586613,14
2024-09-16 15:47:45.737,414.80585741119086,1004
2024-09-16 15:47:45.791,414.7727955116378,102
2024-09-16 15:47:45.811,414.8112959449628,7
2024-09-16 15:47:45.844,414.8004347352513,9
2024-09-16 15:47:45.871,414.7841965354204,998
2024-09-16 15:47:45.895,414.7950590193427,7
2024-09-16 15:47:45.927,414.793036557453,9
2024-09-16 15:47:45.962,414.8159211555353,1001
2024-09-16 15:47:45.983,414.7904203583784,5
2024-09-16 15:47:46.324,414.7902625980264,8
2024-09-16 15:47:46.371,414.7872928703845,1002
2024-09-16 15:47:46.470,414.8061819633944,1005
2024-09-16 15:47:46.591,414.7961330655284,105
2024-09-16 15:47:46.934,414.799136954085,12
2024-09-16 15:47:46.952,414.79922587330617,10
2024-09-16 15:47:47.002,414.78568873335047,98
2024-09-16 15:47:47.002,414.7338019255095,105
2024-09-16 15:47:47.041,-414.7727880243667,9
2024-09-16 15:47:47.053,414.75072037374383,95
2024-09-16 15:47:47.055,414.8248928536832,995
2024-09-16 15:47:47.192,414.8172454367445,100
2024-09-16 15:47:47.198,414.7921711694376,996
2024-09-16 15:47:47.205,414.8277174729675,997
2024-09-16 15:47:47.208,414.7950454553205,101
2024-09-16 15:47:47.293,414.7218595643489,97
2024-09-16 15:47:47.409,414.7850300258765,13
2024-09-16 15:47:47.411,414.70070425578825,996
2024-09-16 15:47:47.513,414.74817431829376,1003
2024-09-16 15:47:47.557,414.7021256756062,102
2024-09-16 15:47:47.583,414.736469498108,97
2024-09-16 15:47:47.598,41.47695513486529,5
2024-09-16 15:47:47.615,414.7608557061116,99
2024-09-16 15:47:47.660,414.8462807745028,11
2024-09-16 15:47:47.699,414.8141602442903,103
2024-09-16 15:47:47.727,414.7308272755751,98
2024-09-16 15:47:47.783,414.7734040441581,1000
2024-09-16 15:47:47.793,414.8182874951397,1001
2024-09-16 15:47:47.901,414.81230791400696,1002
2024-09-16 15:47:47.940,414.7901261471084,14
2024-09-16 15:47:47.963,414.7955038116421,14
2024-09-16 15:47:47.972,414.80282422331993,1002
2024-09-16 15:47:47.986,414.75296478294064,1001
2024-09-16 15:47:47.990,414.7856646377184,96
2024-09-16 15:47:48.010,414.7698662133347,1002
2024-09-16 15:47:48.054,414.7873274108067,5
2024-09-16 15:47:48.065,414.7765997974598,996
2024-09-16 15:47:48.066,414.7722648041109,10
2024-09-16 15:47:48.099,414.7752448144182,1001
2024-09-16 15:47:48.120,414.7748176801617,99
2024-09-16 15:47:48.174,414.7808681744945,7
2024-09-16 15:47:48.258,414.7741095485713,6
2024-09-16 15:47:48.260,414.7611248164644,9
2024-09-16 15:47:48.279,414.8059189226167,997
2024-09-16 15:47:48.390,414.8071035066075,95
2024-09-16 15:47:48.390,414.7715510363907,998
2024-09-16 15:47:48.408,414.7691160188933,99
2024-09-16 15:47:48.408,414.78915942645045,97
2024-09-16 15:47:48.426,414.7874756272373,103
2024-09-16 15:47:48.447,414.7901857026886,99
2024-09-16 15:47:48.566,414.79490717109496,103
2024-09-16 15:47:48.599,414.7958395168405,1002
2024-09-16 15:47:48.633,414.7561701335704,1004
2024-09-16 15:47:48.657,,100
2024-09-16 15:47:48.658,414.76037400426463,1003
2024-09-16 15:47:48.677,414.76865361572914,97
2024-09-16 15:47:48.731,414.7377991988935,12
2024-09-16 15:47:48.770,414.78654947859405,1003
2024-09-16 15:47:48.831,414.764405496452,99
2024-09-16 15:47:48.841,414.7425910039055,103
2024-09-16 15:47:48.845,414.8016158611796,98
2024-09-16 15:47:48.861,414.773594300949,99
2024-09-16 15:47:48.952,414.7779643815312,998
2024-09-16 15:47:48.984,414.76619091490136,96
2024-09-16 15:47:49.124,414.76437486132727,11
2024-09-16 15:47:49.130,414.75209486239913,10
2024-09-16 15:47:49.157,414.7771885878504,1000
2024-09-16 15:47:49.163,414.77095088331646,98
2024-09-16 15:47:49.186,414.7956777493095,101
2024-09-16 15:47:49.196,414.782689196508,1004
2024-09-16 15:47:49.223,414.7714675695423,99
2024-09-16 15:47:49.339,414.81020687772207,99
2024-09-16 15:47:49.443,414.7981061517302,996
2024-09-16 15:47:49.461,414.7719758487277,5
2024-09-16 15:47:49.585,414.7778573242002,1001
2024-09-16 15:47:49.595,414.7678061617444,999
2024-09-16 15:47:49.735,414.7685381806906,1004
2024-09-16 15:47:49.786,414.7601534629992,96
2024-09-16 15:47:49.812,414.754305354392,99
2024-09-16 15:47:49.830,414.755647807694,1000
2024-09-16 15:47:49.964,414.7531715381117,1000
2024-09-16 15:47:49.987,414.805767675929,95
2024-09-16 15:47:50.043,414.76687200454353,6
2024-09-16 15:47:50.123,414.8046746248013,995
2024-09-16 15:47:50.190,414.7869787321569,97
2024-09-16 15:47:50.220,414.7503019070856,1000
2024-09-16 15:47:50.296,414.7785948044642,996
2024-09-16 15:47:50.322,414.7397843608596,100
2024-09-16 15:47:50.329,414.7401941420709,15
2024-09-16 15:47:50.436,-414.775539261337,15
2024-09-16 15:47:50.497,414.790517373894,103
2024-09-16 15:47:50.500,414.7417544076533,8
2024-09-16 15:47:50.533,414.7892064268596,6
2024-09-16 15:47:50.635,414.8112814378848,1003
2024-09-16 15:47:50.653,414.7704438658516,6
2024-09-16 15:47:50.733,414.7972769425893,7
2024-09-16 15:47:50.789,414.7926875611355,14
2024-09-16 15:47:50.805,414.8186323867289,96
2024-09-16 15:47:50.930,414.8039093971578,102
2024-09-16 15:47:50.996,414.7976248715073,1003
2024-09-16 15:47:51.067,414.82430305830303,14
2024-09-16 15:47:51.095,414.89832452414186,15
2024-09-16 15:47:51.112,414.84485049370585,13
2024-09-16 15:47:51.182,414.83888905590135,10
2024-09-16 15:47:51.191,414.8823849634436,1000
2024-09-16 15:47:51.206,414.8749696741674,104
2024-09-16 15:47:51.212,414.8364488921426,9
2024-09-16 15:47:51.273,414.8321577454103,1000
2024-09-16 15:47:51.273,414.84582366748106,97
2024-09-16 15:47:51.292,414.8554104472392,1003
2024-09-16 15:47:51.379,414.8251380523768,998
2024-09-16 15:47:51.510,414.8457765748341,1005
2024-09-16 15:47:51.560,414.8414838039607,96
2024-09-16 15:47:51.634,414.8474144003626,6
2024-09-16 15:47:51.675,414.8746270263485,102
2024-09-16 15:47:51.783,414.8378966753699,104
2024-09-16 15:47:51.818,414.8257040385869,13
2024-09-16 15:47:51.822,414.89385255960855,9
2024-09-16 15:47:51.854,414.85613919196567,102
2024-09-16 15:47:51.867,414.8383658428246,97
2024-09-16 15:47:51.913,414.8927929802721,1003
2024-09-16 15:47:52.017,414.85520055165546,8
2024-09-16 15:47:52.191,414.8499124865062,101
2024-09-16 15:47:52.215,414.8519442586428,8
2024-09-16 15:47:52.350,414.8496292324105,998
2024-09-16 15:47:52.374,414.856233947394,6
2024-09-16 15:47:52.536,414.8710546148994,13
2024-09-16 15:47:52.622,414.8861995040459,12
2024-09-16 15:47:52.863,414.894250222386,5
2024-09-16 15:47:52.879,414.8657106348799,96
2024-09-16 15:47:52.909,414.88269505696303,9
2024-09-16 15:47:53.015,414.8443468164771,104
2024-09-16 15:47:53.046,414.8272544173943,14
2024-09-16 15:47:53.054,414.8536740075876,95
2024-09-16 15:47:53.106,414.8389326816167,7
2024-09-16 15:47:53.125,414.8608050338863,11
2024-09-16 15:47:53.172,414.87000503698,97
2024-09-16 15:47:53.202,414.8480586228613,10
2024-09-16 15:47:53.208,414.8567047156136,95
2024-09-16 15:47:53.214,414.8488371562946,99
2024-09-16 15:47:53.287,414.8635690466981,98
2024-09-16 15:47:53.321,414.8405311507646,999
2024-09-16 15:47:53.329,414.8574872732993,15
2024-09-16 15:47:53.500,414.8720103778456,9
2024-09-16 15:47:53.563,414.8565955432489,12
2024-09-16 15:47:53.632,414.8498353436272,99
2024-09-16 15:47:53.633,414.8548832064022,102
2024-09-16 15:47:53.644,414.849954859936,997
2024-09-16 15:47:53.762,414.86393854625743,1005
2024-09-16 15:47:53.773,414.8379743694297,100
2024-09-16 15:47:53.833,414.8437843344586,100
2024-09-16 15:47:53.841,414.85737491200666,105
2024-09-16 15:47:53.874,414.85062129491183,998
2024-09-16 15:47:53.936,414.8631292073392,7
2024-09-16 15:47:53.959,414.872561745676,1003
2024-09-16 15:47:53.963,414.8470371670362,997
2024-09-16 15:47:53.990,414.8533175973869,1005
2024-09-16 15:47:54.031,414.9073956239219,12
2024-09-16 15:47:54.103,414.9006307292621,1005
2024-09-16 15:47:54.170,414.8672173041858,1000
2024-09-16 15:47:54.190,414.9275108811892,996
2024-09-16 15:47:54.351,414.91132461412576,102
2024-09-16 15:47:54.384,414.8977789069421,8
2024-09-16 15:47:54.411,414.8924070557733,14
2024-09-16 15:47:54.509,414.9049178507877,10
2024-09-16 15:47:54.587,414.88977111748113,98
2024-09-16 15:47:54.595,414.9323176022988,14
2024-09-16 15:47:54.598,414.9009397849079,98
2024-09-16 15:47:54.611,414.917998571789,10
2024-09-16 15:47:54.626,414.90102832995217,105
2024-09-16 15:47:54.635,,13
2024-09-16 15:47:54.637,414.8519941811775,7
2024-09-16 15:47:54.642,414.95165430774233,101
2024-09-16 15:47:54.663,414.9021690951258,6
2024-09-16 15:47:54.709,414.88897064814296,998
2024-09-16 15:47:54.711,414.8979197599512,1001
2024-09-16 15:47:54.726,414.9319829213497,12
2024-09-16 15:47:54.758,414.8524229842602,8
2024-09-16 15:47:54.858,414.9053927218615,1004
2024-09-16 15:47:54.876,414.9122390740114,6
2024-09-16 15:47:54.879,414.9436089875827,96
2024-09-16 15:47:54.929,414.89625595407,95
2024-09-16 15:47:54.940,414.9048488618318,1001
2024-09-16 15:47:54.963,414.9142213547397,9
2024-09-16 15:47:55.013,414.90754773762745,998
2024-09-16 15:47:55.121,414.9598740790457,8
2024-09-16 15:47:55.131,414.9385852599534,13
2024-09-16 15:47:55.151,414.9665760377188,14
2024-09-16 15:47:55.174,414.9901239637738,12
2024-09-16 15:47:55.315,414.9626873633744,10
2024-09-16 15:47:55.414,414.920136006682,7
2024-09-16 15:47:55.432,414.9483034419445,5
2024-09-16 15:47:55.568,414.98463268698765,9
2024-09-16 15:47:55.607,414.96892469494406,95
2024-09-16 15:47:55.611,414.91592106541685,9
2024-09-16 15:47:55.719,,1003
2024-09-16 15:47:55.764,414.9522522429147,1000
2024-09-16 15:47:55.838,414.96882129138817,13
2024-09-16 15:47:55.839,414.9803546710284,104
2024-09-16 15:47:55.843,414.94458174920015,95
2024-09-16 15:47:55.878,414.936129446011,100
2024-09-16 15:47:55.882,414.96684304526576,1004
2024-09-16 15:47:55.894,414.9610720987199,1003
2024-09-16 15:47:55.929,414.9028618705739,12
2024-09-16 15:47:56.070,414.9480795715797,995
2024-09-16 15:47:56.085,414.95079883112817,998
2024-09-16 15:47:56.104,414.9711303392721,996
2024-09-16 15:47:56.105,414.9586278985998,998
2024-09-16 15:47:56.173,414.9695526125544,105
2024-09-16 15:47:56.208,415.00802228862426,1005
2024-09-16 15:47:56.417,414.97644967236056,105
2024-09-16 15:47:56.451,414.9581832921198,105
2024-09-16 15:47:56.590,414.9576653868841,104
2024-09-16 15:47:56.648,414.96036505283695,95
2024-09-16 15:47:56.749,416.8241784528424,997
2024-09-16 15:47:56.986,414.9731603568711,1002
2024-09-16 15:47:57.074,416.8220444882576,12
2024-09-16 15:47:57.782,41.499527385044416,12
2024-09-16 15:47:58.017,414.9380303184747,1000
2024-09-16 15:47:58.028,414.9717165181311,996
2024-09-16 15:47:58.112,414.97664484002473,995
2024-09-16 15:47:58.136,414.99076041940015,1004
2024-09-16 15:47:58.154,414.9378997483528,1005
2024-09-16 15:47:58.171,414.9649681189941,999
2024-09-16 15:47:58.190,414.9556392132428,7
2024-09-16 15:47:58.338,414.9912188919884,99
2024-09-16 15:47:58.452,414.9202214139492,102
2024-09-16 15:47:58.466,414.9121580646861,103
2024-09-16 15:47:58.485,415.0013724054624,14
2024-09-16 15:47:58.535,414.9777869147898,103
2024-09-16 15:47:58.641,414.9896660754339,7
2024-09-16 15:47:58.785,414.97572103997294,105
2024-09-16 15:47:58.830,414.9924509475754,95
2024-09-16 15:47:58.929,414.9843181342085,999
2024-09-16 15:47:59.020,416.82337286377305,1003
2024-09-16 15:47:59.242,414.9140255393312,6
2024-09-16 15:47:59.252,-414.8811725013733,1004
2024-09-16 15:47:59.635,414.90490226117095,105
2024-09-16 15:47:59.946,414.92189397499897,98
2024-09-16 15:47:59.955,414.9232771821792,999
2024-09-16 15:47:59.959,414.896316501452,103
