Timestamp,Price,Size
2024-09-17 11:20:00.050,415.32834720438416,999
2024-09-17 11:20:00.162,415.33042248373255,14
2024-09-17 11:20:00.166,415.337750852728,98
2024-09-17 11:20:00.168,415.3274233652838,8
2024-09-17 11:20:00.196,415.3418754657187,5
2024-09-17 11:20:00.279,415.32389290273454,12
2024-09-17 11:20:00.435,415.320562988022,96
2024-09-17 11:20:00.601,415.3492106606088,105
2024-09-17 11:20:00.674,415.32707164959777,13
2024-09-17 11:20:01.035,415.3661228727672,11
2024-09-17 11:20:01.038,415.3121081079341,7
2024-09-17 11:20:01.083,415.3231398714081,11
2024-09-17 11:20:01.126,415.3448296910572,98
2024-09-17 11:20:01.242,415.3728189224162,998
2024-09-17 11:20:01.362,415.3808850891456,999
2024-09-17 11:20:01.415,415.303221566941,1005
2024-09-17 11:20:01.423,415.3020725751792,999
2024-09-17 11:20:01.526,415.3801021316092,12
2024-09-17 11:20:01.576,415.312754986248,1003
2024-09-17 11:20:01.652,415.3616447511789,8
2024-09-17 11:20:01.670,415.3663500446786,102
2024-09-17 11:20:01.671,415.3700306618933,1004
2024-09-17 11:20:01.674,415.3595283882868,1001
2024-09-17 11:20:01.679,415.3751380869997,1004
2024-09-17 11:20:01.682,415.3686886701328,10
2024-09-17 11:20:01.690,415.344418682107,12
2024-09-17 11:20:01.791,415.30046177066055,102
2024-09-17 11:20:01.801,415.2769946115321,11
2024-09-17 11:20:01.992,415.2995146264712,1003
2024-09-17 11:20:01.999,415.3656368529477,7
2024-09-17 11:20:02.040,415.2635817639524,14
2024-09-17 11:20:02.077,415.2731322477407,14
2024-09-17 11:20:02.249,41.52985870218126,102
2024-09-17 11:20:02.273,415.30205586119183,1003
2024-09-17 11:20:02.291,415.2888035910332,1000
2024-09-17 11:20:02.316,415.3186791494966,103
2024-09-17 11:20:02.441,415.28204082527554,97
2024-09-17 11:20:02.496,415.3040990666568,1003
2024-09-17 11:20:02.541,415.31930809020514,102
2024-09-17 11:20:02.555,415.2554963893965,998
2024-09-17 11:20:02.571,415.27744099864566,96
2024-09-17 11:20:02.674,415.3059947066769,1001
2024-09-17 11:20:02.728,415.3082298887863,1000
2024-09-17 11:20:02.824,415.304672744679,1005
2024-09-17 11:20:02.836,415.3001886830261,997
2024-09-17 11:20:02.894,415.307925066661,14
2024-09-17 11:20:03.582,415.3111571592557,11
2024-09-17 11:20:04.015,415.3157308628663,104
2024-09-17 11:20:04.148,415.3840520523302,15
2024-09-17 11:20:04.169,-415.36542780549934,12
2024-09-17 11:20:04.193,415.3996749121875,100
2024-09-17 11:20:04.210,415.36515992803294,100
2024-09-17 11:20:04.268,415.3328249329459,995
2024-09-17 11:20:04.418,415.4282254378441,101
2024-09-17 11:20:04.467,415.41644069263066,996
2024-09-17 11:20:04.486,415.3629009957886,13
2024-09-17 11:20:04.534,415.3966428866455,10
2024-09-17 11:20:04.570,415.3961400786669,15
2024-09-17 11:20:04.610,415.3722216902355,1002
2024-09-17 11:20:04.691,415.4566025405139,9
2024-09-17 11:20:04.782,415.3831654363991,101
2024-09-17 11:20:04.846,415.3936363946781,998
2024-09-17 11:20:04.887,415.3716114034835,6
2024-09-17 11:20:04.895,415.4405883449676,997
2024-09-17 11:20:04.945,415.36006388924335,999
2024-09-17 11:20:05.134,415.5432968510803,9
2024-09-17 11:20:05.159,415.5329835885189,100
2024-09-17 11:20:05.199,415.5280749044172,102
2024-09-17 11:20:05.234,415.50122393162894,13
2024-09-17 11:20:05.234,415.5397101489842,999
2024-09-17 11:20:05.257,415.4764095682522,12
2024-09-17 11:20:05.265,415.5441139503881,103
2024-09-17 11:20:05.329,415.47525857291294,8
2024-09-17 11:20:05.332,415.4762430770464,99
2024-09-17 11:20:05.385,415.4938998120486,1005
2024-09-17 11:20:05.405,415.5209053623818,14
2024-09-17 11:20:05.408,415.482057917258,1004
2024-09-17 11:20:05.456,415.55051522557454,996
2024-09-17 11:20:05.570,415.5151811000398,1004
2024-09-17 11:20:05.720,415.5301176675283,102
2024-09-17 11:20:05.849,415.5021571147468,9
2024-09-17 11:20:05.860,415.491204505385,98
2024-09-17 11:20:05.884,415.548441233666,1001
2024-09-17 11:20:05.974,415.494012309772,1003
2024-09-17 11:20:06.353,415.5404323338477,995
2024-09-17 11:20:06.366,415.54050464047566,102
2024-09-17 11:20:06.611,415.5744016296047,13
2024-09-17 11:20:06.907,415.56212236511135,1000
2024-09-17 11:20:06.917,415.5273356225774,100
2024-09-17 11:20:07.055,415.530239847834,5
2024-09-17 11:20:07.126,415.5286656513657,98
2024-09-17 11:20:07.130,415.5255492936682,104
2024-09-17 11:20:07.338,415.5282138581192,1002
2024-09-17 11:20:07.338,415.5066133936939,97
2024-09-17 11:20:07.342,415.5415328150548,15
2024-09-17 11:20:07.354,415.5568355454467,96
2024-09-17 11:20:07.416,41.552229241035086,14
2024-09-17 11:20:07.433,415.52740268045824,1001
2024-09-17 11:20:07.445,415.54733408492433,105
2024-09-17 11:20:07.448,415.5538800633724,5
2024-09-17 11:20:07.497,415.5292156823045,998
2024-09-17 11:20:07.546,415.5437414928141,104
2024-09-17 11:20:07.547,415.5461788299576,12
2024-09-17 11:20:07.596,415.540363299022,13
2024-09-17 11:20:07.653,415.5002020288555,1002
2024-09-17 11:20:07.702,415.5277899281334,12
2024-09-17 11:20:07.714,415.5344535290697,100
2024-09-17 11:20:07.729,415.532447830925,1001
2024-09-17 11:20:07.753,415.5425314602435,1000
2024-09-17 11:20:07.788,415.5284024920975,1005
2024-09-17 11:20:07.802,415.5457296768421,14
2024-09-17 11:20:07.832,415.4995501333213,9
2024-09-17 11:20:07.865,415.527742317257,1002
2024-09-17 11:20:07.871,415.5134015407912,100
2024-09-17 11:20:07.879,415.54731114652657,15
2024-09-17 11:20:07.907,415.51134795391977,99
2024-09-17 11:20:08.059,415.5239634559975,102
2024-09-17 11:20:08.069,415.50605362883886,1003
2024-09-17 11:20:08.084,415.592710575156,9
2024-09-17 11:20:08.115,415.5015941197482,1001
2024-09-17 11:20:08.168,415.6436240620857,1001
2024-09-17 11:20:08.205,415.52550701250095,7
2024-09-17 11:20:08.234,415.50337831372303,102
2024-09-17 11:20:08.292,415.51117218109306,11
2024-09-17 11:20:08.308,415.5331183562458,1001
2024-09-17 11:20:08.325,415.55842390235625,5
2024-09-17 11:20:08.360,415.5169785946711,6
2024-09-17 11:20:08.506,415.52175524968834,104
2024-09-17 11:20:08.512,415.54089937451846,999
2024-09-17 11:20:08.512,415.4946613227407,14
2024-09-17 11:20:08.675,415.6314109876539,1002
2024-09-17 11:20:08.700,415.6092692213679,8
2024-09-17 11:20:08.772,415.6385499339061,13
2024-09-17 11:20:08.772,415.5235160616784,1003
2024-09-17 11:20:08.779,415.59799739723456,1003
2024-09-17 11:20:08.793,415.5295914732101,15
2024-09-17 11:20:08.800,415.5208904829527,105
2024-09-17 11:20:08.802,415.5218271204736,13
2024-09-17 11:20:08.807,415.516286323714,104
2024-09-17 11:20:08.815,415.4949491437598,7
2024-09-17 11:20:08.895,415.4920739073803,101
2024-09-17 11:20:08.908,415.56264392876665,105
2024-09-17 11:20:08.976,415.5805817039912,998
2024-09-17 11:20:09.044,415.7323996500223,1005
2024-09-17 11:20:09.057,415.6840187449165,13
2024-09-17 11:20:09.061,415.7684709941947,13
2024-09-17 11:20:09.106,415.6383857467359,7
2024-09-17 11:20:09.141,415.7287029104589,997
2024-09-17 11:20:09.173,415.7711403831207,8
2024-09-17 11:20:09.186,415.6761554278408,10
2024-09-17 11:20:09.215,415.63507840165977,8
2024-09-17 11:20:09.218,415.67593422933743,105
2024-09-17 11:20:09.254,415.750090141223,1003
2024-09-17 11:20:09.255,415.64759881101855,7
2024-09-17 11:20:09.455,415.7099598948861,1003
2024-09-17 11:20:09.468,415.6478146159692,5
2024-09-17 11:20:09.492,415.6521563255712,98
2024-09-17 11:20:09.492,415.639184974408,5
2024-09-17 11:20:09.493,415.76175536671695,13
2024-09-17 11:20:09.563,415.6388696204647,97
2024-09-17 11:20:09.621,415.7291063550008,102
2024-09-17 11:20:09.647,415.7837355137413,104
2024-09-17 11:20:09.687,415.7710020700467,5
2024-09-17 11:20:09.760,415.77001098915895,95
2024-09-17 11:20:09.774,415.7186537558808,1003
2024-09-17 11:20:09.859,415.740231896366,95
2024-09-17 11:20:09.904,415.62495658389616,13
2024-09-17 11:20:09.942,415.6755371771942,1004
2024-09-17 11:20:10.066,415.8180704932015,6
2024-09-17 11:20:10.262,415.8045693021666,1005
2024-09-17 11:20:10.373,415.7562539727335,11
2024-09-17 11:20:10.404,415.76202725679326,101
2024-09-17 11:20:10.412,415.8640160377655,996
2024-09-17 11:20:10.580,415.8065212681199,105
2024-09-17 11:20:10.635,415.79062131419215,100
2024-09-17 11:20:10.695,415.8509337850075,999
2024-09-17 11:20:10.711,415.8481119894152,97
2024-09-17 11:20:10.852,415.8480486679168,5
2024-09-17 11:20:10.852,415.8171850196648,8
2024-09-17 11:20:10.976,415.8440045493548,10
2024-09-17 11:20:11.067,415.8694413193157,998
2024-09-17 11:20:11.082,415.8698344636263,1005
2024-09-17 11:20:11.102,415.8867188865672,97
2024-09-17 11:20:11.104,415.8641657794387,5
2024-09-17 11:20:11.509,415.8702920584551,12
2024-09-17 11:20:11.616,415.8790777807059,1001
2024-09-17 11:20:11.642,415.8686770260801,8
2024-09-17 11:20:11.776,415.86222009074345,104
2024-09-17 11:20:12.020,415.8560213908885,6
2024-09-17 11:20:12.080,415.86686736938174,15
2024-09-17 11:20:12.100,415.8601306937491,5
2024-09-17 11:20:12.126,415.8726739114548,99
2024-09-17 11:20:12.189,415.8967133859512,8
2024-09-17 11:20:12.239,415.90144329782026,8
2024-09-17 11:20:12.330,415.86177985079496,1002
2024-09-17 11:20:12.546,415.86973215331295,12
2024-09-17 11:20:12.677,415.8633659936703,7
2024-09-17 11:20:12.779,415.8908553081709,97
2024-09-17 11:20:13.070,415.8993192644641,996
2024-09-17 11:20:13.112,415.8539702513653,11
2024-09-17 11:20:13.167,415.8856603356437,97
2024-09-17 11:20:13.358,415.88435866957286,97
2024-09-17 11:20:13.369,415.884090133578,5
2024-09-17 11:20:13.385,415.8658077853568,12
2024-09-17 11:20:13.395,415.8905540379707,10
2024-09-17 11:20:13.395,415.87003187299126,1001
2024-09-17 11:20:13.459,415.8876269846144,8
2024-09-17 11:20:13.709,415.8951157971199,96
2024-09-17 11:20:13.749,415.8952292370528,96
2024-09-17 11:20:13.763,415.8990486190765,10
2024-09-17 11:20:13.786,415.8896714384312,12
2024-09-17 11:20:13.820,415.8793111152832,14
2024-09-17 11:20:13.820,415.87084159355845,11
2024-09-17 11:20:13.869,,1002
2024-09-17 11:20:13.875,415.8960396658208,1001
2024-09-17 11:20:14.384,415.87727175741605,100
2024-09-17 11:20:14.613,415.8875795452893,999
2024-09-17 11:20:14.621,415.880818842587,1001
2024-09-17 11:20:14.654,415.860973824759,6
2024-09-17 11:20:14.698,415.87657969182897,102
2024-09-17 11:20:14.715,415.877685858685,101
2024-09-17 11:20:14.878,415.8847189966608,8
2024-09-17 11:20:15.090,415.8418419952219,6
2024-09-17 11:20:15.144,415.84944276265225,98
2024-09-17 11:20:15.156,415.88340893827,1001
2024-09-17 11:20:15.181,41.58618613612246,6
2024-09-17 11:20:15.233,415.87299380849487,1001
2024-09-17 11:20:15.262,415.8832624999388,100
2024-09-17 11:20:15.339,415.8389361434218,96
2024-09-17 11:20:15.341,415.8289133809498,95
2024-09-17 11:20:15.378,415.85476102163886,8
2024-09-17 11:20:15.383,415.8363419685165,9
2024-09-17 11:20:15.501,415.8302009741236,103
2024-09-17 11:20:15.504,415.8335571445678,6
2024-09-17 11:20:15.548,415.834595087681,1002
2024-09-17 11:20:15.603,415.8427087466316,1001
2024-09-17 11:20:15.617,,13
2024-09-17 11:20:15.666,415.8724995490459,10
2024-09-17 11:20:15.697,415.876920347414,10
2024-09-17 11:20:15.709,415.86032855661455,1000
2024-09-17 11:20:15.727,415.8677797256669,100
2024-09-17 11:20:15.802,415.8333291527542,101
2024-09-17 11:20:15.936,415.8858916847684,98
2024-09-17 11:20:15.948,415.8343512979837,99
2024-09-17 11:20:15.951,415.81212022105547,11
2024-09-17 11:20:15.974,415.86702425687366,95
2024-09-17 11:20:16.097,415.8221357437105,100
2024-09-17 11:20:16.184,415.8084811206752,1002
2024-09-17 11:20:16.203,415.80929051299927,7
2024-09-17 11:20:16.208,415.83753733488817,996
2024-09-17 11:20:16.255,415.86441975436736,7
2024-09-17 11:20:16.257,415.8520202797435,96
2024-09-17 11:20:16.314,415.83312999705447,5
2024-09-17 11:20:16.360,,13
2024-09-17 11:20:16.406,415.8086084701434,98
2024-09-17 11:20:16.410,415.8451970820441,104
2024-09-17 11:20:16.455,415.83370699511,8
2024-09-17 11:20:16.488,415.8351479938211,1002
2024-09-17 11:20:16.686,415.8680982275753,103
2024-09-17 11:20:16.713,415.8163997737233,1000
2024-09-17 11:20:16.746,415.834292851306,14
2024-09-17 11:20:16.987,415.8343639868095,101
2024-09-17 11:20:17.037,415.829211790817,1002
2024-09-17 11:20:17.072,415.785601777831,14
2024-09-17 11:20:17.094,415.7856686831799,9
2024-09-17 11:20:17.097,415.7948439177736,12
2024-09-17 11:20:17.098,415.82962163426487,995
2024-09-17 11:20:17.099,415.7937306875897,12
2024-09-17 11:20:17.102,415.79616048803126,101
2024-09-17 11:20:17.230,415.7893773058348,995
2024-09-17 11:20:17.244,415.7962924579695,12
2024-09-17 11:20:17.281,415.8210092099331,997
2024-09-17 11:20:17.308,415.8240281615222,10
2024-09-17 11:20:17.315,415.8155500832995,1005
2024-09-17 11:20:17.321,415.8245325760192,100
2024-09-17 11:20:17.404,415.8072944269927,105
2024-09-17 11:20:17.574,415.8398736997144,101
2024-09-17 11:20:17.579,415.8401492964432,13
2024-09-17 11:20:17.601,415.83010809790807,15
2024-09-17 11:20:17.637,415.7933238162116,995
2024-09-17 11:20:17.660,415.79984659996353,1003
2024-09-17 11:20:17.821,415.84665217780855,103
2024-09-17 11:20:17.831,415.8016421903367,1000
2024-09-17 11:20:17.924,415.8136129381761,102
2024-09-17 11:20:18.033,415.7959087292437,1001
2024-09-17 11:20:18.068,415.7756189526753,1005
2024-09-17 11:20:18.080,415.8303916849872,1005
2024-09-17 11:20:18.191,415.7677029325265,6
2024-09-17 11:20:18.192,415.7617389691629,12
2024-09-17 11:20:18.243,-415.8057182123658,100
2024-09-17 11:20:18.246,415.8137299450216,995
2024-09-17 11:20:18.265,415.7584424158103,105
2024-09-17 11:20:18.272,415.80926277903416,997
2024-09-17 11:20:18.346,415.7848890079753,7
2024-09-17 11:20:18.433,415.79200635347934,102
2024-09-17 11:20:18.462,415.7901136449892,105
2024-09-17 11:20:18.509,415.8043017402111,1005
2024-09-17 11:20:18.554,415.79534778928576,100
2024-09-17 11:20:18.710,415.7969676981239,5
2024-09-17 11:20:18.765,415.7851961928888,6
2024-09-17 11:20:18.839,415.7888741795395,9
2024-09-17 11:20:18.843,415.8012113684886,104
2024-09-17 11:20:18.895,415.7981468842368,997
2024-09-17 11:20:18.934,415.8098321837165,99
2024-09-17 11:20:19.017,415.852686224384,6
2024-09-17 11:20:19.023,415.8121537223632,9
2024-09-17 11:20:19.028,415.7706941453544,1002
2024-09-17 11:20:19.180,415.8161602121032,99
2024-09-17 11:20:19.392,415.7780726857479,6
2024-09-17 11:20:19.404,415.78661135003927,1004
2024-09-17 11:20:19.513,415.8503600802362,995
2024-09-17 11:20:19.513,415.80967006679134,1005
2024-09-17 11:20:19.539,415.8209981155972,1004
2024-09-17 11:20:19.552,415.8367609805781,103
2024-09-17 11:20:19.552,415.7507930324911,96
2024-09-17 11:20:19.608,415.75902902625705,998
2024-09-17 11:20:19.612,415.7644386374717,104
2024-09-17 11:20:19.634,415.8306736616087,100
2024-09-17 11:20:19.664,415.7714010632113,995
2024-09-17 11:20:19.724,415.8510261524481,999
2024-09-17 11:20:19.724,415.7792299015128,8
2024-09-17 11:20:19.785,415.8233053571224,997
2024-09-17 11:20:19.901,415.75942437184347,1004
2024-09-17 11:20:19.907,415.85513292733015,15
2024-09-17 11:20:19.918,415.7558789518786,9
2024-09-17 11:20:19.928,415.82647866435934,101
2024-09-17 11:20:19.943,415.81467640901457,1003
2024-09-17 11:20:19.992,415.83149048646703,14
2024-09-17 11:20:20.086,415.86165167934,6
2024-09-17 11:20:20.169,415.8550428772648,1003
2024-09-17 11:20:20.212,415.8593749681932,95
2024-09-17 11:20:20.291,415.84157444631177,1002
2024-09-17 11:20:20.316,415.8366930783471,102
2024-09-17 11:20:20.340,415.8607623919551,10
2024-09-17 11:20:20.374,415.8685390409077,97
2024-09-17 11:20:20.399,415.8434506820934,1003
2024-09-17 11:20:20.400,415.814686938613,999
2024-09-17 11:20:20.454,415.82484044194905,98
2024-09-17 11:20:20.462,415.8305385215519,995
2024-09-17 11:20:20.538,415.866230103651,1002
2024-09-17 11:20:20.571,415.8490202250815,102
2024-09-17 11:20:20.641,415.8556071835977,997
2024-09-17 11:20:20.700,415.8261735826638,9
2024-09-17 11:20:20.709,415.8583654685144,1001
2024-09-17 11:20:20.719,415.8518192698498,5
2024-09-17 11:20:20.826,415.84628114406087,996
2024-09-17 11:20:20.831,41.58492714188494,102
2024-09-17 11:20:20.843,415.8231158934392,1004
2024-09-17 11:20:20.979,415.8129850062475,1004
2024-09-17 11:20:21.244,415.84924231392426,96
2024-09-17 11:20:22.017,415.8252754332004,101
2024-09-17 11:20:22.159,415.9068251509461,97
2024-09-17 11:20:22.177,415.8270003944626,98
2024-09-17 11:20:22.466,415.8643063550684,1003
2024-09-17 11:20:22.550,415.832614479584,1002
2024-09-17 11:20:22.641,,7
2024-09-17 11:20:22.936,415.8954086342221,100
2024-09-17 11:20:23.411,415.8545210840279,1002
2024-09-17 11:20:23.477,415.8566476382056,14
2024-09-17 11:20:23.565,415.8894924668033,15
2024-09-17 11:20:23.684,415.8781524179431,103
2024-09-17 11:20:23.723,415.8657251139144,103
2024-09-17 11:20:23.735,415.85643252423904,999
2024-09-17 11:20:23.857,415.86069209443696,999
2024-09-17 11:20:23.895,415.8513608366143,1002
2024-09-17 11:20:23.936,415.8894728899458,996
2024-09-17 11:20:24.130,415.84965991503526,102
2024-09-17 11:20:24.171,415.8912992444173,99
2024-09-17 11:20:24.180,415.8886434635226,96
2024-09-17 11:20:24.190,415.8574984557641,102
2024-09-17 11:20:24.207,415.861857402807,6
2024-09-17 11:20:24.213,415.86036691390257,96
2024-09-17 11:20:24.256,415.8346262053125,1005
2024-09-17 11:20:24.256,415.8402315540829,997
2024-09-17 11:20:24.271,415.8574951910732,1003
2024-09-17 11:20:24.292,415.79791789063125,998
2024-09-17 11:20:24.316,415.846594771634,998
2024-09-17 11:20:24.323,415.7839017563488,6
2024-09-17 11:20:24.358,415.840852677006,10
2024-09-17 11:20:24.516,415.87087233482015,999
2024-09-17 11:20:24.552,415.8405042569237,12
2024-09-17 11:20:24.574,415.84472041493774,6
2024-09-17 11:20:24.664,415.8588076732509,999
2024-09-17 11:20:24.691,41.58093594871855,1001
2024-09-17 11:20:24.734,415.79599490323926,10
2024-09-17 11:20:24.736,415.87132837963696,97
2024-09-17 11:20:24.760,415.846356454604,11
2024-09-17 11:20:24.781,415.79251682472267,103
2024-09-17 11:20:24.831,415.7745651399017,1001
2024-09-17 11:20:24.831,415.8203811629104,104
2024-09-17 11:20:24.866,415.7832438379493,10
2024-09-17 11:20:24.897,415.8327286122778,998
2024-09-17 11:20:24.940,415.855969894199,995
2024-09-17 11:20:24.945,415.84902067544687,97
2024-09-17 11:20:24.973,415.85257474504994,103
2024-09-17 11:20:24.998,415.8675871890501,99
2024-09-17 11:20:25.055,415.8258838071995,996
2024-09-17 11:20:25.314,415.82735991503625,7
2024-09-17 11:20:25.668,415.82497559122254,104
2024-09-17 11:20:25.672,415.80737972397947,99
2024-09-17 11:20:25.691,415.83522126709846,6
2024-09-17 11:20:25.738,415.8136109204126,5
2024-09-17 11:20:25.817,415.8307516221504,14
2024-09-17 11:20:25.899,415.8167463410315,13
2024-09-17 11:20:26.004,415.8496022662706,1002
2024-09-17 11:20:26.110,415.89243771511246,9
2024-09-17 11:20:26.162,415.8827867841309,996
2024-09-17 11:20:26.273,415.8805176899789,1001
2024-09-17 11:20:26.277,415.8839611354641,5
2024-09-17 11:20:26.347,415.8679651044082,15
2024-09-17 11:20:26.431,415.8502031865588,103
2024-09-17 11:20:26.434,415.8861757153629,15
2024-09-17 11:20:26.442,415.8624980071538,98
2024-09-17 11:20:26.486,415.8763851813893,13
2024-09-17 11:20:26.506,415.8513284072546,102
2024-09-17 11:20:26.511,415.8687366889145,101
2024-09-17 11:20:26.515,415.8599132885852,9
2024-09-17 11:20:26.530,415.8693071790468,100
2024-09-17 11:20:26.563,415.8875360438404,11
2024-09-17 11:20:26.567,415.8588056484479,8
2024-09-17 11:20:26.571,415.85623251530313,100
2024-09-17 11:20:26.584,415.8638780330851,95
2024-09-17 11:20:26.673,415.8693704303007,10
2024-09-17 11:20:26.732,415.846580630033,103
2024-09-17 11:20:26.809,415.857535239333,997
2024-09-17 11:20:26.868,415.8719292681784,100
2024-09-17 11:20:26.907,415.85588673746304,6
2024-09-17 11:20:26.944,415.8688244500092,997
2024-09-17 11:20:26.949,415.88354813754535,98
2024-09-17 11:20:26.970,415.8615762544906,997
2024-09-17 11:20:26.985,415.8654975820486,996
2024-09-17 11:20:27.037,415.9686111978359,7
2024-09-17 11:20:27.098,415.977030403192,998
2024-09-17 11:20:27.115,415.93204407595096,1001
2024-09-17 11:20:27.131,415.9157793880415,101
2024-09-17 11:20:27.158,415.8918312753276,15
2024-09-17 11:20:27.171,415.9770547241581,103
2024-09-17 11:20:27.181,415.913064583748,8
2024-09-17 11:20:27.203,415.9481819121702,996
2024-09-17 11:20:27.276,415.9551766144429,998
2024-09-17 11:20:27.291,415.9633907194248,6
2024-09-17 11:20:27.297,415.9330538328818,8
2024-09-17 11:20:27.316,415.89149714327993,12
2024-09-17 11:20:27.387,416.00311811121935,104
2024-09-17 11:20:27.397,415.9274449482211,998
2024-09-17 11:20:27.425,41.59665922622118,7
2024-09-17 11:20:27.544,415.9286085541308,1002
2024-09-17 11:20:27.712,415.9789784269331,995
2024-09-17 11:20:27.727,415.9056826779562,11
2024-09-17 11:20:27.841,415.951284222179,998
2024-09-17 11:20:27.867,,10
2024-09-17 11:20:27.878,415.96287288750375,9
2024-09-17 11:20:28.092,416.004990773709,997
2024-09-17 11:20:28.161,416.02120030944513,103
2024-09-17 11:20:28.164,416.0137040960492,1003
2024-09-17 11:20:28.173,415.9647195574369,103
2024-09-17 11:20:28.203,-416.0318399084081,1002
2024-09-17 11:20:28.233,416.0077207171514,7
2024-09-17 11:20:28.377,416.0156246933682,97
2024-09-17 11:20:28.590,415.96363472328375,11
2024-09-17 11:20:28.654,415.9927427312152,996
2024-09-17 11:20:28.866,415.9848517702085,995
2024-09-17 11:20:28.900,415.9777943747393,1003
2024-09-17 11:20:28.920,416.0100615652485,98
2024-09-17 11:20:28.925,415.95516133387554,96
2024-09-17 11:20:28.953,415.97000905507787,8
2024-09-17 11:20:28.960,415.9753090384188,1003
2024-09-17 11:20:28.965,416.0210672145438,1004
2024-09-17 11:20:28.983,415.9974276538956,101
2024-09-17 11:20:29.007,415.9953583014678,14
2024-09-17 11:20:29.020,415.9694534915681,14
2024-09-17 11:20:29.088,415.9602587516744,13
2024-09-17 11:20:29.153,416.0181968319749,997
2024-09-17 11:20:29.179,415.9999974105251,5
2024-09-17 11:20:29.184,415.9766805520069,997
2024-09-17 11:20:29.190,416.0007244734997,999
2024-09-17 11:20:29.222,416.0084417644452,1005
2024-09-17 11:20:29.232,416.0038845948824,14
2024-09-17 11:20:29.246,416.0143064754287,12
2024-09-17 11:20:29.280,416.0066092777898,8
2024-09-17 11:20:29.294,416.0155696984209,998
2024-09-17 11:20:29.295,415.9575100950916,101
2024-09-17 11:20:29.308,416.0256201983446,98
2024-09-17 11:20:29.342,415.9632042954767,13
2024-09-17 11:20:29.365,416.0198213822225,1003
2024-09-17 11:20:29.403,416.02620120569816,10
2024-09-17 11:20:29.432,416.01322131374775,1003
2024-09-17 11:20:29.446,415.9757271947576,6
2024-09-17 11:20:29.482,415.9933221421544,96
2024-09-17 11:20:29.525,-415.96522935828193,14
2024-09-17 11:20:29.650,416.0011404994915,98
2024-09-17 11:20:29.778,415.9896009521771,105
2024-09-17 11:20:29.781,415.9657556745771,13
2024-09-17 11:20:29.784,415.99415574508,995
2024-09-17 11:20:29.820,415.9794720186079,100
2024-09-17 11:20:29.949,415.9861010859324,12
2024-09-17 11:20:29.954,416.03372705743726,1001
2024-09-17 11:20:29.976,415.9532371383025,12
2024-09-17 11:20:29.995,416.0366436904487,13
2024-09-17 11:20:30.001,415.9519677179728,101
2024-09-17 11:20:30.146,415.9674227198036,12
2024-09-17 11:20:30.148,415.96999692134585,14
2024-09-17 11:20:30.306,415.97415565562335,995
2024-09-17 11:20:30.308,415.9692149243684,996
2024-09-17 11:20:30.337,415.9507527820813,9
2024-09-17 11:20:30.680,415.9773120050438,14
2024-09-17 11:20:31.015,41.597264756604346,95
2024-09-17 11:20:31.043,416.0052211600355,13
2024-09-17 11:20:31.072,415.9582068387334,97
2024-09-17 11:20:31.110,416.00571993565205,101
2024-09-17 11:20:31.129,415.9898627160253,11
2024-09-17 11:20:31.237,416.00301706809694,9
2024-09-17 11:20:31.378,416.0105544448453,11
2024-09-17 11:20:31.395,415.97779518713367,10
2024-09-17 11:20:31.421,415.9705777374007,96
2024-09-17 11:20:31.516,415.9917498089303,99
2024-09-17 11:20:31.549,416.0016941944486,6
2024-09-17 11:20:31.571,415.9885497136602,10
2024-09-17 11:20:31.577,415.9964135126537,1005
2024-09-17 11:20:31.595,415.9969695022066,1002
2024-09-17 11:20:31.706,415.9914632262815,995
2024-09-17 11:20:31.784,415.9980079508322,997
2024-09-17 11:20:31.907,416.02250144482826,9
2024-09-17 11:20:31.911,415.9798982537766,15
2024-09-17 11:20:32.057,415.9920988206297,1003
2024-09-17 11:20:32.210,416.017210841721,9
2024-09-17 11:20:33.146,416.0283298837101,7
2024-09-17 11:20:33.235,416.0186617258037,10
2024-09-17 11:20:33.715,415.9991112485428,11
2024-09-17 11:20:33.790,416.02253048734354,12
2024-09-17 11:20:33.830,416.01832433566886,104
2024-09-17 11:20:33.877,416.0083564890294,96
2024-09-17 11:20:33.890,416.0365453933244,97
2024-09-17 11:20:34.000,416.05650550879415,9
2024-09-17 11:20:34.062,416.132977445033,1005
2024-09-17 11:20:34.071,416.08105398793657,95
2024-09-17 11:20:34.264,416.1200237825859,1002
2024-09-17 11:20:34.357,416.0426873649286,100
2024-09-17 11:20:34.526,416.0411187170738,98
2024-09-17 11:20:34.569,416.0736103080973,999
2024-09-17 11:20:34.621,416.1258612361794,995
2024-09-17 11:20:34.644,416.12526100396593,11
2024-09-17 11:20:34.716,416.1008367412937,103
2024-09-17 11:20:34.827,416.0532965893388,6
2024-09-17 11:20:34.829,416.1492642081972,12
2024-09-17 11:20:35.080,416.1834652988245,998
2024-09-17 11:20:35.087,416.2008650070596,14
2024-09-17 11:20:35.154,416.1824431627984,8
2024-09-17 11:20:35.163,416.16876029941847,102
2024-09-17 11:20:35.882,416.188248320744,998
2024-09-17 11:20:35.947,416.1917967691107,13
2024-09-17 11:20:35.957,416.1898997272237,1004
2024-09-17 11:20:36.014,416.1978756317572,15
2024-09-17 11:20:36.055,416.1267921737088,98
2024-09-17 11:20:36.091,416.12453003492783,11
2024-09-17 11:20:36.091,416.2056744382268,998
2024-09-17 11:20:36.093,416.1800193093542,995
2024-09-17 11:20:36.127,416.1708845665066,999
2024-09-17 11:20:36.147,416.1854881596056,13
2024-09-17 11:20:36.149,416.07938943787553,12
2024-09-17 11:20:36.176,416.2149393744862,11
2024-09-17 11:20:36.181,416.15323853853744,1001
2024-09-17 11:20:36.247,416.11870695368543,95
2024-09-17 11:20:36.279,416.14397954210176,1002
2024-09-17 11:20:36.294,416.1815260508239,1004
2024-09-17 11:20:36.402,416.1628322411544,1002
2024-09-17 11:20:36.422,416.1170690678405,998
2024-09-17 11:20:36.495,416.2028415863299,99
2024-09-17 11:20:36.533,416.10206145694553,102
2024-09-17 11:20:36.541,416.1932810375369,103
2024-09-17 11:20:36.555,416.12382791545815,99
2024-09-17 11:20:36.594,416.1860529705768,999
2024-09-17 11:20:36.621,416.1872882151765,5
2024-09-17 11:20:36.641,416.20987459675376,102
2024-09-17 11:20:36.647,416.1277554386202,995
2024-09-17 11:20:36.651,41.61702237845599,12
2024-09-17 11:20:36.675,416.18582328716,15
2024-09-17 11:20:36.752,416.1489285498362,9
2024-09-17 11:20:36.755,416.1129593514111,99
2024-09-17 11:20:36.810,416.193131514456,1002
2024-09-17 11:20:36.921,416.0817586547772,99
2024-09-17 11:20:36.954,416.13552405495415,997
2024-09-17 11:20:37.095,416.1028118615647,1001
2024-09-17 11:20:37.138,416.1052898550678,8
2024-09-17 11:20:37.143,416.1038237737709,97
2024-09-17 11:20:37.151,416.1278523361554,998
2024-09-17 11:20:37.268,416.1283401154571,9
2024-09-17 11:20:37.327,416.0986157386397,101
2024-09-17 11:20:37.471,416.1261664764491,9
2024-09-17 11:20:37.520,416.1333786469442,1005
2024-09-17 11:20:37.537,416.099560390032,13
2024-09-17 11:20:37.552,416.1537928474639,998
2024-09-17 11:20:37.572,416.1071726494724,100
2024-09-17 11:20:37.631,416.1318333465569,8
2024-09-17 11:20:37.687,416.0961833558609,102
2024-09-17 11:20:37.718,416.1315447815588,999
2024-09-17 11:20:37.740,416.1234004030921,12
2024-09-17 11:20:37.746,416.1318262854793,105
2024-09-17 11:20:37.819,416.117152967809,99
2024-09-17 11:20:37.840,416.1277452152234,100
2024-09-17 11:20:37.880,416.1337537100271,99
2024-09-17 11:20:37.890,-416.1057150924394,104
2024-09-17 11:20:37.904,416.1341596230158,96
2024-09-17 11:20:37.921,416.12094162147366,95
2024-09-17 11:20:37.943,416.142457975385,13
2024-09-17 11:20:37.987,416.10588467845207,102
2024-09-17 11:20:38.058,416.0873395791708,998
2024-09-17 11:20:38.100,416.10225499859433,95
2024-09-17 11:20:38.112,416.1175431511172,8
2024-09-17 11:20:38.131,416.1431847825748,11
2024-09-17 11:20:38.152,416.0973079284401,995
2024-09-17 11:20:38.188,416.0757307560463,1005
2024-09-17 11:20:38.223,416.1324247973307,105
2024-09-17 11:20:38.301,416.09747579233743,101
2024-09-17 11:20:38.377,416.1485621847601,98
2024-09-17 11:20:38.469,416.1305440107408,998
2024-09-17 11:20:38.471,416.1364971673013,1001
2024-09-17 11:20:38.535,416.0466747157295,7
2024-09-17 11:20:38.539,416.12449566887136,1002
2024-09-17 11:20:38.600,416.0518295609705,997
2024-09-17 11:20:38.703,416.1082191696748,14
2024-09-17 11:20:38.723,416.1313929044865,6
2024-09-17 11:20:38.771,416.04837371653946,102
2024-09-17 11:20:38.899,416.1470333853595,15
2024-09-17 11:20:38.914,416.1451889422423,100
2024-09-17 11:20:39.261,416.0124449375982,100
2024-09-17 11:20:39.352,416.0375204333389,1004
2024-09-17 11:20:39.508,416.0335041069599,99
2024-09-17 11:20:39.605,416.0215341925935,103
2024-09-17 11:20:39.687,416.05938990009935,9
2024-09-17 11:20:39.687,416.0674871449729,98
2024-09-17 11:20:39.736,416.0196169684096,1000
2024-09-17 11:20:39.834,416.0457183555711,10
2024-09-17 11:20:39.959,416.01877240937387,14
2024-09-17 11:20:39.964,416.011811296928,10
2024-09-17 11:20:39.998,416.0609448984952,99
2024-09-17 11:20:40.056,415.9895909459758,998
2024-09-17 11:20:40.056,416.0014184518372,14
2024-09-17 11:20:40.231,415.98487785141015,1005
2024-09-17 11:20:40.237,415.9747369106277,1003
2024-09-17 11:20:40.257,415.9728519093001,1000
2024-09-17 11:20:40.267,415.9856195424736,103
2024-09-17 11:20:40.297,415.9805267699997,12
2024-09-17 11:20:40.342,416.0007921324635,999
2024-09-17 11:20:40.369,415.9906179981997,7
2024-09-17 11:20:40.389,416.0069564680389,100
2024-09-17 11:20:40.432,415.9958749376692,104
2024-09-17 11:20:40.434,415.99308824863454,995
2024-09-17 11:20:40.452,416.0108764344988,98
2024-09-17 11:20:40.507,415.9989919422407,1002
2024-09-17 11:20:40.538,416.0057060163427,995
2024-09-17 11:20:40.543,415.99202406860326,95
2024-09-17 11:20:40.571,416.0055008628234,6
2024-09-17 11:20:40.603,415.9809127764555,997
2024-09-17 11:20:40.609,415.9921753306024,998
2024-09-17 11:20:40.638,416.0100822330008,10
2024-09-17 11:20:40.657,415.9991444479588,995
2024-09-17 11:20:40.725,415.9829389055034,1004
2024-09-17 11:20:40.733,41.59760097815731,96
2024-09-17 11:20:40.819,415.9904783600787,11
2024-09-17 11:20:40.845,415.9766166718883,95
2024-09-17 11:20:40.865,416.0058946649861,95
2024-09-17 11:20:40.965,415.9881426102604,105
2024-09-17 11:20:40.992,415.993019352283,103
2024-09-17 11:20:40.999,416.0120421154785,103
2024-09-17 11:20:41.047,-416.00328449728977,12
2024-09-17 11:20:41.104,416.0246639558733,98
2024-09-17 11:20:41.117,416.0107676736826,6
2024-09-17 11:20:41.148,416.0128531389475,98
2024-09-17 11:20:41.159,416.0158777943884,1001
2024-09-17 11:20:41.218,416.067716388905,104
2024-09-17 11:20:41.303,416.0420976002681,11
2024-09-17 11:20:41.321,416.0148707196509,5
2024-09-17 11:20:41.403,416.0439572112736,15
2024-09-17 11:20:41.610,416.0451673724402,995
2024-09-17 11:20:41.634,416.02649743944033,999
2024-09-17 11:20:41.640,416.0121983694722,104
2024-09-17 11:20:41.672,416.0144077111728,101
2024-09-17 11:20:41.673,416.0040774638189,103
2024-09-17 11:20:41.786,416.0489903649506,104
2024-09-17 11:20:41.839,415.9923956600909,100
2024-09-17 11:20:41.851,416.0114763854794,97
2024-09-17 11:20:41.882,416.0418426669543,1005
2024-09-17 11:20:41.897,416.017406924295,12
2024-09-17 11:20:41.898,416.0466543005749,102
2024-09-17 11:20:41.962,416.0155363499894,13
2024-09-17 11:20:41.970,416.0663016643657,997
2024-09-17 11:20:42.061,416.0191161724771,1005
2024-09-17 11:20:42.158,416.0344433191881,15
2024-09-17 11:20:42.183,416.0188712817165,997
2024-09-17 11:20:42.263,416.0321605553149,15
2024-09-17 11:20:42.265,416.0332475984757,103
2024-09-17 11:20:42.277,416.0303459305247,97
2024-09-17 11:20:42.338,416.0312863738362,997
2024-09-17 11:20:42.494,416.02460684594894,6
2024-09-17 11:20:42.546,416.03105814779366,9
2024-09-17 11:20:42.644,416.0221840958304,105
2024-09-17 11:20:42.962,416.011109310685,9
2024-09-17 11:20:42.982,416.0453370579044,1002
2024-09-17 11:20:43.096,416.02095114927954,98
2024-09-17 11:20:43.134,416.0129141921561,99
2024-09-17 11:20:43.253,416.0114288258189,12
2024-09-17 11:20:43.306,416.0205429113749,104
2024-09-17 11:20:43.461,416.0237166141025,999
2024-09-17 11:20:43.855,416.02775372831127,13
2024-09-17 11:20:43.928,416.0165238743775,1002
2024-09-17 11:20:44.024,416.0105342721652,14
2024-09-17 11:20:44.058,416.0161450894723,102
2024-09-17 11:20:44.115,416.0317178362712,11
2024-09-17 11:20:44.128,415.9670067454038,1001
2024-09-17 11:20:44.167,415.95173326381496,15
2024-09-17 11:20:44.214,416.0241226752115,1004
2024-09-17 11:20:44.217,-415.9650287473003,998
2024-09-17 11:20:44.390,415.9423291551121,9
2024-09-17 11:20:44.579,415.9593772558567,996
2024-09-17 11:20:44.646,416.0259138589982,999
2024-09-17 11:20:44.678,415.9598377506628,1000
2024-09-17 11:20:44.694,415.958429063461,102
2024-09-17 11:20:44.800,415.9348768939941,995
2024-09-17 11:20:44.926,415.9844974242518,100
2024-09-17 11:20:45.007,415.9513505388642,999
2024-09-17 11:20:45.018,416.0461886782801,15
2024-09-17 11:20:45.029,416.0201779087382,997
2024-09-17 11:20:45.064,415.9670296265272,6
2024-09-17 11:20:45.102,,98
2024-09-17 11:20:45.130,41.59741777857639,13
2024-09-17 11:20:45.132,415.973348545923,1002
2024-09-17 11:20:45.155,416.0351803404491,14
2024-09-17 11:20:45.232,415.9453581327758,96
2024-09-17 11:20:45.312,415.92406457921226,15
2024-09-17 11:20:45.334,415.94368760581074,98
2024-09-17 11:20:45.346,415.9754675672581,997
2024-09-17 11:20:45.359,415.9819691546039,1000
2024-09-17 11:20:45.403,416.0415687270694,100
2024-09-17 11:20:45.487,415.9855165123662,998
2024-09-17 11:20:45.595,415.9798016517334,102
2024-09-17 11:20:45.599,415.9737945719184,998
2024-09-17 11:20:45.611,415.9368176065433,997
2024-09-17 11:20:45.690,416.0620027758099,103
2024-09-17 11:20:45.701,416.0010926492597,999
2024-09-17 11:20:45.712,415.9814877003212,11
2024-09-17 11:20:45.716,416.0382205009234,101
2024-09-17 11:20:45.776,415.993773080881,98
2024-09-17 11:20:45.791,415.9342678221241,8
2024-09-17 11:20:45.858,416.0515768589914,105
2024-09-17 11:20:45.892,415.96795450716127,10
2024-09-17 11:20:45.901,415.9859392836128,14
2024-09-17 11:20:45.937,416.0471847086224,995
2024-09-17 11:20:45.947,415.9435764369443,997
2024-09-17 11:20:45.958,415.9809870352208,998
2024-09-17 11:20:46.010,416.0762502449367,14
2024-09-17 11:20:46.011,416.09104385860735,99
2024-09-17 11:20:46.039,416.0393205915213,6
2024-09-17 11:20:46.070,416.0784980646616,95
2024-09-17 11:20:46.078,416.0558545193943,1004
2024-09-17 11:20:46.109,416.0687656132115,105
2024-09-17 11:20:46.126,416.0682699396557,5
2024-09-17 11:20:46.183,416.05843046517606,96
2024-09-17 11:20:46.184,416.0584525803877,13
2024-09-17 11:20:46.201,416.0597126563975,12
2024-09-17 11:20:46.210,416.0613445688839,10
2024-09-17 11:20:46.240,416.0754735137999,1003
2024-09-17 11:20:46.441,416.0685903865104,10
2024-09-17 11:20:46.442,416.05785299799066,998
2024-09-17 11:20:46.470,416.07063075050297,7
2024-09-17 11:20:46.563,416.071437722928,103
2024-09-17 11:20:46.594,416.0480471038506,9
2024-09-17 11:20:46.614,416.09112558472185,14
2024-09-17 11:20:46.620,416.06839333939473,100
2024-09-17 11:20:46.673,416.0782505956944,100
2024-09-17 11:20:46.693,416.0771251544356,8
2024-09-17 11:20:46.710,416.0845987339577,13
2024-09-17 11:20:46.736,416.10283787061474,96
2024-09-17 11:20:46.792,416.1072767083646,95
2024-09-17 11:20:46.862,416.0872045220644,100
2024-09-17 11:20:46.908,416.05821437560553,99
2024-09-17 11:20:46.962,416.0238966389069,10
2024-09-17 11:20:46.977,416.0714934252752,998
2024-09-17 11:20:47.046,416.0311533457787,96
2024-09-17 11:20:47.055,416.0540196895081,7
2024-09-17 11:20:47.106,,6
2024-09-17 11:20:47.126,416.0221422952295,10
2024-09-17 11:20:47.153,416.037113686505,10
2024-09-17 11:20:47.165,416.06095949832576,10
2024-09-17 11:20:47.183,416.033103603007,96
2024-09-17 11:20:47.244,416.02309315774784,98
2024-09-17 11:20:47.364,416.00529802689255,100
2024-09-17 11:20:47.402,416.042495969857,102
2024-09-17 11:20:47.403,416.01803710666553,996
2024-09-17 11:20:47.406,415.983990689104,5
2024-09-17 11:20:47.444,416.0502138340647,104
2024-09-17 11:20:47.461,416.028784217141,102
2024-09-17 11:20:47.467,416.023558468452,101
2024-09-17 11:20:47.479,416.06225366601086,1002
2024-09-17 11:20:47.493,416.0196228911652,1004
2024-09-17 11:20:47.502,416.0468194071153,1005
2024-09-17 11:20:47.518,416.0021304772805,1003
2024-09-17 11:20:47.579,416.0420855443468,12
2024-09-17 11:20:47.681,415.9756893041823,103
2024-09-17 11:20:47.701,416.0609395322981,996
2024-09-17 11:20:47.735,416.0062344336313,11
2024-09-17 11:20:47.742,415.9618132989472,9
2024-09-17 11:20:47.790,416.03960328968896,98
2024-09-17 11:20:47.806,416.0254403180926,1000
2024-09-17 11:20:47.849,416.0351426012676,1001
2024-09-17 11:20:47.880,416.0432206141712,5
2024-09-17 11:20:47.898,416.0266957561188,96
2024-09-17 11:20:47.981,415.9644001838257,96
2024-09-17 11:20:48.174,415.9603218364365,6
2024-09-17 11:20:48.217,416.0075602356048,14
2024-09-17 11:20:48.279,415.9794626373347,104
2024-09-17 11:20:48.308,415.9746998882294,1003
2024-09-17 11:20:48.432,415.94287600973934,13
2024-09-17 11:20:48.606,415.98882946594966,1001
2024-09-17 11:20:48.735,415.98787614912,15
2024-09-17 11:20:48.741,415.98692323759,95
2024-09-17 11:20:48.770,415.9837898572391,12
2024-09-17 11:20:48.852,415.9384305480878,997
2024-09-17 11:20:48.880,415.9880737286312,102
2024-09-17 11:20:48.898,416.0028285485636,1000
2024-09-17 11:20:49.042,415.9744502197822,997
2024-09-17 11:20:49.123,415.9740016968436,11
2024-09-17 11:20:49.171,415.9819306270773,11
2024-09-17 11:20:49.202,415.98971279015376,96
2024-09-17 11:20:49.217,415.966126421004,8
2024-09-17 11:20:49.258,415.9772543111112,1000
2024-09-17 11:20:49.313,415.9683033776938,14
2024-09-17 11:20:49.378,415.98119329666,6
2024-09-17 11:20:49.402,415.9725122569048,998
2024-09-17 11:20:49.465,415.97154695652887,105
2024-09-17 11:20:49.510,415.98514882717296,1005
2024-09-17 11:20:49.571,415.9855458688508,9
2024-09-17 11:20:49.582,415.9320312330959,5
2024-09-17 11:20:49.613,415.9744451491719,10
2024-09-17 11:20:49.657,416.0016030403024,7
2024-09-17 11:20:49.674,415.9698278387296,95
2024-09-17 11:20:49.675,415.9869746307214,13
2024-09-17 11:20:49.891,415.9594437546301,102
2024-09-17 11:20:49.907,415.975849485144,995
2024-09-17 11:20:49.974,415.9787078423888,1003
2024-09-17 11:20:50.051,415.973758215857,103
2024-09-17 11:20:50.086,41.59633388001245,13
2024-09-17 11:20:50.142,415.9589920962978,8
2024-09-17 11:20:50.203,415.98467829336727,99
2024-09-17 11:20:50.295,415.9884428262776,96
2024-09-17 11:20:50.296,415.9807044554629,98
2024-09-17 11:20:50.373,415.9732734499836,98
2024-09-17 11:20:50.417,415.9655310261613,995
2024-09-17 11:20:50.707,415.9718030085079,104
2024-09-17 11:20:50.874,415.9467068073513,1002
2024-09-17 11:20:50.948,415.9713851847412,1003
2024-09-17 11:20:50.980,415.971246618443,11
2024-09-17 11:20:51.052,415.9929054572927,100
2024-09-17 11:20:51.070,415.9979317082836,15
2024-09-17 11:20:51.083,415.9849588537108,99
2024-09-17 11:20:51.108,415.9813787316672,103
2024-09-17 11:20:51.155,415.97426055560186,12
2024-09-17 11:20:51.228,416.00239143534816,95
2024-09-17 11:20:51.237,415.981755809205,1003
2024-09-17 11:20:51.289,415.9821796368578,103
2024-09-17 11:20:51.338,415.9677136147811,100
2024-09-17 11:20:51.340,415.9985749138352,1005
2024-09-17 11:20:51.341,415.9819378132293,6
2024-09-17 11:20:51.386,415.9673128851984,1000
2024-09-17 11:20:51.422,415.96168885634967,97
2024-09-17 11:20:51.441,415.9842524057448,11
2024-09-17 11:20:51.448,415.9913952415281,8
2024-09-17 11:20:51.467,415.9736056908392,8
2024-09-17 11:20:51.501,415.9850676719343,1001
2024-09-17 11:20:51.572,416.00963473352607,996
2024-09-17 11:20:51.625,415.9678937142551,7
2024-09-17 11:20:51.632,415.98860595326937,97
2024-09-17 11:20:51.643,415.9700248337124,1000
2024-09-17 11:20:51.698,415.98659765086666,11
2024-09-17 11:20:51.702,415.9680146683254,996
2024-09-17 11:20:51.717,415.9747308837233,14
2024-09-17 11:20:51.791,415.984430236254,15
2024-09-17 11:20:51.800,416.0004112938866,12
2024-09-17 11:20:51.816,415.9921964040284,13
2024-09-17 11:20:51.885,415.971128253,1002
2024-09-17 11:20:51.970,415.9622181810792,1003
2024-09-17 11:20:52.021,416.05402913271575,95
2024-09-17 11:20:52.031,416.0348629783278,1003
2024-09-17 11:20:52.039,415.9824116282631,12
2024-09-17 11:20:52.063,416.0496446218028,997
2024-09-17 11:20:52.107,416.0156528994221,96
2024-09-17 11:20:52.117,41.6008923616823,102
2024-09-17 11:20:52.186,415.9829372647417,1000
2024-09-17 11:20:52.188,416.0343937931205,996
2024-09-17 11:20:52.198,416.0199775046476,14
2024-09-17 11:20:52.207,416.00855349572544,12
2024-09-17 11:20:52.207,416.01297016950673,103
2024-09-17 11:20:52.211,416.0030913701602,997
2024-09-17 11:20:52.288,415.9979979592829,104
2024-09-17 11:20:52.300,416.0243495531436,997
2024-09-17 11:20:52.340,416.0033491985848,1000
2024-09-17 11:20:52.348,416.0166876017685,12
2024-09-17 11:20:52.432,416.0483318342721,95
2024-09-17 11:20:52.481,416.0245322567162,99
2024-09-17 11:20:52.547,416.0314715430528,104
2024-09-17 11:20:52.581,416.0141955675507,1000
2024-09-17 11:20:52.627,415.9909253675365,7
2024-09-17 11:20:52.648,416.0083012674114,8
2024-09-17 11:20:52.658,416.0164066752641,1002
2024-09-17 11:20:52.685,415.98595976662216,14
2024-09-17 11:20:52.772,416.0032054951357,7
2024-09-17 11:20:52.806,416.031199906976,102
2024-09-17 11:20:52.809,416.0236969480953,1003
2024-09-17 11:20:52.834,416.03823765622286,97
2024-09-17 11:20:52.880,416.0126670622437,7
2024-09-17 11:20:52.946,416.0273599998608,7
2024-09-17 11:20:53.104,416.0301003214374,999
2024-09-17 11:20:53.107,416.0343895877698,100
2024-09-17 11:20:53.144,416.02580867774606,997
2024-09-17 11:20:53.252,416.0474533832973,999
2024-09-17 11:20:53.257,416.0499802965816,1003
2024-09-17 11:20:53.296,416.0203438206349,100
2024-09-17 11:20:53.338,416.03811724235845,101
2024-09-17 11:20:53.386,416.0273122790439,8
2024-09-17 11:20:53.517,415.9989608151027,97
2024-09-17 11:20:53.520,416.0349214999824,7
2024-09-17 11:20:53.628,416.0426016086657,102
2024-09-17 11:20:53.711,416.0308394679499,6
2024-09-17 11:20:53.733,416.0303429196195,95
2024-09-17 11:20:53.792,416.0141094278565,1005
2024-09-17 11:20:53.966,416.0387071489515,1004
2024-09-17 11:20:54.006,416.0854949150413,97
2024-09-17 11:20:54.110,416.0501539430108,998
2024-09-17 11:20:54.171,41.60901042291218,101
2024-09-17 11:20:54.324,416.094576347587,1003
2024-09-17 11:20:54.430,416.0980958361284,100
2024-09-17 11:20:54.480,416.0750211806498,104
2024-09-17 11:20:54.587,41.60734082494031,103
2024-09-17 11:20:54.598,416.0749906752861,6
2024-09-17 11:20:54.726,416.09731954945,1005
2024-09-17 11:20:54.890,416.0814569628528,1000
2024-09-17 11:20:54.911,416.0844804591719,96
2024-09-17 11:20:54.933,416.073508840948,15
2024-09-17 11:20:54.957,416.0995970107417,10
2024-09-17 11:20:54.978,416.084702834949,1001
2024-09-17 11:20:55.099,416.046310691057,96
2024-09-17 11:20:55.175,416.055913137418,98
2024-09-17 11:20:55.193,416.0298022874449,1003
2024-09-17 11:20:55.204,416.0716131386305,1002
2024-09-17 11:20:55.283,416.0437582667834,7
2024-09-17 11:20:55.327,416.1027789909246,100
2024-09-17 11:20:55.389,416.04907150677,12
2024-09-17 11:20:55.392,416.0669421503422,14
2024-09-17 11:20:55.409,416.0233029337443,8
2024-09-17 11:20:55.410,416.0374127988684,103
2024-09-17 11:20:55.429,416.0513527286464,98
2024-09-17 11:20:55.540,416.0739146207853,999
2024-09-17 11:20:55.568,416.101807934781,14
2024-09-17 11:20:55.586,416.0713288046514,105
2024-09-17 11:20:55.598,416.0812069554486,99
2024-09-17 11:20:55.611,416.08712725308095,10
2024-09-17 11:20:55.631,416.0771224424169,10
2024-09-17 11:20:55.655,416.04389624608496,1000
2024-09-17 11:20:55.758,416.1205268192661,104
2024-09-17 11:20:55.784,416.1067668458676,12
2024-09-17 11:20:55.850,41.60372664199139,14
2024-09-17 11:20:55.886,416.0367812408744,102
2024-09-17 11:20:55.896,416.0384315991879,100
2024-09-17 11:20:55.987,416.0139028864327,995
2024-09-17 11:20:56.028,415.9864363693318,11
2024-09-17 11:20:56.127,416.0020810364919,998
2024-09-17 11:20:56.167,416.0010990117351,7
2024-09-17 11:20:56.212,416.0022910365429,999
2024-09-17 11:20:56.216,416.0003839683309,13
2024-09-17 11:20:56.227,416.0035998224305,11
2024-09-17 11:20:56.247,416.032367001532,101
2024-09-17 11:20:56.260,416.01320438351513,100
2024-09-17 11:20:56.290,416.0099484259335,1000
2024-09-17 11:20:56.300,416.008541837123,6
2024-09-17 11:20:56.322,415.99756076948887,1001
2024-09-17 11:20:56.482,416.00997634806566,105
2024-09-17 11:20:56.539,415.9705225826418,1001
2024-09-17 11:20:56.628,415.9906320813652,95
2024-09-17 11:20:56.628,415.9730035807842,98
2024-09-17 11:20:56.713,415.9926405342897,95
2024-09-17 11:20:56.767,416.0510686451304,11
2024-09-17 11:20:56.778,415.9662669999811,5
2024-09-17 11:20:56.821,415.9726535541716,101
2024-09-17 11:20:56.864,416.0442892010339,99
2024-09-17 11:20:56.868,416.0100580036475,997
2024-09-17 11:20:57.136,416.051417030382,997
2024-09-17 11:20:57.144,41.60755274584315,105
2024-09-17 11:20:57.172,416.0552718444879,5
2024-09-17 11:20:57.236,416.0986325440313,1002
2024-09-17 11:20:57.241,416.0992459928042,12
2024-09-17 11:20:57.317,416.1065769772492,7
2024-09-17 11:20:57.419,416.0894601413805,1003
2024-09-17 11:20:57.458,416.09455039354486,7
2024-09-17 11:20:57.460,416.09374875156334,96
2024-09-17 11:20:57.525,41.61046845077853,95
2024-09-17 11:20:57.610,416.0382703943355,97
2024-09-17 11:20:57.728,416.014223587193,95
2024-09-17 11:20:57.779,416.0615246472611,1001
2024-09-17 11:20:57.933,41.604722572740194,7
2024-09-17 11:20:57.950,416.0326698501729,95
2024-09-17 11:20:57.960,416.1021841116654,999
2024-09-17 11:20:57.976,416.10139024893977,1005
2024-09-17 11:20:57.984,415.99970958078313,13
2024-09-17 11:20:58.149,416.095308198768,1000
2024-09-17 11:20:58.442,416.0974896067572,101
2024-09-17 11:20:59.050,416.078314353098,100
2024-09-17 11:20:59.142,416.0831955205208,6
2024-09-17 11:20:59.413,416.0896101267792,9
2024-09-17 11:20:59.432,416.08675895358914,15
2024-09-17 11:20:59.465,-416.0870127531692,9
2024-09-17 11:20:59.518,416.0713141270071,7
2024-09-17 11:20:59.529,416.081673475308,13
2024-09-17 11:20:59.603,416.08198950902,12
2024-09-17 11:20:59.687,416.07533365040325,105
2024-09-17 11:20:59.807,416.0947581783406,95
2024-09-17 11:20:59.840,-416.0724716210572,98
2024-09-17 11:20:59.877,416.0962022978167,102
