Timestamp,Price,Size
2024-09-20 12:46:00.105,428.01623146172005,997
2024-09-20 12:46:00.229,428.01935301795714,10
2024-09-20 12:46:00.339,427.9972037161781,5
2024-09-20 12:46:00.498,428.0359635088706,13
2024-09-20 12:46:00.541,427.9796503609516,95
2024-09-20 12:46:00.936,42.80281981220764,101
2024-09-20 12:46:01.037,428.08906033396886,98
2024-09-20 12:46:01.066,428.004019458711,10
2024-09-20 12:46:01.133,428.1130671212441,998
2024-09-20 12:46:01.144,427.998854387423,95
2024-09-20 12:46:01.185,428.0153987647675,7
2024-09-20 12:46:01.258,428.1001027689283,1005
2024-09-20 12:46:01.302,428.05190991143553,7
2024-09-20 12:46:01.342,428.1105471796608,999
2024-09-20 12:46:01.350,428.070244095074,100
2024-09-20 12:46:01.360,428.033013496557,95
2024-09-20 12:46:01.366,428.0057506944039,11
2024-09-20 12:46:01.381,428.0234721544412,10
2024-09-20 12:46:01.387,428.02204424901606,11
2024-09-20 12:46:01.393,428.0042650212401,1004
2024-09-20 12:46:01.429,427.9989951890987,95
2024-09-20 12:46:01.435,428.0163460118644,11
2024-09-20 12:46:01.526,428.0007340848236,95
2024-09-20 12:46:01.531,428.0914400549737,11
2024-09-20 12:46:01.554,428.0970207622771,11
2024-09-20 12:46:01.606,428.057755572903,9
2024-09-20 12:46:01.624,428.0650846665916,99
2024-09-20 12:46:01.713,428.0247290036261,9
2024-09-20 12:46:01.804,427.9989891233705,14
2024-09-20 12:46:01.871,428.0013238499001,99
2024-09-20 12:46:01.885,428.1199905661369,11
2024-09-20 12:46:01.889,428.07965999377546,8
2024-09-20 12:46:01.920,428.0285717366376,103
2024-09-20 12:46:01.967,428.0474808412491,9
2024-09-20 12:46:03.018,428.1324553799712,1002
2024-09-20 12:46:03.083,428.10657007965546,1005
2024-09-20 12:46:03.092,428.0982726845687,1000
2024-09-20 12:46:03.151,428.085799647848,1000
2024-09-20 12:46:03.328,428.10697317219706,1000
2024-09-20 12:46:03.349,428.115028572572,997
2024-09-20 12:46:03.396,428.103290937667,100
2024-09-20 12:46:03.436,428.1073698375285,1003
2024-09-20 12:46:03.437,428.0774652978629,95
2024-09-20 12:46:03.458,428.1111825980916,6
2024-09-20 12:46:03.478,428.1008983725342,95
2024-09-20 12:46:03.565,428.1034543357633,9
2024-09-20 12:46:03.657,428.1098258411178,100
2024-09-20 12:46:03.858,428.1204217430796,100
2024-09-20 12:46:03.991,428.0935035112645,997
2024-09-20 12:46:04.005,428.0947094414936,996
2024-09-20 12:46:04.635,428.1068937932863,9
2024-09-20 12:46:04.654,428.1214284613232,11
2024-09-20 12:46:04.742,428.1167039406784,102
2024-09-20 12:46:04.804,428.1167335506758,13
2024-09-20 12:46:04.920,428.1018324269504,104
2024-09-20 12:46:05.042,428.0464151909037,105
2024-09-20 12:46:05.075,428.04381650196433,105
2024-09-20 12:46:05.267,427.997667558189,105
2024-09-20 12:46:05.275,428.00856757004,101
2024-09-20 12:46:05.311,428.00752855437287,1000
2024-09-20 12:46:05.448,428.0382771703055,999
2024-09-20 12:46:05.456,427.9962149773675,8
2024-09-20 12:46:05.513,428.0140290191785,14
2024-09-20 12:46:05.533,428.0236550901047,13
2024-09-20 12:46:05.543,428.090228904675,995
2024-09-20 12:46:05.578,428.0322490753601,11
2024-09-20 12:46:05.613,428.08409652642376,10
2024-09-20 12:46:05.628,428.06364203271903,103
2024-09-20 12:46:05.826,428.0203469223955,1000
2024-09-20 12:46:06.367,428.0029367763538,1000
2024-09-20 12:46:06.644,427.9657967894611,5
2024-09-20 12:46:06.719,428.0068106162937,97
2024-09-20 12:46:06.750,427.9943607259663,996
2024-09-20 12:46:06.901,427.9901975645088,997
2024-09-20 12:46:07.008,427.96010912288966,6
2024-09-20 12:46:07.025,427.9489406859519,13
2024-09-20 12:46:07.059,427.958243808738,996
2024-09-20 12:46:07.109,427.9602083087533,10
2024-09-20 12:46:07.186,427.93206211533686,104
2024-09-20 12:46:07.188,427.9092312073388,999
2024-09-20 12:46:07.212,427.957869326736,104
2024-09-20 12:46:07.373,427.94707311984615,1000
2024-09-20 12:46:07.386,427.9483804624783,1003
2024-09-20 12:46:07.392,427.9350221832384,14
2024-09-20 12:46:07.459,427.9557387146515,1001
2024-09-20 12:46:07.567,427.9491666793518,99
2024-09-20 12:46:07.573,427.96709692114206,5
2024-09-20 12:46:07.649,427.933403149841,1005
2024-09-20 12:46:07.662,427.96893490556886,1001
2024-09-20 12:46:07.747,427.95544916131473,97
2024-09-20 12:46:07.939,,1005
2024-09-20 12:46:07.953,427.9430358944654,7
2024-09-20 12:46:07.975,,1004
2024-09-20 12:46:08.015,427.9705372097452,1001
2024-09-20 12:46:08.066,427.9419158022644,1001
2024-09-20 12:46:08.092,427.94362568065407,11
2024-09-20 12:46:08.165,427.9408094333901,11
2024-09-20 12:46:08.255,427.94267627415866,999
2024-09-20 12:46:08.311,427.9703748716932,13
2024-09-20 12:46:08.408,427.9462160924873,998
2024-09-20 12:46:08.447,427.9932893527528,6
2024-09-20 12:46:08.510,427.9800961731671,11
2024-09-20 12:46:08.511,427.9724400097665,10
2024-09-20 12:46:08.531,427.95946238023066,997
2024-09-20 12:46:08.657,428.00791660503614,996
2024-09-20 12:46:08.833,427.9564451394708,1005
2024-09-20 12:46:08.865,427.9562565020862,9
2024-09-20 12:46:08.873,427.95907250994776,1001
2024-09-20 12:46:08.888,427.9657767941531,1002
2024-09-20 12:46:08.980,427.9716399712449,105
2024-09-20 12:46:09.402,427.9510807614342,99
2024-09-20 12:46:09.558,427.9418025439552,1001
2024-09-20 12:46:09.613,427.9696037294856,99
2024-09-20 12:46:09.616,427.95450838775497,13
2024-09-20 12:46:09.656,427.9521150139005,15
2024-09-20 12:46:09.732,427.9751026366879,1005
2024-09-20 12:46:09.742,427.9574817594266,13
2024-09-20 12:46:09.870,427.94167285287136,998
2024-09-20 12:46:10.008,427.9259325394208,104
2024-09-20 12:46:10.020,427.9465192043333,1001
2024-09-20 12:46:10.028,427.9434200769341,104
2024-09-20 12:46:10.117,427.9313368012192,999
2024-09-20 12:46:10.139,427.93287449164,13
2024-09-20 12:46:10.418,427.9967552946553,996
2024-09-20 12:46:10.472,427.9384002774518,11
2024-09-20 12:46:10.528,427.9634268363136,95
2024-09-20 12:46:10.557,427.9362857326872,996
2024-09-20 12:46:10.580,427.9826646716847,1005
2024-09-20 12:46:10.636,427.9265028930412,996
2024-09-20 12:46:10.688,427.9596814506645,105
2024-09-20 12:46:10.772,427.96858319585897,5
2024-09-20 12:46:10.777,427.98200545374925,1001
2024-09-20 12:46:10.783,427.9435731029107,6
2024-09-20 12:46:10.801,427.9499022522097,97
2024-09-20 12:46:10.826,427.957004015345,99
2024-09-20 12:46:10.875,427.9374682188364,1004
2024-09-20 12:46:10.915,427.9498370967313,995
2024-09-20 12:46:10.937,427.9610739670978,98
2024-09-20 12:46:10.953,427.9776968933432,1003
2024-09-20 12:46:11.028,427.9049641729796,99
2024-09-20 12:46:11.030,427.891673885119,101
2024-09-20 12:46:11.042,427.9057683549466,10
2024-09-20 12:46:11.076,427.9004170582327,9
2024-09-20 12:46:11.155,427.8796558727132,101
2024-09-20 12:46:11.162,427.8945136203884,101
2024-09-20 12:46:11.182,427.8791048574089,1001
2024-09-20 12:46:11.199,427.9008554658855,999
2024-09-20 12:46:11.228,427.8895763132605,1002
2024-09-20 12:46:11.233,427.8670156464802,997
2024-09-20 12:46:11.253,427.8994670417341,995
2024-09-20 12:46:11.283,427.9374832724387,12
2024-09-20 12:46:11.300,427.9062594950775,99
2024-09-20 12:46:11.311,427.940763197134,1005
2024-09-20 12:46:11.331,427.9008438406973,1005
2024-09-20 12:46:11.348,427.8916922708793,5
2024-09-20 12:46:11.418,427.8878285930064,97
2024-09-20 12:46:11.478,427.8667649454541,10
2024-09-20 12:46:11.529,427.8976950497095,96
2024-09-20 12:46:11.587,427.9106805577768,996
2024-09-20 12:46:11.627,427.9018716415257,999
2024-09-20 12:46:11.709,427.8896468022916,9
2024-09-20 12:46:11.726,427.8865819833503,13
2024-09-20 12:46:11.728,427.8946729877246,5
2024-09-20 12:46:11.729,427.912773176525,6
2024-09-20 12:46:11.739,427.9008689231988,997
2024-09-20 12:46:11.820,427.90300303023423,6
2024-09-20 12:46:11.853,427.9023427264574,1003
2024-09-20 12:46:11.950,427.8896310647448,95
2024-09-20 12:46:12.108,427.9693438195744,10
2024-09-20 12:46:12.126,-427.96054599183776,97
2024-09-20 12:46:12.663,427.9434946970486,7
2024-09-20 12:46:12.783,427.9326220217485,99
2024-09-20 12:46:12.887,427.9142388752944,104
2024-09-20 12:46:13.034,427.955923257147,995
2024-09-20 12:46:13.038,427.9521046049042,99
2024-09-20 12:46:13.039,428.03963372364734,99
2024-09-20 12:46:13.080,427.93880562634126,11
2024-09-20 12:46:13.083,427.9558773216919,998
2024-09-20 12:46:13.114,427.9915708845477,996
2024-09-20 12:46:13.118,427.9565047259843,10
2024-09-20 12:46:13.139,428.0108297364743,9
2024-09-20 12:46:13.159,427.9763846478146,10
2024-09-20 12:46:13.174,428.01980186928125,1001
2024-09-20 12:46:13.187,428.0029068679262,5
2024-09-20 12:46:13.231,428.0572838677137,7
2024-09-20 12:46:13.231,427.9742342595475,1002
2024-09-20 12:46:13.321,427.9986181394377,6
2024-09-20 12:46:13.348,428.0244674648538,1001
2024-09-20 12:46:13.517,428.00524727544,105
2024-09-20 12:46:13.605,427.9453330124061,996
2024-09-20 12:46:13.627,428.033232954201,999
2024-09-20 12:46:13.735,427.9937812441744,997
2024-09-20 12:46:13.764,428.0219213742953,1002
2024-09-20 12:46:13.764,428.0219153403186,13
2024-09-20 12:46:13.782,428.0289790810153,99
2024-09-20 12:46:13.816,427.95931667762176,7
2024-09-20 12:46:13.826,427.9869099984501,1001
2024-09-20 12:46:13.837,428.0267003615966,102
2024-09-20 12:46:13.853,428.0245679523709,6
2024-09-20 12:46:13.867,427.95324270589015,1004
2024-09-20 12:46:13.904,427.95308033798506,95
2024-09-20 12:46:14.065,427.989456532163,14
2024-09-20 12:46:14.116,427.9545602605936,100
2024-09-20 12:46:14.234,427.9547845972988,98
2024-09-20 12:46:14.340,428.0094164345446,7
2024-09-20 12:46:14.394,427.9876463040554,101
2024-09-20 12:46:14.534,427.94549160621614,105
2024-09-20 12:46:14.541,428.0162950956868,8
2024-09-20 12:46:14.569,428.0493308890895,6
2024-09-20 12:46:14.666,427.96650245863447,7
2024-09-20 12:46:14.698,427.9636956102111,1004
2024-09-20 12:46:14.724,427.9726944224301,1005
2024-09-20 12:46:14.749,427.9846709222601,98
2024-09-20 12:46:14.765,427.9461212077019,999
2024-09-20 12:46:14.768,427.9666201295671,1005
2024-09-20 12:46:14.775,427.9685169709942,996
2024-09-20 12:46:14.875,427.9544590928184,995
2024-09-20 12:46:15.088,428.0173870869402,101
2024-09-20 12:46:15.886,428.0164435686015,997
2024-09-20 12:46:15.958,428.03581160633337,105
2024-09-20 12:46:16.031,428.0235834013616,999
2024-09-20 12:46:16.246,428.01725229774365,15
2024-09-20 12:46:16.268,428.01913782699575,997
2024-09-20 12:46:16.334,428.057228192485,105
2024-09-20 12:46:16.377,428.0414585314131,102
2024-09-20 12:46:16.430,428.073093562922,98
2024-09-20 12:46:16.434,428.0452264192159,101
2024-09-20 12:46:16.520,428.03214263206274,96
2024-09-20 12:46:16.628,428.0069388517192,1002
2024-09-20 12:46:16.629,428.028023349564,103
2024-09-20 12:46:16.639,428.0435561285475,996
2024-09-20 12:46:16.699,428.0131281355424,1004
2024-09-20 12:46:16.769,428.00706079378375,9
2024-09-20 12:46:16.780,428.061698638213,11
2024-09-20 12:46:17.003,428.0920132814203,9
2024-09-20 12:46:17.006,428.08074300314576,7
2024-09-20 12:46:17.019,428.0835555318666,100
2024-09-20 12:46:17.085,428.0995601447715,103
2024-09-20 12:46:17.096,427.9914569935583,997
2024-09-20 12:46:17.188,428.01538948645936,99
2024-09-20 12:46:17.206,427.97887394666753,10
2024-09-20 12:46:17.260,427.9865095456822,997
2024-09-20 12:46:17.302,-42.79800802044494,6
2024-09-20 12:46:17.349,428.0814843059929,6
2024-09-20 12:46:17.380,427.98842504078215,1003
2024-09-20 12:46:17.415,428.0794392742173,998
2024-09-20 12:46:17.419,428.0790421480776,1000
2024-09-20 12:46:17.435,428.0044257841184,7
2024-09-20 12:46:17.531,428.05256698144586,99
2024-09-20 12:46:17.568,428.0176316401688,10
2024-09-20 12:46:17.593,428.0729782161595,95
2024-09-20 12:46:17.615,428.0740316625901,13
2024-09-20 12:46:17.638,428.02340024449177,98
2024-09-20 12:46:17.644,428.0246227960067,1005
2024-09-20 12:46:17.652,428.0975403135938,1003
2024-09-20 12:46:17.723,427.9801251283148,1004
2024-09-20 12:46:17.759,428.02874237759096,14
2024-09-20 12:46:17.832,427.99056687584033,104
2024-09-20 12:46:17.840,428.04309885621,6
2024-09-20 12:46:17.855,428.0750503920629,997
2024-09-20 12:46:17.973,428.08900638245234,10
2024-09-20 12:46:18.079,428.0320097522704,998
2024-09-20 12:46:18.125,42.802816738656816,98
2024-09-20 12:46:18.445,428.04157109844846,5
2024-09-20 12:46:18.492,428.0276382095039,998
2024-09-20 12:46:18.519,428.0376812737488,103
2024-09-20 12:46:18.939,428.02402626114855,102
2024-09-20 12:46:19.010,427.99310472986537,96
2024-09-20 12:46:19.033,427.9588794881153,15
2024-09-20 12:46:19.148,427.968910466772,1005
2024-09-20 12:46:19.251,427.9875636567586,95
2024-09-20 12:46:19.301,427.9759640078707,101
2024-09-20 12:46:19.341,427.9608264970754,5
2024-09-20 12:46:19.351,427.99763557827686,13
2024-09-20 12:46:19.380,427.9784938084305,10
2024-09-20 12:46:19.380,427.9826150297724,12
2024-09-20 12:46:19.609,427.99676548603065,96
2024-09-20 12:46:19.628,428.0045192754184,999
2024-09-20 12:46:19.877,428.01065603146657,999
2024-09-20 12:46:19.967,427.94967786547306,96
2024-09-20 12:46:20.006,427.957909472934,1001
2024-09-20 12:46:20.049,427.971209405222,98
2024-09-20 12:46:20.085,427.9821630301859,995
2024-09-20 12:46:20.195,428.0052778243616,105
2024-09-20 12:46:20.339,428.0319682213873,7
2024-09-20 12:46:20.349,427.9778970092731,998
2024-09-20 12:46:20.477,427.9529327470452,10
2024-09-20 12:46:20.495,427.9703986379721,997
2024-09-20 12:46:20.506,427.9504150485772,105
2024-09-20 12:46:20.524,428.0459813041063,1005
2024-09-20 12:46:20.534,428.0238712868892,9
2024-09-20 12:46:20.562,427.99837637135215,997
2024-09-20 12:46:20.642,428.00024964271137,9
2024-09-20 12:46:20.773,427.98603423323095,97
2024-09-20 12:46:20.803,428.001438250806,995
2024-09-20 12:46:20.806,428.0202333597964,98
2024-09-20 12:46:20.859,427.9372036785618,95
2024-09-20 12:46:20.942,-427.9701572683077,101
2024-09-20 12:46:20.957,427.98050914716464,100
2024-09-20 12:46:21.033,428.232639110644,105
2024-09-20 12:46:21.113,,95
2024-09-20 12:46:21.114,428.125670869795,105
2024-09-20 12:46:21.158,428.22314852723525,997
2024-09-20 12:46:21.196,428.05589582043103,13
2024-09-20 12:46:21.209,428.1110229120732,15
2024-09-20 12:46:21.221,428.0487666867701,998
2024-09-20 12:46:21.233,428.2289274208884,9
2024-09-20 12:46:21.248,428.1008170336602,98
2024-09-20 12:46:21.269,428.1788586670225,13
2024-09-20 12:46:21.336,428.0568231439453,95
2024-09-20 12:46:21.345,428.0485346173249,9
2024-09-20 12:46:21.471,428.1693350097152,1003
2024-09-20 12:46:21.510,428.1157964245282,998
2024-09-20 12:46:21.552,428.0613140361259,97
2024-09-20 12:46:21.594,428.05100637095006,103
2024-09-20 12:46:21.627,428.0488788737716,104
2024-09-20 12:46:21.633,428.1831280787633,104
2024-09-20 12:46:21.684,428.06418615599546,9
2024-09-20 12:46:21.700,428.1513481520672,11
2024-09-20 12:46:21.717,428.1109942491439,103
2024-09-20 12:46:21.718,428.113850306386,1005
2024-09-20 12:46:21.788,428.12139367406326,100
2024-09-20 12:46:21.802,428.0603866763356,7
2024-09-20 12:46:21.855,428.0323384705928,14
2024-09-20 12:46:21.874,428.0472584604245,1004
2024-09-20 12:46:21.963,428.128909866049,999
2024-09-20 12:46:22.042,428.1208337728652,5
2024-09-20 12:46:22.069,428.1236458728777,99
2024-09-20 12:46:22.076,428.216669025337,1003
2024-09-20 12:46:22.149,428.1688984819105,98
2024-09-20 12:46:22.188,428.2044654716733,99
2024-09-20 12:46:22.271,428.1472373888084,100
2024-09-20 12:46:22.293,428.1899205617269,105
2024-09-20 12:46:22.320,428.14574770472257,103
2024-09-20 12:46:22.321,428.20470629432833,8
2024-09-20 12:46:22.405,428.1059074566216,995
2024-09-20 12:46:22.421,428.12711462163736,5
2024-09-20 12:46:22.425,428.1336252091448,104
2024-09-20 12:46:22.490,428.1084745182944,1004
2024-09-20 12:46:22.490,428.132490382462,8
2024-09-20 12:46:22.543,-428.0971258586219,15
2024-09-20 12:46:22.569,428.1398528733092,1005
2024-09-20 12:46:22.671,428.13797941831245,99
2024-09-20 12:46:22.678,428.10409522037287,997
2024-09-20 12:46:22.716,428.2312099560096,5
2024-09-20 12:46:22.718,428.0949910172726,102
2024-09-20 12:46:22.783,428.15844885397325,8
2024-09-20 12:46:22.791,428.1151537212791,10
2024-09-20 12:46:22.815,428.1152041483879,10
2024-09-20 12:46:22.865,428.2166485105863,105
2024-09-20 12:46:22.911,428.1225742386126,11
2024-09-20 12:46:22.920,428.1086123028831,1004
2024-09-20 12:46:22.926,428.21438546451793,8
2024-09-20 12:46:22.990,428.0953268468501,97
2024-09-20 12:46:22.991,428.1896652439469,99
2024-09-20 12:46:23.034,428.052788230149,101
2024-09-20 12:46:23.102,428.067428854645,13
2024-09-20 12:46:23.173,428.049199940336,1001
2024-09-20 12:46:23.187,428.0845580511583,12
2024-09-20 12:46:23.202,42.81124318532803,1005
2024-09-20 12:46:23.243,428.0807872284808,997
2024-09-20 12:46:23.368,428.06601593133206,12
2024-09-20 12:46:23.409,428.1040513624058,13
2024-09-20 12:46:23.416,428.1187553995198,14
2024-09-20 12:46:23.438,428.1327035724122,14
2024-09-20 12:46:23.477,428.0658492199522,11
2024-09-20 12:46:23.806,428.0737755511026,10
2024-09-20 12:46:23.824,428.070923115881,100
2024-09-20 12:46:23.854,428.0619732521713,95
2024-09-20 12:46:23.856,428.07024042249657,95
2024-09-20 12:46:23.870,428.040716275938,7
2024-09-20 12:46:23.932,428.074035296628,8
2024-09-20 12:46:24.006,428.1196275753858,101
2024-09-20 12:46:24.052,428.072506848094,101
2024-09-20 12:46:24.083,428.1019753469215,103
2024-09-20 12:46:24.143,428.1411930036632,995
2024-09-20 12:46:24.185,428.1189493220754,103
2024-09-20 12:46:24.185,428.1095491745788,105
2024-09-20 12:46:24.201,428.1027845442035,97
2024-09-20 12:46:24.315,428.1324223283328,100
2024-09-20 12:46:24.341,428.12887279889134,103
2024-09-20 12:46:24.388,428.1028912927315,11
2024-09-20 12:46:24.431,428.12374244799935,104
2024-09-20 12:46:24.445,428.1292884103371,998
2024-09-20 12:46:24.493,428.1199535870379,5
2024-09-20 12:46:24.519,428.1362404880613,97
2024-09-20 12:46:24.550,428.1249904827926,97
2024-09-20 12:46:24.553,428.1195187354448,8
2024-09-20 12:46:24.572,428.1389599556746,1005
2024-09-20 12:46:24.617,428.1129372931742,999
2024-09-20 12:46:24.633,428.1267171718001,1005
2024-09-20 12:46:24.633,428.1364604466872,12
2024-09-20 12:46:24.734,428.1260521882234,10
2024-09-20 12:46:24.762,428.1177389675437,5
2024-09-20 12:46:24.767,428.1155079041672,5
2024-09-20 12:46:24.772,428.1243032048557,997
2024-09-20 12:46:24.807,428.12937224186265,101
2024-09-20 12:46:24.836,428.1164967599344,10
2024-09-20 12:46:24.857,428.1163157041298,998
2024-09-20 12:46:24.884,428.1305389758544,1005
2024-09-20 12:46:24.939,428.1111823567021,12
2024-09-20 12:46:24.995,428.1092722501997,103
2024-09-20 12:46:25.001,428.09428789666765,15
2024-09-20 12:46:25.004,428.11901008324895,100
2024-09-20 12:46:25.052,428.1048950275664,10
2024-09-20 12:46:25.135,428.137801060952,1004
2024-09-20 12:46:25.149,428.1102729431152,1001
2024-09-20 12:46:25.229,428.1064225025503,103
2024-09-20 12:46:25.242,428.1398551779067,100
2024-09-20 12:46:25.303,428.11157945771055,1000
2024-09-20 12:46:25.309,-428.130755979001,998
2024-09-20 12:46:25.323,428.1000198907508,11
2024-09-20 12:46:25.364,428.0993396868753,9
2024-09-20 12:46:25.374,428.1440196903471,7
2024-09-20 12:46:25.376,428.13360648294304,105
2024-09-20 12:46:25.409,428.1072231651433,1002
2024-09-20 12:46:25.495,428.1387397913764,1002
2024-09-20 12:46:25.565,428.1023279199744,100
2024-09-20 12:46:25.599,428.1507854663276,10
2024-09-20 12:46:25.605,428.1166713346801,10
2024-09-20 12:46:25.624,428.1226984218313,6
2024-09-20 12:46:25.653,428.1254822372711,998
2024-09-20 12:46:25.675,428.1066147769933,101
2024-09-20 12:46:25.723,428.1008410753685,1002
2024-09-20 12:46:25.744,428.1077507734957,12
2024-09-20 12:46:25.788,428.14815709695085,103
2024-09-20 12:46:25.789,428.1224658435471,10
2024-09-20 12:46:25.804,428.1291791405727,996
2024-09-20 12:46:25.887,428.0909738303468,100
2024-09-20 12:46:25.920,428.0917356731271,1003
2024-09-20 12:46:26.021,428.1903482907819,8
2024-09-20 12:46:26.024,428.19012856836576,999
2024-09-20 12:46:26.049,428.18514881992513,1000
2024-09-20 12:46:26.106,428.1955286293989,1001
2024-09-20 12:46:26.116,428.1881736582102,101
2024-09-20 12:46:26.195,428.1823956673527,103
2024-09-20 12:46:26.269,428.23035258498055,102
2024-09-20 12:46:26.343,428.23237385897,6
2024-09-20 12:46:26.347,428.2096530700039,7
2024-09-20 12:46:26.361,428.1525288961872,11
2024-09-20 12:46:26.399,428.1685730835948,1004
2024-09-20 12:46:26.486,428.18841948287337,98
2024-09-20 12:46:26.533,428.22699258647725,1002
2024-09-20 12:46:26.566,428.17823686735727,99
2024-09-20 12:46:26.587,428.16827358027393,102
2024-09-20 12:46:26.605,428.1378801708551,8
2024-09-20 12:46:26.615,428.2410078333357,1003
2024-09-20 12:46:26.628,428.1199227821815,100
2024-09-20 12:46:26.639,428.1833255417912,5
2024-09-20 12:46:26.790,428.1768574679856,6
2024-09-20 12:46:26.796,428.1813106319715,101
2024-09-20 12:46:26.864,-428.1916655882664,996
2024-09-20 12:46:26.903,428.1662291208757,1004
2024-09-20 12:46:26.948,428.1593828904384,11
2024-09-20 12:46:27.062,428.2831166210623,5
2024-09-20 12:46:27.155,428.3016196537818,13
2024-09-20 12:46:27.206,428.2759606232144,995
2024-09-20 12:46:27.221,428.2877875443218,998
2024-09-20 12:46:27.293,,97
2024-09-20 12:46:27.408,428.3083914683546,14
2024-09-20 12:46:27.425,428.2780740516876,996
2024-09-20 12:46:27.480,428.305999352871,101
2024-09-20 12:46:27.570,428.2812669951327,998
2024-09-20 12:46:27.614,428.2531658543006,999
2024-09-20 12:46:27.642,428.2643783573585,99
2024-09-20 12:46:27.647,428.2626732224962,12
2024-09-20 12:46:27.670,428.251220388355,997
2024-09-20 12:46:27.676,428.26297424331045,14
2024-09-20 12:46:27.682,428.301621349279,995
2024-09-20 12:46:27.686,428.2973379746231,6
2024-09-20 12:46:27.704,428.2752602316734,5
2024-09-20 12:46:27.738,428.2871418353685,105
2024-09-20 12:46:27.766,428.2779274987368,15
2024-09-20 12:46:27.911,428.2784456771032,13
2024-09-20 12:46:27.935,428.2942974778242,11
2024-09-20 12:46:28.029,428.2486874252059,8
2024-09-20 12:46:28.055,428.2525749763785,98
2024-09-20 12:46:28.197,428.2755493183489,95
2024-09-20 12:46:28.228,428.22812931282016,1002
2024-09-20 12:46:28.258,428.30492889242055,96
2024-09-20 12:46:28.299,428.25421780836587,1005
2024-09-20 12:46:28.413,428.230818190393,1003
2024-09-20 12:46:28.453,428.2515829360105,101
2024-09-20 12:46:28.502,428.2092835154159,99
2024-09-20 12:46:28.528,428.2616691061815,95
2024-09-20 12:46:28.688,428.2471877155546,97
2024-09-20 12:46:28.699,428.20366938627626,99
2024-09-20 12:46:28.715,428.2094900898155,995
2024-09-20 12:46:28.780,428.2496448709522,6
2024-09-20 12:46:28.784,428.2781737696238,97
2024-09-20 12:46:28.787,428.2446456135752,1001
2024-09-20 12:46:28.856,428.2351271381748,995
2024-09-20 12:46:28.902,428.2743654956366,1002
2024-09-20 12:46:28.907,428.24515697121296,98
2024-09-20 12:46:28.926,428.276183655273,97
2024-09-20 12:46:28.954,428.2608872545029,96
2024-09-20 12:46:28.964,428.2867698408104,1001
2024-09-20 12:46:28.974,428.21514703728,1002
2024-09-20 12:46:28.984,428.289157227614,11
2024-09-20 12:46:29.104,428.23087944717474,996
2024-09-20 12:46:29.201,428.24688772994944,1005
2024-09-20 12:46:29.206,428.2188229425984,5
2024-09-20 12:46:29.244,428.1795022023965,105
2024-09-20 12:46:29.295,428.2618387786082,13
2024-09-20 12:46:29.383,428.2043750523115,9
2024-09-20 12:46:29.384,428.1926143505828,98
2024-09-20 12:46:29.463,428.1943150433386,996
2024-09-20 12:46:29.523,428.22151625811415,996
2024-09-20 12:46:29.547,428.2425229016841,96
2024-09-20 12:46:29.573,-428.2283160290416,98
2024-09-20 12:46:29.637,42.81942475636069,15
2024-09-20 12:46:29.684,428.24835883838847,105
2024-09-20 12:46:29.690,428.1707808945291,1004
2024-09-20 12:46:29.713,428.1766570684209,8
2024-09-20 12:46:29.718,428.282327807054,11
2024-09-20 12:46:29.722,428.19692658436287,1000
2024-09-20 12:46:29.805,428.2026636395318,104
2024-09-20 12:46:29.874,428.2115779181012,995
2024-09-20 12:46:29.876,428.1877873952643,95
2024-09-20 12:46:29.909,428.2376793585028,105
2024-09-20 12:46:29.942,428.1865854780349,1001
2024-09-20 12:46:29.997,428.22721800764987,999
2024-09-20 12:46:30.006,428.2597428250341,11
2024-09-20 12:46:30.127,428.2833023591323,6
2024-09-20 12:46:30.133,428.2652664500416,14
2024-09-20 12:46:30.169,428.2524862410168,1001
2024-09-20 12:46:30.213,428.232517002294,996
2024-09-20 12:46:30.233,428.2696593362133,999
2024-09-20 12:46:30.266,428.2260293720456,997
2024-09-20 12:46:30.278,428.2261237439244,997
2024-09-20 12:46:30.294,428.27046558938406,10
2024-09-20 12:46:30.308,428.28248238319264,1000
2024-09-20 12:46:30.319,42.82682704248754,8
2024-09-20 12:46:30.331,428.2852554313455,5
2024-09-20 12:46:30.339,428.2831660891816,12
2024-09-20 12:46:30.377,428.28916379228207,102
2024-09-20 12:46:30.422,428.2751100131173,97
2024-09-20 12:46:30.441,428.2546453079738,15
2024-09-20 12:46:30.535,428.26739711266606,104
2024-09-20 12:46:30.566,428.2757776001733,1004
2024-09-20 12:46:30.578,428.2826833708895,103
2024-09-20 12:46:30.585,428.20620488430586,9
2024-09-20 12:46:30.651,428.24477314357296,13
2024-09-20 12:46:30.673,428.2948442957613,13
2024-09-20 12:46:30.752,428.2835077175008,101
2024-09-20 12:46:30.812,428.2566174807979,997
2024-09-20 12:46:30.856,428.2730665028816,1002
2024-09-20 12:46:30.857,428.2979341545864,98
2024-09-20 12:46:30.872,428.282364628873,995
2024-09-20 12:46:30.945,428.26980070963936,95
2024-09-20 12:46:30.956,428.2142454226525,1005
2024-09-20 12:46:30.962,428.2151906898093,1004
2024-09-20 12:46:31.152,428.27183101981086,10
2024-09-20 12:46:31.194,428.28717800386073,1003
2024-09-20 12:46:31.302,428.28570548309415,1002
2024-09-20 12:46:31.346,428.2452812315779,6
2024-09-20 12:46:31.348,428.2863051864258,6
2024-09-20 12:46:31.530,428.26028153127214,102
2024-09-20 12:46:31.637,428.2928770391046,10
2024-09-20 12:46:31.643,428.2627179485853,997
2024-09-20 12:46:31.662,428.2860266449253,104
2024-09-20 12:46:31.699,428.2701455558937,999
2024-09-20 12:46:31.758,428.2690843734288,1004
2024-09-20 12:46:31.885,428.2745391335207,9
2024-09-20 12:46:31.913,428.2683814880232,97
2024-09-20 12:46:31.944,428.3029296310991,995
2024-09-20 12:46:31.976,428.2650929795927,102
2024-09-20 12:46:31.982,428.2710723545756,97
2024-09-20 12:46:32.040,428.30024077623466,97
2024-09-20 12:46:32.043,428.2863792256846,98
2024-09-20 12:46:32.131,428.31580567806986,1002
2024-09-20 12:46:32.157,428.3309558371981,15
2024-09-20 12:46:32.187,428.3608925574598,15
2024-09-20 12:46:32.234,428.3482081562747,1004
2024-09-20 12:46:32.537,428.3262833488205,97
2024-09-20 12:46:32.560,428.3362229916172,105
2024-09-20 12:46:32.567,428.2683554797669,99
2024-09-20 12:46:32.657,428.3485761767189,102
2024-09-20 12:46:32.730,428.2794347105779,1001
2024-09-20 12:46:32.751,428.3214555654622,99
2024-09-20 12:46:32.826,428.3561635314231,101
2024-09-20 12:46:32.827,428.3379229617543,998
2024-09-20 12:46:32.862,428.3282901962408,1003
2024-09-20 12:46:32.874,428.3222726701186,995
2024-09-20 12:46:32.989,428.32739143909095,99
2024-09-20 12:46:33.592,428.33965248902,10
2024-09-20 12:46:34.022,428.3892748490986,105
2024-09-20 12:46:34.027,428.3885878842158,1003
2024-09-20 12:46:34.033,428.3411636789037,98
2024-09-20 12:46:34.123,428.3439023084454,105
2024-09-20 12:46:34.207,428.39596711010256,102
2024-09-20 12:46:34.238,428.3772048025653,15
2024-09-20 12:46:34.299,428.3978124474529,100
2024-09-20 12:46:34.301,428.3768079403436,97
2024-09-20 12:46:34.302,428.3890131406292,101
2024-09-20 12:46:34.314,428.3446322253085,5
2024-09-20 12:46:34.336,428.4035936965493,996
2024-09-20 12:46:34.359,428.386183071996,96
2024-09-20 12:46:34.431,428.3987616628637,100
2024-09-20 12:46:34.449,428.38676353931504,999
2024-09-20 12:46:34.515,428.3972949999068,12
2024-09-20 12:46:34.624,428.3760773705489,99
2024-09-20 12:46:34.668,428.3956001055601,15
2024-09-20 12:46:34.696,428.3708446026876,999
2024-09-20 12:46:34.745,428.37150859412606,102
2024-09-20 12:46:34.788,428.3771803297976,996
2024-09-20 12:46:34.804,428.3787773264212,1001
2024-09-20 12:46:34.821,428.3872478514601,1004
2024-09-20 12:46:34.852,428.3930385725838,12
2024-09-20 12:46:34.874,428.3783510277571,1002
2024-09-20 12:46:34.945,428.3757347169636,996
2024-09-20 12:46:34.978,428.41325019250377,1004
2024-09-20 12:46:34.981,428.3791734941557,101
2024-09-20 12:46:34.993,428.3931763649821,95
2024-09-20 12:46:35.011,428.4466532684722,6
2024-09-20 12:46:35.043,428.3795824387354,11
2024-09-20 12:46:35.056,428.42545187709686,6
2024-09-20 12:46:35.091,428.4018887629671,97
2024-09-20 12:46:35.158,428.3998932733017,13
2024-09-20 12:46:35.185,428.4232816673151,95
2024-09-20 12:46:35.210,428.3910137819033,7
2024-09-20 12:46:35.348,428.4234180471991,9
2024-09-20 12:46:35.558,428.4289907955823,1003
2024-09-20 12:46:35.565,428.3909630119994,1003
2024-09-20 12:46:35.568,428.4007115061544,1001
2024-09-20 12:46:35.620,428.4162411087823,999
2024-09-20 12:46:35.768,428.40362911686975,997
2024-09-20 12:46:35.849,428.4158715442262,998
2024-09-20 12:46:35.882,428.4296044458993,96
2024-09-20 12:46:35.907,428.41541881055934,9
2024-09-20 12:46:35.915,428.3839207963279,9
2024-09-20 12:46:36.067,428.4566047175088,6
2024-09-20 12:46:36.140,428.4022973321004,8
2024-09-20 12:46:36.197,428.44101997443545,997
2024-09-20 12:46:36.206,428.3814908197792,15
2024-09-20 12:46:36.270,428.4133206648348,12
2024-09-20 12:46:36.314,428.4404395709304,1000
2024-09-20 12:46:36.338,428.39601451913535,10
2024-09-20 12:46:36.458,428.425089216519,99
2024-09-20 12:46:36.597,428.44579285735455,97
2024-09-20 12:46:36.598,428.461509270956,97
2024-09-20 12:46:36.864,428.4005324633623,1002
2024-09-20 12:46:36.875,428.4382055278575,1000
2024-09-20 12:46:36.955,428.4435475671613,1002
2024-09-20 12:46:37.183,428.4553475701607,14
2024-09-20 12:46:37.436,42.84424468811728,102
2024-09-20 12:46:37.703,428.4487528737779,11
2024-09-20 12:46:38.007,428.47006731132007,1000
2024-09-20 12:46:38.038,428.4630300179279,1001
2024-09-20 12:46:38.427,428.4824272322984,5
2024-09-20 12:46:38.604,428.4684262388529,998
2024-09-20 12:46:38.980,428.46901316654856,14
2024-09-20 12:46:38.989,428.4577637868157,97
2024-09-20 12:46:39.283,428.4697234408602,96
2024-09-20 12:46:39.303,428.49191370902025,5
2024-09-20 12:46:39.473,428.4749015117288,1001
2024-09-20 12:46:39.507,428.475564038783,10
2024-09-20 12:46:39.647,428.4836813477536,8
2024-09-20 12:46:41.124,428.4659706184355,995
2024-09-20 12:46:41.178,428.4591980305006,96
2024-09-20 12:46:41.547,428.4568081509868,99
2024-09-20 12:46:41.664,428.46156712201497,6
2024-09-20 12:46:41.776,428.4866019771575,1001
2024-09-20 12:46:41.886,428.4603911671711,1002
2024-09-20 12:46:41.993,428.4591753698247,5
2024-09-20 12:46:42.024,428.4256289421573,1005
2024-09-20 12:46:42.025,428.4492746184733,1004
2024-09-20 12:46:42.107,428.44036652006014,97
2024-09-20 12:46:42.133,428.4228909009341,100
2024-09-20 12:46:42.135,428.4388571461464,11
2024-09-20 12:46:42.177,428.416319332742,7
2024-09-20 12:46:42.248,428.4394280445383,995
2024-09-20 12:46:42.377,428.4132563940271,1005
2024-09-20 12:46:42.476,428.3962381994352,101
2024-09-20 12:46:42.526,428.3884183535045,998
2024-09-20 12:46:42.579,428.394918205973,105
2024-09-20 12:46:42.662,428.4055052417695,1000
2024-09-20 12:46:42.707,428.4140648021002,1004
2024-09-20 12:46:42.768,428.39666897909154,1005
2024-09-20 12:46:42.827,428.42058732858806,99
2024-09-20 12:46:42.873,428.4025986801388,10
2024-09-20 12:46:42.911,428.402016074972,13
2024-09-20 12:46:42.932,428.3950585885611,1003
2024-09-20 12:46:42.941,428.3676969599982,96
2024-09-20 12:46:43.005,428.3828963930438,102
2024-09-20 12:46:43.106,428.32832479095015,98
2024-09-20 12:46:43.125,428.3843631075793,97
2024-09-20 12:46:43.155,428.3289108973223,99
2024-09-20 12:46:43.234,428.35693888467256,97
2024-09-20 12:46:43.253,428.31622901464095,10
2024-09-20 12:46:43.260,428.3266116883296,14
2024-09-20 12:46:43.317,428.31773333080014,1004
2024-09-20 12:46:43.322,428.3727042389039,1000
2024-09-20 12:46:43.376,428.3930593548478,5
2024-09-20 12:46:43.463,428.32914394615614,100
2024-09-20 12:46:43.518,428.3392821543723,96
2024-09-20 12:46:43.547,428.309020079341,13
2024-09-20 12:46:43.715,428.3221780995037,6
2024-09-20 12:46:43.735,428.3841318248353,100
2024-09-20 12:46:43.749,428.3601572617934,11
2024-09-20 12:46:43.759,428.3103918631868,995
2024-09-20 12:46:43.817,428.3140830867295,1001
2024-09-20 12:46:43.872,428.3253810267995,101
2024-09-20 12:46:43.891,428.32128857962056,1001
2024-09-20 12:46:43.935,428.3201398430933,105
2024-09-20 12:46:43.964,428.3633079024751,98
2024-09-20 12:46:44.031,428.3965544231989,998
2024-09-20 12:46:44.094,428.3925233841521,105
2024-09-20 12:46:44.323,428.3793001250616,100
2024-09-20 12:46:44.335,428.39200444856033,5
2024-09-20 12:46:44.382,428.3680801794788,10
2024-09-20 12:46:44.516,428.39416780415735,1002
2024-09-20 12:46:44.609,428.3783086869639,13
2024-09-20 12:46:44.980,428.37813690612927,11
2024-09-20 12:46:44.985,,1003
2024-09-20 12:46:45.457,428.3252165377618,997
2024-09-20 12:46:45.511,428.3728751903109,13
2024-09-20 12:46:45.531,428.31996496934,102
2024-09-20 12:46:45.628,428.329155952477,105
2024-09-20 12:46:45.632,428.3520026135169,95
2024-09-20 12:46:45.801,428.3053667036757,9
2024-09-20 12:46:45.832,428.379304051013,996
2024-09-20 12:46:45.962,428.3791964112303,999
2024-09-20 12:46:46.088,428.3358068084382,101
2024-09-20 12:46:46.094,428.3314186085008,999
2024-09-20 12:46:46.118,42.83115309706071,99
2024-09-20 12:46:46.158,428.3271894610783,999
2024-09-20 12:46:46.240,428.3134045361781,14
2024-09-20 12:46:46.621,428.3030680641342,998
2024-09-20 12:46:47.091,428.3263888657815,98
2024-09-20 12:46:47.965,428.3427916105404,97
2024-09-20 12:46:48.043,428.3914612668387,997
2024-09-20 12:46:48.081,428.3450121719784,11
2024-09-20 12:46:48.215,428.34070491797365,999
2024-09-20 12:46:48.305,428.3616731985372,95
2024-09-20 12:46:48.332,428.3487766023263,1003
2024-09-20 12:46:48.360,428.33856909346287,1001
2024-09-20 12:46:48.605,428.3653370001359,13
2024-09-20 12:46:48.635,428.37558353464414,1000
2024-09-20 12:46:48.757,428.3466442852971,999
2024-09-20 12:46:48.867,428.33222267735096,104
2024-09-20 12:46:48.936,428.394329118071,1000
2024-09-20 12:46:49.646,428.3264195780087,7
2024-09-20 12:46:49.784,428.3229879407394,14
2024-09-20 12:46:50.037,428.34457640263366,96
2024-09-20 12:46:50.063,428.3530681460347,100
2024-09-20 12:46:50.592,428.3474250347269,1003
2024-09-20 12:46:50.978,428.33027215061065,13
2024-09-20 12:46:51.024,428.363201995366,101
2024-09-20 12:46:51.101,428.3423584431636,13
2024-09-20 12:46:51.426,428.34397803429465,1004
2024-09-20 12:46:51.440,428.3747246734559,995
2024-09-20 12:46:51.595,428.3611707044375,1000
2024-09-20 12:46:51.689,428.3744042000148,14
2024-09-20 12:46:52.045,428.3825764499034,104
2024-09-20 12:46:52.115,428.3490605901819,997
2024-09-20 12:46:52.129,428.3422635690638,12
2024-09-20 12:46:52.174,428.3575789303925,998
2024-09-20 12:46:52.175,428.3579094350597,105
2024-09-20 12:46:52.200,428.3863638558413,10
2024-09-20 12:46:52.205,428.3550426393469,6
2024-09-20 12:46:52.206,428.3476998949748,97
2024-09-20 12:46:52.219,428.3450131752884,14
2024-09-20 12:46:52.224,428.3517649999317,1004
2024-09-20 12:46:52.277,428.3653982669924,996
2024-09-20 12:46:52.294,428.3813925276151,1005
2024-09-20 12:46:52.450,428.39524330783314,1003
2024-09-20 12:46:52.455,428.3870929530586,997
2024-09-20 12:46:52.455,428.3393455912801,999
2024-09-20 12:46:52.485,428.3461824917108,11
2024-09-20 12:46:52.507,428.3594857793211,104
2024-09-20 12:46:52.509,428.35769569108254,996
2024-09-20 12:46:52.540,428.3873388999165,999
2024-09-20 12:46:52.549,428.345204669493,14
2024-09-20 12:46:52.560,428.379981675106,999
2024-09-20 12:46:52.567,428.3547294140837,1000
2024-09-20 12:46:52.647,428.35674035605416,97
2024-09-20 12:46:52.667,428.3364943283404,1001
2024-09-20 12:46:52.775,428.3872731956847,999
2024-09-20 12:46:52.811,428.3591380498857,12
2024-09-20 12:46:52.832,428.3484418025489,15
2024-09-20 12:46:52.873,428.3520879033009,1003
2024-09-20 12:46:53.074,428.3438044199141,101
2024-09-20 12:46:53.090,428.34106827467735,1002
2024-09-20 12:46:53.121,428.3514446163112,1000
2024-09-20 12:46:53.175,428.3544348578983,13
2024-09-20 12:46:53.264,428.3350665292791,104
2024-09-20 12:46:53.304,428.3450979127225,996
2024-09-20 12:46:53.331,428.35882564224,6
2024-09-20 12:46:53.580,428.3475236818793,99
2024-09-20 12:46:53.701,428.352977022766,995
2024-09-20 12:46:53.757,428.352542938365,105
2024-09-20 12:46:53.894,428.34943474981264,103
2024-09-20 12:46:54.040,428.36578077604673,11
2024-09-20 12:46:54.048,428.3308761197275,97
2024-09-20 12:46:54.110,428.3407689051411,996
2024-09-20 12:46:54.146,428.3245446734045,15
2024-09-20 12:46:54.164,428.3704369649432,999
2024-09-20 12:46:54.172,428.30641104737424,6
2024-09-20 12:46:54.223,428.3306530385325,97
2024-09-20 12:46:54.249,428.33397814388405,12
2024-09-20 12:46:54.300,428.3516399031849,13
2024-09-20 12:46:54.350,428.3269920278038,995
2024-09-20 12:46:54.430,428.32233127555446,998
2024-09-20 12:46:54.448,428.3625756313311,11
2024-09-20 12:46:54.476,428.3278565008687,1003
2024-09-20 12:46:54.526,428.3774704853104,12
2024-09-20 12:46:54.543,428.34004186948766,9
2024-09-20 12:46:54.569,428.3039163868523,8
2024-09-20 12:46:54.583,428.32916672729806,997
2024-09-20 12:46:54.598,428.35864389811707,101
2024-09-20 12:46:54.773,428.3456096695508,98
2024-09-20 12:46:54.790,428.3581141212146,104
2024-09-20 12:46:54.834,428.3537920140852,8
2024-09-20 12:46:54.934,428.31827020741287,997
2024-09-20 12:46:55.026,428.2718835452964,105
2024-09-20 12:46:55.046,428.2849453970717,104
2024-09-20 12:46:55.058,428.2705501671794,10
2024-09-20 12:46:55.098,428.27329542017605,98
2024-09-20 12:46:55.148,428.3256339536601,7
2024-09-20 12:46:55.164,428.2701154417915,999
2024-09-20 12:46:55.264,428.2914180760437,9
2024-09-20 12:46:55.345,428.2510651738667,6
2024-09-20 12:46:55.395,428.2464324464975,5
2024-09-20 12:46:55.414,428.32505663210367,6
2024-09-20 12:46:55.486,428.29390556045854,996
2024-09-20 12:46:55.561,428.3193178664861,7
2024-09-20 12:46:55.585,428.3016453759056,6
2024-09-20 12:46:55.597,428.3083988046076,13
2024-09-20 12:46:55.606,428.31690278994665,5
2024-09-20 12:46:55.653,428.28836294251386,5
2024-09-20 12:46:55.693,428.3080227966186,98
2024-09-20 12:46:55.770,428.3358940551074,105
2024-09-20 12:46:55.812,428.3040313608672,9
2024-09-20 12:46:55.816,428.271495835888,6
2024-09-20 12:46:55.861,428.325474527218,15
2024-09-20 12:46:55.890,428.2570911410136,98
2024-09-20 12:46:55.939,428.2914259433816,11
2024-09-20 12:46:55.972,428.30453645987336,102
2024-09-20 12:46:56.033,428.35135773212266,12
2024-09-20 12:46:56.052,428.3590735257285,105
2024-09-20 12:46:56.053,428.35329279814914,104
2024-09-20 12:46:56.100,-428.3221852243085,14
2024-09-20 12:46:56.153,428.3239201787058,102
2024-09-20 12:46:56.157,428.3257226579652,10
2024-09-20 12:46:56.160,428.3154485078636,998
2024-09-20 12:46:56.192,428.3578220215528,95
2024-09-20 12:46:56.199,428.3677296209568,98
2024-09-20 12:46:56.208,428.3705259942285,1001
2024-09-20 12:46:56.232,428.3726209575378,14
2024-09-20 12:46:56.273,428.3318664748616,1000
2024-09-20 12:46:56.275,428.3316560239613,9
2024-09-20 12:46:56.282,428.3261490215137,98
2024-09-20 12:46:56.489,428.3480684592112,13
2024-09-20 12:46:56.500,428.3562540633361,95
2024-09-20 12:46:56.538,428.32994244448463,1001
2024-09-20 12:46:56.558,428.3162076209113,1004
2024-09-20 12:46:56.563,428.3516300569201,14
2024-09-20 12:46:56.564,428.3540036983033,95
2024-09-20 12:46:56.580,428.3811681757366,8
2024-09-20 12:46:56.585,428.3567143335388,998
2024-09-20 12:46:56.603,428.29867500394965,1005
2024-09-20 12:46:56.609,428.3455642045767,995
2024-09-20 12:46:56.759,428.3026779804148,12
2024-09-20 12:46:56.791,428.337367644144,101
2024-09-20 12:46:56.813,-428.3474694068697,998
2024-09-20 12:46:56.853,428.32647349245366,997
2024-09-20 12:46:56.888,428.38804296126375,105
2024-09-20 12:46:56.957,428.3200900343712,7
2024-09-20 12:46:57.053,428.4563844744148,97
2024-09-20 12:46:57.075,428.4127760001679,5
2024-09-20 12:46:57.109,428.4058074361111,103
2024-09-20 12:46:57.215,428.3783648277275,97
2024-09-20 12:46:57.223,428.3787182533346,97
2024-09-20 12:46:57.226,428.4563819232546,995
2024-09-20 12:46:57.233,428.45225248687217,99
2024-09-20 12:46:57.297,428.4213934832594,7
2024-09-20 12:46:57.301,428.3777796718014,6
2024-09-20 12:46:57.376,428.4363145000318,1005
2024-09-20 12:46:57.744,428.450393142006,1002
2024-09-20 12:46:57.785,428.37169562845673,8
2024-09-20 12:46:57.846,428.4287516483713,1003
2024-09-20 12:46:57.881,428.4389541443328,1001
2024-09-20 12:46:57.889,,8
2024-09-20 12:46:57.962,428.4371547184873,6
2024-09-20 12:46:58.056,428.44190496345976,104
2024-09-20 12:46:58.173,428.4675581888831,996
2024-09-20 12:46:58.210,428.47457510956485,1004
2024-09-20 12:46:58.242,428.4766381028857,1003
2024-09-20 12:46:58.364,428.46466078839967,102
2024-09-20 12:46:58.539,428.4695774520966,102
2024-09-20 12:46:58.580,428.4292164389508,1000
2024-09-20 12:46:58.683,428.4712091562434,100
2024-09-20 12:46:58.732,428.4566782787152,1000
2024-09-20 12:46:58.788,42.84714383405338,1004
2024-09-20 12:46:58.927,428.4876855276137,995
2024-09-20 12:46:59.350,428.464995710725,1000
2024-09-20 12:46:59.622,428.46255225159416,1002
