Timestamp,Price,Size
2024-09-19 14:23:00.010,418.9997293531024,9
2024-09-19 14:23:00.028,419.025849363026,104
2024-09-19 14:23:00.035,418.982788863158,96
2024-09-19 14:23:00.044,419.0298076525257,995
2024-09-19 14:23:00.066,419.0218930234726,99
2024-09-19 14:23:00.066,418.9782616680424,100
2024-09-19 14:23:00.072,419.0500416869328,1000
2024-09-19 14:23:00.169,418.97190785170574,9
2024-09-19 14:23:00.272,419.0188768094639,102
2024-09-19 14:23:00.281,418.9730663301193,1001
2024-09-19 14:23:00.304,419.0345619439616,14
2024-09-19 14:23:00.342,419.0419602739633,995
2024-09-19 14:23:00.358,418.9712621264489,1001
2024-09-19 14:23:00.367,419.02798123507296,98
2024-09-19 14:23:00.505,419.0319276736421,15
2024-09-19 14:23:00.540,419.0146208266815,99
2024-09-19 14:23:00.620,418.978885344959,99
2024-09-19 14:23:00.739,41.902623149641656,98
2024-09-19 14:23:00.763,418.9742853816772,14
2024-09-19 14:23:00.784,419.0376207474512,104
2024-09-19 14:23:00.791,419.0645211895626,5
2024-09-19 14:23:00.828,419.0455665563288,997
2024-09-19 14:23:00.848,419.01056540456494,14
2024-09-19 14:23:00.920,419.0428820056162,103
2024-09-19 14:23:00.921,418.9694524745531,12
2024-09-19 14:23:01.007,418.97978153466926,10
2024-09-19 14:23:01.029,418.989016029852,1005
2024-09-19 14:23:01.049,419.0257141908157,13
2024-09-19 14:23:01.070,419.0032699618244,101
2024-09-19 14:23:01.158,418.9977895313922,96
2024-09-19 14:23:01.165,418.9972967295097,103
2024-09-19 14:23:01.207,418.9858597329705,100
2024-09-19 14:23:01.311,419.0066680412945,997
2024-09-19 14:23:01.422,418.9839024950586,995
2024-09-19 14:23:01.426,419.0120998185428,101
2024-09-19 14:23:01.470,418.9671264880808,102
2024-09-19 14:23:01.655,418.9756866390625,103
2024-09-19 14:23:01.774,418.9807013903659,103
2024-09-19 14:23:01.846,418.9689606892478,9
2024-09-19 14:23:01.886,,96
2024-09-19 14:23:02.022,418.866587077594,9
2024-09-19 14:23:02.064,418.8805667902565,105
2024-09-19 14:23:02.093,418.8678177227501,14
2024-09-19 14:23:02.142,418.9139937979882,95
2024-09-19 14:23:02.307,418.8784958793465,14
2024-09-19 14:23:02.326,418.84909533192825,1004
2024-09-19 14:23:02.333,418.852318816859,5
2024-09-19 14:23:02.386,41.893433268248806,97
2024-09-19 14:23:02.398,418.9182791552477,11
2024-09-19 14:23:02.421,418.9301644984936,1003
2024-09-19 14:23:02.437,418.9343649213184,1000
2024-09-19 14:23:02.441,418.9428734905463,998
2024-09-19 14:23:02.444,418.85034819979694,7
2024-09-19 14:23:02.458,418.92138147069215,996
2024-09-19 14:23:02.462,418.9328805774524,11
2024-09-19 14:23:02.494,418.9371209675953,1005
2024-09-19 14:23:02.500,418.8827806577759,105
2024-09-19 14:23:02.536,418.9207968366943,105
2024-09-19 14:23:02.570,418.9817890614479,9
2024-09-19 14:23:02.714,418.8879074844683,1004
2024-09-19 14:23:02.810,418.99406528534576,10
2024-09-19 14:23:02.891,418.9486056677336,6
2024-09-19 14:23:02.994,418.9044085976804,104
2024-09-19 14:23:03.314,418.82987168966014,996
2024-09-19 14:23:03.475,418.8362519972054,11
2024-09-19 14:23:03.549,418.8335651906045,10
2024-09-19 14:23:03.627,418.8371889237767,997
2024-09-19 14:23:03.823,418.83427769661967,997
2024-09-19 14:23:04.135,418.7927050873408,10
2024-09-19 14:23:04.212,418.81642423632576,8
2024-09-19 14:23:04.402,418.82751502277466,995
2024-09-19 14:23:04.657,418.81410022953605,1002
2024-09-19 14:23:04.938,418.8287402547301,10
2024-09-19 14:23:05.046,418.8933104022783,5
2024-09-19 14:23:05.086,418.8766519054638,103
2024-09-19 14:23:05.120,418.8697554835005,996
2024-09-19 14:23:05.137,418.8558966360294,5
2024-09-19 14:23:05.198,418.896254875069,101
2024-09-19 14:23:05.251,418.9044692150504,96
2024-09-19 14:23:05.265,418.8444179249384,105
2024-09-19 14:23:05.438,418.8848890672397,95
2024-09-19 14:23:05.522,418.8827279970056,95
2024-09-19 14:23:05.532,418.8856979764965,7
2024-09-19 14:23:05.602,418.838102976021,96
2024-09-19 14:23:05.679,418.8934524463365,997
2024-09-19 14:23:05.682,418.89502260844034,14
2024-09-19 14:23:05.725,418.9027870197954,6
2024-09-19 14:23:05.796,418.9096900420722,15
2024-09-19 14:23:05.812,418.9044113478631,11
2024-09-19 14:23:05.838,418.8936958431962,103
2024-09-19 14:23:05.884,418.893262136944,995
2024-09-19 14:23:05.901,418.835950936338,9
2024-09-19 14:23:06.034,418.79494385214304,9
2024-09-19 14:23:06.130,418.81239628628674,104
2024-09-19 14:23:06.147,418.84713274730416,104
2024-09-19 14:23:06.181,418.83101365226486,1004
2024-09-19 14:23:06.199,418.82412763589656,10
2024-09-19 14:23:06.205,418.90397709516856,99
2024-09-19 14:23:06.246,418.8507874966365,996
2024-09-19 14:23:06.270,418.8343863521552,10
2024-09-19 14:23:06.306,418.8911634176365,11
2024-09-19 14:23:06.394,418.8073533933781,13
2024-09-19 14:23:06.452,418.812325314334,6
2024-09-19 14:23:06.474,418.8713208567213,14
2024-09-19 14:23:06.477,418.8827846885312,8
2024-09-19 14:23:06.491,418.8189919808759,13
2024-09-19 14:23:06.496,418.8304723981749,12
2024-09-19 14:23:06.496,418.8255325841125,98
2024-09-19 14:23:06.497,418.8890239855328,8
2024-09-19 14:23:06.544,418.8504671392407,98
2024-09-19 14:23:06.586,418.8356889863393,998
2024-09-19 14:23:06.731,418.824821686255,10
2024-09-19 14:23:06.766,418.834339323566,101
2024-09-19 14:23:06.779,418.8658190240744,105
2024-09-19 14:23:06.795,418.8872857424201,101
2024-09-19 14:23:06.811,418.8511356265872,1001
2024-09-19 14:23:06.838,418.8957480160021,99
2024-09-19 14:23:06.854,418.8414276588419,102
2024-09-19 14:23:06.864,418.8528203727728,5
2024-09-19 14:23:06.980,418.8251954416209,13
2024-09-19 14:23:07.004,418.8879932494622,9
2024-09-19 14:23:07.022,418.8692591642708,997
2024-09-19 14:23:07.048,418.85691811314456,96
2024-09-19 14:23:07.080,418.8537837537424,12
2024-09-19 14:23:07.121,418.8975012700208,998
2024-09-19 14:23:07.229,418.934055999158,1005
2024-09-19 14:23:07.303,41.89403104840627,998
2024-09-19 14:23:07.351,418.9201062634937,995
2024-09-19 14:23:07.361,418.87915948489695,8
2024-09-19 14:23:07.394,418.86074440048407,10
2024-09-19 14:23:07.473,418.9550044029335,6
2024-09-19 14:23:07.475,418.8643419906735,1000
2024-09-19 14:23:07.496,418.9323174669767,11
2024-09-19 14:23:07.510,418.9194442054721,1001
2024-09-19 14:23:07.562,418.8855134289656,103
2024-09-19 14:23:07.575,418.8684121551381,996
2024-09-19 14:23:07.662,418.8759230622719,999
2024-09-19 14:23:07.669,418.8700874545024,8
2024-09-19 14:23:07.779,418.8672817007479,14
2024-09-19 14:23:07.831,418.92928841770873,8
2024-09-19 14:23:07.871,418.9400616231961,1003
2024-09-19 14:23:07.919,418.8800887023604,10
2024-09-19 14:23:07.938,418.8662088073516,997
2024-09-19 14:23:08.012,418.8649610056813,104
2024-09-19 14:23:08.045,418.93000116581777,13
2024-09-19 14:23:08.112,418.8788048220619,1004
2024-09-19 14:23:08.118,418.8847257654456,7
2024-09-19 14:23:08.170,418.8995593460064,9
2024-09-19 14:23:08.228,418.8676457077131,101
2024-09-19 14:23:08.348,418.8663392010428,99
2024-09-19 14:23:08.391,418.8805743863561,15
2024-09-19 14:23:08.470,418.95146111274255,997
2024-09-19 14:23:08.533,418.89990058099335,104
2024-09-19 14:23:08.616,418.897860959858,998
2024-09-19 14:23:08.648,418.87313908535685,1002
2024-09-19 14:23:08.665,418.95489701514873,1000
2024-09-19 14:23:08.673,418.9018562080192,997
2024-09-19 14:23:08.740,418.8978297210115,1004
2024-09-19 14:23:08.797,418.9146182253572,1001
2024-09-19 14:23:08.805,418.9290219387379,9
2024-09-19 14:23:08.815,418.88657850077874,1003
2024-09-19 14:23:08.899,418.91456770406137,14
2024-09-19 14:23:08.911,418.8764123788101,996
2024-09-19 14:23:08.932,418.892852259681,1005
2024-09-19 14:23:09.050,418.84281308703646,1000
2024-09-19 14:23:09.130,418.8510397745397,95
2024-09-19 14:23:09.135,418.8643157718454,6
2024-09-19 14:23:09.311,418.8570894195858,995
2024-09-19 14:23:09.370,418.8497157177901,103
2024-09-19 14:23:09.573,418.88246402060815,1001
2024-09-19 14:23:09.623,418.8735182689615,996
2024-09-19 14:23:09.739,418.88468216935047,105
2024-09-19 14:23:09.747,418.8594825848014,13
2024-09-19 14:23:09.933,418.8593923427912,7
2024-09-19 14:23:09.977,418.8534506873293,7
2024-09-19 14:23:10.050,418.9077895139418,1000
2024-09-19 14:23:10.130,418.8935190077694,1004
2024-09-19 14:23:10.240,418.888845793293,99
2024-09-19 14:23:10.302,418.8956876112085,99
2024-09-19 14:23:10.481,418.88859338884055,103
2024-09-19 14:23:10.568,418.8815182565718,97
2024-09-19 14:23:10.657,418.86943753406666,1002
2024-09-19 14:23:11.074,418.8228331545249,1002
2024-09-19 14:23:11.077,418.82829333384495,1002
2024-09-19 14:23:11.148,418.8661357694888,10
2024-09-19 14:23:11.193,418.8438587306487,99
2024-09-19 14:23:11.209,418.8733448210958,14
2024-09-19 14:23:11.210,418.8747234170104,998
2024-09-19 14:23:11.222,418.8324064039956,99
2024-09-19 14:23:11.279,418.8337025159266,102
2024-09-19 14:23:11.337,418.8656004994607,9
2024-09-19 14:23:11.448,418.87091935594367,5
2024-09-19 14:23:11.459,418.8607616037081,95
2024-09-19 14:23:11.509,418.82770038783406,1004
2024-09-19 14:23:11.808,418.8167684127967,97
2024-09-19 14:23:11.827,418.8423653941196,995
2024-09-19 14:23:11.897,418.8215448989913,997
2024-09-19 14:23:12.016,418.8127892660244,102
2024-09-19 14:23:12.077,418.7995057228273,5
2024-09-19 14:23:12.217,418.820566259544,1005
2024-09-19 14:23:12.281,418.8097373576269,11
2024-09-19 14:23:12.349,418.8179491486349,13
2024-09-19 14:23:12.518,418.7880601642548,12
2024-09-19 14:23:12.593,418.8097576809855,13
2024-09-19 14:23:12.654,418.8001305301873,6
2024-09-19 14:23:12.726,418.8040260310995,96
2024-09-19 14:23:13.025,418.833075520114,995
2024-09-19 14:23:13.067,418.8174117259919,101
2024-09-19 14:23:13.232,418.8273058248995,5
2024-09-19 14:23:13.512,418.8250931578736,15
2024-09-19 14:23:13.664,418.8071545893085,95
2024-09-19 14:23:13.945,418.814588509816,1001
2024-09-19 14:23:13.971,418.81726866517016,1005
2024-09-19 14:23:14.006,418.831215778899,97
2024-09-19 14:23:14.048,418.82600614206,998
2024-09-19 14:23:14.050,418.8260577987741,102
2024-09-19 14:23:14.051,418.8247701863229,96
2024-09-19 14:23:14.055,,995
2024-09-19 14:23:14.097,418.88349476678206,96
2024-09-19 14:23:14.134,418.8205544301157,9
2024-09-19 14:23:14.140,418.8740670692093,96
2024-09-19 14:23:14.226,418.816192276243,97
2024-09-19 14:23:14.317,418.8191544050412,102
2024-09-19 14:23:14.344,418.8610237350748,8
2024-09-19 14:23:14.383,418.8851774536498,1000
2024-09-19 14:23:14.460,418.87246229677896,97
2024-09-19 14:23:14.529,,6
2024-09-19 14:23:14.591,418.8835894595806,1000
2024-09-19 14:23:14.596,418.86223504879126,995
2024-09-19 14:23:14.638,418.8946360738519,97
2024-09-19 14:23:14.653,418.8322713056704,1001
2024-09-19 14:23:14.675,418.8693048319166,96
2024-09-19 14:23:14.683,418.8320258249599,9
2024-09-19 14:23:14.716,418.8496833935092,105
2024-09-19 14:23:14.732,-418.8692085948935,7
2024-09-19 14:23:14.779,418.8256503374984,96
2024-09-19 14:23:15.036,418.848061366828,15
2024-09-19 14:23:15.088,418.847871960155,103
2024-09-19 14:23:15.118,418.8320771566372,96
2024-09-19 14:23:15.132,418.8440322181928,97
2024-09-19 14:23:15.176,418.8423685416132,998
2024-09-19 14:23:15.222,418.8595594734351,95
2024-09-19 14:23:15.234,418.8407847398118,996
2024-09-19 14:23:15.290,418.861155695686,14
2024-09-19 14:23:15.301,418.8473028031543,97
2024-09-19 14:23:15.302,418.8656596013381,98
2024-09-19 14:23:15.422,418.866353522932,1005
2024-09-19 14:23:15.448,418.8634561504161,1003
2024-09-19 14:23:15.463,418.8593608105148,13
2024-09-19 14:23:15.513,418.8691265858215,13
2024-09-19 14:23:15.552,418.8522658279112,7
2024-09-19 14:23:15.610,418.8547828460272,100
2024-09-19 14:23:15.629,418.8480806728851,100
2024-09-19 14:23:15.635,418.85524715881854,11
2024-09-19 14:23:15.655,418.8523882205408,15
2024-09-19 14:23:15.658,418.8466740112861,101
2024-09-19 14:23:15.663,418.8713838348322,7
2024-09-19 14:23:15.729,418.8493513553957,7
2024-09-19 14:23:15.745,418.83883146624646,1002
2024-09-19 14:23:15.766,418.8418588029279,1005
2024-09-19 14:23:15.784,418.8542454046925,105
2024-09-19 14:23:15.877,418.843218768074,6
2024-09-19 14:23:15.899,418.8407400012299,1000
2024-09-19 14:23:15.911,418.84641109520777,995
2024-09-19 14:23:15.911,418.8382359367236,997
2024-09-19 14:23:15.936,418.851642227998,1000
2024-09-19 14:23:16.085,41.88429716202453,100
2024-09-19 14:23:16.171,418.80926895710815,14
2024-09-19 14:23:16.350,418.8330645365074,103
2024-09-19 14:23:16.593,418.8219952588179,10
2024-09-19 14:23:16.652,418.82458369141983,99
2024-09-19 14:23:16.668,418.8542388121551,14
2024-09-19 14:23:16.784,418.81477873925286,997
2024-09-19 14:23:16.990,418.8234271110138,10
2024-09-19 14:23:17.000,418.8289214891743,96
2024-09-19 14:23:17.124,418.78647901296944,97
2024-09-19 14:23:17.434,418.81675986363285,5
2024-09-19 14:23:17.600,418.80911514250346,96
2024-09-19 14:23:17.795,418.80081818723465,1002
2024-09-19 14:23:17.886,418.77962193114416,999
2024-09-19 14:23:18.007,418.9315955363711,1003
2024-09-19 14:23:18.023,418.9411759327844,103
2024-09-19 14:23:18.159,418.7768710959369,103
2024-09-19 14:23:18.226,418.92971457362495,9
2024-09-19 14:23:18.258,418.7829502968097,998
2024-09-19 14:23:18.288,418.8433811304275,7
2024-09-19 14:23:18.319,418.8515559438662,12
2024-09-19 14:23:18.336,418.9113054138784,96
2024-09-19 14:23:18.351,418.8779704324215,10
2024-09-19 14:23:18.356,418.83144454685663,1003
2024-09-19 14:23:18.379,418.8531063250559,9
2024-09-19 14:23:18.398,418.8313744005838,1004
2024-09-19 14:23:18.512,418.906974076306,999
2024-09-19 14:23:18.658,418.9285250971967,995
2024-09-19 14:23:18.700,418.9168740415215,14
2024-09-19 14:23:18.720,418.8343782545746,101
2024-09-19 14:23:18.774,418.9058337079262,12
2024-09-19 14:23:18.817,418.9244751654318,1000
2024-09-19 14:23:18.884,418.88665883990507,1005
2024-09-19 14:23:18.920,418.821946759094,104
2024-09-19 14:23:18.924,418.8502593860658,1004
2024-09-19 14:23:18.995,418.9089682377759,103
2024-09-19 14:23:18.998,418.90556861660025,104
2024-09-19 14:23:19.152,418.9290057300193,97
2024-09-19 14:23:19.266,418.9258707111993,997
2024-09-19 14:23:19.344,418.9293455198128,1005
2024-09-19 14:23:19.378,418.92174675833536,97
2024-09-19 14:23:19.390,418.91935080053946,5
2024-09-19 14:23:19.498,418.9344013879145,101
2024-09-19 14:23:19.518,418.94008957493605,1001
2024-09-19 14:23:19.522,418.9185292994922,1004
2024-09-19 14:23:19.881,418.9242312029464,12
2024-09-19 14:23:20.017,-418.8971270878344,11
2024-09-19 14:23:20.114,418.9549999551056,6
2024-09-19 14:23:20.189,418.90162241826425,15
2024-09-19 14:23:20.339,418.9077295427375,14
2024-09-19 14:23:20.441,418.9009416791657,97
2024-09-19 14:23:20.464,418.9807446295137,6
2024-09-19 14:23:20.490,418.9027584782347,998
2024-09-19 14:23:20.503,418.8978026541511,98
2024-09-19 14:23:20.565,418.9269863549663,999
2024-09-19 14:23:20.573,-418.9106774783445,14
2024-09-19 14:23:20.580,418.9013974357708,1000
2024-09-19 14:23:20.711,418.88312709110096,998
2024-09-19 14:23:20.719,418.91141739528086,95
2024-09-19 14:23:20.733,418.88971691984847,999
2024-09-19 14:23:20.751,418.8929157944542,6
2024-09-19 14:23:20.848,418.9001434887464,96
2024-09-19 14:23:20.850,418.90558256527913,99
2024-09-19 14:23:20.898,418.9279741717119,100
2024-09-19 14:23:20.923,418.90542848972245,1002
2024-09-19 14:23:20.935,418.9269492250703,998
2024-09-19 14:23:20.936,418.92683343776525,102
2024-09-19 14:23:20.980,418.8952953195575,8
2024-09-19 14:23:21.109,418.9396340704808,997
2024-09-19 14:23:21.154,418.9431116624232,5
2024-09-19 14:23:21.161,418.96015538671713,100
2024-09-19 14:23:21.165,418.9885246140741,1004
2024-09-19 14:23:21.200,419.0701589441881,97
2024-09-19 14:23:21.219,418.9526365966753,997
2024-09-19 14:23:21.221,418.9940594334533,11
2024-09-19 14:23:21.247,419.01254977547313,15
2024-09-19 14:23:21.271,418.987620855854,7
2024-09-19 14:23:21.317,418.95151839420345,99
2024-09-19 14:23:21.343,419.0714443806124,103
2024-09-19 14:23:21.350,418.9386257487768,104
2024-09-19 14:23:21.357,418.9350278074173,995
2024-09-19 14:23:21.474,419.0481034235005,996
2024-09-19 14:23:21.489,419.06399265227054,998
2024-09-19 14:23:21.615,418.96082235543184,103
2024-09-19 14:23:21.649,418.93550594679374,1002
2024-09-19 14:23:21.663,418.9844845900722,1005
2024-09-19 14:23:21.679,418.9956274638191,13
2024-09-19 14:23:21.709,419.0715749375397,997
2024-09-19 14:23:21.745,419.0766130222396,15
2024-09-19 14:23:21.756,418.9696767057081,96
2024-09-19 14:23:21.768,418.9507648299591,99
2024-09-19 14:23:22.024,419.0936694699355,1003
2024-09-19 14:23:22.113,419.07265281795657,6
2024-09-19 14:23:22.166,419.0823431449029,1004
2024-09-19 14:23:22.168,419.0726428788317,98
2024-09-19 14:23:22.200,419.0794659270773,1003
2024-09-19 14:23:22.300,419.0905495396557,100
2024-09-19 14:23:22.307,419.0981332260714,100
2024-09-19 14:23:22.384,419.0862094336718,102
2024-09-19 14:23:22.437,419.1139634310573,101
2024-09-19 14:23:22.479,419.0820684841263,105
2024-09-19 14:23:22.499,419.07765070456543,6
2024-09-19 14:23:22.533,419.0834760140701,96
2024-09-19 14:23:22.559,419.06598068344965,15
2024-09-19 14:23:22.649,419.08518140516986,1003
2024-09-19 14:23:22.756,419.082651550309,998
2024-09-19 14:23:22.790,419.0876175985949,105
2024-09-19 14:23:22.794,419.081285502351,998
2024-09-19 14:23:22.832,419.0724505232423,998
2024-09-19 14:23:22.884,419.0813188560099,103
2024-09-19 14:23:22.893,419.0856788971099,96
2024-09-19 14:23:22.934,419.0924880357135,96
2024-09-19 14:23:22.951,419.09247865798994,96
2024-09-19 14:23:22.978,419.0600932824368,10
2024-09-19 14:23:22.982,41.907346414666485,95
2024-09-19 14:23:24.017,419.053085431477,12
2024-09-19 14:23:24.101,418.9746025685193,15
2024-09-19 14:23:24.107,419.0079807681351,999
2024-09-19 14:23:24.236,418.9283449563935,9
2024-09-19 14:23:24.349,419.009709107172,14
2024-09-19 14:23:24.415,419.0107502285468,997
2024-09-19 14:23:24.453,419.0611641404119,8
2024-09-19 14:23:24.459,419.0656751047508,996
2024-09-19 14:23:24.492,418.9557901476642,96
2024-09-19 14:23:24.526,419.0131721634964,998
2024-09-19 14:23:24.595,418.9433828002176,102
2024-09-19 14:23:24.611,419.0384284012469,7
2024-09-19 14:23:24.647,419.0162610048632,8
2024-09-19 14:23:24.715,419.0149797697567,9
2024-09-19 14:23:24.773,418.9964885722809,9
2024-09-19 14:23:24.890,419.0637289233203,1004
2024-09-19 14:23:24.943,419.0077526087955,98
2024-09-19 14:23:24.951,418.9364273406997,104
2024-09-19 14:23:25.037,418.90208491247057,1003
2024-09-19 14:23:25.062,418.943267511645,7
2024-09-19 14:23:25.072,418.9320749095796,15
2024-09-19 14:23:25.090,418.91113633171625,100
2024-09-19 14:23:25.177,418.9065339575562,1003
2024-09-19 14:23:25.190,418.9407847763599,1001
2024-09-19 14:23:25.202,418.8811655568572,11
2024-09-19 14:23:25.210,418.9183048805372,8
2024-09-19 14:23:25.248,-418.95277158880833,999
2024-09-19 14:23:25.283,418.928781837728,98
2024-09-19 14:23:25.306,418.9273153913021,1001
2024-09-19 14:23:25.332,418.9178057068145,1003
2024-09-19 14:23:25.397,418.8584518377387,8
2024-09-19 14:23:25.404,418.9392155121196,12
2024-09-19 14:23:25.476,418.8590932481636,998
2024-09-19 14:23:25.518,418.8591604256705,6
2024-09-19 14:23:25.521,418.936991129538,1005
2024-09-19 14:23:25.529,418.9356762284704,101
2024-09-19 14:23:25.536,418.9433434614243,1003
2024-09-19 14:23:25.551,418.8888650476542,995
2024-09-19 14:23:25.563,418.8703474047514,1001
2024-09-19 14:23:25.587,418.90139614506097,15
2024-09-19 14:23:25.601,418.9478069540139,15
2024-09-19 14:23:25.670,418.9078175803067,5
2024-09-19 14:23:25.711,418.9104141813633,99
2024-09-19 14:23:25.729,418.9067070627524,11
2024-09-19 14:23:25.778,418.8984932702128,8
2024-09-19 14:23:25.812,418.9404116361592,1004
2024-09-19 14:23:25.903,418.90955340601295,98
2024-09-19 14:23:25.983,418.91391775654057,101
2024-09-19 14:23:26.020,418.8796586776188,1003
2024-09-19 14:23:26.042,418.8887278635567,997
2024-09-19 14:23:26.103,418.9135731992489,95
2024-09-19 14:23:26.155,418.8925669382253,9
2024-09-19 14:23:26.167,418.87649120945713,12
2024-09-19 14:23:26.225,418.913318463884,105
2024-09-19 14:23:26.247,418.8984987068655,1003
2024-09-19 14:23:26.249,418.8864453045893,12
2024-09-19 14:23:26.280,418.88728594149785,99
2024-09-19 14:23:26.327,418.8748831235548,11
2024-09-19 14:23:26.330,418.8546655908093,9
2024-09-19 14:23:26.431,418.878294114124,1000
2024-09-19 14:23:26.519,418.8633704607744,6
2024-09-19 14:23:26.526,418.9066551197782,6
2024-09-19 14:23:26.538,418.91401619427626,99
2024-09-19 14:23:26.570,418.8935895341603,9
2024-09-19 14:23:26.581,418.9069582589381,998
2024-09-19 14:23:26.602,418.9234967391452,95
2024-09-19 14:23:26.685,418.8827938053605,1003
2024-09-19 14:23:26.806,418.921524960118,1005
2024-09-19 14:23:26.969,418.932008512868,5
2024-09-19 14:23:27.029,41.89605781083422,103
2024-09-19 14:23:27.038,418.87419312338346,14
2024-09-19 14:23:27.118,418.96820949208,13
2024-09-19 14:23:27.194,418.9660799381002,7
2024-09-19 14:23:27.245,418.9267887235855,1000
2024-09-19 14:23:27.303,418.9375441645212,997
2024-09-19 14:23:27.307,418.87599897167695,1001
2024-09-19 14:23:27.308,418.8874168774129,15
2024-09-19 14:23:27.371,418.94858040458814,97
2024-09-19 14:23:27.401,418.9435569970696,14
2024-09-19 14:23:27.456,,9
2024-09-19 14:23:27.458,418.9381811771473,1001
2024-09-19 14:23:27.538,418.8933803245188,998
2024-09-19 14:23:27.566,418.8835499423934,100
2024-09-19 14:23:27.600,418.9268451838809,96
2024-09-19 14:23:27.604,418.94594893338814,1004
2024-09-19 14:23:27.648,418.9032003916834,97
2024-09-19 14:23:27.718,418.8610530912269,14
2024-09-19 14:23:27.724,418.85580823033257,999
2024-09-19 14:23:27.789,-418.8648080939287,11
2024-09-19 14:23:27.847,418.8763259979601,105
2024-09-19 14:23:27.858,418.94294106868193,1005
2024-09-19 14:23:27.859,418.9168044737315,6
2024-09-19 14:23:27.881,418.870707445313,996
2024-09-19 14:23:27.883,418.9520505715491,1004
2024-09-19 14:23:27.912,418.8780690387577,997
2024-09-19 14:23:27.965,418.850530945929,96
2024-09-19 14:23:28.109,418.9466386668064,9
2024-09-19 14:23:28.151,418.955867247761,105
2024-09-19 14:23:28.250,418.93132076082026,96
2024-09-19 14:23:28.284,418.9421332234196,15
2024-09-19 14:23:28.489,418.9304578147396,999
2024-09-19 14:23:28.754,418.8873021313717,1002
2024-09-19 14:23:28.814,418.941686425207,6
2024-09-19 14:23:28.887,418.9350054258557,104
2024-09-19 14:23:28.894,418.936016127875,1000
2024-09-19 14:23:28.932,-418.9469966775252,99
2024-09-19 14:23:29.000,418.861813565306,1003
2024-09-19 14:23:29.018,418.90265268132674,7
2024-09-19 14:23:29.051,418.89273730007926,1003
2024-09-19 14:23:29.073,418.90078006763247,96
2024-09-19 14:23:29.202,418.8640924024178,995
2024-09-19 14:23:29.223,418.799468418344,97
2024-09-19 14:23:29.293,418.8164176127322,105
2024-09-19 14:23:29.295,41.89008552854987,97
2024-09-19 14:23:29.305,418.87967543848697,101
2024-09-19 14:23:29.316,418.8206815882001,99
2024-09-19 14:23:29.363,418.87692357854667,995
2024-09-19 14:23:29.438,418.8886924761534,96
2024-09-19 14:23:29.483,418.8213195151448,98
2024-09-19 14:23:29.578,418.88850992347153,96
2024-09-19 14:23:29.603,418.8305639199973,11
2024-09-19 14:23:29.611,418.8660261525256,999
2024-09-19 14:23:29.638,418.8398717627202,1000
2024-09-19 14:23:29.645,418.8491798492787,1001
2024-09-19 14:23:29.664,418.876192307456,995
2024-09-19 14:23:29.692,418.8918328050783,997
2024-09-19 14:23:29.742,418.8711694982001,9
2024-09-19 14:23:29.746,418.88766798374553,103
2024-09-19 14:23:29.825,418.86088196712006,5
2024-09-19 14:23:29.867,418.88611852432825,95
2024-09-19 14:23:29.928,418.8828175649996,99
2024-09-19 14:23:29.973,418.8668186636624,10
2024-09-19 14:23:29.984,418.8904101841819,13
2024-09-19 14:23:29.991,418.8731558594429,96
2024-09-19 14:23:30.081,418.8071041757267,1002
2024-09-19 14:23:30.097,418.8295862101955,12
2024-09-19 14:23:30.105,418.8211912760722,1001
2024-09-19 14:23:30.126,418.81538224530937,99
2024-09-19 14:23:30.152,418.8152660798548,997
2024-09-19 14:23:30.161,418.8299086322072,101
2024-09-19 14:23:30.190,418.7975072343279,8
2024-09-19 14:23:30.199,418.8516015670869,105
2024-09-19 14:23:30.243,418.8301469717927,101
2024-09-19 14:23:30.243,418.8072083797673,15
2024-09-19 14:23:30.268,418.8108848317964,96
2024-09-19 14:23:30.276,418.8229542083085,97
2024-09-19 14:23:30.370,418.79904407282766,999
2024-09-19 14:23:30.383,418.810806066829,996
2024-09-19 14:23:30.394,418.8473680525168,10
2024-09-19 14:23:30.504,418.84807160953216,95
2024-09-19 14:23:30.639,418.8161172174003,104
2024-09-19 14:23:30.665,418.8286910899484,1002
2024-09-19 14:23:30.676,418.8282490964328,5
2024-09-19 14:23:30.730,418.8368558897282,995
2024-09-19 14:23:30.914,418.8035986911573,15
2024-09-19 14:23:30.978,418.82144311966647,999
2024-09-19 14:23:31.167,418.82675002992187,1002
2024-09-19 14:23:31.228,418.8717137872923,100
2024-09-19 14:23:31.242,418.83400605710506,103
2024-09-19 14:23:31.289,418.8372680300766,9
2024-09-19 14:23:31.358,418.87145139940367,15
2024-09-19 14:23:31.390,418.8504915491197,10
2024-09-19 14:23:31.464,418.8812244451829,1001
2024-09-19 14:23:31.468,418.8669707389055,96
2024-09-19 14:23:31.549,418.8273426368295,1000
2024-09-19 14:23:31.553,418.84273146200434,11
2024-09-19 14:23:31.568,418.8335137118055,100
2024-09-19 14:23:31.613,418.88079440988287,98
2024-09-19 14:23:31.645,418.8607104357034,1000
2024-09-19 14:23:31.758,418.868284857744,12
2024-09-19 14:23:31.828,418.8550259934668,13
2024-09-19 14:23:31.868,,1003
2024-09-19 14:23:31.870,418.8756112079705,999
2024-09-19 14:23:31.896,418.8412409383193,6
2024-09-19 14:23:31.959,,103
2024-09-19 14:23:32.052,418.8819584012991,105
2024-09-19 14:23:32.089,418.8215661376102,7
2024-09-19 14:23:32.155,418.8714545021164,5
2024-09-19 14:23:32.205,418.8226748883463,14
2024-09-19 14:23:32.223,418.86817917149534,12
2024-09-19 14:23:32.245,418.8648891879153,9
2024-09-19 14:23:32.369,418.8431963466932,12
2024-09-19 14:23:32.386,418.86236145201246,9
2024-09-19 14:23:32.794,418.874195883366,104
2024-09-19 14:23:33.571,418.8462890552423,95
2024-09-19 14:23:34.011,418.89652547405456,7
2024-09-19 14:23:34.084,418.89207816136576,997
2024-09-19 14:23:34.121,418.9252639672943,101
2024-09-19 14:23:34.169,418.9225743311052,98
2024-09-19 14:23:34.187,418.86997060722064,9
2024-09-19 14:23:34.264,418.8909408359887,5
2024-09-19 14:23:34.354,418.92273838683855,1002
2024-09-19 14:23:34.465,418.8568830941732,96
2024-09-19 14:23:34.487,418.9208350530249,1005
2024-09-19 14:23:34.760,418.8652639818986,98
2024-09-19 14:23:34.767,418.9202442616642,11
2024-09-19 14:23:34.782,418.8855713933028,998
2024-09-19 14:23:34.873,41.888114246701285,11
2024-09-19 14:23:35.022,418.9139724367886,13
2024-09-19 14:23:35.062,418.91105501149326,996
2024-09-19 14:23:35.165,418.8983216186562,98
2024-09-19 14:23:35.190,418.9014402834033,1002
2024-09-19 14:23:35.337,418.9202841093255,999
2024-09-19 14:23:35.518,418.90370658863344,7
2024-09-19 14:23:35.709,418.9036487482415,5
2024-09-19 14:23:35.772,418.9026361873685,995
2024-09-19 14:23:35.807,418.8974660421813,997
2024-09-19 14:23:35.990,418.89908833990086,9
2024-09-19 14:23:35.991,418.9213628140525,997
2024-09-19 14:23:36.288,418.90359016229496,8
2024-09-19 14:23:36.325,418.9069089679064,10
2024-09-19 14:23:36.869,418.9053225092566,1000
2024-09-19 14:23:37.001,418.9217344940039,999
2024-09-19 14:23:37.004,418.9016056333424,998
2024-09-19 14:23:37.008,418.9112997270103,98
2024-09-19 14:23:37.010,418.9112287473594,14
2024-09-19 14:23:37.046,418.94151153878255,103
2024-09-19 14:23:37.076,418.8954427928606,13
2024-09-19 14:23:37.149,418.89104087483,1002
2024-09-19 14:23:37.331,418.9346737301348,13
2024-09-19 14:23:37.343,418.8882662421065,6
2024-09-19 14:23:37.360,418.94653433216087,14
2024-09-19 14:23:37.420,418.886333191182,7
2024-09-19 14:23:37.421,418.917523529469,8
2024-09-19 14:23:37.429,418.9109524444755,1002
2024-09-19 14:23:37.438,418.8842586649174,97
2024-09-19 14:23:37.533,418.89216857396224,13
2024-09-19 14:23:37.546,418.9575641139498,6
2024-09-19 14:23:37.594,418.8877890212975,14
2024-09-19 14:23:37.632,418.8944722866231,995
2024-09-19 14:23:37.708,418.9266358258915,1004
2024-09-19 14:23:37.722,418.8874906525354,1001
2024-09-19 14:23:37.910,418.9040160507637,9
2024-09-19 14:23:38.117,418.9324101302822,7
2024-09-19 14:23:38.120,418.9425134049114,996
2024-09-19 14:23:38.454,418.9559430770604,13
2024-09-19 14:23:38.485,418.9486458827287,8
2024-09-19 14:23:38.650,418.9308872627778,105
2024-09-19 14:23:38.661,418.9451604901028,5
2024-09-19 14:23:38.695,418.9328354469923,103
2024-09-19 14:23:38.943,418.95627324428494,105
2024-09-19 14:23:38.951,418.9387160368167,6
2024-09-19 14:23:38.978,418.93847118694543,12
2024-09-19 14:23:38.979,418.9674331889995,9
2024-09-19 14:23:38.980,418.9419666566913,1004
2024-09-19 14:23:39.057,419.0032165126065,8
2024-09-19 14:23:39.109,418.9351048574019,103
2024-09-19 14:23:39.136,419.0026080679863,1005
2024-09-19 14:23:39.154,419.0178896453791,5
2024-09-19 14:23:39.155,418.926091480513,97
2024-09-19 14:23:39.162,419.0323870274737,1002
2024-09-19 14:23:39.342,418.9308552584476,96
2024-09-19 14:23:39.361,,1005
2024-09-19 14:23:39.384,418.9347878580795,100
2024-09-19 14:23:39.402,419.0171579666466,1005
2024-09-19 14:23:39.426,418.9397613463598,105
2024-09-19 14:23:39.496,418.98474775724975,1002
2024-09-19 14:23:39.509,419.0158446068487,995
2024-09-19 14:23:39.673,419.0383725085373,12
2024-09-19 14:23:39.746,418.9414761669859,998
2024-09-19 14:23:39.764,418.9465623677141,996
2024-09-19 14:23:39.889,418.9713505730924,11
2024-09-19 14:23:39.954,418.9597893671035,99
2024-09-19 14:23:39.975,418.96386869331343,99
2024-09-19 14:23:40.011,418.993338458253,997
2024-09-19 14:23:40.083,419.0047115574584,996
2024-09-19 14:23:40.092,419.0430336655029,999
2024-09-19 14:23:40.092,419.0262294317832,12
2024-09-19 14:23:40.097,418.98858492154864,999
2024-09-19 14:23:40.121,419.0192757399938,7
2024-09-19 14:23:40.139,418.9740372578327,1003
2024-09-19 14:23:40.200,419.0068631433575,102
2024-09-19 14:23:40.311,418.9568569585594,1000
2024-09-19 14:23:40.320,419.00472979529445,99
2024-09-19 14:23:40.389,418.98840576028977,13
2024-09-19 14:23:40.409,418.9766385282039,7
2024-09-19 14:23:40.484,418.9865096272682,15
2024-09-19 14:23:40.539,418.96019020366543,1005
2024-09-19 14:23:40.561,419.01051935403007,9
2024-09-19 14:23:40.602,418.9576371180144,95
2024-09-19 14:23:40.619,418.9553123687635,997
2024-09-19 14:23:40.813,419.050267979155,1005
2024-09-19 14:23:40.821,419.0106226619665,7
2024-09-19 14:23:40.876,418.9615998321486,995
2024-09-19 14:23:40.904,418.9881427020629,5
2024-09-19 14:23:40.917,419.0127635166888,1003
2024-09-19 14:23:40.927,418.96154312672286,1002
2024-09-19 14:23:40.932,419.0424550393042,96
2024-09-19 14:23:40.953,418.9920186584556,1004
2024-09-19 14:23:40.956,418.9762999521317,104
2024-09-19 14:23:40.984,419.0476224137932,998
2024-09-19 14:23:41.099,418.9157266833351,997
2024-09-19 14:23:41.151,418.90813222711176,97
2024-09-19 14:23:41.363,418.9343886694181,1002
2024-09-19 14:23:41.388,418.911314321179,12
2024-09-19 14:23:41.515,418.94545020774495,9
2024-09-19 14:23:41.623,418.9147631361487,5
2024-09-19 14:23:41.655,418.9544602432724,103
2024-09-19 14:23:41.664,418.9438048809558,8
2024-09-19 14:23:41.732,418.9173049570598,7
2024-09-19 14:23:42.874,418.933345959056,96
2024-09-19 14:23:43.003,419.0520624574281,998
2024-09-19 14:23:43.013,418.959483911145,996
2024-09-19 14:23:43.066,418.9584060538954,10
2024-09-19 14:23:43.093,,6
2024-09-19 14:23:43.112,419.039996767044,1002
2024-09-19 14:23:43.153,419.0443398666234,8
2024-09-19 14:23:43.305,419.0486758529603,13
2024-09-19 14:23:43.320,418.9806588746549,104
2024-09-19 14:23:43.329,418.9880021588534,995
2024-09-19 14:23:43.347,419.0218102157396,1005
2024-09-19 14:23:43.393,419.0405422446173,5
2024-09-19 14:23:43.446,419.0291875830055,12
2024-09-19 14:23:43.453,419.0457742457861,10
2024-09-19 14:23:43.487,419.0189629765398,99
2024-09-19 14:23:43.487,418.9945850662134,10
2024-09-19 14:23:43.543,419.0553627843136,7
2024-09-19 14:23:43.667,419.0372772497387,7
2024-09-19 14:23:43.687,418.9755126742085,997
2024-09-19 14:23:43.829,419.0541929997706,95
2024-09-19 14:23:43.850,418.9804194601468,100
2024-09-19 14:23:43.930,418.9408518345662,104
2024-09-19 14:23:43.944,,1005
2024-09-19 14:23:43.982,418.98837236454136,11
2024-09-19 14:23:43.985,419.0587342954874,101
2024-09-19 14:23:44.061,419.032667517977,14
2024-09-19 14:23:44.166,419.0145362604563,996
2024-09-19 14:23:44.345,419.0589416810018,95
2024-09-19 14:23:44.430,41.90514500894314,996
2024-09-19 14:23:44.449,41.905592200321394,101
2024-09-19 14:23:44.463,419.0000140468911,104
2024-09-19 14:23:44.475,419.0637005787109,104
2024-09-19 14:23:44.481,419.0461446369022,999
2024-09-19 14:23:44.513,419.0482013462377,102
2024-09-19 14:23:44.539,419.0194022022708,1003
2024-09-19 14:23:44.654,419.0518657138296,13
2024-09-19 14:23:44.665,419.0568297961295,998
2024-09-19 14:23:44.792,419.0810281378237,1003
2024-09-19 14:23:44.860,419.0481580662545,5
2024-09-19 14:23:44.916,419.07455880088656,995
2024-09-19 14:23:44.999,419.0342314758879,11
2024-09-19 14:23:45.069,419.0116048606277,14
2024-09-19 14:23:45.092,418.99895049817377,1000
2024-09-19 14:23:45.100,418.9347656401616,104
2024-09-19 14:23:45.175,418.9971386315346,1002
2024-09-19 14:23:45.193,419.0059045901583,5
2024-09-19 14:23:45.198,418.98800335443934,9
2024-09-19 14:23:45.198,418.97050830055474,13
2024-09-19 14:23:45.257,418.96642513739135,101
2024-09-19 14:23:45.313,419.0070002653842,9
2024-09-19 14:23:45.373,,14
2024-09-19 14:23:45.416,418.94195158986565,1004
2024-09-19 14:23:45.430,419.01707119030806,14
2024-09-19 14:23:45.434,419.0371723709695,101
2024-09-19 14:23:45.486,419.0194651053354,11
2024-09-19 14:23:45.499,419.0083180132975,10
2024-09-19 14:23:45.583,419.0363564029207,103
2024-09-19 14:23:45.668,419.031877862319,998
2024-09-19 14:23:45.738,419.0162703316889,997
2024-09-19 14:23:45.738,419.0217648036547,9
2024-09-19 14:23:45.749,419.0296843948376,10
2024-09-19 14:23:45.754,419.03697725056907,13
2024-09-19 14:23:45.761,419.0287639102775,103
2024-09-19 14:23:45.791,418.9968918266672,8
2024-09-19 14:23:45.805,419.0306295164164,96
2024-09-19 14:23:45.818,418.9903164537628,99
2024-09-19 14:23:45.830,419.0314099918288,103
2024-09-19 14:23:45.854,419.04789780188537,997
2024-09-19 14:23:45.862,418.9137124118074,5
2024-09-19 14:23:45.903,419.0425384020208,8
2024-09-19 14:23:45.982,419.0097785692831,96
2024-09-19 14:23:46.023,418.8847342483541,105
2024-09-19 14:23:46.027,418.8236694081088,98
2024-09-19 14:23:46.035,418.9031244564684,104
2024-09-19 14:23:46.071,418.91360560415416,1004
2024-09-19 14:23:46.076,418.8427950563811,14
2024-09-19 14:23:46.088,418.8459844254574,11
2024-09-19 14:23:46.112,-418.8198307257755,1003
2024-09-19 14:23:46.136,418.822238140817,13
2024-09-19 14:23:46.184,418.8570888506999,1003
2024-09-19 14:23:46.212,418.81764146664193,1005
2024-09-19 14:23:46.250,418.84603648476855,105
2024-09-19 14:23:46.302,418.8197747719526,1004
2024-09-19 14:23:46.314,418.898712864731,14
2024-09-19 14:23:46.328,418.857165134984,10
2024-09-19 14:23:46.408,418.8306087489428,6
2024-09-19 14:23:46.429,418.82574866464745,101
2024-09-19 14:23:46.438,418.8349945753483,998
2024-09-19 14:23:46.447,418.8918307021264,14
2024-09-19 14:23:46.462,418.92512513253627,9
2024-09-19 14:23:46.475,418.8333499747719,13
2024-09-19 14:23:46.518,418.8187860788245,7
2024-09-19 14:23:46.560,418.8307957252422,10
2024-09-19 14:23:46.580,418.8292423774777,1000
2024-09-19 14:23:46.695,418.8282180670558,100
2024-09-19 14:23:46.698,418.8765644314135,15
2024-09-19 14:23:46.715,418.8437233446232,8
2024-09-19 14:23:46.724,418.8119577653631,99
2024-09-19 14:23:46.818,418.83051690449753,1005
2024-09-19 14:23:46.876,418.9043662403497,105
2024-09-19 14:23:46.972,418.8643079437506,1002
2024-09-19 14:23:47.183,418.828504913337,97
2024-09-19 14:23:47.212,418.8036919532517,997
2024-09-19 14:23:47.361,418.8538647658603,15
2024-09-19 14:23:47.441,418.8211080748006,97
2024-09-19 14:23:47.497,418.80331119000994,8
2024-09-19 14:23:47.736,418.8386213133607,1002
2024-09-19 14:23:47.840,418.8153475486752,105
2024-09-19 14:23:47.921,418.8553524676719,15
2024-09-19 14:23:47.923,418.8016589962818,9
2024-09-19 14:23:48.119,418.869357020184,14
2024-09-19 14:23:48.126,418.8391186890505,97
2024-09-19 14:23:48.182,418.8885412599506,1002
2024-09-19 14:23:48.232,418.8458519700196,14
2024-09-19 14:23:48.352,418.8730170916392,995
2024-09-19 14:23:48.460,418.8789186804786,10
2024-09-19 14:23:48.480,418.87379917296096,6
2024-09-19 14:23:48.535,418.8311078748857,7
2024-09-19 14:23:48.583,418.89396540426407,99
2024-09-19 14:23:48.607,418.8672037283792,10
2024-09-19 14:23:48.661,418.839030081604,6
2024-09-19 14:23:48.700,418.8689657187757,13
2024-09-19 14:23:48.710,418.8818109529325,12
2024-09-19 14:23:48.734,418.8686642498076,10
2024-09-19 14:23:48.780,418.8716315372937,1004
2024-09-19 14:23:48.793,418.877300025233,999
2024-09-19 14:23:48.806,418.87991050074606,13
2024-09-19 14:23:48.807,418.8709878242663,1002
2024-09-19 14:23:48.825,418.8596303020842,98
2024-09-19 14:23:48.901,418.893743531701,14
2024-09-19 14:23:48.994,418.8444592014433,1003
2024-09-19 14:23:49.116,418.79254817289376,98
2024-09-19 14:23:49.341,418.83525225134537,1003
2024-09-19 14:23:49.392,418.8096345200374,95
2024-09-19 14:23:49.454,418.8099215237272,1001
2024-09-19 14:23:49.493,418.8226932479116,96
2024-09-19 14:23:49.500,418.81716302754006,104
2024-09-19 14:23:49.543,418.83175030107054,5
2024-09-19 14:23:49.571,418.816307639933,15
2024-09-19 14:23:49.677,418.8237694101292,1001
2024-09-19 14:23:49.682,41.87994379919392,97
2024-09-19 14:23:49.754,418.8214996237279,97
2024-09-19 14:23:49.777,418.7975557112427,1000
2024-09-19 14:23:49.966,418.8173219683087,11
2024-09-19 14:23:49.972,418.82298151130806,105
2024-09-19 14:23:49.984,418.82372438741055,103
2024-09-19 14:23:50.183,418.8342364822991,1003
2024-09-19 14:23:50.239,418.7953545227523,15
2024-09-19 14:23:50.258,418.8369083822286,1005
2024-09-19 14:23:50.259,418.8166736064589,999
2024-09-19 14:23:50.362,418.82285980871,7
2024-09-19 14:23:50.770,418.819342527756,6
2024-09-19 14:23:50.784,418.8101780179675,995
2024-09-19 14:23:50.800,418.8244839198536,5
2024-09-19 14:23:51.005,418.80170313636,1001
2024-09-19 14:23:51.122,418.795217459148,996
2024-09-19 14:23:51.125,418.8161775827651,14
2024-09-19 14:23:51.128,418.8150791136541,105
2024-09-19 14:23:51.294,418.83156158018056,100
2024-09-19 14:23:51.306,418.83328804162977,15
2024-09-19 14:23:51.327,418.79439717798346,999
2024-09-19 14:23:51.451,418.80896982734834,10
2024-09-19 14:23:51.531,418.8079245950056,95
2024-09-19 14:23:51.561,418.8165014204071,5
2024-09-19 14:23:51.617,418.8195212892821,1004
2024-09-19 14:23:51.684,418.8279802587167,105
2024-09-19 14:23:51.866,418.845626657661,6
2024-09-19 14:23:51.883,418.8351216594275,10
2024-09-19 14:23:51.898,418.8575777590767,1003
2024-09-19 14:23:51.899,418.8458998504887,1002
2024-09-19 14:23:51.900,418.84089215442606,101
2024-09-19 14:23:52.005,418.9144260447665,14
2024-09-19 14:23:52.179,418.8854523705128,997
2024-09-19 14:23:52.225,418.93069854168857,15
2024-09-19 14:23:52.255,418.8507524367448,996
2024-09-19 14:23:52.383,418.8768077399396,9
2024-09-19 14:23:52.537,418.9018107961588,102
2024-09-19 14:23:52.681,418.8727953320733,10
2024-09-19 14:23:52.723,418.9224036837968,1001
2024-09-19 14:23:52.752,418.91348591265694,14
2024-09-19 14:23:52.838,418.8761574721648,1002
2024-09-19 14:23:53.150,418.9396479644299,1002
2024-09-19 14:23:53.502,418.9445817393085,103
2024-09-19 14:23:53.751,-418.9491558289766,6
2024-09-19 14:23:53.885,418.9255059602917,5
2024-09-19 14:23:54.015,418.9846467005442,1000
2024-09-19 14:23:54.221,419.0143791150269,15
2024-09-19 14:23:54.258,419.0145256145674,104
2024-09-19 14:23:54.324,41.89361724727465,100
2024-09-19 14:23:54.350,418.99081687410313,998
2024-09-19 14:23:54.356,41.89639123687798,103
2024-09-19 14:23:54.377,419.0134083639441,103
2024-09-19 14:23:54.422,419.005210567664,10
2024-09-19 14:23:54.485,418.9815165627301,8
2024-09-19 14:23:54.493,418.93900267760085,6
2024-09-19 14:23:54.503,419.0147693122544,1000
2024-09-19 14:23:54.506,418.95078760875936,6
2024-09-19 14:23:54.533,418.99216943487977,100
2024-09-19 14:23:54.620,419.0007188120116,996
2024-09-19 14:23:54.646,419.0009631547956,101
2024-09-19 14:23:54.667,418.997337293485,10
2024-09-19 14:23:54.677,418.982367549398,9
2024-09-19 14:23:54.691,418.9742045124207,1003
2024-09-19 14:23:54.766,418.9390532250804,14
2024-09-19 14:23:54.886,419.0265121979112,8
2024-09-19 14:23:54.906,418.9423320068938,1005
2024-09-19 14:23:54.963,419.00814794553344,12
2024-09-19 14:23:54.986,418.94189665567575,997
2024-09-19 14:23:55.052,418.9940099119811,1001
2024-09-19 14:23:55.113,418.9914603565536,999
2024-09-19 14:23:55.186,418.9604508471006,98
2024-09-19 14:23:55.234,418.97788421149545,98
2024-09-19 14:23:55.260,418.9813755130248,96
2024-09-19 14:23:55.291,418.9682299764011,999
2024-09-19 14:23:55.292,418.9944063272461,1003
2024-09-19 14:23:55.317,418.9676413678442,100
2024-09-19 14:23:55.338,418.9424714655827,1000
2024-09-19 14:23:55.368,418.96569555716087,995
2024-09-19 14:23:55.480,418.970407342816,98
2024-09-19 14:23:55.490,418.9382176378351,1002
2024-09-19 14:23:55.496,418.9897374013254,7
2024-09-19 14:23:55.568,418.9571850766472,103
2024-09-19 14:23:55.574,418.9785520615826,10
2024-09-19 14:23:55.640,419.0073800333269,15
2024-09-19 14:23:55.645,418.97456192174366,1002
2024-09-19 14:23:55.666,418.9687846458255,1000
2024-09-19 14:23:55.676,418.9264466704196,14
2024-09-19 14:23:55.852,418.9681063521539,996
2024-09-19 14:23:55.860,418.9935427577194,995
2024-09-19 14:23:55.870,418.9968147535212,103
2024-09-19 14:23:55.959,418.96639421075616,1004
2024-09-19 14:23:55.984,418.9750842839616,14
2024-09-19 14:23:56.033,418.8850480324523,1003
2024-09-19 14:23:56.070,418.91154582365726,1005
2024-09-19 14:23:56.088,418.90624950943953,12
2024-09-19 14:23:56.150,418.9354428876522,1003
2024-09-19 14:23:56.203,418.9008265412634,14
2024-09-19 14:23:56.213,418.939719189549,5
2024-09-19 14:23:56.242,418.9018419668048,9
2024-09-19 14:23:56.312,418.9030975059312,101
2024-09-19 14:23:56.379,418.8903175299868,10
2024-09-19 14:23:56.403,418.8989231216713,101
2024-09-19 14:23:56.499,418.9039013614861,1002
2024-09-19 14:23:56.538,418.8836360470314,1000
2024-09-19 14:23:56.580,418.9182567539082,10
2024-09-19 14:23:56.591,418.9082086458441,14
2024-09-19 14:23:56.621,418.8688847434404,8
2024-09-19 14:23:56.642,418.9294060187974,7
2024-09-19 14:23:56.658,418.9263439658891,995
2024-09-19 14:23:56.661,418.9384425075855,8
2024-09-19 14:23:56.668,418.9497102804399,105
2024-09-19 14:23:56.670,418.9441452465248,1004
2024-09-19 14:23:56.701,418.8737907354088,98
2024-09-19 14:23:56.711,418.86194533009495,102
2024-09-19 14:23:56.743,418.8998657749733,1001
2024-09-19 14:23:56.764,418.90557769609023,8
2024-09-19 14:23:56.822,418.9499654673348,999
2024-09-19 14:23:56.842,418.9092921164498,98
2024-09-19 14:23:56.919,418.91710192475824,999
2024-09-19 14:23:56.949,418.900497566729,99
2024-09-19 14:23:56.954,418.9128941441955,105
2024-09-19 14:23:56.974,418.8835777694904,6
2024-09-19 14:23:57.458,418.84425140816336,13
2024-09-19 14:23:57.704,418.8713074334912,8
2024-09-19 14:23:57.875,,1004
2024-09-19 14:23:58.007,418.7804718563093,5
2024-09-19 14:23:58.086,418.8180406549361,1003
2024-09-19 14:23:58.150,-418.7612070497033,15
2024-09-19 14:23:58.192,418.8217156011541,99
2024-09-19 14:23:58.220,418.8403823978677,100
2024-09-19 14:23:58.308,418.7593859110148,7
2024-09-19 14:23:58.340,418.838459780596,1001
2024-09-19 14:23:58.508,418.7509652148455,96
2024-09-19 14:23:58.522,418.8533644846272,101
2024-09-19 14:23:58.683,418.8441129829093,1003
2024-09-19 14:23:58.762,418.763499693621,11
2024-09-19 14:23:58.840,418.8496733225639,9
2024-09-19 14:23:58.855,418.8502659864708,99
2024-09-19 14:23:58.902,418.79410750939695,996
2024-09-19 14:23:58.908,418.8413450641768,104
2024-09-19 14:23:59.102,418.729071043494,98
2024-09-19 14:23:59.125,418.7101817140797,95
2024-09-19 14:23:59.226,418.75644696934967,1003
2024-09-19 14:23:59.303,418.7468805771231,97
2024-09-19 14:23:59.422,418.7321878713992,6
2024-09-19 14:23:59.495,,97
2024-09-19 14:23:59.747,418.7297015745906,99
2024-09-19 14:23:59.751,418.71428986302624,1000
2024-09-19 14:23:59.867,418.7333169385576,1000
2024-09-19 14:23:59.903,418.7394728820147,14
2024-09-19 14:23:59.931,418.7296149228604,8
