Timestamp,Price,Size
2024-09-20 15:47:00.015,429.0073579973188,1003
2024-09-20 15:47:00.036,428.9882764866572,101
2024-09-20 15:47:00.074,429.0136025112953,99
2024-09-20 15:47:00.337,428.9771811239151,996
2024-09-20 15:47:00.404,429.0103350809134,1002
2024-09-20 15:47:00.573,429.0013486400738,1005
2024-09-20 15:47:00.587,428.9949249427201,102
2024-09-20 15:47:00.770,428.9960923059292,14
2024-09-20 15:47:00.794,428.99389917574007,995
2024-09-20 15:47:00.860,428.9924538526868,6
2024-09-20 15:47:01.084,429.0374921429493,996
2024-09-20 15:47:01.091,428.97026936380223,102
2024-09-20 15:47:01.107,428.9812752023524,12
2024-09-20 15:47:01.126,429.0411812551624,1000
2024-09-20 15:47:01.249,42.89371101108897,95
2024-09-20 15:47:01.374,428.9887325221804,1003
2024-09-20 15:47:01.376,429.0227992086987,100
2024-09-20 15:47:01.388,429.0441728531599,9
2024-09-20 15:47:01.391,429.0267867798135,11
2024-09-20 15:47:01.428,428.93779085005696,13
2024-09-20 15:47:01.446,429.06109492471694,1003
2024-09-20 15:47:01.471,429.0632179150483,99
2024-09-20 15:47:01.531,428.9659319907957,996
2024-09-20 15:47:01.531,428.9816834507549,105
2024-09-20 15:47:01.606,428.9773237678468,104
2024-09-20 15:47:01.666,429.0351534454416,5
2024-09-20 15:47:01.721,428.9947173383417,996
2024-09-20 15:47:01.738,429.0407274056548,7
2024-09-20 15:47:01.876,429.0374513206436,95
2024-09-20 15:47:01.900,428.9932139398729,11
2024-09-20 15:47:01.963,429.0571613183105,1003
2024-09-20 15:47:01.963,429.0512051361052,7
2024-09-20 15:47:01.996,429.0348607022081,997
2024-09-20 15:47:02.089,428.9127541074132,1001
2024-09-20 15:47:02.093,428.90492304408485,13
2024-09-20 15:47:02.106,428.9223604338192,11
2024-09-20 15:47:02.134,428.9532315297741,97
2024-09-20 15:47:02.231,428.9336437970268,97
2024-09-20 15:47:02.268,428.9323997353149,99
2024-09-20 15:47:02.275,428.9464028337711,98
2024-09-20 15:47:02.282,428.9451287110985,105
2024-09-20 15:47:02.330,428.9240590173084,96
2024-09-20 15:47:02.340,428.9335347665385,1001
2024-09-20 15:47:02.374,428.9535552063525,104
2024-09-20 15:47:02.394,428.97397640545313,997
2024-09-20 15:47:02.413,428.9289822067867,100
2024-09-20 15:47:02.430,428.9483920664695,98
2024-09-20 15:47:02.433,428.91120886271807,8
2024-09-20 15:47:02.433,428.9149561255044,97
2024-09-20 15:47:02.483,428.91025342956846,1000
2024-09-20 15:47:02.571,428.91794434326295,6
2024-09-20 15:47:02.581,428.9308146069658,100
2024-09-20 15:47:02.663,428.95639501786576,5
2024-09-20 15:47:02.663,428.9605350771267,11
2024-09-20 15:47:02.788,428.90658467701377,103
2024-09-20 15:47:02.836,428.9584417277531,14
2024-09-20 15:47:02.869,428.97876704368775,998
2024-09-20 15:47:02.898,428.9715583338758,14
2024-09-20 15:47:02.913,428.9855119448212,14
2024-09-20 15:47:02.914,428.9980164810548,13
2024-09-20 15:47:02.932,428.9265923704011,9
2024-09-20 15:47:02.947,428.9629398520465,96
2024-09-20 15:47:03.025,428.9405561881576,95
2024-09-20 15:47:03.409,428.8786076751488,6
2024-09-20 15:47:03.459,428.8791885736865,105
2024-09-20 15:47:03.489,428.9363662443845,1001
2024-09-20 15:47:03.685,428.9342638293891,105
2024-09-20 15:47:03.687,428.9115042868299,14
2024-09-20 15:47:03.687,428.93725884632505,12
2024-09-20 15:47:03.727,428.9085466601143,1000
2024-09-20 15:47:03.858,428.9332277456874,104
2024-09-20 15:47:03.866,428.9434682912757,11
2024-09-20 15:47:03.931,428.9318396516185,104
2024-09-20 15:47:03.935,428.88437066658736,104
2024-09-20 15:47:03.972,428.9257281200144,95
2024-09-20 15:47:04.085,428.831218088545,1001
2024-09-20 15:47:04.178,428.8797933667106,101
2024-09-20 15:47:04.272,428.8148009503825,14
2024-09-20 15:47:04.281,428.8220370467274,99
2024-09-20 15:47:04.303,-428.81311239661073,1001
2024-09-20 15:47:04.349,428.844637400452,14
2024-09-20 15:47:04.401,428.8212846810276,96
2024-09-20 15:47:04.405,428.8350242925075,97
2024-09-20 15:47:04.529,428.8363953102457,104
2024-09-20 15:47:04.541,428.82496182492383,1004
2024-09-20 15:47:04.552,428.8267319796663,11
2024-09-20 15:47:04.673,428.87525314771415,100
2024-09-20 15:47:04.724,428.87899441896144,7
2024-09-20 15:47:04.771,428.81464352038125,10
2024-09-20 15:47:04.892,428.8289864501407,101
2024-09-20 15:47:04.937,428.818691385608,6
2024-09-20 15:47:04.966,428.8727520231688,996
2024-09-20 15:47:05.046,428.7789088293247,11
2024-09-20 15:47:05.073,428.78852628103385,995
2024-09-20 15:47:05.111,428.79392368242486,95
2024-09-20 15:47:05.254,,997
2024-09-20 15:47:05.386,428.7995641985296,5
2024-09-20 15:47:05.416,428.7797297265942,1002
2024-09-20 15:47:05.457,,996
2024-09-20 15:47:05.523,428.7884682742773,999
2024-09-20 15:47:05.610,428.7604130942062,104
2024-09-20 15:47:05.736,428.7937772356309,96
2024-09-20 15:47:05.760,428.8003075613795,95
2024-09-20 15:47:05.763,428.75121492975626,105
2024-09-20 15:47:05.773,428.7825966188302,8
2024-09-20 15:47:05.821,428.7938318525522,1001
2024-09-20 15:47:05.927,428.7889738403039,104
2024-09-20 15:47:05.928,428.7713453383847,101
2024-09-20 15:47:06.655,428.77384462897214,9
2024-09-20 15:47:06.862,428.7372689352628,97
2024-09-20 15:47:06.970,428.7519936748373,8
2024-09-20 15:47:07.022,428.7556674113055,1004
2024-09-20 15:47:07.101,428.71928780376487,95
2024-09-20 15:47:07.234,428.72912490738776,15
2024-09-20 15:47:07.280,428.77888871780857,997
2024-09-20 15:47:07.325,428.7289651036368,996
2024-09-20 15:47:07.352,428.782374204114,99
2024-09-20 15:47:07.564,428.7122291088813,98
2024-09-20 15:47:07.626,428.7363999218552,13
2024-09-20 15:47:07.660,428.7690606313334,100
2024-09-20 15:47:07.679,428.7185522032479,101
2024-09-20 15:47:07.769,428.7225861827018,98
2024-09-20 15:47:07.878,428.7211391641928,1003
2024-09-20 15:47:08.745,428.7771438750531,996
2024-09-20 15:47:09.000,428.78690843178856,1001
2024-09-20 15:47:09.155,428.800551026172,12
2024-09-20 15:47:09.209,428.8013576221253,105
2024-09-20 15:47:09.215,428.794396071307,104
2024-09-20 15:47:09.248,428.7837905168821,1002
2024-09-20 15:47:09.370,428.7515819702879,6
2024-09-20 15:47:09.374,428.7943425246775,7
2024-09-20 15:47:09.395,428.7923129822039,100
2024-09-20 15:47:09.402,428.7733821096907,103
2024-09-20 15:47:09.418,428.7904598300884,14
2024-09-20 15:47:09.511,428.7561185077772,104
2024-09-20 15:47:09.791,428.81337395517824,100
2024-09-20 15:47:09.809,428.7744686747863,99
2024-09-20 15:47:09.913,428.7405126225597,999
2024-09-20 15:47:09.916,428.80130118899706,103
2024-09-20 15:47:09.968,428.77539428322575,9
2024-09-20 15:47:09.994,428.7503719050291,97
2024-09-20 15:47:09.999,428.77947272815567,15
2024-09-20 15:47:10.039,428.71681942684137,104
2024-09-20 15:47:10.182,428.7422211588829,9
2024-09-20 15:47:10.340,428.7117367378368,14
2024-09-20 15:47:10.368,428.7453572336323,99
2024-09-20 15:47:10.507,428.7475905540062,1005
2024-09-20 15:47:10.590,428.72932552820754,14
2024-09-20 15:47:10.628,428.75154068018384,6
2024-09-20 15:47:10.746,428.7427081696023,12
2024-09-20 15:47:11.110,428.7423373612077,101
2024-09-20 15:47:11.118,428.7138705765802,13
2024-09-20 15:47:11.210,428.721460207382,102
2024-09-20 15:47:11.250,428.754763702912,99
2024-09-20 15:47:11.260,428.7689054592154,105
2024-09-20 15:47:11.378,428.7354944823624,1002
2024-09-20 15:47:11.385,428.7362845157081,996
2024-09-20 15:47:11.416,428.7771605964359,1000
2024-09-20 15:47:11.425,428.7523167830684,12
2024-09-20 15:47:11.466,428.740361179765,95
2024-09-20 15:47:11.489,428.71203083197753,9
2024-09-20 15:47:11.497,428.73391032128217,100
2024-09-20 15:47:11.501,428.7617031497924,102
2024-09-20 15:47:11.518,428.7341482555863,101
2024-09-20 15:47:11.537,428.7330396017008,8
2024-09-20 15:47:11.555,428.7324683023324,14
2024-09-20 15:47:11.596,428.7599324396743,1001
2024-09-20 15:47:11.655,428.72537711751295,15
2024-09-20 15:47:11.659,428.7475042225928,100
2024-09-20 15:47:11.767,428.7157512258249,1003
2024-09-20 15:47:11.825,428.7468904134075,7
2024-09-20 15:47:11.877,428.7526481749711,1003
2024-09-20 15:47:12.052,428.7533551828574,104
2024-09-20 15:47:12.056,428.7428194106584,98
2024-09-20 15:47:12.128,428.6948476372035,998
2024-09-20 15:47:12.198,428.7229667759322,997
2024-09-20 15:47:12.284,428.6986853968351,100
2024-09-20 15:47:12.295,,101
2024-09-20 15:47:12.565,428.7209415358559,5
2024-09-20 15:47:12.614,428.7304339679093,996
2024-09-20 15:47:12.731,428.7265865339646,98
2024-09-20 15:47:12.966,428.7154222214234,1005
2024-09-20 15:47:13.027,428.7582826035208,96
2024-09-20 15:47:13.066,428.7437065564706,102
2024-09-20 15:47:13.080,428.7364764138677,96
2024-09-20 15:47:13.123,428.7601701699648,14
2024-09-20 15:47:13.143,428.7312142465549,7
2024-09-20 15:47:13.151,428.7492563172806,9
2024-09-20 15:47:13.267,428.804026388212,1003
2024-09-20 15:47:13.338,428.7744104014432,14
2024-09-20 15:47:13.356,428.76623080044175,996
2024-09-20 15:47:13.412,428.77119109598095,1000
2024-09-20 15:47:13.421,428.7760167584043,1005
2024-09-20 15:47:13.462,428.7899297445475,100
2024-09-20 15:47:13.483,428.75231483142727,7
2024-09-20 15:47:13.541,428.7399424304437,6
2024-09-20 15:47:13.545,428.74177770915554,12
2024-09-20 15:47:13.563,428.7721156229407,97
2024-09-20 15:47:13.564,428.7626871545623,998
2024-09-20 15:47:13.584,428.7893691749521,12
2024-09-20 15:47:13.693,42.87974756229141,15
2024-09-20 15:47:13.706,428.76479259712966,12
2024-09-20 15:47:13.709,428.7358506461419,96
2024-09-20 15:47:13.739,428.77248075860217,1004
2024-09-20 15:47:13.777,42.874210514600286,11
2024-09-20 15:47:13.850,428.7928157258998,5
2024-09-20 15:47:13.868,428.789733887483,995
2024-09-20 15:47:13.881,428.7638521185511,99
2024-09-20 15:47:13.919,428.7326388658592,10
2024-09-20 15:47:13.947,428.7486440622461,995
2024-09-20 15:47:13.951,428.78887938909935,998
2024-09-20 15:47:13.960,428.7499211205536,11
2024-09-20 15:47:14.003,428.7797054500164,10
2024-09-20 15:47:14.040,428.7843889132831,5
2024-09-20 15:47:14.184,428.7643694861671,9
2024-09-20 15:47:14.326,428.7759557744981,11
2024-09-20 15:47:14.341,428.7778084944866,96
2024-09-20 15:47:14.464,,103
2024-09-20 15:47:14.479,428.7739888328143,95
2024-09-20 15:47:14.634,428.7657885887522,995
2024-09-20 15:47:14.643,428.7907049965192,104
2024-09-20 15:47:14.658,428.79930930598414,96
2024-09-20 15:47:14.697,428.7976740170144,12
2024-09-20 15:47:14.711,428.7430934778731,105
2024-09-20 15:47:14.741,428.77901170508727,101
2024-09-20 15:47:14.759,428.7858874409675,8
2024-09-20 15:47:14.893,428.7886562124373,102
2024-09-20 15:47:14.974,428.793008347493,10
2024-09-20 15:47:15.044,428.8063212692421,997
2024-09-20 15:47:15.095,428.7859679848218,1001
2024-09-20 15:47:15.097,428.7921498418368,10
2024-09-20 15:47:15.160,428.7804991503559,11
2024-09-20 15:47:15.170,428.81363547168655,97
2024-09-20 15:47:15.274,428.7863805716846,100
2024-09-20 15:47:15.350,428.82781892788114,13
2024-09-20 15:47:15.357,428.7942445669551,12
2024-09-20 15:47:15.399,428.7896416639378,97
2024-09-20 15:47:15.536,428.8079602901487,7
2024-09-20 15:47:15.546,428.8111848292953,96
2024-09-20 15:47:15.558,428.7927202000885,95
2024-09-20 15:47:15.574,428.78280948794526,9
2024-09-20 15:47:15.577,428.7928658445177,97
2024-09-20 15:47:15.620,428.81968720015936,997
2024-09-20 15:47:15.647,428.8169538641452,96
2024-09-20 15:47:15.760,428.80377713648335,5
2024-09-20 15:47:15.789,428.81304315357823,11
2024-09-20 15:47:15.827,428.8179172915925,996
2024-09-20 15:47:15.884,428.80844373423287,7
2024-09-20 15:47:15.886,428.79092634490826,103
2024-09-20 15:47:15.936,428.8088216924861,1001
2024-09-20 15:47:15.939,428.8100343477235,104
2024-09-20 15:47:15.955,428.81156139411314,97
2024-09-20 15:47:15.968,428.8056623748923,1004
2024-09-20 15:47:16.485,428.78540938528056,101
2024-09-20 15:47:16.512,428.7905364939224,104
2024-09-20 15:47:16.898,428.7983379906229,101
2024-09-20 15:47:16.967,428.77758869944586,995
2024-09-20 15:47:17.039,428.8283845582105,1005
2024-09-20 15:47:17.088,428.7739437037851,101
2024-09-20 15:47:17.183,428.8422257164536,998
2024-09-20 15:47:17.245,428.7795811782349,1005
2024-09-20 15:47:17.245,428.78097561568654,104
2024-09-20 15:47:17.313,428.8016070466864,996
2024-09-20 15:47:17.337,428.8147473592822,105
2024-09-20 15:47:17.357,428.82438754241866,95
2024-09-20 15:47:17.415,428.8126846901514,1003
2024-09-20 15:47:17.549,428.794684927498,7
2024-09-20 15:47:17.573,428.8166627517671,1001
2024-09-20 15:47:17.626,428.8084744179438,1003
2024-09-20 15:47:17.666,428.7885636199153,11
2024-09-20 15:47:17.689,42.87917835908405,10
2024-09-20 15:47:17.703,428.8055669918136,8
2024-09-20 15:47:17.739,428.8237649731799,11
2024-09-20 15:47:17.823,428.8175189822355,997
2024-09-20 15:47:17.858,428.7866733902151,104
2024-09-20 15:47:17.860,428.7841878489048,15
2024-09-20 15:47:17.905,428.8270372402717,5
2024-09-20 15:47:18.018,428.8303262997123,13
2024-09-20 15:47:18.153,428.813210182485,9
2024-09-20 15:47:18.369,428.82389484331566,97
2024-09-20 15:47:18.507,428.8164861682104,10
2024-09-20 15:47:18.603,428.8208190648183,999
2024-09-20 15:47:18.743,428.8315171446059,101
2024-09-20 15:47:18.787,428.8250290624245,1000
2024-09-20 15:47:18.968,428.8445734765131,1003
2024-09-20 15:47:19.024,428.8259551113675,998
2024-09-20 15:47:19.106,428.78916337456224,101
2024-09-20 15:47:19.132,428.84146381057855,104
2024-09-20 15:47:19.132,428.8581383372775,12
2024-09-20 15:47:19.378,428.8152588843176,11
2024-09-20 15:47:19.425,428.8060259484297,1004
2024-09-20 15:47:19.647,428.8150615154871,96
2024-09-20 15:47:19.698,428.8151999914323,99
2024-09-20 15:47:19.737,428.85322838643,8
2024-09-20 15:47:19.775,428.8191654385119,1004
2024-09-20 15:47:19.775,428.82677034600647,98
2024-09-20 15:47:19.865,428.8420911693488,997
2024-09-20 15:47:19.867,428.8329934684096,15
2024-09-20 15:47:19.910,428.7956609245976,1001
2024-09-20 15:47:19.946,428.8504880273648,1003
2024-09-20 15:47:20.025,428.8022805393613,1003
2024-09-20 15:47:20.058,428.7855155947954,12
2024-09-20 15:47:20.074,428.8134393797852,14
2024-09-20 15:47:20.101,428.8005366967132,95
2024-09-20 15:47:20.307,428.80785734628415,8
2024-09-20 15:47:20.364,428.78586870407634,1002
2024-09-20 15:47:20.525,428.7890701785584,9
2024-09-20 15:47:20.597,428.77557626734455,101
2024-09-20 15:47:20.789,428.7750217546434,9
2024-09-20 15:47:20.914,428.796776652066,101
2024-09-20 15:47:20.919,428.8033256540816,10
2024-09-20 15:47:22.014,428.8201704391853,7
2024-09-20 15:47:22.070,428.7896838612572,11
2024-09-20 15:47:22.082,428.7977467857165,102
2024-09-20 15:47:22.106,428.8038389781016,8
2024-09-20 15:47:22.176,428.7933513572146,8
2024-09-20 15:47:22.215,428.7925385665868,99
2024-09-20 15:47:22.218,428.8168542789847,96
2024-09-20 15:47:22.291,428.787017582174,9
2024-09-20 15:47:22.363,428.7707098586946,14
2024-09-20 15:47:22.368,428.7957561286025,15
2024-09-20 15:47:22.437,428.8024315843742,103
2024-09-20 15:47:22.451,428.8003085438285,13
2024-09-20 15:47:22.720,428.80171826387857,7
2024-09-20 15:47:22.829,428.7936638584118,7
2024-09-20 15:47:22.866,428.8035608288971,998
2024-09-20 15:47:22.904,428.8151825878092,105
2024-09-20 15:47:23.130,428.7540492629138,1003
2024-09-20 15:47:23.183,428.7580448286216,104
2024-09-20 15:47:23.199,428.7686894343469,9
2024-09-20 15:47:23.246,428.7523489577599,996
2024-09-20 15:47:23.352,428.76707890187976,13
2024-09-20 15:47:23.356,428.76248215659206,98
2024-09-20 15:47:23.485,428.7612765473437,15
2024-09-20 15:47:23.582,428.7815627014573,98
2024-09-20 15:47:23.809,428.765160132178,98
2024-09-20 15:47:23.826,428.76933951924485,7
2024-09-20 15:47:23.857,428.7479926583299,103
2024-09-20 15:47:23.874,428.7605651902439,105
2024-09-20 15:47:23.896,428.763682256254,996
2024-09-20 15:47:24.024,428.7648898896394,10
2024-09-20 15:47:24.054,428.7392833844464,96
2024-09-20 15:47:24.106,428.7409658386719,100
2024-09-20 15:47:24.132,424.03363101174415,102
2024-09-20 15:47:24.137,428.7097576541802,103
2024-09-20 15:47:24.199,428.74635781591,103
2024-09-20 15:47:24.294,428.76546145714656,997
2024-09-20 15:47:24.476,428.7588232701761,102
2024-09-20 15:47:24.499,428.72035307818936,1001
2024-09-20 15:47:24.531,428.757660001623,7
2024-09-20 15:47:24.538,428.7202830723293,8
2024-09-20 15:47:24.558,-428.7785122770298,98
2024-09-20 15:47:24.563,428.75820371661047,6
2024-09-20 15:47:24.572,428.7637740461272,95
2024-09-20 15:47:24.573,428.7097824664044,14
2024-09-20 15:47:24.587,428.753214156935,101
2024-09-20 15:47:24.609,428.7121109565092,8
2024-09-20 15:47:24.649,428.75053369298433,1001
2024-09-20 15:47:24.652,428.7547805492532,995
2024-09-20 15:47:24.667,428.7776824588279,1001
2024-09-20 15:47:24.785,428.76519144293127,7
2024-09-20 15:47:24.791,428.78205830602025,104
2024-09-20 15:47:24.806,428.7721551122702,98
2024-09-20 15:47:24.833,428.77512482787125,96
2024-09-20 15:47:24.909,428.7179105029016,7
2024-09-20 15:47:24.966,428.7288703564138,104
2024-09-20 15:47:25.153,428.75603833971707,8
2024-09-20 15:47:25.165,428.7541429333414,12
2024-09-20 15:47:25.272,428.7592503553736,104
2024-09-20 15:47:25.289,428.7628941101109,8
2024-09-20 15:47:25.605,428.72376530350766,1004
2024-09-20 15:47:25.734,428.7500886707544,995
2024-09-20 15:47:26.197,428.7481761755757,5
2024-09-20 15:47:26.259,428.731981021362,1004
2024-09-20 15:47:26.331,428.7493944390857,98
2024-09-20 15:47:26.390,428.7038697427352,9
2024-09-20 15:47:26.461,428.7357144504428,105
2024-09-20 15:47:26.475,428.7569132295021,104
2024-09-20 15:47:26.476,428.7411844753915,99
2024-09-20 15:47:26.533,428.6940028206594,13
2024-09-20 15:47:26.544,428.7401210095073,14
2024-09-20 15:47:26.563,428.7252034736208,10
2024-09-20 15:47:26.586,428.7553345570836,995
2024-09-20 15:47:26.608,428.70890031780255,105
2024-09-20 15:47:26.608,428.7502058610949,999
2024-09-20 15:47:26.630,428.70445726739456,96
2024-09-20 15:47:26.658,428.7022189488346,95
2024-09-20 15:47:26.665,428.7309807005456,98
2024-09-20 15:47:26.679,428.6877155886514,99
2024-09-20 15:47:26.731,428.7435434181568,95
2024-09-20 15:47:26.821,428.7346044798897,997
2024-09-20 15:47:26.848,428.7228865261612,6
2024-09-20 15:47:26.861,428.6942056709009,1002
2024-09-20 15:47:26.921,428.753482043315,998
2024-09-20 15:47:27.024,428.7194429696656,96
2024-09-20 15:47:27.034,428.7134546938738,1000
2024-09-20 15:47:27.036,428.72419783955735,12
2024-09-20 15:47:27.072,428.710008560363,1000
2024-09-20 15:47:27.107,428.6994982456309,14
2024-09-20 15:47:27.128,428.707099428152,95
2024-09-20 15:47:27.225,428.6871075260121,5
2024-09-20 15:47:27.284,428.723334896635,100
2024-09-20 15:47:27.355,428.69371661344513,6
2024-09-20 15:47:27.365,428.7218560000385,996
2024-09-20 15:47:27.409,428.6848882564048,998
2024-09-20 15:47:27.424,428.7323028878835,10
2024-09-20 15:47:27.452,428.7077880526032,997
2024-09-20 15:47:27.471,428.7111261163518,998
2024-09-20 15:47:27.588,428.6993110016092,6
2024-09-20 15:47:27.597,428.71664091304007,1002
2024-09-20 15:47:27.649,428.6961292069155,103
2024-09-20 15:47:27.706,428.6892332261867,101
2024-09-20 15:47:27.721,428.6931565600117,1003
2024-09-20 15:47:27.740,428.68914522949217,998
2024-09-20 15:47:27.745,428.7083090841763,998
2024-09-20 15:47:27.785,428.6866763006165,101
2024-09-20 15:47:27.859,428.7102498379374,995
2024-09-20 15:47:27.913,428.7174629842678,104
2024-09-20 15:47:27.922,428.7030754015948,11
2024-09-20 15:47:27.951,428.6857952905429,104
2024-09-20 15:47:28.031,428.71161141480536,12
2024-09-20 15:47:28.100,428.69981850414086,102
2024-09-20 15:47:28.116,428.6814048581583,7
2024-09-20 15:47:28.140,428.692386705094,5
2024-09-20 15:47:28.141,428.7133727181384,100
2024-09-20 15:47:28.208,428.7236180532319,97
2024-09-20 15:47:28.235,428.713491431075,99
2024-09-20 15:47:28.305,428.7133012202096,101
2024-09-20 15:47:28.334,428.6876536988461,1004
2024-09-20 15:47:28.371,428.6924128728165,99
2024-09-20 15:47:28.406,428.6797653324853,5
2024-09-20 15:47:28.460,428.6996636622028,999
2024-09-20 15:47:28.647,428.6860190970353,100
2024-09-20 15:47:28.749,-428.6870935775837,9
2024-09-20 15:47:28.823,428.6831483372981,15
2024-09-20 15:47:29.041,428.7161704156606,997
2024-09-20 15:47:29.148,428.6961535914597,12
2024-09-20 15:47:29.387,428.707646126554,13
2024-09-20 15:47:29.427,428.6470492898146,104
2024-09-20 15:47:29.437,428.6939683014661,1004
2024-09-20 15:47:29.504,428.651812249037,96
2024-09-20 15:47:29.726,428.6557140363062,104
2024-09-20 15:47:29.740,428.65520860882754,8
2024-09-20 15:47:29.741,428.7120719733729,9
2024-09-20 15:47:29.755,428.65672742991967,1004
2024-09-20 15:47:29.770,428.68638963049233,103
2024-09-20 15:47:29.844,428.6945178033143,998
2024-09-20 15:47:29.856,428.6649356494764,997
2024-09-20 15:47:29.998,428.69172677775566,96
2024-09-20 15:47:30.000,428.670142169726,6
2024-09-20 15:47:30.006,428.7816360667017,105
2024-09-20 15:47:30.045,428.6644778714757,1000
2024-09-20 15:47:30.059,428.8568616667917,98
2024-09-20 15:47:30.087,428.760547754912,997
2024-09-20 15:47:30.093,428.77158357926186,104
2024-09-20 15:47:30.133,428.6575146328749,5
2024-09-20 15:47:30.235,428.6912547662895,5
2024-09-20 15:47:30.276,428.6900505364079,104
2024-09-20 15:47:30.322,428.7597728070729,9
2024-09-20 15:47:30.328,428.7377414087673,996
2024-09-20 15:47:30.335,428.7821870721754,1000
2024-09-20 15:47:30.336,428.71192946559086,99
2024-09-20 15:47:30.453,428.7597526218638,97
2024-09-20 15:47:30.468,428.65224530129774,9
2024-09-20 15:47:30.478,428.8496855585915,997
2024-09-20 15:47:30.494,428.8319923857534,12
2024-09-20 15:47:30.609,428.7255123005061,98
2024-09-20 15:47:30.792,428.6671443276607,9
2024-09-20 15:47:30.803,428.82027039395496,1005
2024-09-20 15:47:30.897,428.7390388964442,100
2024-09-20 15:47:30.945,428.8417835110605,7
2024-09-20 15:47:30.996,428.84556975010025,11
2024-09-20 15:47:31.133,428.8580588664599,997
2024-09-20 15:47:31.614,423.9946342509451,97
2024-09-20 15:47:31.905,428.8564248046927,100
2024-09-20 15:47:31.951,428.8596634849071,995
2024-09-20 15:47:32.153,428.9079243346092,6
2024-09-20 15:47:32.252,428.9041599665764,999
2024-09-20 15:47:32.255,428.9052722406445,9
2024-09-20 15:47:32.304,428.9009227046063,12
2024-09-20 15:47:32.314,428.8979273812197,98
2024-09-20 15:47:32.446,428.8717560496095,1005
2024-09-20 15:47:32.477,428.91269585091646,997
2024-09-20 15:47:32.503,428.87721544025146,101
2024-09-20 15:47:32.538,428.8832193467808,10
2024-09-20 15:47:32.541,428.9005013594164,996
2024-09-20 15:47:32.547,428.8884750331304,103
2024-09-20 15:47:32.572,428.8947596052236,999
2024-09-20 15:47:32.583,,15
2024-09-20 15:47:32.584,428.87475362739775,6
2024-09-20 15:47:32.596,428.8612615756406,1003
2024-09-20 15:47:32.617,428.9184304644576,1004
2024-09-20 15:47:32.622,428.8845295473655,7
2024-09-20 15:47:32.640,428.902209276194,996
2024-09-20 15:47:32.646,428.8963595878257,104
2024-09-20 15:47:32.692,428.8967586767994,99
2024-09-20 15:47:32.727,428.9161916552685,997
2024-09-20 15:47:32.761,428.869256307097,998
2024-09-20 15:47:32.767,428.8740009069588,999
2024-09-20 15:47:32.810,-428.86760790526426,95
2024-09-20 15:47:32.842,428.8659043010253,997
2024-09-20 15:47:32.882,,101
2024-09-20 15:47:32.902,428.91543155459647,10
2024-09-20 15:47:32.915,428.8730352121202,1004
2024-09-20 15:47:32.944,428.87330015085,99
2024-09-20 15:47:33.042,428.86157025228647,7
2024-09-20 15:47:33.067,428.8574721819925,13
2024-09-20 15:47:33.210,428.89258866376537,100
2024-09-20 15:47:33.366,428.892912769273,100
2024-09-20 15:47:33.532,428.8848270176256,997
2024-09-20 15:47:33.544,428.8978550933368,1002
2024-09-20 15:47:33.551,428.9289828755615,9
2024-09-20 15:47:33.585,428.8881782278214,15
2024-09-20 15:47:33.592,428.876609722721,1002
2024-09-20 15:47:33.602,428.9020803146815,105
2024-09-20 15:47:33.613,428.8844938069661,1000
2024-09-20 15:47:33.639,428.88025313481273,1000
2024-09-20 15:47:33.679,428.85149641442325,100
2024-09-20 15:47:33.727,428.8839873310079,1002
2024-09-20 15:47:33.767,428.8625419456548,103
2024-09-20 15:47:33.810,428.891962401033,1005
2024-09-20 15:47:33.810,428.8999667773013,997
2024-09-20 15:47:33.833,428.8852143095477,96
2024-09-20 15:47:33.959,428.8426143358306,15
2024-09-20 15:47:33.966,428.8805286849456,1000
2024-09-20 15:47:33.976,428.8920394435374,996
2024-09-20 15:47:33.990,428.9177193192496,7
2024-09-20 15:47:34.001,428.9653768055806,105
2024-09-20 15:47:34.057,428.9833473507844,97
2024-09-20 15:47:34.098,429.0381804520233,1004
2024-09-20 15:47:34.143,429.0378499388921,11
2024-09-20 15:47:34.147,429.0362360843761,1001
2024-09-20 15:47:34.176,429.0215348324549,995
2024-09-20 15:47:34.193,429.0271057528136,996
2024-09-20 15:47:34.204,428.9942362766988,999
2024-09-20 15:47:34.293,428.9478997908275,1005
2024-09-20 15:47:34.312,429.0469879566333,9
2024-09-20 15:47:34.352,428.9418153227023,105
2024-09-20 15:47:34.440,428.92794651969047,1000
2024-09-20 15:47:34.442,428.9784693533263,97
2024-09-20 15:47:34.567,428.95468274875424,13
2024-09-20 15:47:34.599,428.97675407924993,103
2024-09-20 15:47:34.734,429.04849100212414,1004
2024-09-20 15:47:34.749,429.0239890986679,996
2024-09-20 15:47:34.773,428.9476105997428,1003
2024-09-20 15:47:34.902,428.959675511414,15
2024-09-20 15:47:34.916,429.0453164082891,6
2024-09-20 15:47:34.960,429.0049805661935,11
2024-09-20 15:47:35.034,429.0236834904979,104
2024-09-20 15:47:35.226,429.0490335611173,1000
2024-09-20 15:47:35.316,429.0182893311908,99
2024-09-20 15:47:35.331,,1001
2024-09-20 15:47:35.392,429.0175333914413,1000
2024-09-20 15:47:35.463,429.0523709691589,105
2024-09-20 15:47:35.519,429.0446884014465,1000
2024-09-20 15:47:35.570,429.0225327686588,1002
2024-09-20 15:47:35.573,429.011997190593,6
2024-09-20 15:47:35.650,429.0468563653805,105
2024-09-20 15:47:35.764,429.0348692640062,6
2024-09-20 15:47:35.803,429.0322153404407,11
2024-09-20 15:47:35.906,429.0462793081075,14
2024-09-20 15:47:35.946,429.0505590203982,100
2024-09-20 15:47:36.014,429.02017287459154,102
2024-09-20 15:47:36.098,429.0174189646313,96
2024-09-20 15:47:36.180,429.0174342910923,96
2024-09-20 15:47:36.212,429.02715064234735,102
2024-09-20 15:47:36.318,429.030570516613,1000
2024-09-20 15:47:36.361,429.0381119293144,996
2024-09-20 15:47:36.396,429.0290168782855,13
2024-09-20 15:47:36.410,423.9552551232773,1000
2024-09-20 15:47:36.445,429.0302050355477,1004
2024-09-20 15:47:36.469,429.0038624660005,8
2024-09-20 15:47:36.611,429.0105069207722,97
2024-09-20 15:47:36.635,429.0242941634162,96
2024-09-20 15:47:36.748,429.0204627916368,1001
2024-09-20 15:47:36.946,429.0163795926927,10
2024-09-20 15:47:36.983,429.04055059160856,15
2024-09-20 15:47:36.989,429.02012171791046,1002
2024-09-20 15:47:36.997,429.00793395566745,6
2024-09-20 15:47:37.869,428.9762744322247,13
2024-09-20 15:47:38.516,428.9765316558022,1003
2024-09-20 15:47:38.530,428.9648131756096,102
2024-09-20 15:47:38.737,428.9743967791431,1002
2024-09-20 15:47:38.764,428.9699108217101,995
2024-09-20 15:47:38.786,428.9461882796476,102
2024-09-20 15:47:38.885,428.9736231580944,98
2024-09-20 15:47:39.006,428.98973618541794,995
2024-09-20 15:47:39.074,428.9847839162505,10
2024-09-20 15:47:39.105,428.9570682279172,1001
2024-09-20 15:47:39.183,428.9697496182695,11
2024-09-20 15:47:39.349,428.9871481037371,997
2024-09-20 15:47:40.179,428.9701505278499,100
2024-09-20 15:47:40.227,428.98039609587306,10
2024-09-20 15:47:40.765,428.9940930830186,1000
2024-09-20 15:47:40.885,428.9745642040369,1000
2024-09-20 15:47:40.888,428.9928192927422,1003
2024-09-20 15:47:40.976,428.9616941706867,1005
2024-09-20 15:47:41.012,428.9938475693977,1004
2024-09-20 15:47:41.056,428.95642986429857,1005
2024-09-20 15:47:41.060,428.989286565521,102
2024-09-20 15:47:41.161,428.99483091470586,98
2024-09-20 15:47:41.188,428.9621924482446,97
2024-09-20 15:47:41.235,428.9757000041716,13
2024-09-20 15:47:41.239,428.95275287044495,1000
2024-09-20 15:47:41.245,428.9694876420268,105
2024-09-20 15:47:41.267,428.9851421397886,5
2024-09-20 15:47:41.288,428.9587904997844,11
2024-09-20 15:47:41.318,429.01911681956113,102
2024-09-20 15:47:41.368,428.9474139421038,15
2024-09-20 15:47:41.434,428.928227135759,97
2024-09-20 15:47:41.494,428.96630068538,98
2024-09-20 15:47:41.693,42.901373610361645,1001
2024-09-20 15:47:41.694,42.89966046913816,996
2024-09-20 15:47:41.698,429.0080319614015,1002
2024-09-20 15:47:41.776,428.9532489708066,5
2024-09-20 15:47:41.936,428.9348071532603,11
2024-09-20 15:47:41.945,428.97330754425104,998
2024-09-20 15:47:41.976,429.0119706838482,105
2024-09-20 15:47:41.979,428.9258319889782,103
2024-09-20 15:47:42.027,429.05821744771856,995
2024-09-20 15:47:42.066,423.96134866885217,100
2024-09-20 15:47:42.085,429.1341368142996,1003
2024-09-20 15:47:42.163,429.031232560773,999
2024-09-20 15:47:42.194,429.0636154155184,1001
2024-09-20 15:47:42.221,429.128005805433,104
2024-09-20 15:47:42.387,429.0484836975998,97
2024-09-20 15:47:42.411,429.0215169723117,99
2024-09-20 15:47:42.460,429.1352052596496,11
2024-09-20 15:47:42.471,429.1464059425858,998
2024-09-20 15:47:42.475,429.13967114082936,1002
2024-09-20 15:47:42.499,429.0275344719975,95
2024-09-20 15:47:42.515,429.1199259535092,5
2024-09-20 15:47:42.542,429.1376766543684,10
2024-09-20 15:47:42.550,429.02844744798927,99
2024-09-20 15:47:42.682,429.1318826362872,8
2024-09-20 15:47:42.716,429.1163905109225,13
2024-09-20 15:47:42.720,429.1211389876766,1001
2024-09-20 15:47:42.739,,1003
2024-09-20 15:47:42.741,429.0349901984581,1000
2024-09-20 15:47:42.756,,5
2024-09-20 15:47:42.773,423.9890280538751,14
2024-09-20 15:47:42.776,429.04727133544753,10
2024-09-20 15:47:42.812,429.06804723579074,5
2024-09-20 15:47:42.814,429.1198940916336,104
2024-09-20 15:47:42.903,42.90401756021876,103
2024-09-20 15:47:42.957,429.0342698729804,5
2024-09-20 15:47:42.966,429.0923509217211,9
2024-09-20 15:47:42.978,429.0570151807776,98
2024-09-20 15:47:43.196,429.0881472249419,98
2024-09-20 15:47:43.205,429.1181125769014,105
2024-09-20 15:47:43.209,429.1141211978347,10
2024-09-20 15:47:43.280,429.07510204568894,97
2024-09-20 15:47:43.369,429.0714829958328,95
2024-09-20 15:47:43.495,429.12648550925553,998
2024-09-20 15:47:43.560,429.0599923711897,95
2024-09-20 15:47:43.616,429.092385324128,14
2024-09-20 15:47:43.673,429.10697379920384,995
2024-09-20 15:47:43.680,429.1199728191913,997
2024-09-20 15:47:43.764,429.1359639139645,1002
2024-09-20 15:47:43.769,429.1221571878076,998
2024-09-20 15:47:43.905,429.0936749549999,11
2024-09-20 15:47:43.947,429.0949882570658,100
2024-09-20 15:47:43.952,429.0697436432032,999
2024-09-20 15:47:44.014,429.063613881502,97
2024-09-20 15:47:44.015,429.0637369264296,8
2024-09-20 15:47:44.028,429.0612705083955,104
2024-09-20 15:47:44.102,429.07396945202726,105
2024-09-20 15:47:44.132,429.0909952864076,15
2024-09-20 15:47:44.208,429.0656247226809,103
2024-09-20 15:47:44.223,429.0630997038915,103
2024-09-20 15:47:44.250,429.0781591898483,12
2024-09-20 15:47:44.263,429.0601096311006,95
2024-09-20 15:47:44.269,429.0693518679371,105
2024-09-20 15:47:44.329,429.0932579311282,1001
2024-09-20 15:47:44.331,429.0792502621003,5
2024-09-20 15:47:44.351,429.0536404628165,8
2024-09-20 15:47:44.417,429.0445773546416,1001
2024-09-20 15:47:44.499,429.09429663052686,98
2024-09-20 15:47:44.559,429.08299036889593,1003
2024-09-20 15:47:44.579,429.0422808500422,103
2024-09-20 15:47:44.594,429.04272673712495,1005
2024-09-20 15:47:44.703,429.09157424403566,102
2024-09-20 15:47:44.753,429.0802750804913,105
2024-09-20 15:47:44.775,429.0499744016757,6
2024-09-20 15:47:44.778,429.0811089841585,10
2024-09-20 15:47:44.780,429.0612733193999,1001
2024-09-20 15:47:44.817,429.0742799421516,95
2024-09-20 15:47:44.818,429.0590323448533,1002
2024-09-20 15:47:44.828,429.0720784175721,995
2024-09-20 15:47:44.848,429.056448248624,7
2024-09-20 15:47:44.921,429.0840726092372,5
2024-09-20 15:47:44.922,429.0599362250189,1005
2024-09-20 15:47:44.947,429.0790320526693,99
2024-09-20 15:47:45.089,429.0129647600804,96
2024-09-20 15:47:45.247,429.0052063228301,996
2024-09-20 15:47:45.288,424.0552897694053,99
2024-09-20 15:47:45.944,429.0262026987638,998
2024-09-20 15:47:45.988,429.00754715898944,96
2024-09-20 15:47:46.042,428.99325890675954,1001
2024-09-20 15:47:46.052,428.9884507517871,13
2024-09-20 15:47:46.149,428.9918206720106,12
2024-09-20 15:47:46.157,428.9956332760313,13
2024-09-20 15:47:46.170,429.0182317822649,14
2024-09-20 15:47:46.185,429.0066608059016,1000
2024-09-20 15:47:46.213,428.9835913970072,10
2024-09-20 15:47:46.290,42.90174921600833,15
2024-09-20 15:47:46.331,429.0111449686228,13
2024-09-20 15:47:46.345,429.010462220327,98
2024-09-20 15:47:46.352,428.9892299640885,13
2024-09-20 15:47:46.360,42.90093820194403,99
2024-09-20 15:47:46.480,428.9815458922888,101
2024-09-20 15:47:46.487,429.01818222069846,100
2024-09-20 15:47:46.618,428.9603225260949,998
2024-09-20 15:47:46.654,429.0139979706978,998
2024-09-20 15:47:46.710,429.0113539832034,14
2024-09-20 15:47:46.754,428.9912672669907,104
2024-09-20 15:47:46.847,429.0143861813516,998
2024-09-20 15:47:46.988,429.0030889247616,98
2024-09-20 15:47:47.048,429.0024010002394,997
2024-09-20 15:47:47.051,429.0038318265006,995
2024-09-20 15:47:47.067,429.0057818309409,8
2024-09-20 15:47:47.130,429.0239179938846,12
2024-09-20 15:47:47.203,429.0124443007886,11
2024-09-20 15:47:47.240,429.0241663659908,14
2024-09-20 15:47:47.357,428.9661248642368,96
2024-09-20 15:47:47.359,429.0027089233309,11
2024-09-20 15:47:47.363,429.0079017767156,1001
2024-09-20 15:47:47.485,429.01530507908245,15
2024-09-20 15:47:47.489,429.023387786877,12
2024-09-20 15:47:47.588,428.97309085770615,6
2024-09-20 15:47:47.669,428.9971997042168,15
2024-09-20 15:47:47.726,428.9860696155515,995
2024-09-20 15:47:47.792,429.0230447933175,105
2024-09-20 15:47:47.843,428.9965023011033,1004
2024-09-20 15:47:48.001,428.9605738253176,104
2024-09-20 15:47:48.010,428.936943633487,99
2024-09-20 15:47:48.085,428.9477495791811,7
2024-09-20 15:47:48.090,428.96731106888296,999
2024-09-20 15:47:48.161,428.9807683102613,8
2024-09-20 15:47:48.182,428.9763474593947,6
2024-09-20 15:47:48.218,428.95264053390616,102
2024-09-20 15:47:48.228,428.9421999219777,995
2024-09-20 15:47:48.305,428.9582462053858,1001
2024-09-20 15:47:48.355,428.97102483049775,995
2024-09-20 15:47:48.373,428.9634732829033,1001
2024-09-20 15:47:48.489,428.9521640109201,1001
2024-09-20 15:47:48.504,428.9757250476165,998
2024-09-20 15:47:48.582,428.9698076555306,95
2024-09-20 15:47:48.606,428.9602021192141,98
2024-09-20 15:47:48.702,428.9777432661881,105
2024-09-20 15:47:48.736,428.9754507482349,1002
2024-09-20 15:47:48.955,428.973209808241,105
2024-09-20 15:47:49.036,428.9732191552323,8
2024-09-20 15:47:49.096,429.0019499369291,999
2024-09-20 15:47:49.190,428.9937018139693,6
2024-09-20 15:47:49.291,428.9689620850721,1004
2024-09-20 15:47:49.495,428.95243534129867,11
2024-09-20 15:47:49.608,428.9837684323885,1005
2024-09-20 15:47:49.618,428.9905467257203,1001
2024-09-20 15:47:49.741,428.96987695080776,6
2024-09-20 15:47:49.873,428.96587302781467,10
2024-09-20 15:47:49.953,428.9603176489817,103
2024-09-20 15:47:50.041,428.9779314213214,1004
2024-09-20 15:47:51.210,429.0061517819174,998
2024-09-20 15:47:51.266,429.0009648836702,998
2024-09-20 15:47:51.740,428.9909183817112,1003
2024-09-20 15:47:51.766,428.9938693910536,103
2024-09-20 15:47:51.810,429.002198211517,6
2024-09-20 15:47:51.902,429.0108517802952,101
2024-09-20 15:47:52.071,428.9907730225744,15
2024-09-20 15:47:52.108,429.01218878435816,100
2024-09-20 15:47:52.158,429.03437716069647,1000
2024-09-20 15:47:52.176,,98
2024-09-20 15:47:52.187,428.9836698613548,103
2024-09-20 15:47:52.261,428.9828354406612,95
2024-09-20 15:47:52.289,429.0259769604599,97
2024-09-20 15:47:52.290,429.0104001956559,999
2024-09-20 15:47:52.352,429.0178225435329,105
2024-09-20 15:47:52.360,42.90176157823655,102
2024-09-20 15:47:52.373,429.0422582762271,1000
2024-09-20 15:47:52.384,429.0167828212739,998
2024-09-20 15:47:52.410,429.0243022919138,996
2024-09-20 15:47:52.492,429.0266977774924,1000
2024-09-20 15:47:52.561,429.0217507164504,104
2024-09-20 15:47:52.575,429.0003687102737,15
2024-09-20 15:47:52.599,429.0067774920409,95
2024-09-20 15:47:52.650,429.0032034749864,11
2024-09-20 15:47:52.658,429.02965400629984,11
2024-09-20 15:47:52.672,429.0258440341299,8
2024-09-20 15:47:52.696,428.98722292095096,995
2024-09-20 15:47:52.788,429.0286558207386,101
2024-09-20 15:47:52.821,429.0260422697905,996
2024-09-20 15:47:52.919,429.0132769270968,105
2024-09-20 15:47:52.919,429.0021909713577,998
2024-09-20 15:47:52.959,429.0286457520794,7
2024-09-20 15:47:52.967,428.9954595805045,5
2024-09-20 15:47:52.994,429.0232794683296,101
2024-09-20 15:47:53.044,429.0281108653009,9
2024-09-20 15:47:53.079,429.0067227907233,14
2024-09-20 15:47:53.089,429.0386763012119,10
2024-09-20 15:47:53.099,429.0392186342278,12
2024-09-20 15:47:53.121,429.0127754537431,1001
2024-09-20 15:47:53.133,429.0008826259585,1000
2024-09-20 15:47:53.285,429.01701417808,105
2024-09-20 15:47:53.292,429.00685647845233,7
2024-09-20 15:47:53.306,428.9998059110823,14
2024-09-20 15:47:53.308,429.0167685684683,1000
2024-09-20 15:47:53.343,429.0355598029954,5
2024-09-20 15:47:53.389,429.00429428160015,1005
2024-09-20 15:47:53.421,429.0364991968656,7
2024-09-20 15:47:53.424,429.00913375320863,1001
2024-09-20 15:47:53.430,428.99907825362135,100
2024-09-20 15:47:53.439,428.9868389235664,13
2024-09-20 15:47:53.454,429.01367066246536,995
2024-09-20 15:47:53.508,429.0259632173188,13
2024-09-20 15:47:53.520,429.0099947676956,13
2024-09-20 15:47:53.606,428.9966691738836,10
2024-09-20 15:47:53.688,429.00829882054586,8
2024-09-20 15:47:53.705,428.9991534172569,100
2024-09-20 15:47:53.719,429.0022336744335,5
2024-09-20 15:47:53.722,429.02861773753824,102
2024-09-20 15:47:53.762,429.03180080175895,1001
2024-09-20 15:47:53.846,429.0107919519908,9
2024-09-20 15:47:53.861,429.0038162091602,999
2024-09-20 15:47:53.899,429.00468353361833,1003
2024-09-20 15:47:53.953,428.9878730950159,105
2024-09-20 15:47:54.116,429.059542103596,10
2024-09-20 15:47:54.159,429.08654079995193,96
2024-09-20 15:47:54.280,429.0803866212388,98
2024-09-20 15:47:54.415,429.0663437051661,96
2024-09-20 15:47:54.435,429.0623490811814,7
2024-09-20 15:47:54.488,429.0677525145053,1000
2024-09-20 15:47:54.529,429.069732870716,104
2024-09-20 15:47:54.569,429.0620979616005,7
2024-09-20 15:47:54.583,429.0502559648497,15
2024-09-20 15:47:54.640,429.0554324562878,995
2024-09-20 15:47:54.664,429.0534882692656,1000
2024-09-20 15:47:54.790,429.0617443236433,13
2024-09-20 15:47:54.798,429.0574614985468,1004
2024-09-20 15:47:55.043,429.0385035776089,95
2024-09-20 15:47:55.045,429.0345000884636,7
2024-09-20 15:47:55.071,428.9973230531375,96
2024-09-20 15:47:55.082,429.0305539360341,1005
2024-09-20 15:47:55.125,429.04883607296506,997
2024-09-20 15:47:55.186,429.0267175154148,995
2024-09-20 15:47:55.191,429.0377038772887,13
2024-09-20 15:47:55.273,429.00999445174494,997
2024-09-20 15:47:55.294,429.0443448951231,995
2024-09-20 15:47:55.296,429.0250682758738,13
2024-09-20 15:47:55.383,429.028669286268,103
2024-09-20 15:47:55.488,429.0369170774249,1003
2024-09-20 15:47:55.543,429.0336164521171,7
2024-09-20 15:47:55.550,429.0377156581702,999
2024-09-20 15:47:55.599,429.01551445544936,6
2024-09-20 15:47:55.657,429.0391195222488,998
2024-09-20 15:47:55.672,429.0356537425056,100
2024-09-20 15:47:55.680,429.06224238814485,1005
2024-09-20 15:47:55.753,429.04853525305407,15
2024-09-20 15:47:55.767,429.0069771079847,6
2024-09-20 15:47:55.802,429.03135974197374,101
2024-09-20 15:47:55.869,429.0728635588917,5
2024-09-20 15:47:55.873,429.0315704452798,9
2024-09-20 15:47:55.894,429.0651244384854,15
2024-09-20 15:47:55.912,429.0350001346948,104
2024-09-20 15:47:55.985,429.0388332651481,7
2024-09-20 15:47:56.119,429.0019766750984,1005
2024-09-20 15:47:56.219,428.9802680077542,8
2024-09-20 15:47:56.314,428.993519808544,12
2024-09-20 15:47:56.401,428.9777336567117,7
2024-09-20 15:47:56.567,428.99542901586045,998
2024-09-20 15:47:56.608,428.9971517400194,11
2024-09-20 15:47:56.668,428.989393998091,99
2024-09-20 15:47:56.971,428.98667380003286,96
2024-09-20 15:47:57.023,429.0606039315449,996
2024-09-20 15:47:57.044,-429.0593183090891,996
2024-09-20 15:47:57.084,429.06803046622014,98
2024-09-20 15:47:57.133,429.0595654670968,12
2024-09-20 15:47:57.171,429.082905782986,1003
2024-09-20 15:47:57.252,429.0942125782152,14
2024-09-20 15:47:57.268,429.0504490026026,10
2024-09-20 15:47:57.278,429.0265335452114,10
2024-09-20 15:47:57.297,429.01756856252575,15
2024-09-20 15:47:57.311,429.0822378891158,1002
2024-09-20 15:47:57.414,429.0446326794168,12
2024-09-20 15:47:57.419,429.0690296863058,996
2024-09-20 15:47:57.494,429.0067066292393,1002
2024-09-20 15:47:57.519,429.0571447532567,8
2024-09-20 15:47:57.537,429.0549875820725,10
2024-09-20 15:47:57.551,429.0522687358017,104
2024-09-20 15:47:57.572,429.0378869260031,7
2024-09-20 15:47:57.634,429.07468569002987,995
2024-09-20 15:47:57.657,429.1000830986895,999
2024-09-20 15:47:57.747,429.0807932043283,99
2024-09-20 15:47:57.786,429.0570136895489,1005
2024-09-20 15:47:57.824,429.0677957117495,1005
2024-09-20 15:47:57.844,429.02066160853536,101
2024-09-20 15:47:57.846,429.0583109974567,1000
2024-09-20 15:47:57.872,429.0500523639056,96
2024-09-20 15:47:57.912,429.0095931046783,11
2024-09-20 15:47:58.793,429.0494387223192,97
2024-09-20 15:47:59.568,429.0344483319078,995
2024-09-20 15:47:59.753,429.02906659232895,1000
2024-09-20 15:47:59.991,429.0248968614438,102
