Timestamp,Price,Size
2024-09-18 14:08:00.052,414.6133307345504,1002
2024-09-18 14:08:00.056,414.6276145841144,99
2024-09-18 14:08:00.095,414.57557782192407,5
2024-09-18 14:08:00.159,414.5821613880065,99
2024-09-18 14:08:00.216,414.5723721608716,6
2024-09-18 14:08:00.217,414.6102793040356,9
2024-09-18 14:08:00.224,414.6301134103636,103
2024-09-18 14:08:00.255,414.59801434739154,101
2024-09-18 14:08:00.307,414.57501122979824,5
2024-09-18 14:08:00.374,414.5894141887129,8
2024-09-18 14:08:00.425,414.6284893405965,14
2024-09-18 14:08:00.495,414.61863210526735,14
2024-09-18 14:08:00.599,414.6256229069472,1001
2024-09-18 14:08:00.642,414.57861026349207,1002
2024-09-18 14:08:00.656,414.6333377928496,100
2024-09-18 14:08:00.828,414.6287994500775,13
2024-09-18 14:08:00.965,414.5841460616177,1004
2024-09-18 14:08:01.068,414.6304287191311,12
2024-09-18 14:08:01.082,414.61693223062696,999
2024-09-18 14:08:01.108,414.6054432892528,5
2024-09-18 14:08:01.184,414.6176534526059,999
2024-09-18 14:08:01.193,414.6363733090534,997
2024-09-18 14:08:01.207,414.6127664477797,14
2024-09-18 14:08:01.227,414.6136728012524,7
2024-09-18 14:08:01.236,414.5656026202644,1000
2024-09-18 14:08:01.266,414.5918719541221,101
2024-09-18 14:08:01.269,414.571326511334,101
2024-09-18 14:08:01.293,414.630374588076,1005
2024-09-18 14:08:01.302,414.61693099044993,997
2024-09-18 14:08:01.327,414.6213149709784,15
2024-09-18 14:08:01.426,414.626106137016,6
2024-09-18 14:08:01.439,414.6418156087351,103
2024-09-18 14:08:01.502,414.6104172735684,105
2024-09-18 14:08:01.518,414.6297342944813,105
2024-09-18 14:08:01.526,414.6135418026256,1001
2024-09-18 14:08:01.545,414.6313552528187,104
2024-09-18 14:08:01.602,414.6141459897697,1002
2024-09-18 14:08:01.634,-414.6247954178247,11
2024-09-18 14:08:01.717,414.62272507551023,997
2024-09-18 14:08:01.801,414.5898724123024,105
2024-09-18 14:08:01.802,414.6411618580226,995
2024-09-18 14:08:01.876,414.6151212161033,998
2024-09-18 14:08:01.894,,996
2024-09-18 14:08:01.919,414.6417456618917,101
2024-09-18 14:08:01.926,414.61954513028985,105
2024-09-18 14:08:01.958,414.6353615224667,102
2024-09-18 14:08:01.977,41.46367141707479,998
2024-09-18 14:08:02.181,414.5684747534565,10
2024-09-18 14:08:02.198,414.5128934411739,13
2024-09-18 14:08:02.295,414.5427033437426,999
2024-09-18 14:08:02.311,414.5439554873611,997
2024-09-18 14:08:02.316,414.51718122465616,1005
2024-09-18 14:08:02.386,414.5267830034765,1002
2024-09-18 14:08:02.419,414.5261842876312,11
2024-09-18 14:08:02.572,414.51390526757126,1001
2024-09-18 14:08:02.597,414.5553609170128,1002
2024-09-18 14:08:02.663,414.5494449305966,8
2024-09-18 14:08:02.992,414.5148830853589,97
2024-09-18 14:08:03.030,414.52472738665534,6
2024-09-18 14:08:03.060,414.50877127563353,99
2024-09-18 14:08:03.154,414.5386987219456,97
2024-09-18 14:08:03.225,414.5135729917472,6
2024-09-18 14:08:03.268,414.5365234097723,101
2024-09-18 14:08:03.272,414.5148867772953,103
2024-09-18 14:08:03.319,414.4962023429421,10
2024-09-18 14:08:03.327,414.5355989721398,6
2024-09-18 14:08:03.359,414.5655925826587,98
2024-09-18 14:08:03.421,414.5434276817899,997
2024-09-18 14:08:03.422,414.5770627639709,96
2024-09-18 14:08:03.483,414.5195746178699,998
2024-09-18 14:08:03.513,414.53968464939726,104
2024-09-18 14:08:03.572,414.5280558752816,95
2024-09-18 14:08:03.601,414.5338459446588,13
2024-09-18 14:08:03.662,414.528459229881,104
2024-09-18 14:08:03.667,414.5179546934131,7
2024-09-18 14:08:03.690,414.530916967888,7
2024-09-18 14:08:03.716,414.511506787887,100
2024-09-18 14:08:03.753,414.50996646597486,95
2024-09-18 14:08:03.819,414.519113045599,99
2024-09-18 14:08:03.849,414.5821918370863,996
2024-09-18 14:08:03.893,414.5535380405671,996
2024-09-18 14:08:03.932,414.5792423906244,105
2024-09-18 14:08:03.967,414.521108595664,1001
2024-09-18 14:08:04.054,414.5023700320489,1005
2024-09-18 14:08:04.224,414.44000972169016,997
2024-09-18 14:08:04.279,414.504078716048,1001
2024-09-18 14:08:04.287,414.4425265956237,6
2024-09-18 14:08:04.294,414.5213921279536,105
2024-09-18 14:08:04.365,414.50863782794266,100
2024-09-18 14:08:04.375,414.48611826364674,103
2024-09-18 14:08:04.393,414.4872607962724,999
2024-09-18 14:08:04.409,414.4929269423899,10
2024-09-18 14:08:04.434,414.49585325028,100
2024-09-18 14:08:04.449,414.444920742024,1000
2024-09-18 14:08:04.485,414.5141351634831,99
2024-09-18 14:08:04.519,414.4873583376028,998
2024-09-18 14:08:04.576,414.5073787784784,15
2024-09-18 14:08:04.592,414.5095297378001,96
2024-09-18 14:08:04.612,414.4608013997843,1001
2024-09-18 14:08:04.622,414.5143305042079,1002
2024-09-18 14:08:04.638,414.4814069299453,7
2024-09-18 14:08:04.706,414.4963548767985,102
2024-09-18 14:08:04.785,414.51838000013606,96
2024-09-18 14:08:04.846,414.4825194451123,999
2024-09-18 14:08:04.848,414.5139393060401,105
2024-09-18 14:08:04.873,414.4712698284804,1000
2024-09-18 14:08:04.887,414.52515753841794,105
2024-09-18 14:08:04.887,414.5006077543417,100
2024-09-18 14:08:04.932,414.47780795667137,104
2024-09-18 14:08:04.997,414.5203499235407,13
2024-09-18 14:08:05.038,414.4306139533576,995
2024-09-18 14:08:05.075,414.39338842336434,104
2024-09-18 14:08:05.440,414.4288280855896,14
2024-09-18 14:08:05.468,414.3974072212844,9
2024-09-18 14:08:05.608,414.4147272144541,96
2024-09-18 14:08:05.635,414.4148611131421,1005
2024-09-18 14:08:05.869,414.4051487619208,11
2024-09-18 14:08:05.870,414.4180256784675,10
2024-09-18 14:08:05.995,414.42480936902496,1002
2024-09-18 14:08:06.012,414.434147137241,15
2024-09-18 14:08:06.117,414.4367502114318,14
2024-09-18 14:08:06.192,-414.4240340639391,98
2024-09-18 14:08:06.280,414.4362557937077,99
2024-09-18 14:08:06.360,414.4148808530569,98
2024-09-18 14:08:06.369,414.4096216435152,1005
2024-09-18 14:08:06.381,414.397605584837,95
2024-09-18 14:08:06.391,414.4432384927656,999
2024-09-18 14:08:06.415,414.37311212309805,1005
2024-09-18 14:08:06.434,414.37559055858287,99
2024-09-18 14:08:06.454,414.44827829712096,14
2024-09-18 14:08:06.557,414.4349001459892,100
2024-09-18 14:08:06.560,414.42678856334527,6
2024-09-18 14:08:06.608,414.4262470038604,100
2024-09-18 14:08:06.627,414.4275267762167,11
2024-09-18 14:08:06.640,414.38634806435954,1003
2024-09-18 14:08:06.650,414.4346621369966,1000
2024-09-18 14:08:06.656,414.37494739480496,105
2024-09-18 14:08:06.673,414.4076742379575,99
2024-09-18 14:08:06.683,414.4287188532815,95
2024-09-18 14:08:06.688,,1000
2024-09-18 14:08:06.872,414.45305227789777,1004
2024-09-18 14:08:06.876,414.4188161783672,998
2024-09-18 14:08:06.898,-414.3935834131031,1000
2024-09-18 14:08:06.933,414.38568876171695,104
2024-09-18 14:08:06.992,414.3929489419176,1005
2024-09-18 14:08:07.026,414.4242701988685,1005
2024-09-18 14:08:07.082,414.4117045898946,13
2024-09-18 14:08:07.087,414.4238855877812,8
2024-09-18 14:08:07.091,414.425493945674,100
2024-09-18 14:08:07.094,414.42799926199234,999
2024-09-18 14:08:07.106,414.4035263216081,95
2024-09-18 14:08:07.118,414.4141450737569,10
2024-09-18 14:08:07.139,414.4419608712216,1000
2024-09-18 14:08:07.173,414.4176774288872,1005
2024-09-18 14:08:07.278,414.4065136709564,1003
2024-09-18 14:08:07.284,414.399478108568,12
2024-09-18 14:08:07.334,414.4088638537154,103
2024-09-18 14:08:07.390,414.46153100007945,6
2024-09-18 14:08:07.401,414.41110218772616,96
2024-09-18 14:08:07.438,414.39637777050297,996
2024-09-18 14:08:07.445,414.4030714987703,104
2024-09-18 14:08:07.482,414.4567434510119,102
2024-09-18 14:08:07.482,414.4691814838986,7
2024-09-18 14:08:07.493,414.40997340773737,101
2024-09-18 14:08:07.496,414.4215618730832,11
2024-09-18 14:08:07.553,414.4414898991957,105
2024-09-18 14:08:07.570,414.4453816034913,1001
2024-09-18 14:08:07.781,414.4197080793762,98
2024-09-18 14:08:07.801,414.4254505042284,9
2024-09-18 14:08:07.815,414.4193647186135,98
2024-09-18 14:08:07.817,41.44268022293397,13
2024-09-18 14:08:07.947,414.44438953360856,996
2024-09-18 14:08:07.996,414.4042571218026,15
2024-09-18 14:08:08.108,414.4259023834256,98
2024-09-18 14:08:08.127,414.4077837244501,8
2024-09-18 14:08:08.145,414.43116361806665,12
2024-09-18 14:08:08.158,414.4350362756225,998
2024-09-18 14:08:08.291,414.4451666888952,996
2024-09-18 14:08:08.292,414.43793443003744,1001
2024-09-18 14:08:08.341,414.43535714130144,14
2024-09-18 14:08:08.364,414.3972013081141,14
2024-09-18 14:08:08.478,414.4300906557981,15
2024-09-18 14:08:08.514,414.40507642681,13
2024-09-18 14:08:08.616,414.4354457012763,101
2024-09-18 14:08:08.620,414.4098390537919,99
2024-09-18 14:08:08.622,414.45371508934977,1001
2024-09-18 14:08:08.668,414.4116192010493,96
2024-09-18 14:08:08.680,414.41673091714057,11
2024-09-18 14:08:08.718,414.42465252769074,100
2024-09-18 14:08:08.761,414.4122560693564,95
2024-09-18 14:08:08.807,414.4348392884938,997
2024-09-18 14:08:08.875,414.41399852611096,12
2024-09-18 14:08:08.965,414.4412814870567,1005
2024-09-18 14:08:08.975,414.4352872982767,1002
2024-09-18 14:08:09.440,414.4369154517454,99
2024-09-18 14:08:09.466,414.4468611120767,6
2024-09-18 14:08:09.478,414.4450185740524,6
2024-09-18 14:08:09.490,414.44446658607495,13
2024-09-18 14:08:09.538,414.4383891467856,11
2024-09-18 14:08:09.935,414.44015076077807,995
2024-09-18 14:08:09.962,414.4385287205976,103
2024-09-18 14:08:10.002,414.4672616580759,7
2024-09-18 14:08:10.034,414.4590211099083,98
2024-09-18 14:08:10.050,414.4599417561938,98
2024-09-18 14:08:10.062,414.4389923092644,13
2024-09-18 14:08:10.075,414.4544936948528,99
2024-09-18 14:08:10.116,414.4586562708605,15
2024-09-18 14:08:10.130,414.4750420439227,998
2024-09-18 14:08:10.176,414.4858458819558,998
2024-09-18 14:08:10.201,414.4808142868928,9
2024-09-18 14:08:10.214,414.5030749186273,10
2024-09-18 14:08:10.253,414.4642968284639,995
2024-09-18 14:08:10.279,414.4491299897332,12
2024-09-18 14:08:10.301,414.50404840488113,6
2024-09-18 14:08:10.306,414.4776358811036,7
2024-09-18 14:08:10.377,414.45361053123753,5
2024-09-18 14:08:10.382,414.4399062354395,15
2024-09-18 14:08:10.420,414.48224730763576,15
2024-09-18 14:08:10.522,414.4760399413066,14
2024-09-18 14:08:10.639,414.4527730252453,7
2024-09-18 14:08:10.746,414.4734489039407,995
2024-09-18 14:08:10.752,414.4615552353448,7
2024-09-18 14:08:10.753,414.445597111521,1000
2024-09-18 14:08:10.756,414.4668711809952,12
2024-09-18 14:08:10.847,414.4600677546744,13
2024-09-18 14:08:10.868,414.46050818434753,997
2024-09-18 14:08:10.897,414.4680699069189,95
2024-09-18 14:08:10.921,414.5001253474264,996
2024-09-18 14:08:10.944,414.4567503411403,98
2024-09-18 14:08:11.066,414.4059289338294,1002
2024-09-18 14:08:11.092,414.4051888015202,999
2024-09-18 14:08:11.170,414.31343270149495,1005
2024-09-18 14:08:11.174,414.395181785886,998
2024-09-18 14:08:11.186,414.437729465983,11
2024-09-18 14:08:11.195,414.3959491595708,12
2024-09-18 14:08:11.231,,10
2024-09-18 14:08:11.238,414.4045155883231,10
2024-09-18 14:08:11.340,414.4379809389053,103
2024-09-18 14:08:11.374,414.2671649740634,1005
2024-09-18 14:08:11.411,414.3691279974103,97
2024-09-18 14:08:11.432,414.45361163639313,103
2024-09-18 14:08:11.444,414.3594449629595,6
2024-09-18 14:08:11.512,414.3121192743005,103
2024-09-18 14:08:11.608,414.3013924229588,9
2024-09-18 14:08:11.610,414.35354412402376,6
2024-09-18 14:08:11.656,414.43418433777657,997
2024-09-18 14:08:11.659,414.4093157415108,105
2024-09-18 14:08:11.692,414.28259227902487,998
2024-09-18 14:08:11.697,414.3980031761462,6
2024-09-18 14:08:11.727,414.3990570970216,97
2024-09-18 14:08:11.752,414.4708025650892,10
2024-09-18 14:08:11.757,414.3305509647639,999
2024-09-18 14:08:11.781,414.399441767704,105
2024-09-18 14:08:11.809,414.3895838775289,105
2024-09-18 14:08:11.816,,103
2024-09-18 14:08:11.865,414.3942520550371,96
2024-09-18 14:08:11.916,414.4099562000671,95
2024-09-18 14:08:11.943,414.3991245760072,104
2024-09-18 14:08:11.966,414.4792895121772,10
2024-09-18 14:08:12.669,414.24999881126325,997
2024-09-18 14:08:12.913,414.2723749824896,1005
2024-09-18 14:08:13.135,414.27125919170777,96
2024-09-18 14:08:13.214,414.2696181417628,8
2024-09-18 14:08:13.743,414.26865916950567,1002
2024-09-18 14:08:13.767,414.287571816008,12
2024-09-18 14:08:13.880,-414.28196612193136,97
2024-09-18 14:08:13.891,414.2775747751065,99
2024-09-18 14:08:14.040,414.23517060634873,99
2024-09-18 14:08:14.086,414.2673686768834,11
2024-09-18 14:08:14.097,414.28733962517015,105
2024-09-18 14:08:14.110,414.2379836908793,11
2024-09-18 14:08:14.164,414.2831676491694,103
2024-09-18 14:08:14.186,414.2715864635903,7
2024-09-18 14:08:14.236,414.230251667239,100
2024-09-18 14:08:14.257,414.2664340215026,1004
2024-09-18 14:08:14.265,414.25681681846464,998
2024-09-18 14:08:14.345,414.2532737523706,15
2024-09-18 14:08:14.369,414.28932377882165,101
2024-09-18 14:08:14.384,414.29938700783697,11
2024-09-18 14:08:14.393,414.2458119243922,1000
2024-09-18 14:08:14.420,414.2783631399272,9
2024-09-18 14:08:14.431,414.2838838916591,102
2024-09-18 14:08:14.498,414.2653143110007,997
2024-09-18 14:08:14.554,414.2830620806021,1003
2024-09-18 14:08:14.584,414.23851427438194,95
2024-09-18 14:08:14.592,414.23462051685806,1003
2024-09-18 14:08:14.702,414.2734127883178,104
2024-09-18 14:08:14.709,414.2678809512431,998
2024-09-18 14:08:14.745,414.2368354955559,1000
2024-09-18 14:08:14.753,414.2318962343597,995
2024-09-18 14:08:14.826,414.2659002929046,9
2024-09-18 14:08:14.828,414.24948970002,1004
2024-09-18 14:08:14.851,414.25146537846393,101
2024-09-18 14:08:14.865,414.2087216722322,102
2024-09-18 14:08:14.865,414.293656212433,11
2024-09-18 14:08:14.885,414.2595478682745,97
2024-09-18 14:08:14.979,414.2665605193696,997
2024-09-18 14:08:15.061,414.3357797724831,1001
2024-09-18 14:08:15.071,414.3542843428831,998
2024-09-18 14:08:15.123,414.3527713562357,7
2024-09-18 14:08:15.175,414.3130633444292,1005
2024-09-18 14:08:15.219,414.3293447382012,1001
2024-09-18 14:08:15.222,414.3545301767144,103
2024-09-18 14:08:15.224,414.3163479445669,1003
2024-09-18 14:08:15.231,414.3215197422543,6
2024-09-18 14:08:15.239,414.3471138968783,5
2024-09-18 14:08:15.261,414.3001487221435,1002
2024-09-18 14:08:15.349,414.3426801811559,96
2024-09-18 14:08:15.392,414.3413812158783,98
2024-09-18 14:08:15.580,414.32234916775263,12
2024-09-18 14:08:15.583,414.2913695111511,1002
2024-09-18 14:08:15.643,414.2986526741856,100
2024-09-18 14:08:15.653,414.3211813691057,10
2024-09-18 14:08:15.730,414.2827438964373,98
2024-09-18 14:08:15.758,414.356188040664,999
2024-09-18 14:08:15.763,414.33140257197175,102
2024-09-18 14:08:15.849,414.2992876527941,95
2024-09-18 14:08:15.958,414.3445398766783,1001
2024-09-18 14:08:15.984,414.25549217923736,997
2024-09-18 14:08:15.988,414.31057334251705,11
2024-09-18 14:08:16.059,41.43718699280814,99
2024-09-18 14:08:16.073,414.4164487367171,11
2024-09-18 14:08:16.112,414.377024503572,1000
2024-09-18 14:08:16.363,414.4178484273053,98
2024-09-18 14:08:16.374,414.3577740712237,998
2024-09-18 14:08:16.404,414.3903988634123,998
2024-09-18 14:08:16.427,414.395213354054,100
2024-09-18 14:08:16.532,414.3897843701178,102
2024-09-18 14:08:16.576,414.35969424735913,15
2024-09-18 14:08:16.577,414.4065516899935,10
2024-09-18 14:08:16.579,414.390457279014,1000
2024-09-18 14:08:16.601,414.38516388525295,99
2024-09-18 14:08:16.689,414.38059899385314,103
2024-09-18 14:08:16.781,414.36981143226063,997
2024-09-18 14:08:16.850,414.43170578064064,105
2024-09-18 14:08:16.854,414.3576895811999,1005
2024-09-18 14:08:16.939,414.4023242626472,14
2024-09-18 14:08:16.942,414.3870522622216,100
2024-09-18 14:08:16.957,414.3827194763492,6
2024-09-18 14:08:17.054,414.3560873051407,10
2024-09-18 14:08:17.261,414.3601514741958,13
2024-09-18 14:08:17.332,414.3694934053687,11
2024-09-18 14:08:17.388,414.36948018870766,96
2024-09-18 14:08:17.541,414.36789883534806,995
2024-09-18 14:08:17.565,414.3422042434033,105
2024-09-18 14:08:17.666,414.3485610790414,997
2024-09-18 14:08:17.786,414.3702114613769,96
2024-09-18 14:08:17.819,414.3626002320353,96
2024-09-18 14:08:17.900,414.3601552196468,99
2024-09-18 14:08:18.063,414.351889811272,1002
2024-09-18 14:08:18.456,414.3604780699639,1002
2024-09-18 14:08:18.548,414.3588632465076,7
2024-09-18 14:08:18.561,414.33833999080895,1000
2024-09-18 14:08:18.617,414.3546480934642,99
2024-09-18 14:08:18.712,414.36769338810296,97
2024-09-18 14:08:19.287,414.3299165727521,97
2024-09-18 14:08:19.672,414.3009423027665,97
2024-09-18 14:08:19.693,414.29870389938736,997
2024-09-18 14:08:19.772,414.3605085227655,1002
2024-09-18 14:08:19.847,414.2979003899827,13
2024-09-18 14:08:19.941,414.3460318625751,14
2024-09-18 14:08:20.026,414.317143090274,12
2024-09-18 14:08:20.060,414.3372354849956,97
2024-09-18 14:08:20.062,414.3189773050405,5
2024-09-18 14:08:20.135,414.3159273603011,102
2024-09-18 14:08:20.163,414.335735997654,1005
2024-09-18 14:08:20.236,414.3307472104664,101
2024-09-18 14:08:20.242,414.3136655517697,1000
2024-09-18 14:08:20.285,414.3613147404844,102
2024-09-18 14:08:20.312,414.35722933738936,996
2024-09-18 14:08:20.324,414.3549066530993,100
2024-09-18 14:08:20.329,414.3568978853653,8
2024-09-18 14:08:20.340,414.3433011779914,13
2024-09-18 14:08:20.345,414.3411414031489,1003
2024-09-18 14:08:20.364,,998
2024-09-18 14:08:20.409,414.3177103046846,96
2024-09-18 14:08:20.431,414.361189274815,6
2024-09-18 14:08:20.465,414.3175075332024,1002
2024-09-18 14:08:20.591,414.3047191726735,995
2024-09-18 14:08:20.618,414.3328967334808,995
2024-09-18 14:08:20.661,414.3204496163747,10
2024-09-18 14:08:20.663,414.321630534164,96
2024-09-18 14:08:20.710,414.344605834183,997
2024-09-18 14:08:20.811,414.31884550145134,1002
2024-09-18 14:08:20.835,414.3507190336762,1000
2024-09-18 14:08:20.884,414.3230649187672,101
2024-09-18 14:08:20.925,414.3097908867076,1000
2024-09-18 14:08:20.990,414.3297300451828,996
2024-09-18 14:08:21.040,414.34265994474407,995
2024-09-18 14:08:21.047,414.298147255693,997
2024-09-18 14:08:21.054,414.3242370881844,12
2024-09-18 14:08:21.063,414.3537829910319,1004
2024-09-18 14:08:21.175,414.3146545662136,8
2024-09-18 14:08:21.205,414.28723189902007,10
2024-09-18 14:08:21.241,414.34290332099766,995
2024-09-18 14:08:21.291,414.3024774577376,995
2024-09-18 14:08:21.309,414.3637221574955,12
2024-09-18 14:08:21.427,414.3305350566111,97
2024-09-18 14:08:21.431,414.3019386222765,99
2024-09-18 14:08:21.457,-414.3266419809293,1002
2024-09-18 14:08:21.462,414.3579162819583,98
2024-09-18 14:08:21.464,414.3570709083488,102
2024-09-18 14:08:21.468,414.3462862139118,100
2024-09-18 14:08:21.527,414.3407368665647,98
2024-09-18 14:08:21.531,414.2975905149971,5
2024-09-18 14:08:21.536,414.3231990082943,102
2024-09-18 14:08:21.556,414.2863863652415,995
2024-09-18 14:08:21.601,414.358503780752,1000
2024-09-18 14:08:21.611,414.3564901870882,996
2024-09-18 14:08:21.637,414.3289160094389,5
2024-09-18 14:08:21.781,414.3762493906747,101
2024-09-18 14:08:21.882,414.2935192842809,11
2024-09-18 14:08:21.884,414.3074214881912,1004
2024-09-18 14:08:21.961,414.315061424076,1001
2024-09-18 14:08:21.997,414.3193572677388,998
2024-09-18 14:08:22.029,41.43503652454322,105
2024-09-18 14:08:22.129,414.3449712219209,10
2024-09-18 14:08:22.172,414.3517431412055,1003
2024-09-18 14:08:22.202,414.3431868176936,10
2024-09-18 14:08:22.303,414.3324885796362,1001
2024-09-18 14:08:22.305,414.3311136112899,1002
2024-09-18 14:08:22.353,-414.3353874113385,1002
2024-09-18 14:08:22.366,-414.3254015380478,1002
2024-09-18 14:08:22.380,414.3132856634818,96
2024-09-18 14:08:22.546,414.32908587678463,101
2024-09-18 14:08:22.556,414.34221966479794,97
2024-09-18 14:08:22.586,414.3385048865789,995
2024-09-18 14:08:22.601,414.3374572362594,995
2024-09-18 14:08:22.630,414.3472640632375,11
2024-09-18 14:08:22.641,414.3352702040762,102
2024-09-18 14:08:22.644,414.32413130398606,12
2024-09-18 14:08:22.705,414.3350620374823,1000
2024-09-18 14:08:22.731,414.35515955101584,102
2024-09-18 14:08:22.732,414.3334397597775,103
2024-09-18 14:08:22.733,414.3352420063128,102
2024-09-18 14:08:22.734,414.3537975821574,102
2024-09-18 14:08:22.801,414.3404233010474,100
2024-09-18 14:08:22.813,414.3142572831305,100
2024-09-18 14:08:22.852,414.34973209712285,99
2024-09-18 14:08:22.887,414.3349146465561,1001
2024-09-18 14:08:23.015,414.3710023486715,13
2024-09-18 14:08:23.075,414.3655136453214,997
2024-09-18 14:08:23.126,414.3727464348097,7
2024-09-18 14:08:23.420,414.37210474305874,996
2024-09-18 14:08:23.516,414.3581626583694,1005
2024-09-18 14:08:23.652,414.3840621956088,13
2024-09-18 14:08:23.774,414.3699058846461,11
2024-09-18 14:08:23.966,414.3722546497692,10
2024-09-18 14:08:24.017,414.35360670595287,1003
2024-09-18 14:08:24.021,414.3226717333189,103
2024-09-18 14:08:25.279,414.37241505120926,1000
2024-09-18 14:08:25.424,414.3810375876862,11
2024-09-18 14:08:25.648,414.384453362788,10
2024-09-18 14:08:25.658,414.35727845801006,5
2024-09-18 14:08:25.729,414.3728712824729,105
2024-09-18 14:08:25.799,414.3865486922234,1003
2024-09-18 14:08:25.923,414.3566492540032,7
2024-09-18 14:08:25.932,414.3369902667732,1004
2024-09-18 14:08:25.939,414.3804271219084,1004
2024-09-18 14:08:25.981,414.3794786870639,95
2024-09-18 14:08:26.072,414.36998167133913,10
2024-09-18 14:08:26.127,414.4147889753143,7
2024-09-18 14:08:26.235,414.4249017660271,9
2024-09-18 14:08:26.300,414.3726140467372,1003
2024-09-18 14:08:26.347,414.4026892900356,99
2024-09-18 14:08:26.355,414.4238070000922,98
2024-09-18 14:08:26.466,414.35548961494897,96
2024-09-18 14:08:26.477,414.3792674032307,7
2024-09-18 14:08:26.529,414.3836146287344,11
2024-09-18 14:08:26.610,414.3742583286275,1005
2024-09-18 14:08:26.616,414.4280811868335,999
2024-09-18 14:08:26.648,414.39899308355865,14
2024-09-18 14:08:26.699,414.4145097363729,10
2024-09-18 14:08:26.750,414.381662228405,105
2024-09-18 14:08:26.842,414.3990971103036,6
2024-09-18 14:08:26.906,414.36396763979496,997
2024-09-18 14:08:27.117,414.4142689603,95
2024-09-18 14:08:27.402,414.4251437684919,11
2024-09-18 14:08:27.546,414.4306687614747,10
2024-09-18 14:08:27.560,414.4182225226671,100
2024-09-18 14:08:27.657,414.428705688885,95
2024-09-18 14:08:27.844,414.4173037194765,6
2024-09-18 14:08:27.911,414.4327154718056,998
2024-09-18 14:08:28.015,414.33180167180313,8
2024-09-18 14:08:28.099,414.3537415317963,7
2024-09-18 14:08:28.139,414.3510524058322,104
2024-09-18 14:08:28.143,414.3657519137255,997
2024-09-18 14:08:28.328,414.3961968941543,96
2024-09-18 14:08:28.353,414.3548907683739,100
2024-09-18 14:08:28.362,-414.346257871846,97
2024-09-18 14:08:28.444,414.4488257858467,995
2024-09-18 14:08:28.528,414.39383310170587,95
2024-09-18 14:08:28.670,414.4249119245153,997
2024-09-18 14:08:28.695,414.386825740042,97
2024-09-18 14:08:28.705,,1000
2024-09-18 14:08:28.788,414.3695722399366,1003
2024-09-18 14:08:28.790,414.3648595435407,14
2024-09-18 14:08:28.862,414.37187021569576,1001
2024-09-18 14:08:28.864,414.4308420746205,10
2024-09-18 14:08:28.936,414.4077749000672,6
2024-09-18 14:08:28.959,414.3851442458343,99
2024-09-18 14:08:29.527,414.373554141529,12
2024-09-18 14:08:30.049,414.39177604898725,1002
2024-09-18 14:08:30.124,414.40499945033554,100
2024-09-18 14:08:30.159,414.3899842218796,1003
2024-09-18 14:08:30.211,414.38266418896615,995
2024-09-18 14:08:30.225,414.4246135445966,7
2024-09-18 14:08:30.241,414.41424399939706,103
2024-09-18 14:08:30.407,414.3842695726045,999
2024-09-18 14:08:30.413,414.4128592210871,12
2024-09-18 14:08:30.480,414.4005663896583,12
2024-09-18 14:08:30.555,414.4093780828566,102
2024-09-18 14:08:30.564,414.4044496164772,1002
2024-09-18 14:08:30.595,414.3820849100224,999
2024-09-18 14:08:30.692,414.4117793711311,1003
2024-09-18 14:08:30.732,414.4064784107748,999
2024-09-18 14:08:30.794,414.3999038039395,13
2024-09-18 14:08:30.821,414.3995864122904,995
2024-09-18 14:08:30.867,414.4029041467112,100
2024-09-18 14:08:30.870,414.4060064600847,99
2024-09-18 14:08:30.901,41.44156640691912,1002
2024-09-18 14:08:30.912,414.41319582534544,995
2024-09-18 14:08:31.049,414.4215935757292,7
2024-09-18 14:08:31.121,414.43310679426514,15
2024-09-18 14:08:31.237,414.4284521865624,5
2024-09-18 14:08:31.256,414.42238677950326,998
2024-09-18 14:08:31.271,41.444413562924574,15
2024-09-18 14:08:31.288,414.43810525744726,10
2024-09-18 14:08:31.357,414.41701925069714,1003
2024-09-18 14:08:31.372,414.4409228963233,5
2024-09-18 14:08:31.442,414.44148716562194,7
2024-09-18 14:08:31.501,414.449158051846,1003
2024-09-18 14:08:31.562,414.4351310318041,6
2024-09-18 14:08:31.563,414.4384840479892,9
2024-09-18 14:08:31.660,414.45012167824586,1005
2024-09-18 14:08:31.711,414.45116653131663,1004
2024-09-18 14:08:31.715,414.4499544918488,1005
2024-09-18 14:08:31.753,414.4081895317251,1000
2024-09-18 14:08:31.840,414.438163540205,96
2024-09-18 14:08:31.907,414.4213730941241,1001
2024-09-18 14:08:33.001,414.4439764500057,999
2024-09-18 14:08:33.071,414.4483895303688,6
2024-09-18 14:08:33.162,414.4023913670871,997
2024-09-18 14:08:33.258,414.38422695010246,1004
2024-09-18 14:08:33.265,414.4398256835692,1005
2024-09-18 14:08:33.278,414.4523963471691,996
2024-09-18 14:08:33.359,414.4062321179509,9
2024-09-18 14:08:33.495,414.4126508918288,98
2024-09-18 14:08:33.524,414.4090399933471,15
2024-09-18 14:08:33.650,414.4552203740664,99
2024-09-18 14:08:33.675,414.4152397891584,10
2024-09-18 14:08:33.741,414.40176303387705,1004
2024-09-18 14:08:33.812,414.42726040322094,102
2024-09-18 14:08:33.857,414.40357342505945,7
2024-09-18 14:08:33.980,414.38658698917607,1005
2024-09-18 14:08:34.075,414.4555196049888,5
2024-09-18 14:08:34.084,414.4586734659869,1002
2024-09-18 14:08:34.106,414.4433338830739,10
2024-09-18 14:08:34.138,414.4286274566441,996
2024-09-18 14:08:34.201,414.4478126217197,1005
2024-09-18 14:08:34.326,414.45217987304846,7
2024-09-18 14:08:34.342,414.4518943442428,103
2024-09-18 14:08:34.344,414.4322156302858,999
2024-09-18 14:08:34.361,414.4563238678752,995
2024-09-18 14:08:34.429,414.4380730140167,96
2024-09-18 14:08:34.456,414.4686896797729,103
2024-09-18 14:08:34.466,414.4464384379197,101
2024-09-18 14:08:34.499,414.4535467430274,15
2024-09-18 14:08:34.517,414.4465636154745,999
2024-09-18 14:08:34.535,414.4815879839121,996
2024-09-18 14:08:34.577,414.47490189820735,995
2024-09-18 14:08:34.654,414.4225520554373,15
2024-09-18 14:08:34.733,414.4112817665842,6
2024-09-18 14:08:34.776,414.4427168107832,5
2024-09-18 14:08:34.814,414.4683669462301,104
2024-09-18 14:08:34.834,414.4147430304637,95
2024-09-18 14:08:34.835,414.4570307047743,1005
2024-09-18 14:08:34.843,414.46195769853097,1001
2024-09-18 14:08:34.906,414.48545897111904,7
2024-09-18 14:08:34.925,414.42587058876256,1004
2024-09-18 14:08:34.947,414.45023511705176,1002
2024-09-18 14:08:34.985,414.43136735553696,995
2024-09-18 14:08:35.094,414.54871932732016,9
2024-09-18 14:08:35.098,414.5365173839711,99
2024-09-18 14:08:35.120,414.5599062292356,97
2024-09-18 14:08:35.226,414.54196925040304,8
2024-09-18 14:08:35.286,414.508798893234,12
2024-09-18 14:08:35.295,414.5153211114021,996
2024-09-18 14:08:35.442,414.5467111252802,1000
2024-09-18 14:08:35.464,414.5526400057348,1001
2024-09-18 14:08:35.466,414.5310028246178,96
2024-09-18 14:08:35.567,414.5404340692384,12
2024-09-18 14:08:35.574,414.5010073078876,7
2024-09-18 14:08:35.659,414.5008168933268,1004
2024-09-18 14:08:35.682,414.5518786615713,10
2024-09-18 14:08:35.758,414.52054027439175,1001
2024-09-18 14:08:35.767,414.56052638344784,99
2024-09-18 14:08:35.777,414.5654861495704,1004
2024-09-18 14:08:35.876,414.5538361597176,102
2024-09-18 14:08:35.877,414.563848858713,14
2024-09-18 14:08:35.886,414.5615734750981,997
2024-09-18 14:08:35.935,414.55081230601417,102
2024-09-18 14:08:35.990,414.52401729755314,12
2024-09-18 14:08:35.999,414.530919606725,14
2024-09-18 14:08:36.190,414.5331145552176,100
2024-09-18 14:08:36.236,414.5387432963568,8
2024-09-18 14:08:36.317,414.5280603364031,100
2024-09-18 14:08:37.098,-414.5292333517887,1004
2024-09-18 14:08:37.173,414.5397005113445,98
2024-09-18 14:08:37.187,414.5441458252626,98
2024-09-18 14:08:37.194,414.58070690006247,12
2024-09-18 14:08:37.288,414.5069473319631,10
2024-09-18 14:08:37.338,414.5513595451711,104
2024-09-18 14:08:37.379,414.5310190042243,996
2024-09-18 14:08:37.452,414.5504955382737,999
2024-09-18 14:08:37.456,414.5225743612393,998
2024-09-18 14:08:37.479,414.5330861889118,98
2024-09-18 14:08:37.562,414.5546119465083,104
2024-09-18 14:08:37.616,414.5258337207437,1000
2024-09-18 14:08:37.673,414.5340997900642,1004
2024-09-18 14:08:37.685,414.5143866369484,103
2024-09-18 14:08:37.738,414.61189966428384,998
2024-09-18 14:08:37.746,414.53761394367086,97
2024-09-18 14:08:37.782,414.5244619728124,6
2024-09-18 14:08:37.796,414.5478175902575,96
2024-09-18 14:08:37.865,414.5826045967257,7
2024-09-18 14:08:37.896,,9
2024-09-18 14:08:37.937,41.45329507097793,1003
2024-09-18 14:08:37.997,414.5229749734318,997
2024-09-18 14:08:38.309,414.63457667250987,96
2024-09-18 14:08:38.349,414.6087169115996,997
2024-09-18 14:08:38.479,414.63437769096646,999
2024-09-18 14:08:38.681,414.6205123371927,98
2024-09-18 14:08:38.698,414.62592520152566,11
2024-09-18 14:08:38.722,414.6105222864792,8
2024-09-18 14:08:38.787,414.63714851485446,10
2024-09-18 14:08:38.858,414.61923263291095,98
2024-09-18 14:08:39.126,414.60497857953135,995
2024-09-18 14:08:39.577,414.6356528568148,1004
2024-09-18 14:08:39.619,414.6514162668441,103
2024-09-18 14:08:39.712,414.629374883108,8
2024-09-18 14:08:39.759,414.61337805875615,1003
2024-09-18 14:08:39.797,414.619582462581,995
2024-09-18 14:08:39.813,414.6298909522395,1005
2024-09-18 14:08:41.162,414.6083701550911,1000
2024-09-18 14:08:41.198,414.6149015522828,11
2024-09-18 14:08:41.378,414.60778523147127,15
2024-09-18 14:08:41.400,414.5976239249829,8
2024-09-18 14:08:41.517,414.6059547787477,95
2024-09-18 14:08:41.877,414.6155715357962,103
2024-09-18 14:08:41.928,,996
2024-09-18 14:08:42.282,414.5904030598366,9
2024-09-18 14:08:42.456,414.5856858870772,1000
2024-09-18 14:08:42.877,414.60524368548846,105
2024-09-18 14:08:42.929,414.5966770357544,1005
2024-09-18 14:08:44.005,414.6960013445327,13
2024-09-18 14:08:44.027,414.7103612325194,997
2024-09-18 14:08:44.041,414.6338237371922,11
2024-09-18 14:08:44.066,414.6928971017054,15
2024-09-18 14:08:44.099,414.6627094952815,98
2024-09-18 14:08:44.201,414.6067372177457,104
2024-09-18 14:08:44.385,414.7078006758128,9
2024-09-18 14:08:44.427,414.6890897280948,11
2024-09-18 14:08:44.485,414.6594659397687,15
2024-09-18 14:08:44.527,414.6105401679069,101
2024-09-18 14:08:44.562,414.70025637721193,999
2024-09-18 14:08:44.689,414.7002009168025,1002
2024-09-18 14:08:44.779,414.7112240857769,103
2024-09-18 14:08:44.784,414.6102965079381,13
2024-09-18 14:08:44.787,414.6970765896717,1002
2024-09-18 14:08:44.795,414.6515814623253,98
2024-09-18 14:08:44.805,414.6892835978984,5
2024-09-18 14:08:44.856,414.68741649804696,6
2024-09-18 14:08:44.877,414.5919513554304,1003
2024-09-18 14:08:44.901,414.6853121378946,105
2024-09-18 14:08:44.914,,1005
2024-09-18 14:08:44.918,414.71512630631327,995
2024-09-18 14:08:44.934,414.66103877410086,1003
2024-09-18 14:08:44.964,414.6991684668219,9
2024-09-18 14:08:45.116,,11
2024-09-18 14:08:45.134,414.629474800728,105
2024-09-18 14:08:45.158,414.59872174758624,7
2024-09-18 14:08:45.161,414.6327059112905,8
2024-09-18 14:08:45.198,414.6543483603728,999
2024-09-18 14:08:45.296,414.62494164061513,105
2024-09-18 14:08:45.317,414.6349309896946,11
2024-09-18 14:08:45.344,414.60290172511526,13
2024-09-18 14:08:45.455,414.6208499685237,105
2024-09-18 14:08:45.469,414.6180617396221,96
2024-09-18 14:08:45.575,414.6388251176964,998
2024-09-18 14:08:45.588,414.6179237897197,104
2024-09-18 14:08:45.601,414.6592050124423,105
2024-09-18 14:08:45.657,414.61913177742855,7
2024-09-18 14:08:45.715,414.6145531685059,998
2024-09-18 14:08:45.770,414.60344645629993,9
2024-09-18 14:08:45.828,414.6592269060389,998
2024-09-18 14:08:45.834,414.66003397935606,1004
2024-09-18 14:08:45.890,414.6050143200271,1004
2024-09-18 14:08:45.914,414.619978893634,995
2024-09-18 14:08:45.958,414.6665932428557,14
2024-09-18 14:08:45.962,414.6375025118953,10
2024-09-18 14:08:45.966,414.6487181296383,998
2024-09-18 14:08:45.971,414.61517291235424,105
2024-09-18 14:08:46.209,414.5874496457933,5
2024-09-18 14:08:46.516,414.6037244006527,1003
2024-09-18 14:08:46.703,414.594440946237,9
2024-09-18 14:08:46.783,414.5974480861356,8
2024-09-18 14:08:46.909,414.6015777761224,996
2024-09-18 14:08:46.935,414.5882871837835,102
2024-09-18 14:08:47.006,414.6085839835217,12
2024-09-18 14:08:47.050,414.6268467398152,1001
2024-09-18 14:08:47.074,414.6016915475757,100
2024-09-18 14:08:47.103,414.6091809700626,6
2024-09-18 14:08:47.241,414.6058236482505,96
2024-09-18 14:08:47.428,414.6158783675384,15
2024-09-18 14:08:47.432,414.60632840267215,12
2024-09-18 14:08:47.491,414.6019591779561,1001
2024-09-18 14:08:47.512,414.608400674844,999
2024-09-18 14:08:47.553,414.6080188826768,1001
2024-09-18 14:08:47.635,414.61459441409215,11
2024-09-18 14:08:47.725,414.6161903491516,99
2024-09-18 14:08:47.931,414.61016049704415,95
2024-09-18 14:08:48.194,414.5943782294888,102
2024-09-18 14:08:48.423,414.6290840960699,100
2024-09-18 14:08:48.437,414.58181672381545,6
2024-09-18 14:08:48.678,414.6068864690606,95
2024-09-18 14:08:48.788,414.60389598908887,996
2024-09-18 14:08:48.794,414.6105877905186,996
2024-09-18 14:08:49.030,414.5038134421658,99
2024-09-18 14:08:49.183,414.5096090795648,105
2024-09-18 14:08:49.193,414.4862869083409,10
2024-09-18 14:08:49.235,414.48650951624006,8
2024-09-18 14:08:49.258,414.5019484908566,999
2024-09-18 14:08:49.289,414.49795829415217,8
2024-09-18 14:08:49.406,414.48611521699024,100
2024-09-18 14:08:49.483,414.5110150015621,10
2024-09-18 14:08:49.504,414.4924412041677,14
2024-09-18 14:08:49.552,414.5234175568847,1003
2024-09-18 14:08:49.622,414.5131010100016,997
2024-09-18 14:08:49.635,414.5025625653129,100
2024-09-18 14:08:49.646,414.5578446833197,999
2024-09-18 14:08:49.664,414.5040682809305,101
2024-09-18 14:08:49.693,414.502524357834,11
2024-09-18 14:08:49.711,414.5410450154316,995
2024-09-18 14:08:49.711,414.50845695008513,5
2024-09-18 14:08:49.735,414.4959795277925,10
2024-09-18 14:08:49.754,414.49052658440536,99
2024-09-18 14:08:49.803,414.5077003964909,995
2024-09-18 14:08:49.815,414.49043449272256,997
2024-09-18 14:08:49.840,414.4963002703453,1005
2024-09-18 14:08:49.857,414.4946505504092,1003
2024-09-18 14:08:49.931,414.5363472498456,8
2024-09-18 14:08:49.933,414.48777568844304,11
2024-09-18 14:08:49.987,414.4904641738824,5
2024-09-18 14:08:51.100,414.5114068318847,5
2024-09-18 14:08:51.223,414.5127690825116,999
2024-09-18 14:08:51.382,-414.52805509700215,1001
2024-09-18 14:08:51.400,414.5231360367197,995
2024-09-18 14:08:51.419,414.5305244292102,14
2024-09-18 14:08:51.488,414.5247578627025,9
2024-09-18 14:08:51.507,414.5152170353401,1005
2024-09-18 14:08:51.874,414.51543095626135,105
2024-09-18 14:08:53.027,414.6818826249882,97
2024-09-18 14:08:53.033,414.5436028656403,102
2024-09-18 14:08:53.075,414.6793547945992,103
2024-09-18 14:08:53.101,414.6406497534005,997
2024-09-18 14:08:53.101,414.5571624897079,997
2024-09-18 14:08:53.141,414.5992171848159,999
2024-09-18 14:08:53.178,414.62407101375845,9
2024-09-18 14:08:53.195,414.6412388215722,1004
2024-09-18 14:08:53.248,414.5877643398285,1001
2024-09-18 14:08:53.295,414.6658062593455,12
2024-09-18 14:08:53.329,414.6041935534271,997
2024-09-18 14:08:53.339,414.54493525114816,1001
2024-09-18 14:08:53.372,414.6654423182544,1003
2024-09-18 14:08:53.456,414.6494748313521,99
2024-09-18 14:08:53.505,414.6467124744448,1002
2024-09-18 14:08:53.510,414.5195234262293,101
2024-09-18 14:08:53.523,414.5787008826683,15
2024-09-18 14:08:53.554,414.6103526377391,8
2024-09-18 14:08:53.554,414.66708861499984,1001
2024-09-18 14:08:53.585,414.6659032885447,8
2024-09-18 14:08:53.608,414.66748771880015,13
2024-09-18 14:08:53.644,414.5151371506928,999
2024-09-18 14:08:53.746,414.67111913106174,9
2024-09-18 14:08:53.752,414.5824873071111,1003
2024-09-18 14:08:53.788,414.58215499463887,102
2024-09-18 14:08:53.797,414.6647555103146,1003
2024-09-18 14:08:53.852,414.5808858347762,998
2024-09-18 14:08:53.928,414.55195891084,15
2024-09-18 14:08:54.024,414.685474603637,1005
2024-09-18 14:08:54.030,414.812037840772,96
2024-09-18 14:08:54.057,414.6900582793799,1003
2024-09-18 14:08:54.063,414.7180220955271,13
2024-09-18 14:08:54.084,414.8144183325009,1004
2024-09-18 14:08:54.088,414.7175518501376,13
2024-09-18 14:08:54.105,414.7360645478732,1003
2024-09-18 14:08:54.198,414.6843422549015,100
2024-09-18 14:08:54.221,414.71869410996726,1000
2024-09-18 14:08:54.256,414.69320847088034,1000
2024-09-18 14:08:54.284,414.6903875710104,996
2024-09-18 14:08:54.302,414.7406728677263,996
2024-09-18 14:08:54.303,414.7213002855633,9
2024-09-18 14:08:54.383,414.7137245284161,103
2024-09-18 14:08:54.397,414.80655018018206,995
2024-09-18 14:08:54.434,414.69677105559015,11
2024-09-18 14:08:54.448,414.7681441716326,102
2024-09-18 14:08:54.467,414.79121020486775,999
2024-09-18 14:08:54.518,414.7271302137021,998
2024-09-18 14:08:54.552,414.707036552058,102
2024-09-18 14:08:54.554,414.69678756118776,96
2024-09-18 14:08:54.634,414.6651933956466,995
2024-09-18 14:08:54.649,414.7163896662228,99
2024-09-18 14:08:54.657,414.7744687225702,1000
2024-09-18 14:08:54.676,414.7296862172054,998
2024-09-18 14:08:54.747,414.7998563395132,997
2024-09-18 14:08:54.774,414.7716368459317,996
2024-09-18 14:08:54.805,414.7115066780272,6
2024-09-18 14:08:54.816,414.6954471587715,13
2024-09-18 14:08:54.933,414.6962353027274,9
2024-09-18 14:08:55.102,414.7934245996087,9
2024-09-18 14:08:55.159,414.78855869281847,1004
2024-09-18 14:08:55.182,414.8092552030536,6
2024-09-18 14:08:55.269,414.8147184496904,1002
2024-09-18 14:08:55.384,41.478073104311335,995
2024-09-18 14:08:55.576,414.7820287538507,7
2024-09-18 14:08:55.592,414.81778579966885,105
2024-09-18 14:08:55.659,414.8055599269295,9
2024-09-18 14:08:55.685,414.78272168970057,995
2024-09-18 14:08:55.820,414.7773193753741,996
2024-09-18 14:08:55.852,414.8248352806767,999
2024-09-18 14:08:56.073,414.793787692312,5
2024-09-18 14:08:56.160,414.7813257442006,1005
2024-09-18 14:08:56.615,414.79345256744216,100
2024-09-18 14:08:56.862,414.75915203859904,97
2024-09-18 14:08:56.936,414.78336655277207,996
2024-09-18 14:08:56.944,414.7795367080748,6
2024-09-18 14:08:57.071,414.7633360695476,1004
2024-09-18 14:08:57.146,414.77413284566086,5
2024-09-18 14:08:57.171,414.7895801298135,5
2024-09-18 14:08:57.202,414.72910081321663,103
2024-09-18 14:08:57.287,414.7326415035187,5
2024-09-18 14:08:57.513,414.7776717533779,97
2024-09-18 14:08:57.551,-414.76351717024033,12
2024-09-18 14:08:57.588,414.754475299491,1002
2024-09-18 14:08:57.601,414.76250053550143,7
2024-09-18 14:08:57.699,414.790407416848,1002
2024-09-18 14:08:57.717,414.77332004788906,103
2024-09-18 14:08:57.726,414.7500523015636,102
2024-09-18 14:08:57.764,414.7659883205088,997
2024-09-18 14:08:57.783,414.73586660295393,996
2024-09-18 14:08:57.790,414.7637016910161,995
2024-09-18 14:08:57.839,414.7551017581874,1004
2024-09-18 14:08:57.854,414.7575998486469,14
2024-09-18 14:08:57.856,414.7717630706654,1005
2024-09-18 14:08:57.871,414.7426499844863,103
2024-09-18 14:08:57.879,414.7521429669836,95
2024-09-18 14:08:57.971,414.7252575489972,14
2024-09-18 14:08:57.972,414.7649442998654,99
2024-09-18 14:08:57.985,414.75395626301486,1000
2024-09-18 14:08:57.998,414.7977927532752,99
2024-09-18 14:08:58.099,414.8411931797,11
2024-09-18 14:08:58.198,414.8190442700317,13
2024-09-18 14:08:58.531,414.8073824656933,1000
2024-09-18 14:08:58.576,414.823627809353,1001
2024-09-18 14:08:58.696,414.83678596395697,996
2024-09-18 14:08:58.700,414.80917147391614,100
2024-09-18 14:08:58.743,414.8115435138063,1001
2024-09-18 14:08:58.972,414.7918132785932,11
2024-09-18 14:08:59.037,414.7896322597354,14
2024-09-18 14:08:59.641,,997
2024-09-18 14:08:59.866,414.7998141131044,1003
