Timestamp,Price,Size
2024-09-18 11:01:00.096,413.19037503289513,105
2024-09-18 11:01:00.125,413.1213575590661,12
2024-09-18 11:01:00.137,413.1702908433825,999
2024-09-18 11:01:00.155,413.18599998719606,101
2024-09-18 11:01:00.165,413.1263657654597,96
2024-09-18 11:01:00.214,413.1065830696173,11
2024-09-18 11:01:00.230,413.1807072468046,105
2024-09-18 11:01:00.366,413.0913394670224,996
2024-09-18 11:01:00.384,413.1975055391813,99
2024-09-18 11:01:00.468,413.08118125558354,104
2024-09-18 11:01:00.475,413.1818796463708,12
2024-09-18 11:01:00.514,413.1728113961167,7
2024-09-18 11:01:00.597,413.2123862888925,6
2024-09-18 11:01:00.603,413.1872928716501,11
2024-09-18 11:01:00.624,413.1502945162353,11
2024-09-18 11:01:00.721,413.1608384210306,998
2024-09-18 11:01:00.787,413.0698359306127,14
2024-09-18 11:01:00.861,413.0305420098837,11
2024-09-18 11:01:00.870,413.1205431682122,996
2024-09-18 11:01:01.017,413.0427732750044,96
2024-09-18 11:01:01.140,413.0419453140476,12
2024-09-18 11:01:01.334,413.0264337792926,101
2024-09-18 11:01:01.346,413.0355123427855,1004
2024-09-18 11:01:01.364,413.0402124542425,1004
2024-09-18 11:01:01.364,41.30549165502054,104
2024-09-18 11:01:01.405,413.045228558576,995
2024-09-18 11:01:01.450,413.0431553974291,97
2024-09-18 11:01:01.600,413.0411413551678,996
2024-09-18 11:01:01.647,413.0554196945527,8
2024-09-18 11:01:01.679,-413.0608427313748,99
2024-09-18 11:01:01.694,413.02655905430674,995
2024-09-18 11:01:01.800,413.0387815677944,999
2024-09-18 11:01:01.853,413.047201251208,97
2024-09-18 11:01:01.883,413.0572281625756,998
2024-09-18 11:01:01.962,413.0366247858532,101
2024-09-18 11:01:02.301,413.0563134820152,997
2024-09-18 11:01:02.373,413.0383006840043,14
2024-09-18 11:01:02.426,413.0479102417052,99
2024-09-18 11:01:02.428,413.04268411208216,999
2024-09-18 11:01:02.430,413.0631286014988,101
2024-09-18 11:01:02.569,413.0395681766866,14
2024-09-18 11:01:02.611,413.0512339667352,996
2024-09-18 11:01:02.625,413.0506167960557,96
2024-09-18 11:01:03.080,412.9815506272146,98
2024-09-18 11:01:03.102,412.9923177731125,1005
2024-09-18 11:01:03.112,412.9569628504189,99
2024-09-18 11:01:03.138,413.0134384938018,998
2024-09-18 11:01:03.160,412.9914830136302,8
2024-09-18 11:01:03.224,412.96670124861936,9
2024-09-18 11:01:03.284,412.9706115776687,103
2024-09-18 11:01:03.297,413.0099660570033,9
2024-09-18 11:01:03.298,413.0086472390781,998
2024-09-18 11:01:03.300,412.9790652165482,95
2024-09-18 11:01:03.394,413.0224428080946,10
2024-09-18 11:01:03.403,412.9951681118294,96
2024-09-18 11:01:03.436,412.9818037991061,101
2024-09-18 11:01:03.575,412.9965993017332,996
2024-09-18 11:01:03.601,412.9771919587666,104
2024-09-18 11:01:03.668,413.0097358653651,95
2024-09-18 11:01:03.679,413.0101196825017,998
2024-09-18 11:01:03.734,412.99696659140415,11
2024-09-18 11:01:03.767,413.0024897570384,6
2024-09-18 11:01:03.774,412.97467757369736,995
2024-09-18 11:01:03.828,413.0056394041888,995
2024-09-18 11:01:03.879,413.01278145724274,14
2024-09-18 11:01:03.881,413.0048986918607,101
2024-09-18 11:01:04.151,412.97603755770695,998
2024-09-18 11:01:04.254,412.9888705045538,98
2024-09-18 11:01:05.009,412.9729612407263,105
2024-09-18 11:01:05.067,412.9698493269185,1000
2024-09-18 11:01:05.249,412.9685365236939,15
2024-09-18 11:01:05.262,412.96934339410353,102
2024-09-18 11:01:05.530,412.9532149331506,11
2024-09-18 11:01:05.547,412.9519905855241,103
2024-09-18 11:01:05.576,412.94427885108286,15
2024-09-18 11:01:05.605,412.9868851589391,96
2024-09-18 11:01:05.669,412.9441720622513,97
2024-09-18 11:01:05.762,412.9521034483277,10
2024-09-18 11:01:05.782,412.9857351836772,101
2024-09-18 11:01:05.856,412.9763411763065,11
2024-09-18 11:01:05.941,412.9777917303933,1003
2024-09-18 11:01:05.969,412.9806302224495,105
2024-09-18 11:01:05.992,412.98283305263584,1004
2024-09-18 11:01:06.075,412.9767500111819,100
2024-09-18 11:01:06.167,412.9885699298514,7
2024-09-18 11:01:06.221,412.9819208494516,13
2024-09-18 11:01:06.234,412.9807644361101,99
2024-09-18 11:01:06.257,412.9866865968421,1000
2024-09-18 11:01:06.293,412.95004272188777,11
2024-09-18 11:01:06.363,412.9593529986601,103
2024-09-18 11:01:06.460,412.9933945582942,11
2024-09-18 11:01:06.580,412.9795831982276,8
2024-09-18 11:01:06.581,412.99119142124215,1001
2024-09-18 11:01:06.596,412.9879236572414,15
2024-09-18 11:01:06.641,412.98975726534985,95
2024-09-18 11:01:06.687,412.96898896206216,100
2024-09-18 11:01:06.716,412.9779033989541,1002
2024-09-18 11:01:06.738,412.95787359974247,999
2024-09-18 11:01:06.791,412.9850220633235,96
2024-09-18 11:01:06.903,,99
2024-09-18 11:01:06.919,412.9772009626927,1005
2024-09-18 11:01:06.975,412.990385730862,102
2024-09-18 11:01:07.334,412.93371042600063,996
2024-09-18 11:01:07.421,412.9423205120179,101
2024-09-18 11:01:07.927,412.9413886699512,101
2024-09-18 11:01:08.040,412.9618925488649,97
2024-09-18 11:01:08.083,412.9492865348887,12
2024-09-18 11:01:08.092,412.9375867646542,6
2024-09-18 11:01:08.096,412.9568202076615,1005
2024-09-18 11:01:08.133,412.979217543018,12
2024-09-18 11:01:08.200,412.9764744415281,13
2024-09-18 11:01:08.285,412.95411971289536,7
2024-09-18 11:01:08.297,412.9452414024856,1001
2024-09-18 11:01:08.379,412.9531549880978,13
2024-09-18 11:01:08.393,412.98116012312073,105
2024-09-18 11:01:08.399,412.9674161996181,15
2024-09-18 11:01:08.432,412.96048305583867,1003
2024-09-18 11:01:08.487,412.94741337645934,105
2024-09-18 11:01:08.498,412.9418922896375,102
2024-09-18 11:01:08.524,412.9349696560815,105
2024-09-18 11:01:08.663,412.9519703581069,98
2024-09-18 11:01:08.717,412.9460450752619,95
2024-09-18 11:01:08.731,412.9581291957959,95
2024-09-18 11:01:08.791,412.9265078132565,1003
2024-09-18 11:01:08.853,412.9299852183962,101
2024-09-18 11:01:08.859,412.9454900629255,10
2024-09-18 11:01:08.883,412.9510906189453,95
2024-09-18 11:01:08.912,412.9456750766605,997
2024-09-18 11:01:08.912,412.9726435087006,100
2024-09-18 11:01:08.919,412.9263000718123,1005
2024-09-18 11:01:09.024,413.0108892956152,9
2024-09-18 11:01:09.048,413.0357289622717,12
2024-09-18 11:01:09.138,413.0117396406913,97
2024-09-18 11:01:09.170,412.9889215267853,15
2024-09-18 11:01:09.189,412.9801598466564,7
2024-09-18 11:01:09.220,412.95910188584566,1001
2024-09-18 11:01:09.226,412.946391857148,14
2024-09-18 11:01:09.320,413.0031936983294,1000
2024-09-18 11:01:09.386,413.010025878882,102
2024-09-18 11:01:09.399,412.99046909400886,14
2024-09-18 11:01:09.452,412.9850876313532,102
2024-09-18 11:01:09.465,412.9508689703265,1001
2024-09-18 11:01:09.522,412.964052955062,995
2024-09-18 11:01:09.529,413.0000804645864,10
2024-09-18 11:01:09.555,412.9975826868124,998
2024-09-18 11:01:09.747,412.9937301860904,98
2024-09-18 11:01:09.751,412.9925299988078,1001
2024-09-18 11:01:09.810,412.9979629174836,1005
2024-09-18 11:01:09.834,412.99859711699713,1005
2024-09-18 11:01:09.901,413.01388321107777,10
2024-09-18 11:01:09.957,412.989987283248,97
2024-09-18 11:01:09.979,413.0106758479908,996
2024-09-18 11:01:09.982,413.0198579405848,104
2024-09-18 11:01:10.147,413.013517738908,12
2024-09-18 11:01:10.192,413.0040930217601,1005
2024-09-18 11:01:10.197,412.9979146924576,1002
2024-09-18 11:01:10.201,413.0020616962856,1003
2024-09-18 11:01:10.216,413.0165654325608,98
2024-09-18 11:01:10.219,413.0050544330328,13
2024-09-18 11:01:10.241,413.0158197021418,96
2024-09-18 11:01:10.307,413.0114412946837,5
2024-09-18 11:01:10.347,413.0043652801233,10
2024-09-18 11:01:10.372,412.9995432293892,104
2024-09-18 11:01:10.398,413.0106434711806,1001
2024-09-18 11:01:10.439,413.0275255917562,5
2024-09-18 11:01:10.524,412.9999186594666,5
2024-09-18 11:01:10.545,413.02542862483534,995
2024-09-18 11:01:10.682,41.30215072872729,8
2024-09-18 11:01:10.691,412.9990076114961,1001
2024-09-18 11:01:10.865,413.0062806509041,1003
2024-09-18 11:01:10.866,413.01130831879846,1003
2024-09-18 11:01:10.895,413.0249558554544,1002
2024-09-18 11:01:10.899,412.9974845619812,1004
2024-09-18 11:01:10.978,413.0011583308399,998
2024-09-18 11:01:11.103,413.0213265675543,999
2024-09-18 11:01:11.167,413.00945569812166,11
2024-09-18 11:01:11.183,413.000408381543,996
2024-09-18 11:01:11.341,413.0249855590364,1002
2024-09-18 11:01:11.387,413.0334103289677,12
2024-09-18 11:01:11.440,413.03900306190417,1003
2024-09-18 11:01:11.586,412.99990749263,996
2024-09-18 11:01:11.673,413.01465525496,101
2024-09-18 11:01:11.680,413.0421888091356,14
2024-09-18 11:01:11.790,413.01120920134326,1003
2024-09-18 11:01:11.826,413.00273717969145,6
2024-09-18 11:01:11.954,413.01516595353655,98
2024-09-18 11:01:11.962,413.0404829866285,1000
2024-09-18 11:01:11.984,413.0075120687448,10
2024-09-18 11:01:12.451,413.0317628083736,1001
2024-09-18 11:01:13.015,413.09352354987897,995
2024-09-18 11:01:13.050,413.04234752607215,96
2024-09-18 11:01:13.181,413.091940446636,102
2024-09-18 11:01:13.339,413.0497777871414,105
2024-09-18 11:01:13.346,413.0497811885335,105
2024-09-18 11:01:13.430,413.1025413431118,104
2024-09-18 11:01:13.432,413.1173718605747,15
2024-09-18 11:01:13.453,413.0487561429197,99
2024-09-18 11:01:13.463,413.0995868871944,999
2024-09-18 11:01:13.473,413.0393419658004,103
2024-09-18 11:01:13.517,413.04526872280064,101
2024-09-18 11:01:13.589,413.0713792884173,9
2024-09-18 11:01:13.623,413.11793153662313,1001
2024-09-18 11:01:13.758,413.10107329415393,13
2024-09-18 11:01:13.764,413.0907723458654,995
2024-09-18 11:01:13.793,413.0704206321356,1000
2024-09-18 11:01:13.833,413.0979449681,10
2024-09-18 11:01:13.878,413.1212291230227,102
2024-09-18 11:01:13.889,413.04994314095126,95
2024-09-18 11:01:14.060,413.079562765161,12
2024-09-18 11:01:14.074,413.0709402694866,97
2024-09-18 11:01:14.090,413.1224570815298,102
2024-09-18 11:01:14.145,413.11128390021065,1001
2024-09-18 11:01:14.354,413.085223203184,1000
2024-09-18 11:01:14.393,413.0579913547877,98
2024-09-18 11:01:14.450,413.0598467666901,104
2024-09-18 11:01:14.481,413.1243932877308,996
2024-09-18 11:01:14.534,413.1069127381037,100
2024-09-18 11:01:14.623,413.1030954723407,9
2024-09-18 11:01:14.626,413.07016757643873,13
2024-09-18 11:01:14.716,413.0624390204181,100
2024-09-18 11:01:14.717,413.0637117300475,5
2024-09-18 11:01:14.836,413.09569567913326,1002
2024-09-18 11:01:14.903,413.0602336697477,999
2024-09-18 11:01:14.971,413.0777340346991,998
2024-09-18 11:01:15.075,413.0705396394189,10
2024-09-18 11:01:15.134,413.072612282303,8
2024-09-18 11:01:15.213,413.0858456142909,998
2024-09-18 11:01:15.305,413.0720222081623,97
2024-09-18 11:01:15.309,413.06959522578927,9
2024-09-18 11:01:15.322,413.0676442540876,98
2024-09-18 11:01:15.339,413.079835987363,1004
2024-09-18 11:01:15.388,413.08985645225886,1000
2024-09-18 11:01:15.408,413.087101415784,1001
2024-09-18 11:01:15.464,413.05766088277255,13
2024-09-18 11:01:15.583,,996
2024-09-18 11:01:15.667,413.0579893337312,997
2024-09-18 11:01:15.693,413.0494600847513,97
2024-09-18 11:01:15.710,413.06231925678713,11
2024-09-18 11:01:15.839,41.304734984854456,997
2024-09-18 11:01:15.841,413.0716548511658,14
2024-09-18 11:01:15.906,413.0689709747978,103
2024-09-18 11:01:15.957,413.05849900198587,105
2024-09-18 11:01:16.093,413.0104077793663,995
2024-09-18 11:01:16.213,412.99490169498506,995
2024-09-18 11:01:16.241,413.0266782925966,1000
2024-09-18 11:01:16.264,413.0227412282814,12
2024-09-18 11:01:16.267,412.9643916171553,105
2024-09-18 11:01:16.363,413.02159258177096,995
2024-09-18 11:01:16.368,413.0631630514832,1004
2024-09-18 11:01:16.407,412.96800362327406,998
2024-09-18 11:01:16.493,413.06198127774553,9
2024-09-18 11:01:16.520,413.0337291866821,95
2024-09-18 11:01:16.536,413.0670301615732,8
2024-09-18 11:01:16.574,412.9745410928772,9
2024-09-18 11:01:16.574,413.0539934266993,15
2024-09-18 11:01:16.591,413.0420663421714,99
2024-09-18 11:01:16.594,413.01551938195786,7
2024-09-18 11:01:16.618,413.0360741258641,12
2024-09-18 11:01:16.770,412.97288071443904,98
2024-09-18 11:01:16.975,413.0295310319608,98
2024-09-18 11:01:17.065,412.93800042481456,7
2024-09-18 11:01:17.072,412.978582444152,98
2024-09-18 11:01:17.135,412.933952358006,15
2024-09-18 11:01:17.143,412.90378055146846,7
2024-09-18 11:01:17.152,412.9823680134954,15
2024-09-18 11:01:17.204,412.9441872232839,102
2024-09-18 11:01:17.262,412.9940257716228,100
2024-09-18 11:01:17.444,412.9633905123591,995
2024-09-18 11:01:17.619,412.9186168870541,7
2024-09-18 11:01:17.650,412.9181178918676,104
2024-09-18 11:01:17.659,412.9809095220658,100
2024-09-18 11:01:17.706,412.98137062898087,104
2024-09-18 11:01:17.711,412.9583979060178,8
2024-09-18 11:01:17.812,412.97015430994384,1004
2024-09-18 11:01:17.990,412.97752980888623,11
2024-09-18 11:01:18.029,412.9766499416213,999
2024-09-18 11:01:18.034,412.9745748122185,15
2024-09-18 11:01:18.046,412.95050854319504,98
2024-09-18 11:01:18.076,412.95157412835584,95
2024-09-18 11:01:18.117,412.9948731693208,9
2024-09-18 11:01:18.160,412.96669435772657,99
2024-09-18 11:01:18.197,413.0031036869303,15
2024-09-18 11:01:18.333,412.978696599098,99
2024-09-18 11:01:18.414,412.9828332817933,1004
2024-09-18 11:01:18.561,412.937766207061,1004
2024-09-18 11:01:18.572,412.9997254196863,1002
2024-09-18 11:01:18.573,412.9775588155336,100
2024-09-18 11:01:18.706,412.96049650707306,103
2024-09-18 11:01:18.820,412.99844299577296,1000
2024-09-18 11:01:18.863,412.9589106888541,1003
2024-09-18 11:01:18.891,412.98982762190144,13
2024-09-18 11:01:18.892,412.9632743193285,100
2024-09-18 11:01:18.901,412.9613210978899,104
2024-09-18 11:01:18.921,412.97416675177766,103
2024-09-18 11:01:18.936,412.93972803196266,15
2024-09-18 11:01:18.952,412.9899671677777,7
2024-09-18 11:01:18.978,41.29431001888011,1005
2024-09-18 11:01:19.028,412.9542308451125,1004
2024-09-18 11:01:19.069,-412.9638717819072,1001
2024-09-18 11:01:19.112,412.998679471157,6
2024-09-18 11:01:19.215,412.9751283102668,5
2024-09-18 11:01:19.227,412.99692657166514,1002
2024-09-18 11:01:19.236,412.9676608187253,103
2024-09-18 11:01:19.238,412.9502296492764,13
2024-09-18 11:01:19.274,412.9658465895032,995
2024-09-18 11:01:19.342,,10
2024-09-18 11:01:19.374,412.9609229670626,99
2024-09-18 11:01:19.411,412.9748708327794,9
2024-09-18 11:01:19.550,412.9569483152273,12
2024-09-18 11:01:19.554,412.9452578330941,1005
2024-09-18 11:01:19.703,412.9513654589824,5
2024-09-18 11:01:19.760,412.9668322840977,100
2024-09-18 11:01:19.955,412.95092067742974,6
2024-09-18 11:01:20.010,412.9263394024608,97
2024-09-18 11:01:20.130,412.9234238628426,99
2024-09-18 11:01:20.152,412.96350616809946,102
2024-09-18 11:01:20.197,412.9954057034298,1001
2024-09-18 11:01:20.236,412.9263167060631,1002
2024-09-18 11:01:20.237,412.9447034525818,998
2024-09-18 11:01:20.280,412.92974542392176,1004
2024-09-18 11:01:20.345,413.0280298443123,105
2024-09-18 11:01:20.392,412.9672373486729,1003
2024-09-18 11:01:20.404,412.9639771048114,12
2024-09-18 11:01:20.498,412.94804238179455,102
2024-09-18 11:01:20.631,412.9779244940349,13
2024-09-18 11:01:20.633,412.98816392984986,10
2024-09-18 11:01:20.654,413.0334335735304,100
2024-09-18 11:01:20.661,412.9573464760744,105
2024-09-18 11:01:20.764,412.9419103010859,13
2024-09-18 11:01:20.787,412.97776274708144,1002
2024-09-18 11:01:20.790,412.98294430218266,1003
2024-09-18 11:01:20.881,412.9560370877248,105
2024-09-18 11:01:20.969,412.94253530606784,11
2024-09-18 11:01:21.036,413.03782808028126,103
2024-09-18 11:01:21.124,413.0159299295217,999
2024-09-18 11:01:21.195,413.000265102617,1003
2024-09-18 11:01:21.318,412.9891865273295,13
2024-09-18 11:01:21.335,413.0439808937432,13
2024-09-18 11:01:21.414,412.9521158477904,97
2024-09-18 11:01:21.434,413.0116007005816,95
2024-09-18 11:01:21.523,413.0087989043264,996
2024-09-18 11:01:21.534,412.96937754396674,101
2024-09-18 11:01:21.599,412.9612452684469,101
2024-09-18 11:01:21.635,412.9601328368598,999
2024-09-18 11:01:21.725,412.9361216768045,997
2024-09-18 11:01:21.753,413.0108831202587,995
2024-09-18 11:01:21.754,412.9278824087197,1002
2024-09-18 11:01:21.827,412.98395579120944,7
2024-09-18 11:01:21.855,413.001465549828,97
2024-09-18 11:01:22.115,412.8687950560425,5
2024-09-18 11:01:22.117,412.8875470128239,1003
2024-09-18 11:01:22.122,412.8975003199736,14
2024-09-18 11:01:22.164,412.9095655962773,11
2024-09-18 11:01:22.165,412.8956834859644,1003
2024-09-18 11:01:22.185,412.8606763992276,103
2024-09-18 11:01:22.242,412.9134662454498,103
2024-09-18 11:01:22.255,412.8755623025665,999
2024-09-18 11:01:22.340,412.8900463937391,100
2024-09-18 11:01:22.374,412.8720737136972,95
2024-09-18 11:01:22.394,412.9018448697669,1001
2024-09-18 11:01:22.419,412.86008159865537,1002
2024-09-18 11:01:22.446,412.8909960542029,100
2024-09-18 11:01:22.475,412.8782281197964,1005
2024-09-18 11:01:22.505,412.8911706670247,9
2024-09-18 11:01:22.531,412.8812031561429,11
2024-09-18 11:01:22.600,412.8878048102435,104
2024-09-18 11:01:22.635,412.8938264928952,995
2024-09-18 11:01:22.704,412.88224383429264,14
2024-09-18 11:01:22.708,412.8704079961792,15
2024-09-18 11:01:22.732,412.8721876459022,995
2024-09-18 11:01:22.811,-412.9278377284037,9
2024-09-18 11:01:22.868,412.8651068277058,101
2024-09-18 11:01:22.878,412.8988562455533,100
2024-09-18 11:01:22.932,412.9056289039577,6
2024-09-18 11:01:22.933,412.8880717654005,11
2024-09-18 11:01:22.952,412.90490949905546,96
2024-09-18 11:01:22.970,412.9264364062647,1005
2024-09-18 11:01:23.437,412.9032905900121,14
2024-09-18 11:01:23.677,412.9082727907094,103
2024-09-18 11:01:23.879,412.9047127842696,105
2024-09-18 11:01:24.016,412.9701196150657,97
2024-09-18 11:01:24.191,412.9111072680796,12
2024-09-18 11:01:24.245,412.89941269912185,1003
2024-09-18 11:01:24.271,41.29517764412637,13
2024-09-18 11:01:24.271,412.9078764491025,98
2024-09-18 11:01:24.279,,97
2024-09-18 11:01:24.285,412.88781571075526,1001
2024-09-18 11:01:24.406,412.9037839184297,1005
2024-09-18 11:01:24.411,412.9455417733202,1000
2024-09-18 11:01:24.427,412.9372408683216,1002
2024-09-18 11:01:24.468,412.9693294883197,97
2024-09-18 11:01:24.806,412.9054188524976,995
2024-09-18 11:01:24.815,412.93182103691015,1004
2024-09-18 11:01:24.859,412.8951500931932,98
2024-09-18 11:01:24.907,412.8819292276565,996
2024-09-18 11:01:24.935,412.9432743565413,1001
2024-09-18 11:01:24.992,412.9541661909624,102
2024-09-18 11:01:25.146,412.88563776195735,101
2024-09-18 11:01:25.163,412.886700261856,1004
2024-09-18 11:01:25.402,412.89012855713855,1002
2024-09-18 11:01:26.111,412.8457985713927,1005
2024-09-18 11:01:26.209,412.8588738769552,15
2024-09-18 11:01:26.241,412.8653420193362,97
2024-09-18 11:01:26.261,412.8985123322054,101
2024-09-18 11:01:26.284,412.8341456110626,8
2024-09-18 11:01:26.373,412.9177864372704,11
2024-09-18 11:01:26.374,412.8186887138922,6
2024-09-18 11:01:26.417,412.8187872052548,1001
2024-09-18 11:01:26.428,412.81101560066384,12
2024-09-18 11:01:26.462,412.8484342578827,995
2024-09-18 11:01:26.510,412.8476632353661,13
2024-09-18 11:01:26.608,412.9013342685416,11
2024-09-18 11:01:26.645,412.9024649650968,98
2024-09-18 11:01:26.659,412.82400752981965,1003
2024-09-18 11:01:26.712,412.83199070491327,11
2024-09-18 11:01:26.714,412.8324197833004,1001
2024-09-18 11:01:26.784,412.9066848488437,996
2024-09-18 11:01:26.785,412.8603046143206,14
2024-09-18 11:01:26.952,412.8744901080636,8
2024-09-18 11:01:26.971,412.90156327032895,5
2024-09-18 11:01:27.226,412.8627907064502,6
2024-09-18 11:01:27.990,412.8430151361552,5
2024-09-18 11:01:28.040,412.8200377064677,1000
2024-09-18 11:01:28.048,412.8286091195605,97
2024-09-18 11:01:28.106,412.843011489149,1002
2024-09-18 11:01:28.114,412.80926284734807,995
2024-09-18 11:01:28.170,412.8471372164592,9
2024-09-18 11:01:28.193,412.8215998723941,1001
2024-09-18 11:01:28.282,412.8263385467319,996
2024-09-18 11:01:28.464,412.8090518500094,1004
2024-09-18 11:01:28.481,412.79368756319377,104
2024-09-18 11:01:28.486,412.8427323951336,11
2024-09-18 11:01:28.508,412.81047103438016,10
2024-09-18 11:01:28.525,412.8359991840207,1005
2024-09-18 11:01:28.592,412.8515631052546,104
2024-09-18 11:01:28.594,412.80842445413447,105
2024-09-18 11:01:28.611,412.84331465827626,1005
2024-09-18 11:01:28.666,412.8123426631079,1003
2024-09-18 11:01:28.718,412.807388712429,996
2024-09-18 11:01:28.722,412.8309743568845,98
2024-09-18 11:01:28.730,412.7930408904248,101
2024-09-18 11:01:28.748,412.8065847686763,6
2024-09-18 11:01:28.803,412.8106035926807,96
2024-09-18 11:01:28.824,412.8261317766893,1004
2024-09-18 11:01:28.882,412.8122175758336,1003
2024-09-18 11:01:28.895,412.7973395906369,1005
2024-09-18 11:01:28.913,412.8246409361696,104
2024-09-18 11:01:28.923,412.8129623181816,102
2024-09-18 11:01:28.940,412.7983044537273,6
2024-09-18 11:01:28.977,412.8128481509975,5
2024-09-18 11:01:28.982,412.8145868239814,103
2024-09-18 11:01:29.011,412.80322103790746,103
2024-09-18 11:01:29.071,412.7979323941288,996
2024-09-18 11:01:29.124,412.7987994814616,96
2024-09-18 11:01:29.132,412.8430686433702,1003
2024-09-18 11:01:29.192,412.76272288303903,1001
2024-09-18 11:01:29.197,412.7965344914716,14
2024-09-18 11:01:29.202,412.7974400193329,100
2024-09-18 11:01:29.211,412.7828887904604,9
2024-09-18 11:01:29.217,412.7986756167108,12
2024-09-18 11:01:29.327,412.784278858425,996
2024-09-18 11:01:29.583,412.81723489927344,996
2024-09-18 11:01:29.618,412.7973538700076,996
2024-09-18 11:01:29.626,412.8094968989449,100
2024-09-18 11:01:29.628,412.8093221072687,96
2024-09-18 11:01:29.675,412.7958317060367,1004
2024-09-18 11:01:29.775,412.800278520984,1002
2024-09-18 11:01:29.835,412.823439874067,996
2024-09-18 11:01:29.843,412.77544950603743,996
2024-09-18 11:01:29.872,412.81280945636047,1003
2024-09-18 11:01:29.951,412.8076967962302,15
2024-09-18 11:01:29.981,412.78844305215057,103
2024-09-18 11:01:30.074,412.7839942982149,11
2024-09-18 11:01:30.112,412.7838531685523,100
2024-09-18 11:01:30.116,412.802813854033,13
2024-09-18 11:01:30.144,412.793717849608,1003
2024-09-18 11:01:30.170,412.77657307863615,100
2024-09-18 11:01:30.214,412.7556451359812,1005
2024-09-18 11:01:30.216,412.7398653971917,996
2024-09-18 11:01:30.217,412.8212067120752,15
2024-09-18 11:01:30.275,412.78488434414805,995
2024-09-18 11:01:30.314,412.79623897893975,101
2024-09-18 11:01:30.328,412.783401816012,1005
2024-09-18 11:01:30.335,412.78690808121934,6
2024-09-18 11:01:30.421,412.7517888217235,101
2024-09-18 11:01:30.435,412.76872565868905,996
2024-09-18 11:01:30.534,412.7974195139408,996
2024-09-18 11:01:30.552,-412.7968142977706,8
2024-09-18 11:01:30.602,412.79523363929246,9
2024-09-18 11:01:30.622,412.77820296060577,103
2024-09-18 11:01:30.662,412.79326612056826,100
2024-09-18 11:01:30.680,412.7950462970529,104
2024-09-18 11:01:30.705,412.7632579760989,102
2024-09-18 11:01:30.733,412.7936180905548,10
2024-09-18 11:01:30.783,412.7488208984904,1005
2024-09-18 11:01:30.790,412.77573317972497,997
2024-09-18 11:01:30.916,412.823070598666,100
2024-09-18 11:01:30.973,412.76592716841645,14
2024-09-18 11:01:31.064,412.7522036633389,101
2024-09-18 11:01:31.085,412.7494500229733,14
2024-09-18 11:01:31.097,412.866476615417,6
2024-09-18 11:01:31.121,412.7356193308981,9
2024-09-18 11:01:31.169,412.7697414383993,12
2024-09-18 11:01:31.187,412.73393795089584,11
2024-09-18 11:01:31.222,-412.8536120481084,997
2024-09-18 11:01:31.226,412.76225850209096,97
2024-09-18 11:01:31.237,412.7450356189081,14
2024-09-18 11:01:31.238,412.8714804366076,1000
2024-09-18 11:01:31.256,412.8445041033079,1005
2024-09-18 11:01:31.271,412.77081230842646,101
2024-09-18 11:01:31.349,412.74835096242936,97
2024-09-18 11:01:31.369,412.7459099932716,103
2024-09-18 11:01:31.467,412.7398690554825,13
2024-09-18 11:01:31.483,412.7353288896678,997
2024-09-18 11:01:31.518,412.8403014170534,98
2024-09-18 11:01:31.544,412.8340985194116,998
2024-09-18 11:01:31.553,-412.86443840453177,102
2024-09-18 11:01:31.578,412.7293529856763,1000
2024-09-18 11:01:31.605,412.8554695136655,99
2024-09-18 11:01:31.637,412.8620086802676,995
2024-09-18 11:01:31.648,412.7368705973312,98
2024-09-18 11:01:31.726,412.725063067626,1001
2024-09-18 11:01:31.844,412.8459998714068,104
2024-09-18 11:01:31.900,412.7822169865085,999
2024-09-18 11:01:31.920,412.7288285105822,96
2024-09-18 11:01:31.947,412.8030756155274,12
2024-09-18 11:01:31.958,412.8253226458418,99
2024-09-18 11:01:32.007,412.812923929346,1000
2024-09-18 11:01:32.023,412.85463317704057,103
2024-09-18 11:01:32.101,412.8445090121591,5
2024-09-18 11:01:32.125,412.840114839687,5
2024-09-18 11:01:32.148,412.8913443235296,95
2024-09-18 11:01:32.305,412.86062234972167,105
2024-09-18 11:01:32.311,412.8720275191637,98
2024-09-18 11:01:32.361,412.8569505012285,9
2024-09-18 11:01:32.414,412.8937678527548,13
2024-09-18 11:01:32.489,412.8765421077927,998
2024-09-18 11:01:32.501,412.89924373931865,100
2024-09-18 11:01:32.503,412.88132305054194,102
2024-09-18 11:01:32.508,412.8640221752556,996
2024-09-18 11:01:32.545,412.8556885871897,995
2024-09-18 11:01:32.733,412.89064754085433,12
2024-09-18 11:01:32.755,412.8830059001336,101
2024-09-18 11:01:32.888,412.8516732441644,13
2024-09-18 11:01:33.044,412.8946880758562,996
2024-09-18 11:01:33.073,412.8942156282128,105
2024-09-18 11:01:33.142,412.9029644271384,95
2024-09-18 11:01:33.200,412.8473862937568,9
2024-09-18 11:01:33.271,412.8949983376702,105
2024-09-18 11:01:33.271,412.9118586928319,998
2024-09-18 11:01:33.321,412.8545482283319,10
2024-09-18 11:01:33.463,412.88986051909967,1000
2024-09-18 11:01:33.529,412.8367337353009,1000
2024-09-18 11:01:33.530,412.8584546092619,7
2024-09-18 11:01:33.553,-412.878322422872,8
2024-09-18 11:01:33.599,412.84570363918033,8
2024-09-18 11:01:33.656,412.8339221162385,12
2024-09-18 11:01:33.682,41.28577856848743,7
2024-09-18 11:01:33.698,412.9003060758619,10
2024-09-18 11:01:33.758,412.8960072046615,104
2024-09-18 11:01:33.833,412.88776672686095,1000
2024-09-18 11:01:33.838,412.8856237643425,1000
2024-09-18 11:01:33.942,412.8842106007776,104
2024-09-18 11:01:33.956,412.84722749263153,98
2024-09-18 11:01:34.065,412.9172834855058,995
2024-09-18 11:01:34.071,412.8753346491676,997
2024-09-18 11:01:34.076,412.91164780722255,5
2024-09-18 11:01:34.149,412.936202796733,101
2024-09-18 11:01:34.168,412.8492382000637,97
2024-09-18 11:01:34.223,412.85209472815495,95
2024-09-18 11:01:34.257,412.8963993469944,10
2024-09-18 11:01:34.271,412.8956870856435,102
2024-09-18 11:01:34.427,412.8793759021997,103
2024-09-18 11:01:34.452,412.9123137055304,100
2024-09-18 11:01:34.579,412.8820256464573,995
2024-09-18 11:01:34.611,412.91910358505766,999
2024-09-18 11:01:34.640,412.867012803017,14
2024-09-18 11:01:34.687,412.9260237437071,7
2024-09-18 11:01:34.741,412.87787729959547,11
2024-09-18 11:01:34.767,412.8698045754587,997
2024-09-18 11:01:34.800,412.90803505238273,104
2024-09-18 11:01:34.865,412.8941113306617,1004
2024-09-18 11:01:34.977,412.85404189981614,101
2024-09-18 11:01:35.308,412.8989140615806,7
2024-09-18 11:01:35.406,412.9097691342246,999
2024-09-18 11:01:35.498,412.9109553272933,15
2024-09-18 11:01:35.921,412.9012760727476,102
2024-09-18 11:01:36.004,412.8819902021276,101
2024-09-18 11:01:36.052,412.9003862926416,15
2024-09-18 11:01:36.089,412.9023245679135,10
2024-09-18 11:01:36.193,412.889569258015,10
2024-09-18 11:01:36.226,412.88631652310966,1003
2024-09-18 11:01:36.298,412.9120887400989,9
2024-09-18 11:01:36.358,412.890551716983,7
2024-09-18 11:01:36.365,412.89715934441153,100
2024-09-18 11:01:36.366,412.8794981749076,95
2024-09-18 11:01:36.386,412.8872931398302,98
2024-09-18 11:01:36.415,412.87896744233,95
2024-09-18 11:01:36.438,412.9207173782162,1002
2024-09-18 11:01:36.447,412.8854904323815,14
2024-09-18 11:01:36.452,412.87733601047904,997
2024-09-18 11:01:36.461,412.9008964640506,100
2024-09-18 11:01:36.501,412.89851014567824,95
2024-09-18 11:01:36.561,412.888418127074,10
2024-09-18 11:01:36.584,412.8853775210936,97
2024-09-18 11:01:36.623,412.8749985767016,996
2024-09-18 11:01:36.729,412.8967635720944,1000
2024-09-18 11:01:36.730,412.9032244398319,1000
2024-09-18 11:01:36.744,412.8844634768084,10
2024-09-18 11:01:36.821,412.8854717216307,999
2024-09-18 11:01:36.875,412.87873648199513,1000
2024-09-18 11:01:36.878,412.88349801460726,1004
2024-09-18 11:01:36.899,412.9107826855756,996
2024-09-18 11:01:36.958,412.8857200319208,998
2024-09-18 11:01:36.967,412.89472544391225,1000
2024-09-18 11:01:37.016,412.8999755400631,12
2024-09-18 11:01:37.058,412.9108368879092,1003
2024-09-18 11:01:37.058,412.8984475878508,1001
2024-09-18 11:01:37.309,412.8924609323412,105
2024-09-18 11:01:37.309,412.90068314639495,1004
2024-09-18 11:01:37.551,412.8846320460911,8
2024-09-18 11:01:37.943,412.9130138225352,1001
2024-09-18 11:01:37.971,412.910341230301,6
2024-09-18 11:01:38.000,412.9230311956509,104
2024-09-18 11:01:38.113,412.8885263975224,95
2024-09-18 11:01:38.132,412.9185153343544,101
2024-09-18 11:01:38.160,412.8978582364099,996
2024-09-18 11:01:38.170,412.9296272006736,102
2024-09-18 11:01:38.305,41.28929139925012,104
2024-09-18 11:01:38.430,412.9103888239269,5
2024-09-18 11:01:38.437,412.8444549053624,97
2024-09-18 11:01:38.447,412.9155447589275,12
2024-09-18 11:01:38.448,412.9140270631793,12
2024-09-18 11:01:38.468,412.87745594451366,999
2024-09-18 11:01:38.501,412.8418231468484,1001
2024-09-18 11:01:38.544,412.9136265798617,1004
2024-09-18 11:01:38.639,412.911633833996,1001
2024-09-18 11:01:38.692,412.9311971788836,100
2024-09-18 11:01:38.698,412.9014727451142,99
2024-09-18 11:01:38.710,412.8631596413972,999
2024-09-18 11:01:38.761,412.8930063812968,1002
2024-09-18 11:01:38.842,412.9183363669331,6
2024-09-18 11:01:38.903,412.92943709714575,998
2024-09-18 11:01:39.111,412.9358172734739,1001
2024-09-18 11:01:39.196,412.9424635067024,15
2024-09-18 11:01:39.281,412.91654059925554,1000
2024-09-18 11:01:39.297,412.9276912013889,97
2024-09-18 11:01:39.351,412.9382964074875,8
2024-09-18 11:01:39.368,412.9137272584267,1004
2024-09-18 11:01:39.432,412.9277319615289,97
2024-09-18 11:01:39.439,412.9345005916636,99
2024-09-18 11:01:39.480,412.94208589217294,1001
2024-09-18 11:01:39.495,412.91908920825296,103
2024-09-18 11:01:39.595,412.8988964749728,96
2024-09-18 11:01:39.687,412.9407927368619,995
2024-09-18 11:01:39.698,412.9238054587285,96
2024-09-18 11:01:39.719,412.9393828325028,996
2024-09-18 11:01:39.721,412.9294276834239,1001
2024-09-18 11:01:39.754,41.294278368365816,999
2024-09-18 11:01:39.801,41.29259556375022,100
2024-09-18 11:01:39.820,412.9329194042632,1001
2024-09-18 11:01:39.824,412.920659851705,997
2024-09-18 11:01:39.921,412.9365045388032,95
2024-09-18 11:01:39.963,412.9414745937684,11
2024-09-18 11:01:39.970,412.9477648822613,101
2024-09-18 11:01:40.012,-413.00276323237046,95
2024-09-18 11:01:40.070,412.9439997890557,105
2024-09-18 11:01:40.117,413.0342236471969,95
2024-09-18 11:01:40.122,413.0556868010326,95
2024-09-18 11:01:40.189,412.9028767161559,1004
2024-09-18 11:01:40.189,412.9616514295512,95
2024-09-18 11:01:40.280,412.9162480873963,12
2024-09-18 11:01:40.297,413.0209331775269,997
2024-09-18 11:01:40.453,413.0034279407636,101
2024-09-18 11:01:40.465,413.0421873085573,15
2024-09-18 11:01:40.484,412.9236299883291,103
2024-09-18 11:01:40.516,413.00901113506666,104
2024-09-18 11:01:40.536,413.02175461141616,1000
2024-09-18 11:01:40.562,412.92310170797685,9
2024-09-18 11:01:40.596,412.9309253979866,13
2024-09-18 11:01:40.597,413.0406503765047,1001
2024-09-18 11:01:40.634,413.0428935241324,102
2024-09-18 11:01:40.635,412.9029541575569,10
2024-09-18 11:01:40.698,412.99362285501815,98
2024-09-18 11:01:40.726,412.942534479358,96
2024-09-18 11:01:40.739,412.9111080818226,5
2024-09-18 11:01:40.753,413.04177590061954,997
2024-09-18 11:01:40.760,412.96414532227976,14
2024-09-18 11:01:40.792,413.01239899068,13
2024-09-18 11:01:40.835,412.97698269131496,13
2024-09-18 11:01:40.861,412.93701480729015,7
2024-09-18 11:01:40.908,413.0142646161143,103
2024-09-18 11:01:40.946,412.9079463302156,1004
2024-09-18 11:01:41.015,412.9706505148116,97
2024-09-18 11:01:41.061,412.9308244978502,5
2024-09-18 11:01:41.084,412.9663458995588,1000
2024-09-18 11:01:41.086,412.9764175965116,1002
2024-09-18 11:01:41.131,412.962613229618,12
2024-09-18 11:01:41.228,413.0016200369785,101
2024-09-18 11:01:41.231,412.9436555102006,98
2024-09-18 11:01:41.253,412.96121361344046,102
2024-09-18 11:01:41.292,412.9572780395008,100
2024-09-18 11:01:41.310,412.98836262170937,1005
2024-09-18 11:01:41.390,412.9616672041881,1002
2024-09-18 11:01:41.396,412.97800935606335,105
2024-09-18 11:01:41.461,412.9846320030321,12
2024-09-18 11:01:41.558,413.0222846744243,101
2024-09-18 11:01:41.595,412.9174085224993,995
2024-09-18 11:01:41.626,412.9949040541247,101
2024-09-18 11:01:41.634,412.9709273689212,1003
2024-09-18 11:01:41.697,412.9184511717648,13
2024-09-18 11:01:41.698,412.9628892136489,101
2024-09-18 11:01:41.715,412.9422595088904,102
2024-09-18 11:01:41.805,412.973932803444,11
2024-09-18 11:01:41.879,412.94021975649935,7
2024-09-18 11:01:41.927,412.9607925235237,6
2024-09-18 11:01:41.969,412.9737279002545,95
2024-09-18 11:01:41.972,413.013263072113,12
2024-09-18 11:01:41.985,412.9450811082399,1004
2024-09-18 11:01:42.074,412.8431246664249,1000
2024-09-18 11:01:42.111,412.8757419754142,1003
2024-09-18 11:01:42.179,412.94708739871646,97
2024-09-18 11:01:42.182,412.9124926794646,9
2024-09-18 11:01:42.191,412.8644738481228,1002
2024-09-18 11:01:42.245,412.9424398431812,6
2024-09-18 11:01:42.253,412.941959970546,13
2024-09-18 11:01:42.371,412.8665613269846,5
2024-09-18 11:01:42.375,412.861927219612,15
2024-09-18 11:01:42.385,412.9312111078239,105
2024-09-18 11:01:42.395,412.8850574234,1001
2024-09-18 11:01:42.437,-412.9053692814718,7
2024-09-18 11:01:42.548,412.86414825110126,103
2024-09-18 11:01:42.588,412.8393402278917,15
2024-09-18 11:01:42.635,412.8498339316361,995
2024-09-18 11:01:42.700,412.8461357088953,998
2024-09-18 11:01:42.716,412.93642296949815,7
2024-09-18 11:01:42.719,412.8665695316855,998
2024-09-18 11:01:42.730,412.9326941122795,14
2024-09-18 11:01:42.865,412.8707281393654,104
2024-09-18 11:01:42.896,412.8752876311998,102
2024-09-18 11:01:42.933,412.958745791192,12
2024-09-18 11:01:42.974,412.87647707563576,1005
2024-09-18 11:01:43.060,412.8712065212451,1004
2024-09-18 11:01:43.122,412.8399279297005,997
2024-09-18 11:01:43.227,412.8457215153666,1005
2024-09-18 11:01:43.235,412.8412321501564,11
2024-09-18 11:01:43.246,-412.86792953261386,999
2024-09-18 11:01:43.333,412.8690227012907,6
2024-09-18 11:01:43.447,412.8530689418118,102
2024-09-18 11:01:43.461,412.84128861982106,103
2024-09-18 11:01:43.503,412.82348116487833,996
2024-09-18 11:01:43.505,-412.8505654842351,998
2024-09-18 11:01:43.586,412.854034729969,8
2024-09-18 11:01:43.628,412.8805951496015,11
2024-09-18 11:01:43.647,412.8602070834754,13
2024-09-18 11:01:43.772,412.820007297519,12
2024-09-18 11:01:44.011,412.8479747075404,1000
2024-09-18 11:01:44.025,412.8562677484692,105
2024-09-18 11:01:44.086,412.8394052548648,8
2024-09-18 11:01:44.234,412.84450689830805,5
2024-09-18 11:01:44.269,412.8593317453132,999
2024-09-18 11:01:44.394,412.8497849986848,995
2024-09-18 11:01:44.475,,11
2024-09-18 11:01:45.090,412.8905311962181,1001
2024-09-18 11:01:45.135,412.8980608414857,6
2024-09-18 11:01:45.266,412.8765643248736,105
2024-09-18 11:01:45.268,412.8840474856207,1000
2024-09-18 11:01:45.344,412.8922328487191,995
2024-09-18 11:01:45.363,412.8510399812101,105
2024-09-18 11:01:45.366,412.8757973409047,10
2024-09-18 11:01:45.399,412.9075540066449,1005
2024-09-18 11:01:45.450,412.8920856471499,9
2024-09-18 11:01:45.603,412.8823626757195,996
2024-09-18 11:01:45.675,412.8860353009354,1002
2024-09-18 11:01:45.960,412.8765504182188,15
2024-09-18 11:01:45.991,41.28896025980777,1002
2024-09-18 11:01:46.070,412.896995809528,1000
2024-09-18 11:01:46.073,412.8817901443156,8
2024-09-18 11:01:46.115,412.8633900907941,101
2024-09-18 11:01:46.163,412.8571950417239,15
2024-09-18 11:01:46.203,412.9083351998716,1005
2024-09-18 11:01:46.237,412.899766515315,96
2024-09-18 11:01:46.248,412.8892069361216,13
2024-09-18 11:01:46.285,-412.8870156007641,103
2024-09-18 11:01:46.312,412.90469782808697,14
2024-09-18 11:01:46.361,412.87779572643103,101
2024-09-18 11:01:46.385,412.9161451036399,13
2024-09-18 11:01:46.525,412.8862692598993,9
2024-09-18 11:01:46.601,412.9241486944096,9
2024-09-18 11:01:46.695,412.8869272109688,10
2024-09-18 11:01:46.773,412.92333239165686,95
2024-09-18 11:01:46.782,412.90087387997966,14
2024-09-18 11:01:46.807,412.870985698266,10
2024-09-18 11:01:46.822,412.8723579000318,6
2024-09-18 11:01:46.896,412.8612111410211,13
2024-09-18 11:01:46.959,412.893486055378,7
2024-09-18 11:01:47.060,413.0102729871112,103
2024-09-18 11:01:47.084,412.94259971519887,95
2024-09-18 11:01:47.222,412.96640375707705,1004
2024-09-18 11:01:47.259,412.9046946848932,104
2024-09-18 11:01:47.277,412.9500341879137,101
2024-09-18 11:01:47.285,412.9436246246232,13
2024-09-18 11:01:47.403,413.0105366486322,8
2024-09-18 11:01:47.410,412.9528785526875,7
2024-09-18 11:01:47.432,412.9553585283032,102
2024-09-18 11:01:47.471,412.97942935592783,6
2024-09-18 11:01:47.613,412.97878351427073,996
2024-09-18 11:01:47.635,412.898142896609,98
2024-09-18 11:01:47.651,412.922834579889,5
2024-09-18 11:01:47.662,412.965053365698,1001
2024-09-18 11:01:47.681,412.8937565465396,995
2024-09-18 11:01:47.735,412.9678199067711,14
2024-09-18 11:01:47.744,413.0366375117784,103
2024-09-18 11:01:47.765,413.0082848373365,12
2024-09-18 11:01:47.789,413.0325410987365,98
2024-09-18 11:01:47.864,412.9508336625368,10
2024-09-18 11:01:47.896,413.0315977734737,15
2024-09-18 11:01:47.943,412.9846899902603,98
2024-09-18 11:01:47.957,412.9327696267292,96
2024-09-18 11:01:48.457,413.052271700141,1000
2024-09-18 11:01:49.032,413.0498821439559,97
2024-09-18 11:01:49.064,413.0472421062431,13
2024-09-18 11:01:49.108,413.047070262216,11
2024-09-18 11:01:49.150,,1001
2024-09-18 11:01:49.180,413.0497651024912,102
2024-09-18 11:01:49.273,413.0711054973861,995
2024-09-18 11:01:49.316,413.0500306399316,1003
2024-09-18 11:01:49.322,413.0379846930517,98
2024-09-18 11:01:49.385,413.0571756329597,5
2024-09-18 11:01:49.408,413.07660709530666,101
2024-09-18 11:01:49.457,413.046490508905,997
2024-09-18 11:01:49.578,413.036612512069,15
2024-09-18 11:01:49.608,413.0648032434267,13
2024-09-18 11:01:49.737,413.0573185047359,97
2024-09-18 11:01:49.767,413.0534933175923,1001
2024-09-18 11:01:49.770,413.0527043077985,1002
2024-09-18 11:01:49.870,413.044194338963,14
2024-09-18 11:01:49.882,,105
2024-09-18 11:01:49.910,413.0626053453945,995
2024-09-18 11:01:49.918,413.0315952018028,1001
2024-09-18 11:01:49.967,413.0712468045968,11
2024-09-18 11:01:49.975,413.0590727857918,995
2024-09-18 11:01:49.978,413.0591165880268,10
2024-09-18 11:01:49.986,413.0375136030709,996
2024-09-18 11:01:50.005,413.0700287761975,998
2024-09-18 11:01:50.123,41.30760375880009,6
2024-09-18 11:01:50.137,413.1350802924521,1005
2024-09-18 11:01:50.168,413.06854466973095,98
2024-09-18 11:01:50.207,413.1058310782437,10
2024-09-18 11:01:50.326,413.1015794546494,1002
2024-09-18 11:01:50.416,413.08854408389294,995
2024-09-18 11:01:50.439,413.0621334331406,1004
2024-09-18 11:01:50.506,413.08049405934,7
2024-09-18 11:01:50.525,413.0482762628525,98
2024-09-18 11:01:50.527,413.0453082228423,12
2024-09-18 11:01:50.553,413.0781596114352,12
2024-09-18 11:01:50.589,413.1385148870916,997
2024-09-18 11:01:50.597,413.0821468825112,1003
2024-09-18 11:01:50.679,413.1110276307334,96
2024-09-18 11:01:50.705,413.0478435413071,999
2024-09-18 11:01:50.743,413.0717735247164,11
2024-09-18 11:01:50.786,413.07576866404406,1005
2024-09-18 11:01:50.874,413.0888839884565,9
2024-09-18 11:01:50.887,413.12525449075855,96
2024-09-18 11:01:50.891,-413.0666357374958,1001
2024-09-18 11:01:50.895,413.0381894452951,1002
2024-09-18 11:01:50.915,413.1046395525975,95
2024-09-18 11:01:50.992,413.1242689884714,1005
2024-09-18 11:01:51.044,413.1131082143687,12
2024-09-18 11:01:51.113,413.1179223352997,6
2024-09-18 11:01:51.174,413.1571201337301,14
2024-09-18 11:01:51.223,413.1225457525274,105
2024-09-18 11:01:51.239,413.1747544195081,14
2024-09-18 11:01:51.275,413.0962578052384,99
2024-09-18 11:01:51.462,413.0964297634945,10
2024-09-18 11:01:51.494,413.095250153076,95
2024-09-18 11:01:51.522,-413.1413365375555,14
2024-09-18 11:01:51.555,413.1580056891245,99
2024-09-18 11:01:51.600,413.10697846345664,102
2024-09-18 11:01:51.609,413.0818318360143,15
2024-09-18 11:01:51.642,413.1348814345717,1003
2024-09-18 11:01:51.759,413.175523373995,1001
2024-09-18 11:01:51.880,413.127615074293,102
2024-09-18 11:01:51.939,413.16896603520087,13
2024-09-18 11:01:51.963,413.1005857332807,99
2024-09-18 11:01:52.207,413.191260078685,12
2024-09-18 11:01:52.287,413.2052354061069,998
2024-09-18 11:01:52.303,413.2167272913368,14
2024-09-18 11:01:52.421,413.18099329296587,1005
2024-09-18 11:01:52.600,413.1930835671159,15
2024-09-18 11:01:52.688,413.19100614817694,6
2024-09-18 11:01:52.735,413.2043717129743,6
2024-09-18 11:01:52.797,413.189831300687,997
2024-09-18 11:01:52.845,413.1955606669919,1004
2024-09-18 11:01:52.847,413.22034430974406,101
2024-09-18 11:01:52.870,413.2021517647312,96
2024-09-18 11:01:52.944,413.2385602249385,99
2024-09-18 11:01:53.074,413.2366930124834,14
2024-09-18 11:01:53.082,413.2313196122644,1005
2024-09-18 11:01:53.109,413.1885599079362,1001
2024-09-18 11:01:53.131,413.2413223440126,102
2024-09-18 11:01:53.210,413.1761095864789,99
2024-09-18 11:01:53.215,413.17144557881886,999
2024-09-18 11:01:53.233,413.1903370403078,100
2024-09-18 11:01:53.278,413.1935113021884,1000
2024-09-18 11:01:53.292,413.17098071935135,103
2024-09-18 11:01:53.316,413.2140652848039,1000
2024-09-18 11:01:53.325,413.2220145096488,14
2024-09-18 11:01:53.414,413.2322284172513,98
2024-09-18 11:01:53.421,413.20251749238673,1000
2024-09-18 11:01:53.443,413.2256402269275,100
2024-09-18 11:01:53.507,413.2036530756751,999
2024-09-18 11:01:53.519,413.1905485902548,999
2024-09-18 11:01:53.523,413.20606864470017,7
2024-09-18 11:01:53.523,413.20458501317967,104
2024-09-18 11:01:53.591,413.18612092019487,1000
2024-09-18 11:01:53.597,413.17899214685445,9
2024-09-18 11:01:53.600,413.17917161486514,5
2024-09-18 11:01:53.635,41.31922748461784,13
2024-09-18 11:01:53.714,413.2172379724008,102
2024-09-18 11:01:53.719,413.2343786283241,998
2024-09-18 11:01:53.836,413.20750738107415,101
2024-09-18 11:01:53.871,413.19144909261377,100
2024-09-18 11:01:53.900,413.1623743872359,996
2024-09-18 11:01:53.917,413.1807269303764,1004
2024-09-18 11:01:53.946,413.1577700306653,5
2024-09-18 11:01:53.977,413.2176414158083,103
2024-09-18 11:01:54.007,413.2136750401762,104
2024-09-18 11:01:54.020,413.1965515548468,11
2024-09-18 11:01:54.037,413.1818468550444,102
2024-09-18 11:01:54.043,413.1998886990949,101
2024-09-18 11:01:54.051,413.1900479720105,102
2024-09-18 11:01:54.073,413.1938975208501,10
2024-09-18 11:01:54.076,413.1738765614255,1005
2024-09-18 11:01:54.189,413.2041208838409,10
2024-09-18 11:01:54.217,413.1682272221326,13
2024-09-18 11:01:54.248,413.1685318660816,101
2024-09-18 11:01:54.317,413.1816503454481,1003
2024-09-18 11:01:54.367,413.192618672122,97
2024-09-18 11:01:54.399,413.1905789304385,1004
2024-09-18 11:01:54.421,413.19154563301527,15
2024-09-18 11:01:54.422,413.1681631827663,104
2024-09-18 11:01:54.469,413.1787519427573,1001
2024-09-18 11:01:54.516,413.1975334990894,100
2024-09-18 11:01:54.519,413.1919180644365,95
2024-09-18 11:01:54.578,413.2006173102718,13
2024-09-18 11:01:54.632,413.1706746035908,1002
2024-09-18 11:01:54.635,413.185340726018,1000
2024-09-18 11:01:54.645,413.18843786297697,1002
2024-09-18 11:01:54.679,413.1728647603066,8
2024-09-18 11:01:54.807,-413.2034346080234,6
2024-09-18 11:01:54.827,413.1777688531206,12
2024-09-18 11:01:54.885,413.1888766536196,101
2024-09-18 11:01:54.893,413.1731216859857,996
2024-09-18 11:01:55.049,413.18097853720406,104
2024-09-18 11:01:55.187,413.1506487268445,1004
2024-09-18 11:01:55.222,413.1532449399721,5
2024-09-18 11:01:55.246,413.1340383506912,10
2024-09-18 11:01:55.285,413.1596402168789,1004
2024-09-18 11:01:55.291,413.1702349994746,99
2024-09-18 11:01:55.315,413.15121031571374,98
2024-09-18 11:01:55.329,413.1817276207321,104
2024-09-18 11:01:55.355,413.1965212602327,999
2024-09-18 11:01:55.490,413.1607473292593,996
2024-09-18 11:01:55.490,413.155051512577,103
2024-09-18 11:01:55.595,413.1241255629996,12
2024-09-18 11:01:55.604,413.17807579609337,102
2024-09-18 11:01:55.610,413.2004266975586,97
2024-09-18 11:01:55.631,413.1531669393712,8
2024-09-18 11:01:55.679,413.1451595355975,8
2024-09-18 11:01:55.688,413.17391404538125,100
2024-09-18 11:01:55.731,413.14039680359593,103
2024-09-18 11:01:55.754,413.1598888575749,101
2024-09-18 11:01:55.880,413.1365702106335,98
2024-09-18 11:01:56.037,413.1974369677399,998
2024-09-18 11:01:56.071,413.18377156116935,1000
2024-09-18 11:01:56.097,413.1743648334352,100
2024-09-18 11:01:56.132,413.1875968183704,99
2024-09-18 11:01:56.196,413.1982320362422,15
2024-09-18 11:01:56.275,413.1823302251347,1002
2024-09-18 11:01:56.379,413.16842990591135,8
2024-09-18 11:01:56.454,413.20643442675896,100
2024-09-18 11:01:56.485,413.1814642811194,9
2024-09-18 11:01:56.497,413.1798621683899,105
2024-09-18 11:01:56.618,413.1717308899711,103
2024-09-18 11:01:56.691,413.2074772202212,1001
2024-09-18 11:01:56.751,413.1818209284987,102
2024-09-18 11:01:56.762,413.17794638354,97
2024-09-18 11:01:56.966,413.1861113852724,9
2024-09-18 11:01:57.022,413.20868613215697,101
2024-09-18 11:01:57.496,413.2031705598608,996
2024-09-18 11:01:57.528,413.1812555926533,10
2024-09-18 11:01:57.696,413.2029061808717,1004
2024-09-18 11:01:57.905,413.20501996314806,102
2024-09-18 11:01:58.006,413.1651397456122,7
2024-09-18 11:01:58.007,413.1843106448877,13
2024-09-18 11:01:58.051,413.1649337265046,96
2024-09-18 11:01:58.274,413.17036747716,14
2024-09-18 11:01:58.275,413.20869834552656,11
2024-09-18 11:01:58.349,413.1514625512379,1005
2024-09-18 11:01:58.399,413.17092196006166,11
2024-09-18 11:01:58.450,413.1848800692938,1005
2024-09-18 11:01:58.488,-413.1982765638943,999
2024-09-18 11:01:58.516,413.1735957314052,10
2024-09-18 11:01:58.553,41.316160995352725,101
2024-09-18 11:01:58.736,,103
2024-09-18 11:01:58.781,413.1670120236781,5
2024-09-18 11:01:58.833,413.1733110452846,103
2024-09-18 11:01:59.448,413.14217845452725,104
2024-09-18 11:01:59.635,413.16760446500695,1002
2024-09-18 11:01:59.825,413.1562627325588,1002
