Timestamp,Price,Size
2024-09-19 15:59:00.239,421.3352365359914,12
2024-09-19 15:59:00.527,421.34713411566185,14
2024-09-19 15:59:00.648,421.3462764329483,8
2024-09-19 15:59:00.753,421.3479259961605,1000
2024-09-19 15:59:01.016,421.3675685790171,1000
2024-09-19 15:59:01.034,421.4043781775484,996
2024-09-19 15:59:01.150,421.3364938921249,96
2024-09-19 15:59:01.218,421.3561762679524,15
2024-09-19 15:59:01.230,,998
2024-09-19 15:59:01.287,421.3649362154914,1000
2024-09-19 15:59:01.299,421.39032956531867,102
2024-09-19 15:59:01.306,421.4022245391035,98
2024-09-19 15:59:01.328,421.4124992560093,95
2024-09-19 15:59:01.343,421.37081243637215,99
2024-09-19 15:59:01.411,421.3720853561472,104
2024-09-19 15:59:01.540,421.3608620569759,1000
2024-09-19 15:59:01.569,421.3451492417603,996
2024-09-19 15:59:01.641,421.3230659024233,8
2024-09-19 15:59:01.666,421.375468890041,7
2024-09-19 15:59:01.843,421.3547186890154,1001
2024-09-19 15:59:01.892,421.37434196374863,11
2024-09-19 15:59:01.950,421.3762675392318,997
2024-09-19 15:59:02.122,421.38129733544525,1004
2024-09-19 15:59:03.025,421.29310174803777,104
2024-09-19 15:59:03.039,421.3218890446895,998
2024-09-19 15:59:03.126,421.3280746249357,999
2024-09-19 15:59:03.176,421.3420981060136,999
2024-09-19 15:59:03.221,421.33387687027977,1000
2024-09-19 15:59:03.245,421.3576231461585,99
2024-09-19 15:59:03.256,421.3294219181658,1001
2024-09-19 15:59:03.301,421.32847530626896,7
2024-09-19 15:59:03.328,421.2952257853001,7
2024-09-19 15:59:03.392,421.34640037704906,98
2024-09-19 15:59:03.405,421.3485320740472,7
2024-09-19 15:59:03.458,421.3668226767152,102
2024-09-19 15:59:03.662,421.35489352452976,1004
2024-09-19 15:59:03.722,421.3159274693411,96
2024-09-19 15:59:03.872,421.33761820345256,1002
2024-09-19 15:59:03.897,421.2735225948687,96
2024-09-19 15:59:03.916,421.2924084157708,101
2024-09-19 15:59:03.978,421.350798917285,1004
2024-09-19 15:59:03.982,421.2895712413984,11
2024-09-19 15:59:03.982,421.3459855748949,995
2024-09-19 15:59:04.094,421.2824556852846,105
2024-09-19 15:59:04.103,421.3017656197385,105
2024-09-19 15:59:04.189,421.313681403034,97
2024-09-19 15:59:04.304,421.3010894874873,99
2024-09-19 15:59:04.619,421.30792304172667,100
2024-09-19 15:59:04.716,421.2776018807365,13
2024-09-19 15:59:04.889,421.302258598096,12
2024-09-19 15:59:05.109,,1004
2024-09-19 15:59:05.399,421.2523998300818,996
2024-09-19 15:59:05.439,421.2552687171952,14
2024-09-19 15:59:05.566,421.2665193956787,5
2024-09-19 15:59:05.806,421.2728689427231,103
2024-09-19 15:59:05.808,421.2619589017789,11
2024-09-19 15:59:05.864,421.2345564244762,7
2024-09-19 15:59:05.998,421.2461889795103,999
2024-09-19 15:59:06.109,421.211753547718,95
2024-09-19 15:59:06.154,421.21741386639866,13
2024-09-19 15:59:06.440,421.2055685011696,100
2024-09-19 15:59:06.985,421.2180889752501,1004
2024-09-19 15:59:07.547,421.22937266078105,997
2024-09-19 15:59:07.554,421.2239795135239,100
2024-09-19 15:59:08.050,421.2107272611104,103
2024-09-19 15:59:08.063,421.2125361735656,105
2024-09-19 15:59:08.093,421.1971800414107,12
2024-09-19 15:59:08.133,421.1848833045703,1001
2024-09-19 15:59:08.213,421.2086322309472,7
2024-09-19 15:59:08.305,421.1967904924705,13
2024-09-19 15:59:08.336,421.215597734044,11
2024-09-19 15:59:08.577,421.2188925943918,14
2024-09-19 15:59:08.809,421.187459742955,996
2024-09-19 15:59:08.810,421.21173033798505,1003
2024-09-19 15:59:08.878,421.1890153249066,97
2024-09-19 15:59:09.548,421.22840645927926,96
2024-09-19 15:59:09.955,421.2118549845092,997
2024-09-19 15:59:10.136,421.2316961749666,1004
2024-09-19 15:59:10.144,421.2239985428842,12
2024-09-19 15:59:10.161,421.3474834365152,12
2024-09-19 15:59:10.198,421.2388078103506,13
2024-09-19 15:59:10.240,421.3418297420468,96
2024-09-19 15:59:10.245,421.22616652309017,998
2024-09-19 15:59:10.460,421.2577314996568,5
2024-09-19 15:59:10.481,421.2286292766728,98
2024-09-19 15:59:10.497,421.2965069273911,999
2024-09-19 15:59:10.524,421.2547178055164,100
2024-09-19 15:59:10.533,421.2238827545495,996
2024-09-19 15:59:10.557,421.2514595331765,99
2024-09-19 15:59:10.589,421.2189185766499,102
2024-09-19 15:59:10.636,421.3172036430722,105
2024-09-19 15:59:10.636,421.32716514395577,95
2024-09-19 15:59:10.673,421.2600112854684,14
2024-09-19 15:59:10.682,421.284657619875,5
2024-09-19 15:59:10.796,421.2651749443752,98
2024-09-19 15:59:10.900,421.3288600973468,1003
2024-09-19 15:59:10.913,421.2239085456483,99
2024-09-19 15:59:10.979,421.2695495198309,8
2024-09-19 15:59:10.982,421.2652440160043,100
2024-09-19 15:59:11.025,421.3354530126989,1003
2024-09-19 15:59:11.183,421.3427602201563,102
2024-09-19 15:59:11.223,421.3397723304087,15
2024-09-19 15:59:11.224,421.37158682104814,11
2024-09-19 15:59:11.274,421.3535668166648,102
2024-09-19 15:59:11.354,421.33531441551816,97
2024-09-19 15:59:11.400,421.3430077985674,98
2024-09-19 15:59:11.410,421.3333423533063,8
2024-09-19 15:59:11.431,421.3620872407309,1002
2024-09-19 15:59:11.594,421.3429364845724,96
2024-09-19 15:59:11.759,421.3507771836789,6
2024-09-19 15:59:11.811,421.34323740936,1002
2024-09-19 15:59:11.854,421.3376225024501,14
2024-09-19 15:59:11.870,421.3592708857509,95
2024-09-19 15:59:11.870,421.34960385984175,7
2024-09-19 15:59:11.872,421.34736288402166,102
2024-09-19 15:59:11.964,421.34704178614095,105
2024-09-19 15:59:11.971,421.342162496404,1000
2024-09-19 15:59:12.046,421.3516849870247,997
2024-09-19 15:59:12.066,421.3488189344045,97
2024-09-19 15:59:12.130,421.3422523500358,101
2024-09-19 15:59:12.169,421.3470219139029,101
2024-09-19 15:59:12.190,421.3480510619546,1001
2024-09-19 15:59:12.191,421.3320518861427,999
2024-09-19 15:59:12.323,421.3190323122511,14
2024-09-19 15:59:12.329,421.3373704469748,7
2024-09-19 15:59:12.329,421.3471517429505,13
2024-09-19 15:59:12.429,421.3363519832859,96
2024-09-19 15:59:12.528,421.3330461541895,100
2024-09-19 15:59:12.706,421.34134321611816,1004
2024-09-19 15:59:12.723,421.347790430249,12
2024-09-19 15:59:12.890,421.3306120445853,99
2024-09-19 15:59:12.955,421.3277968186112,105
2024-09-19 15:59:13.003,421.4029854344314,101
2024-09-19 15:59:13.019,421.4117877921305,1004
2024-09-19 15:59:13.028,421.3944561033295,100
2024-09-19 15:59:13.078,421.3471603295219,1004
2024-09-19 15:59:13.122,421.3186155409475,95
2024-09-19 15:59:13.203,421.3724834358899,104
2024-09-19 15:59:13.214,421.3928689043804,100
2024-09-19 15:59:13.241,421.37253777508135,1002
2024-09-19 15:59:13.361,421.36710302420215,1000
2024-09-19 15:59:13.418,421.3694671406272,1002
2024-09-19 15:59:13.485,421.3295667133576,97
2024-09-19 15:59:13.619,421.3806026082851,8
2024-09-19 15:59:13.626,421.37409485071,1005
2024-09-19 15:59:13.737,421.37915839457696,100
2024-09-19 15:59:13.772,421.3906309490184,1004
2024-09-19 15:59:13.784,421.3854600878669,1005
2024-09-19 15:59:13.840,421.38248181716,99
2024-09-19 15:59:13.848,421.3687333606597,104
2024-09-19 15:59:13.882,421.3826611355679,102
2024-09-19 15:59:13.886,421.398609852364,13
2024-09-19 15:59:13.921,,95
2024-09-19 15:59:13.930,421.3636783346177,1002
2024-09-19 15:59:13.935,421.40692850611214,8
2024-09-19 15:59:13.951,,1001
2024-09-19 15:59:14.075,421.3241870754804,7
2024-09-19 15:59:14.104,421.31326203163474,15
2024-09-19 15:59:14.153,421.29688081631065,1002
2024-09-19 15:59:14.159,421.3522102417301,1000
2024-09-19 15:59:14.167,421.3376513550048,12
2024-09-19 15:59:14.181,421.3288584115713,998
2024-09-19 15:59:14.228,421.30700468759136,8
2024-09-19 15:59:14.260,421.3499531902236,8
2024-09-19 15:59:14.286,421.328192701565,100
2024-09-19 15:59:14.311,421.30269505085846,102
2024-09-19 15:59:14.452,421.3582206143149,6
2024-09-19 15:59:14.462,421.2999829579322,1004
2024-09-19 15:59:14.476,421.3888504010046,8
2024-09-19 15:59:14.564,421.3138563665867,9
2024-09-19 15:59:14.565,421.3148947808626,100
2024-09-19 15:59:14.575,421.3446830494664,13
2024-09-19 15:59:14.599,421.3820072166536,6
2024-09-19 15:59:14.601,421.333654276192,998
2024-09-19 15:59:14.648,421.32767407728807,11
2024-09-19 15:59:14.726,421.3403783177338,8
2024-09-19 15:59:14.818,421.350321847278,997
2024-09-19 15:59:14.846,421.2961564531664,9
2024-09-19 15:59:14.898,421.3856394745733,12
2024-09-19 15:59:14.917,421.34001345654855,5
2024-09-19 15:59:14.985,421.3501333057429,100
2024-09-19 15:59:15.176,421.34937415428254,105
2024-09-19 15:59:15.212,421.35849963009366,5
2024-09-19 15:59:15.277,421.3478370566887,1000
2024-09-19 15:59:15.303,421.3551832418059,1004
2024-09-19 15:59:15.376,421.36301665664286,13
2024-09-19 15:59:15.391,421.304756748274,5
2024-09-19 15:59:15.487,421.3452636170001,104
2024-09-19 15:59:15.583,421.3415057291884,1004
2024-09-19 15:59:15.601,421.3335758843435,105
2024-09-19 15:59:15.686,421.3429331201688,13
2024-09-19 15:59:15.718,421.3314543406227,97
2024-09-19 15:59:15.787,421.3316140943346,102
2024-09-19 15:59:15.928,42.13675870739372,15
2024-09-19 15:59:15.953,421.3561835307325,14
2024-09-19 15:59:15.974,421.34471338163496,8
2024-09-19 15:59:16.092,421.31104938585145,104
2024-09-19 15:59:16.122,421.2301638083521,997
2024-09-19 15:59:16.156,421.2593857610293,1004
2024-09-19 15:59:16.157,421.17692216122833,14
2024-09-19 15:59:16.173,421.2121073140314,6
2024-09-19 15:59:16.191,421.21124811240657,101
2024-09-19 15:59:16.248,421.2042833156573,1005
2024-09-19 15:59:16.262,,101
2024-09-19 15:59:16.292,421.256999942251,15
2024-09-19 15:59:16.299,421.2541044730432,102
2024-09-19 15:59:16.383,421.1716608234634,997
2024-09-19 15:59:16.418,421.24645594084456,1000
2024-09-19 15:59:16.419,421.30091437096536,103
2024-09-19 15:59:16.432,421.2843317550966,98
2024-09-19 15:59:16.549,421.2151451881329,98
2024-09-19 15:59:16.556,421.20271746448327,104
2024-09-19 15:59:16.562,421.2512371048745,102
2024-09-19 15:59:16.593,421.3054504497445,13
2024-09-19 15:59:16.711,421.2705249782322,8
2024-09-19 15:59:16.730,421.1776182807589,13
2024-09-19 15:59:16.731,421.1942406927031,7
2024-09-19 15:59:16.738,421.1781938863738,6
2024-09-19 15:59:16.745,421.2064914197027,5
2024-09-19 15:59:16.817,421.21332888666166,102
2024-09-19 15:59:16.822,421.2586495150359,104
2024-09-19 15:59:16.823,421.1811383579063,101
2024-09-19 15:59:16.824,421.296914192162,95
2024-09-19 15:59:16.845,421.27538048178553,14
2024-09-19 15:59:16.848,421.1863851307496,7
2024-09-19 15:59:16.895,421.1747880914481,101
2024-09-19 15:59:18.034,421.2091062557,14
2024-09-19 15:59:18.077,421.1839081035368,14
2024-09-19 15:59:18.130,421.2277964335272,999
2024-09-19 15:59:18.148,421.2130514519949,1004
2024-09-19 15:59:18.157,421.2068944204674,998
2024-09-19 15:59:18.177,421.1740907008456,1000
2024-09-19 15:59:18.187,421.1858451037787,12
2024-09-19 15:59:18.191,421.2328442212646,11
2024-09-19 15:59:18.198,421.212586892916,1004
2024-09-19 15:59:18.214,421.2118910229096,998
2024-09-19 15:59:18.255,421.2129512897671,99
2024-09-19 15:59:18.271,421.2047615825923,9
2024-09-19 15:59:18.331,421.1833215926688,96
2024-09-19 15:59:18.366,421.2211314753237,1001
2024-09-19 15:59:18.397,421.1961244141534,998
2024-09-19 15:59:18.492,421.2151543338533,101
2024-09-19 15:59:18.546,421.1989431253991,998
2024-09-19 15:59:18.587,421.2018177986328,11
2024-09-19 15:59:18.622,421.2431199301848,995
2024-09-19 15:59:18.704,421.21829463516224,999
2024-09-19 15:59:18.723,421.2046210129023,1004
2024-09-19 15:59:18.787,421.2089883987617,1004
2024-09-19 15:59:18.799,421.1997299659106,98
2024-09-19 15:59:18.806,421.20418630471227,11
2024-09-19 15:59:18.849,420.26672139756585,7
2024-09-19 15:59:18.870,421.2144696166113,9
2024-09-19 15:59:18.873,421.2431973409856,999
2024-09-19 15:59:18.875,421.2338068234458,995
2024-09-19 15:59:18.902,421.2102413971254,1000
2024-09-19 15:59:18.905,421.19916616702943,996
2024-09-19 15:59:18.945,421.196506651265,6
2024-09-19 15:59:19.102,421.2251891458006,997
2024-09-19 15:59:19.109,421.21466448453714,998
2024-09-19 15:59:19.114,421.2107576748626,13
2024-09-19 15:59:19.123,421.21295767293526,1000
2024-09-19 15:59:19.132,421.2150106205988,105
2024-09-19 15:59:19.186,421.1997379609409,7
2024-09-19 15:59:19.207,421.21239223830605,96
2024-09-19 15:59:19.269,421.2042506169427,9
2024-09-19 15:59:19.442,421.20468305266417,1002
2024-09-19 15:59:19.521,421.2306075326538,1001
2024-09-19 15:59:19.606,421.21038313816894,1002
2024-09-19 15:59:19.751,421.2209234517078,104
2024-09-19 15:59:19.758,421.2303596044833,95
2024-09-19 15:59:19.789,421.1941308266642,104
2024-09-19 15:59:19.939,421.2176166029223,104
2024-09-19 15:59:19.978,421.2126466355064,15
2024-09-19 15:59:20.052,421.22766324414846,13
2024-09-19 15:59:20.148,-421.2234982237829,998
2024-09-19 15:59:20.162,421.2120737738047,1001
2024-09-19 15:59:20.275,421.2212647740199,12
2024-09-19 15:59:20.294,421.214597986163,5
2024-09-19 15:59:20.296,421.2059025923114,98
2024-09-19 15:59:20.355,421.2085388535133,999
2024-09-19 15:59:20.381,421.2134876903416,5
2024-09-19 15:59:20.391,421.212957163324,95
2024-09-19 15:59:20.438,42.12072352602341,998
2024-09-19 15:59:20.523,421.21394847424,95
2024-09-19 15:59:20.613,421.2239957213226,1005
2024-09-19 15:59:20.640,-421.2142581617535,97
2024-09-19 15:59:20.705,421.207151218523,15
2024-09-19 15:59:20.728,421.2269131651812,8
2024-09-19 15:59:20.756,421.227161350635,98
2024-09-19 15:59:20.776,421.2161722715744,1005
2024-09-19 15:59:20.924,421.21530714598566,1000
2024-09-19 15:59:20.971,421.20917480398543,99
2024-09-19 15:59:20.984,421.2230650736609,5
2024-09-19 15:59:21.031,421.2036658271184,105
2024-09-19 15:59:21.046,421.19969372835294,5
2024-09-19 15:59:21.073,421.2084062432399,999
2024-09-19 15:59:21.174,421.1853206142882,8
2024-09-19 15:59:21.238,421.2049938474064,1002
2024-09-19 15:59:21.310,421.2160035076141,101
2024-09-19 15:59:21.356,421.2017976747193,996
2024-09-19 15:59:21.359,421.2101396131415,103
2024-09-19 15:59:21.395,421.2154227178025,101
2024-09-19 15:59:21.447,421.22258424244086,999
2024-09-19 15:59:21.518,-421.2011873124373,95
2024-09-19 15:59:21.604,421.2152155085305,96
2024-09-19 15:59:21.604,421.2245667881298,97
2024-09-19 15:59:21.626,421.2191880593734,14
2024-09-19 15:59:21.644,420.2379653387252,105
2024-09-19 15:59:21.690,421.20861490384334,1005
2024-09-19 15:59:21.855,421.2071388327308,996
2024-09-19 15:59:21.857,421.2250117930872,97
2024-09-19 15:59:21.891,-421.2203737457487,100
2024-09-19 15:59:21.919,421.2015043403672,1001
2024-09-19 15:59:22.108,421.1871953262944,1005
2024-09-19 15:59:22.353,42.12000734822941,105
2024-09-19 15:59:23.028,421.1780130195586,998
2024-09-19 15:59:23.088,421.2052447442599,7
2024-09-19 15:59:23.150,421.20758066648114,100
2024-09-19 15:59:23.204,421.1819447521945,6
2024-09-19 15:59:23.210,421.1939213364112,995
2024-09-19 15:59:23.273,421.20506277226616,1003
2024-09-19 15:59:23.322,421.1891934955652,9
2024-09-19 15:59:23.378,421.2041529015968,5
2024-09-19 15:59:23.539,421.186373047325,997
2024-09-19 15:59:23.556,421.1886040301487,1001
2024-09-19 15:59:23.592,421.1970147987321,1000
2024-09-19 15:59:23.608,421.2273669482194,102
2024-09-19 15:59:23.632,421.2182921344475,99
2024-09-19 15:59:23.758,421.19378105374665,13
2024-09-19 15:59:23.815,421.20948212358775,8
2024-09-19 15:59:23.997,421.18847949621903,6
2024-09-19 15:59:24.049,421.18036630786105,14
2024-09-19 15:59:24.049,421.18800844595575,995
2024-09-19 15:59:24.119,421.161832718045,96
2024-09-19 15:59:24.144,421.1552110553616,997
2024-09-19 15:59:24.192,421.1893932612516,10
2024-09-19 15:59:24.249,421.1911809073121,995
2024-09-19 15:59:24.272,421.1969243724895,997
2024-09-19 15:59:24.299,421.1982394018799,101
2024-09-19 15:59:24.301,421.1791646563933,998
2024-09-19 15:59:24.340,421.19100721680536,103
2024-09-19 15:59:24.383,421.1746205082149,15
2024-09-19 15:59:24.476,421.18993580476433,9
2024-09-19 15:59:24.535,421.1779184414478,100
2024-09-19 15:59:24.598,421.174822205568,1004
2024-09-19 15:59:24.740,421.1813774005729,1005
2024-09-19 15:59:24.792,421.18827091319497,5
2024-09-19 15:59:24.840,421.1824503249997,13
2024-09-19 15:59:24.869,421.1941037093444,1003
2024-09-19 15:59:24.892,421.1743751135869,6
2024-09-19 15:59:24.909,421.20744805918247,11
2024-09-19 15:59:24.913,421.1936983313131,100
2024-09-19 15:59:24.960,421.2030336047074,104
2024-09-19 15:59:25.090,421.1540594371239,100
2024-09-19 15:59:25.139,421.1616847587267,103
2024-09-19 15:59:25.195,421.1861309491609,12
2024-09-19 15:59:25.317,421.14766935343937,13
2024-09-19 15:59:25.403,421.1662559812852,12
2024-09-19 15:59:25.623,421.1440385422046,9
2024-09-19 15:59:25.648,421.1809006329122,13
2024-09-19 15:59:25.760,421.0868368155513,97
2024-09-19 15:59:25.779,421.09929694001454,1002
2024-09-19 15:59:25.796,421.1106392440563,997
2024-09-19 15:59:25.813,421.17077211964295,98
2024-09-19 15:59:25.847,421.1178277488939,13
2024-09-19 15:59:25.869,421.1796191170428,105
2024-09-19 15:59:25.974,421.1586415048941,97
2024-09-19 15:59:25.990,421.12975592851234,105
2024-09-19 15:59:25.999,421.1333557806096,10
2024-09-19 15:59:26.045,421.0907989230976,1000
2024-09-19 15:59:26.103,421.1300594531151,1005
2024-09-19 15:59:26.176,421.11568616647367,11
2024-09-19 15:59:26.320,421.1234787783892,100
2024-09-19 15:59:26.532,421.138902853234,995
2024-09-19 15:59:26.559,421.1075724744469,105
2024-09-19 15:59:26.573,421.1232153019279,1002
2024-09-19 15:59:26.652,421.10514044067753,1002
2024-09-19 15:59:26.675,421.1053582563996,13
2024-09-19 15:59:26.723,421.1077117600035,11
2024-09-19 15:59:26.730,421.11375510032434,14
2024-09-19 15:59:26.734,421.1058540838451,99
2024-09-19 15:59:26.766,421.10870768464656,998
2024-09-19 15:59:26.799,421.14054086643614,8
2024-09-19 15:59:26.813,421.1117477910639,98
2024-09-19 15:59:27.017,421.114605780379,8
2024-09-19 15:59:27.273,421.0943051125314,1004
2024-09-19 15:59:27.398,421.1106213121924,999
2024-09-19 15:59:27.676,421.128526440549,6
2024-09-19 15:59:27.726,421.1318099568453,13
2024-09-19 15:59:28.030,421.06005786994393,12
2024-09-19 15:59:28.056,421.1321263190905,1004
2024-09-19 15:59:28.078,421.0928636992548,100
2024-09-19 15:59:28.096,421.0699471821326,997
2024-09-19 15:59:28.127,421.0480743054612,10
2024-09-19 15:59:28.167,421.1259804542492,15
2024-09-19 15:59:28.189,421.1525427493675,11
2024-09-19 15:59:28.283,421.0681028546061,15
2024-09-19 15:59:28.293,421.1225016606813,101
2024-09-19 15:59:28.369,421.1143667418568,99
2024-09-19 15:59:28.389,421.0833652146132,1002
2024-09-19 15:59:28.423,421.1162997304887,102
2024-09-19 15:59:28.478,-421.14061344425386,1004
2024-09-19 15:59:28.510,421.0552814429332,102
2024-09-19 15:59:28.699,421.12683166395743,6
2024-09-19 15:59:28.705,421.0799729420853,1002
2024-09-19 15:59:28.814,421.0595040749349,15
2024-09-19 15:59:28.815,421.04684440576,1001
2024-09-19 15:59:28.824,421.0986994698882,1001
2024-09-19 15:59:28.878,421.1284765883154,11
2024-09-19 15:59:28.894,421.0520418284339,104
2024-09-19 15:59:28.919,421.1680181439325,9
2024-09-19 15:59:28.920,421.0627841503465,99
2024-09-19 15:59:28.935,421.0870320027583,996
2024-09-19 15:59:28.981,421.0585954827258,9
2024-09-19 15:59:29.003,421.1402545978387,95
2024-09-19 15:59:29.034,421.1306124438915,10
2024-09-19 15:59:29.034,421.15842176926014,1005
2024-09-19 15:59:29.149,421.12837689416,8
2024-09-19 15:59:29.174,421.11784783802807,98
2024-09-19 15:59:29.213,421.15637678484507,97
2024-09-19 15:59:29.284,421.1261452617912,101
2024-09-19 15:59:29.377,421.1372688787195,98
2024-09-19 15:59:29.430,421.1546991071648,1003
2024-09-19 15:59:29.510,421.158814535324,101
2024-09-19 15:59:29.545,421.1379832607312,1005
2024-09-19 15:59:29.577,421.13691503130366,95
2024-09-19 15:59:29.581,421.1288009634479,10
2024-09-19 15:59:29.786,421.11999722630713,99
2024-09-19 15:59:29.900,421.1652516430132,999
2024-09-19 15:59:29.909,420.1498791767788,100
2024-09-19 15:59:29.911,421.1610840430184,10
2024-09-19 15:59:29.969,421.16171557952254,1000
2024-09-19 15:59:30.087,421.0371421087506,996
2024-09-19 15:59:30.112,421.0485370059345,999
2024-09-19 15:59:30.236,421.07359751407967,100
2024-09-19 15:59:30.294,421.10799114449134,105
2024-09-19 15:59:30.322,421.0880606069827,98
2024-09-19 15:59:30.343,421.09266932810334,7
2024-09-19 15:59:30.519,421.1109062853852,10
2024-09-19 15:59:30.541,421.0694156764024,995
2024-09-19 15:59:30.556,421.03826805408295,5
2024-09-19 15:59:30.557,421.1266523995731,1002
2024-09-19 15:59:30.628,421.0447633122921,1002
2024-09-19 15:59:30.659,421.110746163029,1001
2024-09-19 15:59:30.671,421.0560105484878,1002
2024-09-19 15:59:31.029,421.0687891198252,14
2024-09-19 15:59:31.161,421.0813955139887,14
2024-09-19 15:59:31.268,421.06730455210953,7
2024-09-19 15:59:31.377,421.0352143541218,5
2024-09-19 15:59:31.397,421.0497905386871,1002
2024-09-19 15:59:31.409,421.06278895656055,12
2024-09-19 15:59:31.496,421.059364224308,101
2024-09-19 15:59:31.711,421.07452846883575,101
2024-09-19 15:59:31.741,421.0327186833819,97
2024-09-19 15:59:31.784,421.06567679740425,12
2024-09-19 15:59:31.790,421.0683262317568,8
2024-09-19 15:59:31.816,421.0630244212475,997
2024-09-19 15:59:31.849,421.0429050747378,14
2024-09-19 15:59:31.862,421.0657645340554,99
2024-09-19 15:59:31.876,421.0349804164096,1005
2024-09-19 15:59:31.891,421.0283077493021,997
2024-09-19 15:59:31.913,421.07069194423593,8
2024-09-19 15:59:31.924,421.0628520035616,1005
2024-09-19 15:59:32.118,421.0277694460941,1000
2024-09-19 15:59:32.278,421.0506879249396,1000
2024-09-19 15:59:32.293,421.0451211677168,1005
2024-09-19 15:59:32.605,42.10546203929742,101
2024-09-19 15:59:32.703,421.0571229257289,996
2024-09-19 15:59:32.764,421.03671792810087,104
2024-09-19 15:59:32.919,421.0800695853758,999
2024-09-19 15:59:33.005,421.023713679204,998
2024-09-19 15:59:33.052,421.0956686675327,1004
2024-09-19 15:59:33.090,421.0064831576418,96
2024-09-19 15:59:33.116,421.0580109058207,997
2024-09-19 15:59:33.156,420.094008873501,998
2024-09-19 15:59:33.190,421.02352861541806,1001
2024-09-19 15:59:33.239,421.035107307752,96
2024-09-19 15:59:33.278,421.0328737391862,10
2024-09-19 15:59:33.483,421.0528474874888,104
2024-09-19 15:59:33.493,421.0538999305923,103
2024-09-19 15:59:33.552,421.015054125794,95
2024-09-19 15:59:33.557,420.0827428726837,96
2024-09-19 15:59:33.580,421.05451737569103,11
2024-09-19 15:59:33.587,421.0214000800481,9
2024-09-19 15:59:33.646,421.02248492287777,998
2024-09-19 15:59:33.755,421.0650059847016,10
2024-09-19 15:59:33.822,420.9980575469916,1002
2024-09-19 15:59:33.956,421.0266384605776,15
2024-09-19 15:59:33.981,421.0728862801004,995
2024-09-19 15:59:33.986,421.0533113251302,995
2024-09-19 15:59:34.114,421.0438746743109,5
2024-09-19 15:59:34.224,421.0211513824107,996
2024-09-19 15:59:34.389,421.0357282623317,995
2024-09-19 15:59:34.460,421.02299075862095,96
2024-09-19 15:59:34.567,421.00878014539904,13
2024-09-19 15:59:34.754,421.01174603180414,1000
2024-09-19 15:59:34.938,421.0540870011877,1002
2024-09-19 15:59:34.960,421.0224148400002,104
2024-09-19 15:59:35.032,420.9488445334573,1005
2024-09-19 15:59:35.047,420.9638297431821,98
2024-09-19 15:59:35.168,421.0293427699052,100
2024-09-19 15:59:35.311,420.9594355686058,1003
2024-09-19 15:59:35.369,420.9412116124405,997
2024-09-19 15:59:35.474,420.9745165196176,1004
2024-09-19 15:59:35.476,420.927805959077,102
2024-09-19 15:59:35.504,420.9843398155314,98
2024-09-19 15:59:35.538,421.0280822837717,97
2024-09-19 15:59:35.552,420.9324616372615,103
2024-09-19 15:59:35.614,420.9621900534985,5
2024-09-19 15:59:35.657,420.98020453630886,1001
2024-09-19 15:59:35.704,420.9832930451722,9
2024-09-19 15:59:35.713,421.0367026696479,995
2024-09-19 15:59:35.719,420.9791337094677,14
2024-09-19 15:59:35.737,421.0183920925934,14
2024-09-19 15:59:35.888,420.9717358952514,105
2024-09-19 15:59:35.919,420.9728611286878,101
2024-09-19 15:59:35.974,421.0105766776784,1000
2024-09-19 15:59:35.990,420.9726031599772,99
2024-09-19 15:59:36.011,420.925728267381,1001
2024-09-19 15:59:36.064,420.92523370848266,98
2024-09-19 15:59:36.206,420.9247316635507,101
2024-09-19 15:59:36.276,420.9261161790089,10
2024-09-19 15:59:36.291,420.9197198541317,97
2024-09-19 15:59:36.314,420.9321159753209,1000
2024-09-19 15:59:36.351,-420.9062372580377,1004
2024-09-19 15:59:36.351,420.9144560742279,1000
2024-09-19 15:59:36.374,420.9220201796986,5
2024-09-19 15:59:36.473,420.91388246146016,102
2024-09-19 15:59:36.640,420.9170606026887,999
2024-09-19 15:59:36.649,420.92711348864447,96
2024-09-19 15:59:36.655,420.9726912465408,1000
2024-09-19 15:59:36.659,420.91159485627225,15
2024-09-19 15:59:36.722,420.9398831256175,11
2024-09-19 15:59:36.743,420.9460639407992,14
2024-09-19 15:59:36.799,420.915712362448,105
2024-09-19 15:59:36.810,420.9462642233703,7
2024-09-19 15:59:36.824,420.9322236835233,1005
2024-09-19 15:59:36.864,420.9091840736144,1003
2024-09-19 15:59:36.955,420.8985939770898,8
2024-09-19 15:59:37.044,420.9072307299547,9
2024-09-19 15:59:37.045,420.9437077867555,103
2024-09-19 15:59:37.060,420.925797590085,101
2024-09-19 15:59:37.136,-420.8976247326836,12
2024-09-19 15:59:37.168,420.9047350460141,102
2024-09-19 15:59:37.280,420.92516402313527,97
2024-09-19 15:59:37.311,420.9432357172561,1003
2024-09-19 15:59:37.350,420.9124190602017,98
2024-09-19 15:59:37.384,420.8930811509178,1000
2024-09-19 15:59:37.434,420.91678044484206,995
2024-09-19 15:59:37.474,420.92323329882447,999
2024-09-19 15:59:37.597,420.93921783321,6
2024-09-19 15:59:37.849,420.93869816087,105
2024-09-19 15:59:37.904,420.9416838468933,102
2024-09-19 15:59:37.933,420.8864553032325,97
2024-09-19 15:59:37.964,420.8803612185905,99
2024-09-19 15:59:39.010,420.9439108739571,995
2024-09-19 15:59:39.040,420.8927979766845,13
2024-09-19 15:59:39.054,420.9274524066304,13
2024-09-19 15:59:39.066,420.9134029384104,5
2024-09-19 15:59:39.147,420.9097263210482,995
2024-09-19 15:59:39.157,420.9179601199356,98
2024-09-19 15:59:39.186,420.9077973710462,5
2024-09-19 15:59:39.214,420.9188210958903,15
2024-09-19 15:59:39.243,420.91151704068193,997
2024-09-19 15:59:39.283,420.9352726251008,95
2024-09-19 15:59:39.291,420.93855007238,996
2024-09-19 15:59:39.300,420.9240811958368,10
2024-09-19 15:59:39.330,420.927320645419,98
2024-09-19 15:59:39.340,420.9235777880535,997
2024-09-19 15:59:39.436,420.9511361374749,996
2024-09-19 15:59:39.678,420.9434842373292,9
2024-09-19 15:59:39.712,420.92852261993846,100
2024-09-19 15:59:39.781,420.91658631359815,15
2024-09-19 15:59:39.936,420.931948837688,104
2024-09-19 15:59:39.985,420.9334253098281,10
2024-09-19 15:59:40.024,420.9222672863917,1005
2024-09-19 15:59:40.031,420.9316751636285,1001
2024-09-19 15:59:40.172,420.94372705214295,14
2024-09-19 15:59:40.193,420.9337760922572,12
2024-09-19 15:59:40.195,420.9507451206631,11
2024-09-19 15:59:40.283,420.9328872406857,9
2024-09-19 15:59:40.341,420.9260717504043,7
2024-09-19 15:59:40.358,420.946688764771,1000
2024-09-19 15:59:40.402,420.92019481955816,98
2024-09-19 15:59:40.453,,12
2024-09-19 15:59:40.474,420.9266644210752,7
2024-09-19 15:59:40.503,420.9381450043136,5
2024-09-19 15:59:40.847,420.9460674919097,5
2024-09-19 15:59:40.920,420.9537250947518,999
2024-09-19 15:59:40.955,420.94360613307,10
2024-09-19 15:59:40.983,420.9182046941948,6
2024-09-19 15:59:41.333,420.8896598075172,11
2024-09-19 15:59:41.410,420.9118777023737,1001
2024-09-19 15:59:41.701,420.88075469262577,98
2024-09-19 15:59:42.039,420.8583013036099,101
2024-09-19 15:59:42.084,420.8717707347429,997
2024-09-19 15:59:42.135,420.9027466086277,1005
2024-09-19 15:59:42.147,420.8863130661812,103
2024-09-19 15:59:42.219,420.8709173397961,9
2024-09-19 15:59:42.280,420.877230764885,5
2024-09-19 15:59:42.303,420.86305562343534,102
2024-09-19 15:59:42.330,420.8518996379418,103
2024-09-19 15:59:42.403,420.882463780272,14
2024-09-19 15:59:42.472,420.9003008459184,997
2024-09-19 15:59:42.719,420.8763182796896,1000
2024-09-19 15:59:42.810,420.8775742977344,996
2024-09-19 15:59:42.819,420.8599654277209,102
2024-09-19 15:59:42.846,,1000
2024-09-19 15:59:42.991,420.8501481848213,1002
2024-09-19 15:59:43.093,420.8181884304329,1004
2024-09-19 15:59:43.178,420.8694756979952,996
2024-09-19 15:59:43.242,420.8654837011849,98
2024-09-19 15:59:43.268,420.8202717638116,999
2024-09-19 15:59:43.278,420.816205312314,5
2024-09-19 15:59:43.365,420.84724457230095,105
2024-09-19 15:59:43.413,420.83251335652966,11
2024-09-19 15:59:43.427,420.86311072582345,96
2024-09-19 15:59:43.513,420.856009641104,105
2024-09-19 15:59:43.516,420.8351658934288,95
2024-09-19 15:59:43.538,420.82067089998674,12
2024-09-19 15:59:43.574,420.8621046722572,1005
2024-09-19 15:59:43.684,420.86162491677584,100
2024-09-19 15:59:43.760,420.8584781049698,995
2024-09-19 15:59:43.863,420.874231315972,8
2024-09-19 15:59:43.873,420.8497950224556,996
2024-09-19 15:59:43.901,420.8042396306961,15
2024-09-19 15:59:43.923,420.856328394862,1004
2024-09-19 15:59:43.931,420.872870699029,104
2024-09-19 15:59:43.949,420.856676830396,98
2024-09-19 15:59:43.952,420.8622684733871,1004
2024-09-19 15:59:43.960,420.868079551702,98
2024-09-19 15:59:43.988,420.86683503879766,103
2024-09-19 15:59:44.046,420.8391458717082,1004
2024-09-19 15:59:44.079,420.8449827589453,996
2024-09-19 15:59:44.087,420.8075629192074,14
2024-09-19 15:59:44.087,420.8106121383999,8
2024-09-19 15:59:44.104,420.835518841195,6
2024-09-19 15:59:44.115,420.8488991803849,1001
2024-09-19 15:59:44.145,420.8422797392295,996
2024-09-19 15:59:44.177,420.85834130388287,1004
2024-09-19 15:59:44.179,420.85115138960623,1005
2024-09-19 15:59:44.214,420.8325184494124,11
2024-09-19 15:59:44.251,420.8574835778386,1002
2024-09-19 15:59:44.256,420.8391305299474,11
2024-09-19 15:59:44.270,420.8466586049516,1000
2024-09-19 15:59:44.330,420.81252988530366,99
2024-09-19 15:59:44.369,-420.8542470160264,7
2024-09-19 15:59:44.439,420.83428348211726,98
2024-09-19 15:59:44.459,-420.81856306237785,13
2024-09-19 15:59:44.471,420.8475603253364,1003
2024-09-19 15:59:44.560,420.8340633174652,11
2024-09-19 15:59:44.564,420.80134358345566,997
2024-09-19 15:59:44.564,420.82633120896367,101
2024-09-19 15:59:44.665,420.8181923718134,99
2024-09-19 15:59:44.709,420.8401104387282,1004
2024-09-19 15:59:44.722,420.8340959236015,10
2024-09-19 15:59:44.787,420.8198662208809,1002
2024-09-19 15:59:44.844,420.8330090959567,1000
2024-09-19 15:59:44.883,420.8559769022615,997
2024-09-19 15:59:44.885,420.8432099320368,102
2024-09-19 15:59:44.904,420.8407045274507,998
2024-09-19 15:59:45.033,420.8256000495063,1003
2024-09-19 15:59:45.146,420.80480060051553,95
2024-09-19 15:59:45.180,420.8446777180097,1004
2024-09-19 15:59:45.397,420.8525438281659,997
2024-09-19 15:59:45.432,420.81915958130514,1003
2024-09-19 15:59:45.605,420.81640898963326,101
2024-09-19 15:59:45.614,420.8169999588412,6
2024-09-19 15:59:45.637,420.8233411009693,8
2024-09-19 15:59:45.786,420.8296341695427,997
2024-09-19 15:59:45.832,420.8292074975984,9
2024-09-19 15:59:46.024,420.8790963512773,7
2024-09-19 15:59:46.066,420.8264335114795,97
2024-09-19 15:59:46.405,420.8825693678899,14
2024-09-19 15:59:46.505,420.84251314799087,11
2024-09-19 15:59:46.769,420.8838966535138,9
2024-09-19 15:59:46.783,420.8526558864199,1003
2024-09-19 15:59:46.827,420.84422162437966,102
2024-09-19 15:59:46.872,420.83541020252176,105
2024-09-19 15:59:46.874,420.86069389759865,997
2024-09-19 15:59:46.895,420.83668760659793,997
2024-09-19 15:59:46.907,420.8535857961109,5
2024-09-19 15:59:46.999,420.8495144828057,1002
2024-09-19 15:59:47.667,420.8891103278292,7
2024-09-19 15:59:48.053,420.8705119251884,1003
2024-09-19 15:59:48.160,420.8489104854481,8
2024-09-19 15:59:48.191,420.8590344868461,997
2024-09-19 15:59:48.204,420.85535411144406,1005
2024-09-19 15:59:48.256,420.85412052922976,105
2024-09-19 15:59:48.277,420.858710962598,9
2024-09-19 15:59:48.281,420.8425218422677,95
2024-09-19 15:59:48.405,420.8472727350253,95
2024-09-19 15:59:48.411,420.8717728324543,11
2024-09-19 15:59:48.474,420.835296063623,1001
2024-09-19 15:59:48.500,420.8760282204475,100
2024-09-19 15:59:48.541,420.8470108674492,998
2024-09-19 15:59:48.625,420.8430301594493,101
2024-09-19 15:59:48.628,420.857144069558,100
2024-09-19 15:59:48.675,420.839699584996,1000
2024-09-19 15:59:48.752,420.8709684234219,104
2024-09-19 15:59:48.762,420.8270134958428,14
2024-09-19 15:59:48.825,420.8598508568159,13
2024-09-19 15:59:48.868,,1004
2024-09-19 15:59:48.929,42.08653191867228,1000
2024-09-19 15:59:48.992,420.8593102970435,105
2024-09-19 15:59:49.129,420.8683640603764,999
2024-09-19 15:59:49.329,420.8757464891791,103
2024-09-19 15:59:49.372,420.87734083455945,15
2024-09-19 15:59:49.500,420.8584810337615,12
2024-09-19 15:59:49.604,420.8761302554159,996
2024-09-19 15:59:49.617,420.8958197683661,96
2024-09-19 15:59:49.620,420.872162385132,103
2024-09-19 15:59:49.670,420.8695238005519,103
2024-09-19 15:59:49.832,420.8811443818326,1001
2024-09-19 15:59:49.914,420.8912607152067,98
2024-09-19 15:59:49.982,420.8662481452352,100
2024-09-19 15:59:50.141,420.9075026294121,12
2024-09-19 15:59:50.147,420.89638921042666,7
2024-09-19 15:59:50.212,420.93434146775553,7
2024-09-19 15:59:50.229,420.90524654366993,11
2024-09-19 15:59:50.257,420.90195644573095,997
2024-09-19 15:59:50.317,420.9209660310586,9
2024-09-19 15:59:50.538,420.9376944101949,15
2024-09-19 15:59:50.606,420.92359162119055,1002
2024-09-19 15:59:50.806,420.9189120548834,5
2024-09-19 15:59:51.064,420.9139962572976,1004
2024-09-19 15:59:51.114,420.9253410983429,96
2024-09-19 15:59:51.145,42.09363237272618,103
2024-09-19 15:59:51.195,420.8613740036412,102
2024-09-19 15:59:51.200,420.9248367368058,1003
2024-09-19 15:59:51.220,420.9193532892349,1004
2024-09-19 15:59:51.242,420.9159517544099,8
2024-09-19 15:59:51.442,420.8627796588116,98
2024-09-19 15:59:51.518,420.8646018477607,12
2024-09-19 15:59:51.543,420.9418843378683,1004
2024-09-19 15:59:51.562,420.93416414010215,996
2024-09-19 15:59:51.567,420.9252847126725,998
2024-09-19 15:59:51.586,420.8911049676022,103
2024-09-19 15:59:51.597,420.9388389425172,15
2024-09-19 15:59:51.626,420.886176907132,12
2024-09-19 15:59:51.632,420.9243922499282,998
2024-09-19 15:59:51.656,420.8905937936899,13
2024-09-19 15:59:51.708,420.87723474859854,1004
2024-09-19 15:59:51.710,420.9377065215595,995
2024-09-19 15:59:51.762,420.9053650183928,995
2024-09-19 15:59:51.796,420.9382925521008,104
2024-09-19 15:59:51.826,420.925036314332,1005
2024-09-19 15:59:51.832,420.891816808298,13
2024-09-19 15:59:51.921,420.86593017237067,9
2024-09-19 15:59:51.924,420.8817104871184,102
2024-09-19 15:59:51.935,420.9070795323903,97
2024-09-19 15:59:51.980,420.91837464792616,5
2024-09-19 15:59:51.999,420.9325832566707,98
2024-09-19 15:59:52.024,420.8630738501165,9
2024-09-19 15:59:52.110,420.8783940668657,99
2024-09-19 15:59:52.223,420.8753122995586,104
2024-09-19 15:59:52.255,420.9198399567762,995
2024-09-19 15:59:52.258,420.8722086889879,1003
2024-09-19 15:59:52.295,420.8983978645357,10
2024-09-19 15:59:52.301,420.9169887036945,998
2024-09-19 15:59:52.347,420.9163797931733,9
2024-09-19 15:59:52.380,420.9155065395383,1001
2024-09-19 15:59:52.417,420.9086730339774,105
2024-09-19 15:59:52.442,420.8808786665559,1000
2024-09-19 15:59:52.474,420.8832943841019,998
2024-09-19 15:59:52.568,420.8704714755901,995
2024-09-19 15:59:52.602,420.9099505859865,97
2024-09-19 15:59:52.604,420.858394413321,104
2024-09-19 15:59:52.643,420.9136279885721,995
2024-09-19 15:59:52.678,420.8991092522273,995
2024-09-19 15:59:52.683,420.8933749230571,999
2024-09-19 15:59:52.825,420.8712862644102,1003
2024-09-19 15:59:52.829,420.9147865735301,101
2024-09-19 15:59:52.836,420.9158400409424,100
2024-09-19 15:59:52.844,420.9141822031432,105
2024-09-19 15:59:52.858,420.9129532709767,102
2024-09-19 15:59:52.902,420.9171395445613,1000
2024-09-19 15:59:52.925,420.9100750497752,11
2024-09-19 15:59:52.954,420.88701134898935,8
2024-09-19 15:59:52.990,420.8971654520668,6
2024-09-19 15:59:53.024,420.9035069302396,1000
2024-09-19 15:59:53.066,420.8973250595244,1001
2024-09-19 15:59:53.169,420.9375048918274,95
2024-09-19 15:59:53.223,420.8986847075384,999
2024-09-19 15:59:53.327,420.8946138925808,1000
2024-09-19 15:59:53.334,420.9123812601547,100
2024-09-19 15:59:53.397,420.9181759424109,12
2024-09-19 15:59:53.594,420.90089443240765,1005
2024-09-19 15:59:53.655,420.9187384967337,999
2024-09-19 15:59:53.677,420.9162655652116,12
2024-09-19 15:59:53.690,420.8935212611853,6
2024-09-19 15:59:53.778,420.9032518076144,5
2024-09-19 15:59:53.788,420.9013994477501,996
2024-09-19 15:59:53.913,420.91106858565394,15
2024-09-19 15:59:54.036,420.88092720608586,102
2024-09-19 15:59:54.192,420.8965594455855,7
2024-09-19 15:59:54.498,420.8800342394828,12
2024-09-19 15:59:54.564,420.90460841880326,8
2024-09-19 15:59:56.024,420.8618116992648,104
2024-09-19 15:59:56.037,420.8833813854652,11
2024-09-19 15:59:56.255,420.8762004443996,102
2024-09-19 15:59:56.336,420.8802703915342,11
2024-09-19 15:59:56.591,420.8599935826616,999
2024-09-19 15:59:56.773,420.8700817026802,99
2024-09-19 15:59:56.879,419.8292017719465,14
2024-09-19 15:59:56.984,420.87349593788,10
2024-09-19 15:59:57.062,420.94485135562513,101
2024-09-19 15:59:57.079,420.87650859373576,996
2024-09-19 15:59:57.193,420.9048212039103,1000
2024-09-19 15:59:57.230,420.9141633666012,5
2024-09-19 15:59:57.287,420.8939535333166,99
2024-09-19 15:59:57.288,420.8898403414322,101
2024-09-19 15:59:57.331,420.9090764585856,1001
2024-09-19 15:59:57.360,420.9122123511337,95
2024-09-19 15:59:57.391,420.9117932189237,99
2024-09-19 15:59:57.455,420.8930228490064,15
2024-09-19 15:59:57.467,420.88446677356126,104
2024-09-19 15:59:57.533,420.8807062324533,999
2024-09-19 15:59:57.558,,12
2024-09-19 15:59:57.577,420.9099620940901,96
2024-09-19 15:59:57.665,420.9368312246111,1001
2024-09-19 15:59:57.686,420.8689832897173,11
2024-09-19 15:59:57.720,420.9386473062057,95
2024-09-19 15:59:57.924,420.9055760218228,7
2024-09-19 15:59:57.936,420.8802781947272,15
2024-09-19 15:59:57.952,420.89785110196135,97
2024-09-19 15:59:58.026,420.8989743873673,998
2024-09-19 15:59:58.077,420.9125230273956,102
2024-09-19 15:59:58.079,420.8970537422105,1005
2024-09-19 15:59:58.187,420.90542721120295,102
2024-09-19 15:59:58.210,420.9153129132368,1003
2024-09-19 15:59:58.313,420.9219290384437,11
2024-09-19 15:59:58.375,420.9291014765893,102
2024-09-19 15:59:58.525,420.9089997516909,101
2024-09-19 15:59:58.526,420.895117360649,998
2024-09-19 15:59:58.615,420.93890659443576,99
2024-09-19 15:59:58.627,420.8743331744167,1003
2024-09-19 15:59:58.657,420.8738845593418,5
2024-09-19 15:59:58.722,420.90717431530993,101
2024-09-19 15:59:58.762,420.91313446779054,99
2024-09-19 15:59:58.804,420.9086676680663,98
2024-09-19 15:59:58.813,420.9088678145052,1002
2024-09-19 15:59:58.876,420.8817146394467,95
2024-09-19 15:59:58.900,420.92075168056857,5
2024-09-19 15:59:58.908,420.90270784769086,1003
2024-09-19 15:59:58.916,420.8899002702952,6
2024-09-19 15:59:58.927,420.93822927812863,6
2024-09-19 15:59:58.941,420.8903514905659,5
2024-09-19 15:59:58.986,420.8774849547231,6
2024-09-19 15:59:59.111,420.8920657419583,1003
2024-09-19 15:59:59.124,420.898055910068,104
2024-09-19 15:59:59.132,420.8939018157095,103
2024-09-19 15:59:59.296,420.8815553673888,15
2024-09-19 15:59:59.300,420.8420102522736,95
2024-09-19 15:59:59.307,420.86796606549774,101
2024-09-19 15:59:59.358,420.87000700930565,998
2024-09-19 15:59:59.603,420.9100705733748,999
2024-09-19 15:59:59.607,420.87225341476585,999
2024-09-19 15:59:59.615,420.8349254714896,1005
2024-09-19 15:59:59.653,420.8087389077554,100
2024-09-19 15:59:59.709,420.87760576555286,1005
2024-09-19 15:59:59.744,420.8355496796085,1001
2024-09-19 15:59:59.776,420.8100228092512,11
2024-09-19 15:59:59.866,420.8229771467701,8
2024-09-19 15:59:59.929,420.8910929820269,12
2024-09-19 15:59:59.952,420.8358659464219,14
