Timestamp,Price,Size
2024-09-18 10:43:00.017,413.2959023227507,96
2024-09-18 10:43:00.048,413.3280567754068,995
2024-09-18 10:43:00.103,413.3137943858782,105
2024-09-18 10:43:00.111,413.2935534092605,1004
2024-09-18 10:43:00.130,413.2725967982858,6
2024-09-18 10:43:00.133,413.3194272798053,95
2024-09-18 10:43:00.143,413.2981462643842,10
2024-09-18 10:43:00.178,413.3298970550157,1000
2024-09-18 10:43:00.214,413.3292686337685,1002
2024-09-18 10:43:00.244,413.2986711403184,98
2024-09-18 10:43:00.333,413.327312523889,14
2024-09-18 10:43:00.364,413.33582868357655,1004
2024-09-18 10:43:00.369,413.3102926555403,11
2024-09-18 10:43:00.398,413.3051559608773,8
2024-09-18 10:43:00.458,413.2670634805426,14
2024-09-18 10:43:00.578,413.269648838957,96
2024-09-18 10:43:00.680,,101
2024-09-18 10:43:00.689,413.3338098678807,5
2024-09-18 10:43:00.826,413.2719920346621,105
2024-09-18 10:43:00.878,413.31695291853305,102
2024-09-18 10:43:00.916,413.27398539436587,12
2024-09-18 10:43:00.995,413.3300241864038,11
2024-09-18 10:43:01.086,413.22146497223616,102
2024-09-18 10:43:01.154,413.2226669087811,100
2024-09-18 10:43:01.185,413.2199302020852,1004
2024-09-18 10:43:01.190,413.2600250830516,1005
2024-09-18 10:43:01.231,413.22432611308176,10
2024-09-18 10:43:01.243,413.2186523843994,102
2024-09-18 10:43:01.263,413.27709228104254,102
2024-09-18 10:43:01.311,413.22101218828993,996
2024-09-18 10:43:01.329,413.2405161600847,1005
2024-09-18 10:43:01.334,413.2347085254915,7
2024-09-18 10:43:01.336,413.2188345657274,9
2024-09-18 10:43:01.373,413.2315457084107,1005
2024-09-18 10:43:01.518,413.2224846866321,15
2024-09-18 10:43:01.563,413.2044028364363,10
2024-09-18 10:43:01.739,413.2234550964563,8
2024-09-18 10:43:01.753,413.2380995284272,997
2024-09-18 10:43:01.767,413.2265624206745,10
2024-09-18 10:43:01.784,413.231411327262,996
2024-09-18 10:43:01.797,413.218007812269,8
2024-09-18 10:43:01.817,413.2089985489864,97
2024-09-18 10:43:01.902,413.2329961536041,13
2024-09-18 10:43:01.994,413.2715019058808,6
2024-09-18 10:43:02.054,413.253525039398,98
2024-09-18 10:43:02.108,413.23205690655647,99
2024-09-18 10:43:02.433,413.2545826543352,104
2024-09-18 10:43:02.805,413.23701208653966,100
2024-09-18 10:43:03.019,413.2099760763705,103
2024-09-18 10:43:03.074,413.2189181592155,998
2024-09-18 10:43:03.078,413.2084900485044,7
2024-09-18 10:43:03.130,413.1918175763999,14
2024-09-18 10:43:03.133,413.2075805622329,101
2024-09-18 10:43:03.148,413.1916585798534,15
2024-09-18 10:43:03.156,413.2464349687445,1000
2024-09-18 10:43:03.187,413.2085603462929,97
2024-09-18 10:43:03.255,413.2057987028339,103
2024-09-18 10:43:03.265,413.1983695732991,1000
2024-09-18 10:43:03.286,413.2353040478519,13
2024-09-18 10:43:03.307,413.2018926052167,1003
2024-09-18 10:43:03.340,413.23991441435487,9
2024-09-18 10:43:03.395,413.2355651468464,996
2024-09-18 10:43:03.458,413.2392553043475,1003
2024-09-18 10:43:03.568,413.2120200267629,102
2024-09-18 10:43:03.577,413.24229345099945,97
2024-09-18 10:43:03.657,413.2223122809141,1005
2024-09-18 10:43:03.687,413.23858980946153,10
2024-09-18 10:43:03.701,413.20144919745394,999
2024-09-18 10:43:03.797,413.2012134063543,998
2024-09-18 10:43:03.809,413.19729434633854,7
2024-09-18 10:43:03.841,413.2389263809685,998
2024-09-18 10:43:03.862,413.222169004085,15
2024-09-18 10:43:03.885,413.2450198409256,8
2024-09-18 10:43:03.903,413.21621304616014,8
2024-09-18 10:43:03.922,413.2130531362053,97
2024-09-18 10:43:03.937,413.2247656046066,99
2024-09-18 10:43:03.993,413.21145421622816,13
2024-09-18 10:43:04.389,413.2185563185423,96
2024-09-18 10:43:05.080,413.2637677922665,1003
2024-09-18 10:43:05.141,413.2336849837389,1004
2024-09-18 10:43:05.332,413.2357351353104,95
2024-09-18 10:43:05.337,413.2303317842344,10
2024-09-18 10:43:05.366,413.2286805580218,996
2024-09-18 10:43:05.376,413.2606228657706,1000
2024-09-18 10:43:05.420,413.2205271614904,15
2024-09-18 10:43:05.556,413.2282114277749,96
2024-09-18 10:43:05.562,413.20380175737535,998
2024-09-18 10:43:05.589,413.24386016618087,100
2024-09-18 10:43:05.698,413.2132775358688,1003
2024-09-18 10:43:05.847,413.2383056628219,97
2024-09-18 10:43:05.946,413.2138338732435,103
2024-09-18 10:43:05.987,413.2516948380783,98
2024-09-18 10:43:06.029,413.3585031093602,101
2024-09-18 10:43:06.033,413.3077205518155,96
2024-09-18 10:43:06.055,413.3152870024469,100
2024-09-18 10:43:06.150,413.2511574131164,98
2024-09-18 10:43:06.290,413.3305343372983,95
2024-09-18 10:43:06.303,413.2894678400225,100
2024-09-18 10:43:06.312,413.2933788536443,999
2024-09-18 10:43:06.403,413.3213916825858,999
2024-09-18 10:43:06.535,413.3394560913333,13
2024-09-18 10:43:06.574,413.324750762162,98
2024-09-18 10:43:06.579,413.307826546556,103
2024-09-18 10:43:06.596,413.2584009563505,998
2024-09-18 10:43:06.610,413.3154027433554,1003
2024-09-18 10:43:06.729,413.2503908421912,101
2024-09-18 10:43:06.822,413.314580859991,12
2024-09-18 10:43:06.855,413.3211283913244,11
2024-09-18 10:43:06.879,413.2315669354247,97
2024-09-18 10:43:06.948,413.3058150564672,104
2024-09-18 10:43:07.023,413.3050294559951,98
2024-09-18 10:43:07.027,413.2614106443764,95
2024-09-18 10:43:07.065,413.2840445002161,10
2024-09-18 10:43:07.136,413.31261539707936,997
2024-09-18 10:43:07.189,413.3586719677791,995
2024-09-18 10:43:07.208,413.3306304457879,103
2024-09-18 10:43:07.219,413.3065105872951,99
2024-09-18 10:43:07.239,413.2759316654904,6
2024-09-18 10:43:07.279,413.32374081223793,7
2024-09-18 10:43:07.378,413.2457422511297,1005
2024-09-18 10:43:07.456,413.3454167575248,105
2024-09-18 10:43:07.463,413.2619054285393,15
2024-09-18 10:43:07.480,413.2766791319592,15
2024-09-18 10:43:07.598,413.36327387731495,10
2024-09-18 10:43:07.657,413.37812698742846,103
2024-09-18 10:43:07.666,413.3168512428081,6
2024-09-18 10:43:07.693,413.2745608070167,5
2024-09-18 10:43:07.814,413.3135451786312,1003
2024-09-18 10:43:07.833,413.3447963396233,6
2024-09-18 10:43:07.839,413.3569642976787,1001
2024-09-18 10:43:07.913,413.290580151142,96
2024-09-18 10:43:07.967,-413.3745773925387,98
2024-09-18 10:43:07.973,413.3462397354498,997
2024-09-18 10:43:07.990,413.32032247462377,11
2024-09-18 10:43:08.036,413.26518651504415,998
2024-09-18 10:43:08.128,413.23766863013606,1003
2024-09-18 10:43:08.170,413.1986396310186,105
2024-09-18 10:43:08.184,413.25629261645634,102
2024-09-18 10:43:08.205,413.2671134125689,1001
2024-09-18 10:43:08.220,413.2171304904369,99
2024-09-18 10:43:08.234,41.32497966903074,1001
2024-09-18 10:43:08.255,413.2501839689924,103
2024-09-18 10:43:08.278,413.2295724388253,15
2024-09-18 10:43:08.318,413.184829247671,15
2024-09-18 10:43:08.319,413.25555957924985,95
2024-09-18 10:43:08.370,413.2506919716355,99
2024-09-18 10:43:08.401,413.26055973528935,1003
2024-09-18 10:43:08.420,413.17087094637424,98
2024-09-18 10:43:08.457,413.2630136639853,103
2024-09-18 10:43:08.529,413.19075263676433,999
2024-09-18 10:43:08.538,-413.17896767538,97
2024-09-18 10:43:08.556,413.24158840791046,98
2024-09-18 10:43:08.570,413.1721900700201,104
2024-09-18 10:43:08.581,413.2422869027862,96
2024-09-18 10:43:08.593,413.1989295657394,101
2024-09-18 10:43:08.607,413.17314998102864,6
2024-09-18 10:43:08.676,413.2134893074241,105
2024-09-18 10:43:08.784,413.2405498779829,998
2024-09-18 10:43:08.789,413.2456243852782,6
2024-09-18 10:43:08.830,413.2414714533392,10
2024-09-18 10:43:08.830,413.192617108982,1001
2024-09-18 10:43:08.833,413.2356874682666,1003
2024-09-18 10:43:08.857,413.2122128605423,14
2024-09-18 10:43:08.915,413.2589970992529,997
2024-09-18 10:43:09.167,413.2232011542467,100
2024-09-18 10:43:09.225,413.2192114254371,13
2024-09-18 10:43:09.278,413.22982143754206,1001
2024-09-18 10:43:09.307,413.24012519153285,12
2024-09-18 10:43:09.369,413.2368296369376,6
2024-09-18 10:43:09.532,413.2139998883322,12
2024-09-18 10:43:09.594,413.2479989101863,999
2024-09-18 10:43:09.622,41.32506052613038,104
2024-09-18 10:43:09.703,413.2496368182885,101
2024-09-18 10:43:09.728,413.25115220910266,99
2024-09-18 10:43:09.825,41.321201902971495,1004
2024-09-18 10:43:09.936,413.2427874276033,101
2024-09-18 10:43:09.937,413.2434879687303,103
2024-09-18 10:43:09.973,413.2146168105044,6
2024-09-18 10:43:10.038,413.2442275524909,95
2024-09-18 10:43:10.131,413.25070386190697,5
2024-09-18 10:43:10.145,413.2476884769105,999
2024-09-18 10:43:10.230,413.21881931582624,102
2024-09-18 10:43:10.410,413.23800430806943,97
2024-09-18 10:43:10.426,413.2112527138023,1004
2024-09-18 10:43:10.510,413.2282744610187,995
2024-09-18 10:43:10.530,413.2491908690883,98
2024-09-18 10:43:10.537,413.21718592189217,98
2024-09-18 10:43:10.690,413.2336083954568,8
2024-09-18 10:43:10.834,413.2512487109255,102
2024-09-18 10:43:10.984,413.254914418165,1004
2024-09-18 10:43:11.075,413.2538807322016,15
2024-09-18 10:43:11.123,413.29050460550576,997
2024-09-18 10:43:11.191,413.27964285826073,103
2024-09-18 10:43:11.239,413.25665495877314,6
2024-09-18 10:43:11.338,413.2577591114496,101
2024-09-18 10:43:11.348,413.2700600648041,1005
2024-09-18 10:43:11.358,413.2786559635801,95
2024-09-18 10:43:11.365,413.2704275245341,1001
2024-09-18 10:43:11.366,413.2841341671028,8
2024-09-18 10:43:11.418,413.2967098094327,997
2024-09-18 10:43:11.511,413.3017009327544,15
2024-09-18 10:43:11.513,413.256254696186,999
2024-09-18 10:43:11.536,413.2837332132066,5
2024-09-18 10:43:11.554,413.2536676356608,101
2024-09-18 10:43:11.596,413.29191615370826,12
2024-09-18 10:43:11.713,413.29709668576686,95
2024-09-18 10:43:11.787,413.2719730155212,95
2024-09-18 10:43:11.797,413.3084128448925,100
2024-09-18 10:43:11.840,413.277042375108,14
2024-09-18 10:43:11.863,413.2533788056946,1002
2024-09-18 10:43:11.868,413.27591132026674,8
2024-09-18 10:43:11.871,413.2721098296745,1005
2024-09-18 10:43:11.925,413.2758144794306,101
2024-09-18 10:43:11.932,413.2861530992195,101
2024-09-18 10:43:11.960,413.2899484535025,99
2024-09-18 10:43:11.988,413.2861270384855,14
2024-09-18 10:43:12.018,413.2845970197632,10
2024-09-18 10:43:12.073,413.2430293410164,995
2024-09-18 10:43:12.104,,97
2024-09-18 10:43:12.157,413.2461138563364,15
2024-09-18 10:43:12.162,413.2551699189539,99
2024-09-18 10:43:12.227,413.28076726708497,101
2024-09-18 10:43:12.275,413.2192603473728,103
2024-09-18 10:43:12.311,413.2546715173615,101
2024-09-18 10:43:12.351,413.2441443880513,1001
2024-09-18 10:43:12.378,413.2481628135697,95
2024-09-18 10:43:12.381,413.2347255496262,1005
2024-09-18 10:43:12.384,413.2476408435576,99
2024-09-18 10:43:12.399,413.2559718537801,99
2024-09-18 10:43:12.407,413.2381272483771,1000
2024-09-18 10:43:12.430,413.22796659454855,996
2024-09-18 10:43:12.445,413.25225565705495,15
2024-09-18 10:43:12.477,413.2751480148636,9
2024-09-18 10:43:12.574,413.2448006956113,96
2024-09-18 10:43:12.618,413.23912551272326,104
2024-09-18 10:43:12.626,413.25365640788254,103
2024-09-18 10:43:12.632,413.2059977524818,9
2024-09-18 10:43:12.747,413.2247225841615,95
2024-09-18 10:43:12.838,-413.25602677016,9
2024-09-18 10:43:12.863,413.23233535061314,1005
2024-09-18 10:43:12.873,413.27003455211536,95
2024-09-18 10:43:12.889,413.22738708864136,8
2024-09-18 10:43:12.968,413.2601617952311,100
2024-09-18 10:43:12.972,413.21522282424826,999
2024-09-18 10:43:13.015,413.20767797804695,8
2024-09-18 10:43:13.157,413.2025020232321,1000
2024-09-18 10:43:13.186,413.1965757509069,13
2024-09-18 10:43:13.204,413.1829134652442,1000
2024-09-18 10:43:13.313,413.2232372982342,104
2024-09-18 10:43:13.344,413.2028604514401,8
2024-09-18 10:43:13.383,-413.2127782693383,96
2024-09-18 10:43:13.391,413.197341930161,5
2024-09-18 10:43:13.396,413.1859958921238,105
2024-09-18 10:43:13.448,413.20729679660144,11
2024-09-18 10:43:13.448,413.2229719165728,104
2024-09-18 10:43:13.449,413.1874766113258,1004
2024-09-18 10:43:13.465,413.18550119106834,11
2024-09-18 10:43:13.473,413.2160084578212,12
2024-09-18 10:43:13.483,413.1893867161018,96
2024-09-18 10:43:13.534,413.1993520425053,11
2024-09-18 10:43:13.575,413.2057045096213,101
2024-09-18 10:43:13.580,413.2054240776954,13
2024-09-18 10:43:13.656,413.2032865585628,5
2024-09-18 10:43:13.695,413.1971073899925,996
2024-09-18 10:43:13.704,413.22350071929895,998
2024-09-18 10:43:13.716,413.1931048918198,103
2024-09-18 10:43:13.717,413.20710290888456,999
2024-09-18 10:43:13.741,413.20264417394566,102
2024-09-18 10:43:13.913,413.1841912312227,102
2024-09-18 10:43:14.028,413.19489952246187,997
2024-09-18 10:43:14.088,-413.2158053412836,998
2024-09-18 10:43:14.164,413.2209972168105,5
2024-09-18 10:43:14.227,413.2252591964926,8
2024-09-18 10:43:14.554,413.2530535301833,103
2024-09-18 10:43:14.592,413.2371106520648,105
2024-09-18 10:43:15.069,413.2880964761888,97
2024-09-18 10:43:15.108,413.2767534825264,1000
2024-09-18 10:43:15.161,413.2969070652324,7
2024-09-18 10:43:15.214,413.2608601068868,15
2024-09-18 10:43:15.273,413.2879774470128,995
2024-09-18 10:43:15.276,413.3191177257539,1004
2024-09-18 10:43:15.318,413.2994032296992,97
2024-09-18 10:43:15.332,,105
2024-09-18 10:43:15.358,413.27549609490137,999
2024-09-18 10:43:15.376,413.2348635075687,8
2024-09-18 10:43:15.400,413.2359292541449,1002
2024-09-18 10:43:15.430,413.3007184851778,6
2024-09-18 10:43:15.536,413.2905999698657,97
2024-09-18 10:43:15.596,413.2838920660656,99
2024-09-18 10:43:15.625,413.2786963817913,10
2024-09-18 10:43:15.633,413.282352477394,11
2024-09-18 10:43:15.662,413.2901089382347,101
2024-09-18 10:43:15.688,413.2827371842824,104
2024-09-18 10:43:15.691,413.222713993436,1001
2024-09-18 10:43:15.700,413.2573437759127,100
2024-09-18 10:43:15.741,413.23979977024544,104
2024-09-18 10:43:15.846,413.2800776307045,9
2024-09-18 10:43:15.859,413.2578360097024,15
2024-09-18 10:43:15.915,413.2760235639657,996
2024-09-18 10:43:15.928,413.2952269272768,1001
2024-09-18 10:43:15.935,413.2989369641583,996
2024-09-18 10:43:15.948,413.29214494961343,15
2024-09-18 10:43:15.954,413.2888130629131,9
2024-09-18 10:43:16.004,413.2470836612544,11
2024-09-18 10:43:16.022,413.2551936265331,1001
2024-09-18 10:43:16.128,413.2350082347583,95
2024-09-18 10:43:16.248,413.2135573434293,8
2024-09-18 10:43:16.336,413.26729238729786,100
2024-09-18 10:43:16.389,413.220577749456,96
2024-09-18 10:43:16.391,413.2309447046807,15
2024-09-18 10:43:16.494,413.2474692289172,10
2024-09-18 10:43:16.630,413.23276655040826,7
2024-09-18 10:43:16.664,413.26338941928094,8
2024-09-18 10:43:16.781,413.248918143754,5
2024-09-18 10:43:16.810,413.2481169583364,10
2024-09-18 10:43:16.866,413.24420322286375,104
2024-09-18 10:43:16.887,413.23735869337474,1001
2024-09-18 10:43:16.917,413.2245245228225,1005
2024-09-18 10:43:16.988,413.2415181640649,996
2024-09-18 10:43:17.008,413.2038231310876,103
2024-09-18 10:43:17.010,413.1899466307227,101
2024-09-18 10:43:17.069,413.2664336596595,1002
2024-09-18 10:43:17.098,413.2170117923787,1002
2024-09-18 10:43:17.153,413.1995847584189,14
2024-09-18 10:43:17.194,413.2296232744848,10
2024-09-18 10:43:17.246,413.2311975008135,8
2024-09-18 10:43:17.246,413.19394610893534,1005
2024-09-18 10:43:17.385,413.190343505688,995
2024-09-18 10:43:17.401,413.20284141362185,5
2024-09-18 10:43:17.457,413.1945210369975,101
2024-09-18 10:43:17.678,413.2003110241193,997
2024-09-18 10:43:17.788,413.2119243615762,998
2024-09-18 10:43:17.843,413.2495797418667,95
2024-09-18 10:43:17.879,413.1915787538261,100
2024-09-18 10:43:17.962,413.2023366745806,1005
2024-09-18 10:43:18.008,413.1849708180144,15
2024-09-18 10:43:18.039,413.2098704738128,9
2024-09-18 10:43:18.062,413.219494322725,98
2024-09-18 10:43:18.121,413.1724788121011,9
2024-09-18 10:43:18.217,413.2822570099922,97
2024-09-18 10:43:18.236,413.2673783553764,97
2024-09-18 10:43:18.290,413.2656545681936,1004
2024-09-18 10:43:18.328,413.1876373386427,1003
2024-09-18 10:43:18.410,413.2785574303017,10
2024-09-18 10:43:18.426,413.28225410817873,1001
2024-09-18 10:43:18.435,413.2842512652618,7
2024-09-18 10:43:18.460,413.27269775582016,96
2024-09-18 10:43:18.483,413.1981113580485,101
2024-09-18 10:43:18.522,413.2028124058736,999
2024-09-18 10:43:18.529,413.18406464313887,95
2024-09-18 10:43:18.549,413.2285417327454,105
2024-09-18 10:43:18.645,413.2679686271839,9
2024-09-18 10:43:18.770,413.25896886022974,95
2024-09-18 10:43:18.799,413.26492626759136,101
2024-09-18 10:43:18.811,413.2662255566652,997
2024-09-18 10:43:18.924,413.251630834497,1001
2024-09-18 10:43:18.929,413.1785744167289,97
2024-09-18 10:43:18.946,413.19155486410193,1004
2024-09-18 10:43:18.978,413.1791094819032,1003
2024-09-18 10:43:19.220,413.3024654927844,1002
2024-09-18 10:43:19.274,413.2995283206113,96
2024-09-18 10:43:19.479,413.3088327967929,1004
2024-09-18 10:43:19.529,413.2927015453042,5
2024-09-18 10:43:19.854,413.32100292252034,1005
2024-09-18 10:43:19.891,,8
2024-09-18 10:43:20.000,413.3548312588716,1003
2024-09-18 10:43:20.027,413.3395312232825,995
2024-09-18 10:43:20.043,413.33781265674736,104
2024-09-18 10:43:20.078,413.3466344639489,997
2024-09-18 10:43:20.114,413.34620346888335,1005
2024-09-18 10:43:20.173,413.30620425625705,14
2024-09-18 10:43:20.189,413.35334297727,997
2024-09-18 10:43:20.212,413.35913267930135,101
2024-09-18 10:43:20.257,413.31722215478624,1004
2024-09-18 10:43:20.327,413.3684994256322,105
2024-09-18 10:43:20.379,413.3417601809054,104
2024-09-18 10:43:20.463,413.3742040451554,12
2024-09-18 10:43:20.523,413.3392941010629,103
2024-09-18 10:43:20.536,413.36188980009285,997
2024-09-18 10:43:20.624,413.29438478762745,997
2024-09-18 10:43:20.659,413.3252512763811,1000
2024-09-18 10:43:20.669,413.36435003246606,99
2024-09-18 10:43:20.726,413.35052284854896,100
2024-09-18 10:43:20.748,413.3375998230935,5
2024-09-18 10:43:20.762,413.3578938786293,1000
2024-09-18 10:43:20.781,413.305649926088,101
2024-09-18 10:43:20.786,413.3211856654229,9
2024-09-18 10:43:20.786,413.3497798612594,1000
2024-09-18 10:43:20.806,413.32427453178,99
2024-09-18 10:43:20.833,413.3761610787088,98
2024-09-18 10:43:20.857,413.2728783166617,997
2024-09-18 10:43:20.918,413.3515129735639,8
2024-09-18 10:43:20.919,413.3172010065183,13
2024-09-18 10:43:20.922,413.3749728396589,101
2024-09-18 10:43:20.943,413.36343684799664,995
2024-09-18 10:43:21.102,413.3556550767841,998
2024-09-18 10:43:21.220,413.35872241837154,13
2024-09-18 10:43:21.277,413.3774316476509,1002
2024-09-18 10:43:21.384,413.36786325456137,105
2024-09-18 10:43:21.401,413.364776232919,996
2024-09-18 10:43:21.545,413.36308685266505,1001
2024-09-18 10:43:21.598,413.35935726611865,998
2024-09-18 10:43:21.611,413.36113106863326,98
2024-09-18 10:43:21.947,413.3555000355786,1003
2024-09-18 10:43:21.949,413.3804878920426,10
2024-09-18 10:43:21.980,413.3592335591903,99
2024-09-18 10:43:22.149,413.3565757867747,100
2024-09-18 10:43:22.197,413.35763192087296,1002
2024-09-18 10:43:22.335,413.3463587511434,9
2024-09-18 10:43:22.340,413.3596304094266,12
2024-09-18 10:43:22.348,413.3544529482797,1002
2024-09-18 10:43:22.538,413.3622778353607,998
2024-09-18 10:43:22.666,413.3524938289671,1001
2024-09-18 10:43:22.736,413.34509107709823,101
2024-09-18 10:43:22.779,413.36828476923625,1005
2024-09-18 10:43:22.869,413.3588181455417,11
2024-09-18 10:43:22.912,413.3619783964553,10
2024-09-18 10:43:23.020,413.3491023485693,14
2024-09-18 10:43:23.072,413.3455920134579,1001
2024-09-18 10:43:23.090,413.2197594408083,98
2024-09-18 10:43:23.165,413.238616807626,1000
2024-09-18 10:43:23.206,413.222041265114,14
2024-09-18 10:43:23.249,413.2543756484751,998
2024-09-18 10:43:23.249,413.267163111946,998
2024-09-18 10:43:23.258,413.2289933176746,9
2024-09-18 10:43:23.276,413.2726116233941,103
2024-09-18 10:43:23.304,413.3086879986009,1004
2024-09-18 10:43:23.343,413.2256966294574,1003
2024-09-18 10:43:23.378,413.3167331479097,995
2024-09-18 10:43:23.411,413.3278614862224,1003
2024-09-18 10:43:23.459,413.32445952157866,998
2024-09-18 10:43:23.519,413.3421148651153,103
2024-09-18 10:43:23.538,413.2286978460748,13
2024-09-18 10:43:23.558,413.3471543915677,995
2024-09-18 10:43:23.606,413.28923020699136,12
2024-09-18 10:43:23.606,413.3142735942895,101
2024-09-18 10:43:23.663,413.2345066164968,12
2024-09-18 10:43:23.688,413.2593522718224,9
2024-09-18 10:43:23.811,413.2999288571213,104
2024-09-18 10:43:23.847,413.3599188233897,96
2024-09-18 10:43:23.861,413.2693384852656,98
2024-09-18 10:43:23.862,413.33912635008267,96
2024-09-18 10:43:23.924,413.270098360831,995
2024-09-18 10:43:23.937,413.28997936029793,14
2024-09-18 10:43:23.981,413.3371179037865,95
2024-09-18 10:43:24.112,41.32250316590663,15
2024-09-18 10:43:24.182,413.22289151275146,10
2024-09-18 10:43:24.465,413.21987624445336,11
2024-09-18 10:43:24.469,413.2298488300981,102
2024-09-18 10:43:24.473,413.2256697020487,7
2024-09-18 10:43:24.545,413.2103341747005,96
2024-09-18 10:43:24.561,413.2343472215495,1001
2024-09-18 10:43:24.674,413.2129342211089,13
2024-09-18 10:43:24.841,413.2117056924044,6
2024-09-18 10:43:24.861,413.21894558212506,5
2024-09-18 10:43:24.878,413.21183807053615,103
2024-09-18 10:43:24.921,413.22170009670646,101
2024-09-18 10:43:25.060,413.2209716194481,1004
2024-09-18 10:43:25.070,413.2201304764079,104
2024-09-18 10:43:25.149,413.16740076148295,14
2024-09-18 10:43:25.199,413.1734484373436,95
2024-09-18 10:43:25.230,413.172657456928,14
2024-09-18 10:43:25.260,413.20358176390926,100
2024-09-18 10:43:25.263,413.23608452824135,9
2024-09-18 10:43:25.301,413.2445011300665,6
2024-09-18 10:43:25.472,413.1823314812124,995
2024-09-18 10:43:25.515,413.1758276564922,995
2024-09-18 10:43:25.539,413.2360313031452,15
2024-09-18 10:43:25.771,413.1718949506589,102
2024-09-18 10:43:25.776,413.1662298458562,1002
2024-09-18 10:43:26.041,413.16542581111344,101
2024-09-18 10:43:26.079,413.16626275447175,995
2024-09-18 10:43:26.162,413.2020244363154,997
2024-09-18 10:43:26.268,413.1867066344439,105
2024-09-18 10:43:26.327,413.2339159584219,1002
2024-09-18 10:43:26.401,413.1628389316219,6
2024-09-18 10:43:26.491,413.2433738331322,997
2024-09-18 10:43:26.506,413.1435597657252,104
2024-09-18 10:43:26.560,413.22764675730633,1001
2024-09-18 10:43:26.571,413.235239577254,13
2024-09-18 10:43:26.583,413.22017918543474,96
2024-09-18 10:43:26.687,413.188187856813,98
2024-09-18 10:43:26.944,413.2259457819843,1003
2024-09-18 10:43:26.981,413.2412154984905,1005
2024-09-18 10:43:27.088,413.23312460251753,10
2024-09-18 10:43:27.121,413.1900790073891,996
2024-09-18 10:43:27.161,413.1824665315143,1000
2024-09-18 10:43:27.171,413.2473264826321,1005
2024-09-18 10:43:27.194,413.1870363859904,95
2024-09-18 10:43:27.210,413.194194191705,1004
2024-09-18 10:43:27.212,413.1829392784752,95
2024-09-18 10:43:27.261,413.18647226623216,95
2024-09-18 10:43:27.283,413.19544399059856,1003
2024-09-18 10:43:27.342,413.2237755877357,102
2024-09-18 10:43:27.418,413.2412142693484,1002
2024-09-18 10:43:27.428,413.2067041425794,11
2024-09-18 10:43:27.468,413.2065381655254,998
2024-09-18 10:43:27.473,413.173625048593,96
2024-09-18 10:43:27.519,413.2564760016865,104
2024-09-18 10:43:27.520,413.228768182432,1000
2024-09-18 10:43:27.572,413.2316796177454,98
2024-09-18 10:43:27.574,413.2267103479373,6
2024-09-18 10:43:27.592,413.21124337823017,996
2024-09-18 10:43:27.605,413.2375810988794,98
2024-09-18 10:43:27.624,413.2561755306434,8
2024-09-18 10:43:27.629,413.2189137061332,1003
2024-09-18 10:43:27.708,413.2099696671494,1005
2024-09-18 10:43:27.762,413.25029324756827,102
2024-09-18 10:43:27.864,413.1696958269074,104
2024-09-18 10:43:27.875,413.1770089501786,995
2024-09-18 10:43:27.889,413.2138262645583,97
2024-09-18 10:43:27.893,413.1945901133247,1000
2024-09-18 10:43:27.901,413.1844917214532,105
2024-09-18 10:43:27.933,413.16962595294666,13
2024-09-18 10:43:28.796,413.233405992335,999
2024-09-18 10:43:29.455,413.2326434425436,995
2024-09-18 10:43:29.650,413.23752530210345,10
2024-09-18 10:43:29.673,413.244303345205,1000
2024-09-18 10:43:29.762,413.23602044554286,102
2024-09-18 10:43:29.910,413.23700956040113,11
2024-09-18 10:43:30.242,413.2723572293447,13
2024-09-18 10:43:30.259,413.3035592433224,14
2024-09-18 10:43:30.380,413.3144078871128,13
2024-09-18 10:43:30.444,413.25967954044313,997
2024-09-18 10:43:30.555,413.2995920116112,12
2024-09-18 10:43:30.584,413.3139440631697,102
2024-09-18 10:43:30.676,413.2726477159469,95
2024-09-18 10:43:30.982,413.30764166351855,995
2024-09-18 10:43:31.072,413.2903001282603,14
2024-09-18 10:43:31.107,413.2956223262315,10
2024-09-18 10:43:31.111,413.2877547142427,99
2024-09-18 10:43:31.156,413.2980406833836,1005
2024-09-18 10:43:31.166,413.2938750152618,9
2024-09-18 10:43:31.271,413.2950715940702,5
2024-09-18 10:43:31.506,413.28928023892433,104
2024-09-18 10:43:31.544,413.28437134737305,995
2024-09-18 10:43:31.599,413.2787823987325,97
2024-09-18 10:43:31.672,413.2661626318386,95
2024-09-18 10:43:31.798,413.29522069473575,10
2024-09-18 10:43:31.896,413.28452163887926,995
2024-09-18 10:43:31.955,413.28883376817066,97
2024-09-18 10:43:31.984,413.2833280156121,997
2024-09-18 10:43:32.056,413.3232638619592,101
2024-09-18 10:43:32.060,413.3436269121002,995
2024-09-18 10:43:32.101,413.3087518743407,1000
2024-09-18 10:43:32.120,413.3797306019481,99
2024-09-18 10:43:32.249,413.3354484005352,99
2024-09-18 10:43:32.271,413.3396669170264,6
2024-09-18 10:43:32.280,413.32661159786994,104
2024-09-18 10:43:32.288,413.36626585527824,12
2024-09-18 10:43:32.349,413.32854301642135,6
2024-09-18 10:43:32.409,413.2862462724064,96
2024-09-18 10:43:32.446,413.2938340250337,1005
2024-09-18 10:43:32.568,413.3081686386821,95
2024-09-18 10:43:32.573,413.30001370515606,1002
2024-09-18 10:43:32.666,413.322544749633,1001
2024-09-18 10:43:32.668,413.3374354853117,13
2024-09-18 10:43:32.710,413.3323444125068,13
2024-09-18 10:43:32.723,413.2937923854756,8
2024-09-18 10:43:32.745,413.3277651681457,12
2024-09-18 10:43:32.989,413.3371297816595,15
2024-09-18 10:43:33.055,413.3300276140546,996
2024-09-18 10:43:33.097,413.3692419650152,996
2024-09-18 10:43:33.163,413.3739072974504,103
2024-09-18 10:43:33.218,41.33480520931928,99
2024-09-18 10:43:33.283,413.2841899588522,1002
2024-09-18 10:43:33.426,413.36903891305207,1002
2024-09-18 10:43:33.471,413.3124602113045,997
2024-09-18 10:43:33.533,413.3611601711853,103
2024-09-18 10:43:33.543,413.2651132656288,1001
2024-09-18 10:43:33.618,413.2831380407482,12
2024-09-18 10:43:33.671,413.3698415538348,105
2024-09-18 10:43:33.688,413.3330042159482,95
2024-09-18 10:43:33.738,413.2685062377993,996
2024-09-18 10:43:33.805,413.36522167889535,97
2024-09-18 10:43:33.869,413.3651012564708,1005
2024-09-18 10:43:34.020,413.26648767416975,96
2024-09-18 10:43:34.122,413.2587002263192,997
2024-09-18 10:43:34.170,413.2779754931535,101
2024-09-18 10:43:34.190,413.2418859253334,102
2024-09-18 10:43:34.219,413.2543150945981,12
2024-09-18 10:43:34.224,413.27367070743605,11
2024-09-18 10:43:34.319,413.2522234767747,104
2024-09-18 10:43:34.352,413.26264338003335,1002
2024-09-18 10:43:34.371,413.2554146987591,11
2024-09-18 10:43:34.372,413.2879498282729,15
2024-09-18 10:43:34.476,413.2463396448479,8
2024-09-18 10:43:34.579,413.2678828005899,102
2024-09-18 10:43:34.601,413.273982237699,98
2024-09-18 10:43:34.602,413.26014064825694,104
2024-09-18 10:43:34.717,413.26921761076,102
2024-09-18 10:43:34.727,413.2699280213465,102
2024-09-18 10:43:34.771,413.25634190457447,96
2024-09-18 10:43:34.847,413.27082222783366,9
2024-09-18 10:43:34.896,41.32602922370168,5
2024-09-18 10:43:34.963,413.2622123069407,10
2024-09-18 10:43:34.969,413.2724039337055,105
2024-09-18 10:43:34.981,413.2712828042614,1001
2024-09-18 10:43:34.991,413.260464316554,97
2024-09-18 10:43:34.997,413.2755539701416,997
2024-09-18 10:43:35.018,413.27849112492976,11
2024-09-18 10:43:36.415,413.2810251205869,1002
2024-09-18 10:43:36.435,413.2831911711437,10
2024-09-18 10:43:37.071,413.27902584415466,8
2024-09-18 10:43:37.090,413.2462890247573,997
2024-09-18 10:43:37.165,413.2546448302591,100
2024-09-18 10:43:37.227,413.22359621728106,1004
2024-09-18 10:43:37.242,413.2235884333032,8
2024-09-18 10:43:37.316,413.2460217586749,995
2024-09-18 10:43:37.463,413.2146857059393,10
2024-09-18 10:43:37.519,-413.2753411653427,995
2024-09-18 10:43:37.559,413.2778057364688,998
2024-09-18 10:43:37.564,413.1974727739564,97
2024-09-18 10:43:37.580,413.2447219511726,13
2024-09-18 10:43:37.669,413.22956959042233,104
2024-09-18 10:43:37.692,413.210865715437,103
2024-09-18 10:43:37.723,413.25901118805655,12
2024-09-18 10:43:37.730,413.262061970419,98
2024-09-18 10:43:37.805,413.2325037972967,100
2024-09-18 10:43:37.819,413.26846171569593,996
2024-09-18 10:43:37.848,413.2603531376427,1004
2024-09-18 10:43:37.856,413.1870876458324,996
2024-09-18 10:43:37.889,413.2285178215111,102
2024-09-18 10:43:37.909,413.2839743586756,1003
2024-09-18 10:43:37.997,413.2514571251883,1000
2024-09-18 10:43:38.050,413.1872042063533,102
2024-09-18 10:43:38.135,413.1862039383264,1003
2024-09-18 10:43:38.157,413.1929054663512,1003
2024-09-18 10:43:38.193,413.2243480058765,1004
2024-09-18 10:43:38.213,413.1989712269106,15
2024-09-18 10:43:38.327,413.2078684848117,1000
2024-09-18 10:43:38.372,413.1768264150946,100
2024-09-18 10:43:38.416,413.21266769218994,96
2024-09-18 10:43:38.422,413.2384460941354,101
2024-09-18 10:43:38.488,413.2175599473107,100
2024-09-18 10:43:38.500,413.1840251641272,6
2024-09-18 10:43:38.506,413.1879532250342,1002
2024-09-18 10:43:38.642,413.219639733884,99
2024-09-18 10:43:38.646,413.2215184599035,1000
2024-09-18 10:43:38.823,413.1940404179867,9
2024-09-18 10:43:38.833,413.1877527740897,1000
2024-09-18 10:43:38.851,413.221910856395,13
2024-09-18 10:43:38.968,413.2159639783088,1003
2024-09-18 10:43:38.984,413.1785250331292,101
2024-09-18 10:43:39.005,413.2543473185227,999
2024-09-18 10:43:39.041,413.2370619340632,104
2024-09-18 10:43:39.045,413.2448980601686,1002
2024-09-18 10:43:39.051,413.2298787052753,13
2024-09-18 10:43:39.099,413.25462753789816,96
2024-09-18 10:43:39.125,413.24131374665296,997
2024-09-18 10:43:39.275,413.2107675895561,100
2024-09-18 10:43:39.300,413.21994669255946,5
2024-09-18 10:43:39.422,413.2398199481537,995
2024-09-18 10:43:39.466,413.2461142551462,1003
2024-09-18 10:43:39.516,413.24767713720513,104
2024-09-18 10:43:39.533,413.2493103253884,1004
2024-09-18 10:43:39.557,413.2502693676786,9
2024-09-18 10:43:39.637,413.2314597798987,6
2024-09-18 10:43:39.688,413.2381380831274,96
2024-09-18 10:43:39.713,413.2635822621376,997
2024-09-18 10:43:39.774,413.2540620631225,13
2024-09-18 10:43:39.803,413.2478696348048,12
2024-09-18 10:43:39.851,413.2380912936208,6
2024-09-18 10:43:39.888,413.236311636982,97
2024-09-18 10:43:39.963,413.2168824241364,100
2024-09-18 10:43:39.982,413.2297039286981,7
2024-09-18 10:43:40.041,413.2613674202442,1003
2024-09-18 10:43:40.154,413.27228134631247,96
2024-09-18 10:43:40.176,413.2582772842503,95
2024-09-18 10:43:40.195,413.2741508867306,5
2024-09-18 10:43:40.199,413.2472008953144,995
2024-09-18 10:43:40.240,413.2638610430287,14
2024-09-18 10:43:40.245,413.2355435404501,7
2024-09-18 10:43:40.307,413.2106958315558,15
2024-09-18 10:43:40.658,413.2300624476548,100
2024-09-18 10:43:40.682,-413.2408629192879,105
2024-09-18 10:43:40.750,413.2420767170767,1002
2024-09-18 10:43:40.800,413.24991188041264,99
2024-09-18 10:43:40.855,413.2722814982283,14
2024-09-18 10:43:40.886,413.26285942006257,12
2024-09-18 10:43:40.908,413.2360339508712,15
2024-09-18 10:43:40.983,413.2824078897486,99
2024-09-18 10:43:40.987,413.238554081176,995
2024-09-18 10:43:40.993,413.2567057012096,13
2024-09-18 10:43:41.005,413.1646941075641,1000
2024-09-18 10:43:41.047,413.1853802566081,98
2024-09-18 10:43:41.108,413.1791666559729,105
2024-09-18 10:43:41.111,413.1694002772255,1003
2024-09-18 10:43:41.133,413.16820080959775,1001
2024-09-18 10:43:41.202,413.2088499865434,95
2024-09-18 10:43:41.217,413.2265165562291,102
2024-09-18 10:43:41.239,-413.1792564770427,1005
2024-09-18 10:43:41.287,413.1750247861912,96
2024-09-18 10:43:41.291,413.2130302167798,8
2024-09-18 10:43:41.431,413.1967013696145,7
2024-09-18 10:43:41.472,413.2098799699591,1000
2024-09-18 10:43:41.557,413.2115048771384,12
2024-09-18 10:43:41.563,413.1811155466936,1004
2024-09-18 10:43:41.579,413.1676517779251,1001
2024-09-18 10:43:41.606,413.1980320701357,995
2024-09-18 10:43:41.619,413.1521207072394,105
2024-09-18 10:43:41.655,413.1703797019243,11
2024-09-18 10:43:41.658,413.1859982701033,995
2024-09-18 10:43:41.661,413.1892535931543,12
2024-09-18 10:43:41.662,413.19070378076896,103
2024-09-18 10:43:41.671,413.20601159778585,95
2024-09-18 10:43:41.712,413.1716688060125,998
2024-09-18 10:43:41.795,413.1998685667935,105
2024-09-18 10:43:41.808,413.1785998149509,11
2024-09-18 10:43:41.812,413.217693664856,95
2024-09-18 10:43:41.901,413.22057596957103,1003
2024-09-18 10:43:41.918,413.1895376192135,12
2024-09-18 10:43:41.952,413.1450684416412,102
2024-09-18 10:43:42.033,413.1248253365554,999
2024-09-18 10:43:42.416,413.1286769887748,995
2024-09-18 10:43:42.432,413.1263936961715,15
2024-09-18 10:43:42.451,413.15621355255433,14
2024-09-18 10:43:42.565,413.1343906648858,11
2024-09-18 10:43:42.568,413.1515481686741,102
2024-09-18 10:43:42.788,,998
2024-09-18 10:43:43.562,413.1194022123615,96
2024-09-18 10:43:43.585,413.1158239876592,998
2024-09-18 10:43:43.624,413.1551250410938,998
2024-09-18 10:43:43.738,413.1153268830674,998
2024-09-18 10:43:43.772,413.1335248439356,14
2024-09-18 10:43:43.928,413.1192722028245,6
2024-09-18 10:43:43.992,413.12205604779024,1002
2024-09-18 10:43:44.038,413.1623076258017,997
2024-09-18 10:43:44.123,413.14795736581925,10
2024-09-18 10:43:44.234,413.1576140413151,9
2024-09-18 10:43:44.237,413.1879407183399,103
2024-09-18 10:43:44.336,413.12638475914446,95
2024-09-18 10:43:44.361,413.1381398946799,101
2024-09-18 10:43:44.425,413.12942943698766,96
2024-09-18 10:43:44.453,413.13414207594457,105
2024-09-18 10:43:44.483,413.15971674621926,105
2024-09-18 10:43:44.569,413.1351032382182,5
2024-09-18 10:43:44.586,413.1226931422577,98
2024-09-18 10:43:44.604,413.1242322949854,103
2024-09-18 10:43:44.653,413.1855294568245,11
2024-09-18 10:43:44.674,413.1259952408778,15
2024-09-18 10:43:44.691,413.17499042526566,5
2024-09-18 10:43:44.696,413.1887421457529,997
2024-09-18 10:43:44.710,413.1613933908677,13
2024-09-18 10:43:44.711,413.1617237340026,995
2024-09-18 10:43:44.857,413.1004640355313,96
2024-09-18 10:43:44.922,413.15180606298605,1003
2024-09-18 10:43:45.139,413.109626094505,103
2024-09-18 10:43:45.151,413.14307010062754,15
2024-09-18 10:43:45.190,413.1190051978399,1003
2024-09-18 10:43:45.269,413.138319867588,1001
2024-09-18 10:43:45.287,413.1366451284972,15
2024-09-18 10:43:45.334,413.1263151425894,101
2024-09-18 10:43:46.016,413.1202604396344,6
2024-09-18 10:43:46.134,413.1587161041958,5
2024-09-18 10:43:46.370,-413.1422548070224,12
2024-09-18 10:43:46.417,413.1743330289821,1005
2024-09-18 10:43:46.528,413.1558883142609,1001
2024-09-18 10:43:46.555,413.1119964872437,95
2024-09-18 10:43:46.659,41.31299017514743,102
2024-09-18 10:43:46.791,413.1608368409338,103
2024-09-18 10:43:46.837,413.1473073980413,11
2024-09-18 10:43:46.922,413.1334996625336,996
2024-09-18 10:43:47.078,413.0748719945101,15
2024-09-18 10:43:47.109,413.10322542472215,102
2024-09-18 10:43:47.122,-413.12140339715313,1003
2024-09-18 10:43:47.127,413.0917078289144,96
2024-09-18 10:43:47.158,413.1249174072794,10
2024-09-18 10:43:47.185,413.1307341860899,5
2024-09-18 10:43:47.203,-413.16361830926377,102
2024-09-18 10:43:47.247,413.11318099366736,97
2024-09-18 10:43:47.312,413.1714428152077,998
2024-09-18 10:43:47.322,413.1492812478639,998
2024-09-18 10:43:47.502,413.1736523578936,1002
2024-09-18 10:43:47.502,413.13100338150326,1002
2024-09-18 10:43:47.513,413.15054570866016,105
2024-09-18 10:43:47.525,413.1750949025363,7
2024-09-18 10:43:47.547,413.165671395628,99
2024-09-18 10:43:47.724,413.1418847587151,15
2024-09-18 10:43:47.741,413.173635435032,1000
2024-09-18 10:43:47.794,413.1151656517582,1004
2024-09-18 10:43:47.842,413.0825415027672,101
2024-09-18 10:43:47.884,413.1146434750329,995
2024-09-18 10:43:47.965,413.08177930832346,6
2024-09-18 10:43:48.047,413.1676248427314,1000
2024-09-18 10:43:48.138,413.1863291252774,8
2024-09-18 10:43:48.257,413.1583238315146,13
2024-09-18 10:43:48.550,413.18450878827184,1004
2024-09-18 10:43:48.558,413.1703107220969,10
2024-09-18 10:43:48.569,413.1528804474288,1002
2024-09-18 10:43:48.581,413.19225238205047,1004
2024-09-18 10:43:48.722,413.1602910698597,14
2024-09-18 10:43:48.789,413.1716821909837,104
2024-09-18 10:43:48.845,413.1474424048631,105
2024-09-18 10:43:48.915,413.1508788709816,1001
2024-09-18 10:43:48.965,413.17142341481787,13
2024-09-18 10:43:49.528,413.1458218567644,98
2024-09-18 10:43:49.632,413.188925266018,999
2024-09-18 10:43:49.796,413.2233184766728,98
2024-09-18 10:43:49.823,413.1937765867977,11
2024-09-18 10:43:49.872,413.2179595361944,100
2024-09-18 10:43:49.945,413.1540488584559,996
2024-09-18 10:43:49.972,413.1366997890245,995
2024-09-18 10:43:50.222,413.2274986363025,6
2024-09-18 10:43:50.344,413.2059182360797,11
2024-09-18 10:43:50.505,413.2557612121566,105
2024-09-18 10:43:50.568,413.221628651048,9
2024-09-18 10:43:50.683,413.2165586286287,100
2024-09-18 10:43:50.895,413.2062090642239,11
2024-09-18 10:43:50.995,413.2376880677821,999
2024-09-18 10:43:51.096,413.2077446280314,7
2024-09-18 10:43:51.105,413.2254073536543,11
2024-09-18 10:43:51.301,413.23149038173904,95
2024-09-18 10:43:51.328,413.2169027669103,11
2024-09-18 10:43:51.398,413.2368900587319,999
2024-09-18 10:43:51.464,413.2133759048753,995
2024-09-18 10:43:51.504,413.24203190901176,997
2024-09-18 10:43:51.544,413.2203843942815,10
2024-09-18 10:43:51.557,413.2340710915561,8
2024-09-18 10:43:51.606,413.2283566534798,100
2024-09-18 10:43:51.614,413.2362455311264,11
2024-09-18 10:43:51.711,413.20836747593694,95
2024-09-18 10:43:51.840,413.2402243766194,1002
2024-09-18 10:43:51.876,413.2324231856608,995
2024-09-18 10:43:51.964,413.20677399321,14
2024-09-18 10:43:52.001,413.2313009580063,997
2024-09-18 10:43:52.164,413.2036038549418,8
2024-09-18 10:43:52.280,413.2373939609217,102
2024-09-18 10:43:52.562,413.2202442650674,999
2024-09-18 10:43:53.055,413.2596700001561,997
2024-09-18 10:43:53.059,413.2445310156089,95
2024-09-18 10:43:53.130,413.2496808439162,7
2024-09-18 10:43:53.172,413.2614391724284,1001
2024-09-18 10:43:53.212,413.22387576267874,6
2024-09-18 10:43:53.303,413.2735283126793,95
2024-09-18 10:43:53.333,413.2480659359567,1001
2024-09-18 10:43:53.374,413.2361345648209,103
2024-09-18 10:43:53.390,413.26396316570873,1002
2024-09-18 10:43:53.394,413.2653972322042,98
2024-09-18 10:43:53.402,413.2670971801024,102
2024-09-18 10:43:53.449,413.2903780781837,995
2024-09-18 10:43:53.616,413.2606420786008,95
2024-09-18 10:43:53.622,413.2642945679928,12
2024-09-18 10:43:53.769,413.2702442468656,15
2024-09-18 10:43:53.781,413.2752405014221,997
2024-09-18 10:43:53.784,413.2760962448967,13
2024-09-18 10:43:53.845,413.2731092724151,999
2024-09-18 10:43:53.859,413.2749283418883,11
2024-09-18 10:43:53.868,413.25981088334106,9
2024-09-18 10:43:53.918,413.2593997298487,8
2024-09-18 10:43:54.063,413.3066228900861,11
2024-09-18 10:43:54.136,413.3089242189128,1004
2024-09-18 10:43:54.151,413.2951753159197,12
2024-09-18 10:43:54.220,413.32699088311045,11
2024-09-18 10:43:54.309,413.2881843282028,98
2024-09-18 10:43:54.381,413.2963427822476,103
2024-09-18 10:43:54.579,413.3036281192308,12
2024-09-18 10:43:54.723,413.3209916411287,6
2024-09-18 10:43:54.797,413.31813449659046,15
2024-09-18 10:43:54.801,413.32220690900937,1003
2024-09-18 10:43:54.895,413.31420322390863,103
2024-09-18 10:43:54.917,413.28433806239167,999
2024-09-18 10:43:54.957,413.29988778812526,1004
2024-09-18 10:43:56.023,413.2942956765694,100
2024-09-18 10:43:56.067,413.2957114784108,995
2024-09-18 10:43:56.092,413.28830068568,999
2024-09-18 10:43:56.138,413.2722033717905,13
2024-09-18 10:43:56.176,413.27590436664167,1005
2024-09-18 10:43:56.185,413.29338395969535,1002
2024-09-18 10:43:56.216,,101
2024-09-18 10:43:56.225,413.26028256760526,103
2024-09-18 10:43:56.226,413.2873629885132,100
2024-09-18 10:43:56.278,413.28304258297993,12
2024-09-18 10:43:56.346,413.2875187672077,101
2024-09-18 10:43:56.366,413.2888774927389,999
2024-09-18 10:43:56.381,413.3146131855184,97
2024-09-18 10:43:56.407,413.2746232511042,5
2024-09-18 10:43:56.496,413.2824962375132,1000
2024-09-18 10:43:56.503,413.2688691721365,103
2024-09-18 10:43:56.507,413.3034300704498,99
2024-09-18 10:43:56.515,413.2722687404344,102
2024-09-18 10:43:56.560,413.2922172686015,99
2024-09-18 10:43:56.622,413.30634348792194,99
2024-09-18 10:43:56.680,413.30041907378455,995
2024-09-18 10:43:56.729,413.2813075725332,1003
2024-09-18 10:43:56.753,413.2912638762605,5
2024-09-18 10:43:56.794,413.2782280847688,15
2024-09-18 10:43:56.819,413.3015201892364,105
2024-09-18 10:43:56.855,413.2891740230051,105
2024-09-18 10:43:57.027,413.30928540624615,13
2024-09-18 10:43:57.062,413.29992769989576,1003
2024-09-18 10:43:57.074,413.29993675312176,8
2024-09-18 10:43:57.078,413.30484397434685,14
2024-09-18 10:43:57.173,413.299787289161,100
2024-09-18 10:43:57.215,413.3111918248707,9
2024-09-18 10:43:57.219,,13
2024-09-18 10:43:57.255,413.31043748994,103
2024-09-18 10:43:57.308,413.3005351969856,1004
2024-09-18 10:43:57.355,,101
2024-09-18 10:43:57.384,413.2890929344671,105
2024-09-18 10:43:57.460,413.305830523484,101
2024-09-18 10:43:57.576,413.3079999589864,15
2024-09-18 10:43:57.639,413.3024913672044,7
2024-09-18 10:43:57.680,413.29631087755257,5
2024-09-18 10:43:57.719,413.3306137406767,13
2024-09-18 10:43:57.785,413.3003151635,8
2024-09-18 10:43:57.873,413.29819625813246,13
2024-09-18 10:43:57.878,413.3067909890151,1000
2024-09-18 10:43:57.915,413.30047466190047,97
2024-09-18 10:43:57.932,413.2920691165766,1001
2024-09-18 10:43:57.981,413.3079549652683,95
2024-09-18 10:43:58.020,413.3189715542643,102
2024-09-18 10:43:58.044,413.2980823959123,1003
2024-09-18 10:43:58.066,41.33255881962066,96
2024-09-18 10:43:58.116,413.3164344887984,1001
2024-09-18 10:43:58.426,413.3234993146574,100
2024-09-18 10:43:58.540,413.3667903460741,95
2024-09-18 10:43:58.565,413.2944312816328,15
2024-09-18 10:43:58.674,413.29946284899273,1005
2024-09-18 10:43:58.695,413.3057661140027,995
2024-09-18 10:43:58.762,413.3090459063034,1003
2024-09-18 10:43:58.766,413.379264472529,8
2024-09-18 10:43:58.770,413.3075266007308,996
2024-09-18 10:43:58.777,413.2996287524974,995
2024-09-18 10:43:58.876,413.3068491193727,8
2024-09-18 10:43:58.881,413.3032282580388,95
2024-09-18 10:43:58.897,413.300935231137,102
2024-09-18 10:43:58.938,413.3543514978821,6
2024-09-18 10:43:58.992,413.3002335874353,104
2024-09-18 10:43:59.104,413.4275459781774,95
2024-09-18 10:43:59.130,413.3879629674276,5
2024-09-18 10:43:59.163,413.4149731421935,105
2024-09-18 10:43:59.179,413.414766556834,1005
2024-09-18 10:43:59.218,413.4371736797559,101
2024-09-18 10:43:59.334,,99
2024-09-18 10:43:59.598,413.4146070654338,97
2024-09-18 10:43:59.622,41.34039036671722,1002
2024-09-18 10:43:59.642,413.4183257871129,99
2024-09-18 10:43:59.658,413.4291492332996,95
2024-09-18 10:43:59.700,413.3856430077511,995
2024-09-18 10:43:59.766,,11
2024-09-18 10:43:59.785,413.4109498032495,10
2024-09-18 10:43:59.816,413.380507947573,997
2024-09-18 10:43:59.880,413.4243437561763,101
2024-09-18 10:43:59.997,413.4085785928333,5
