Timestamp,Price,Size
2024-09-18 10:24:00.007,,105
2024-09-18 10:24:00.014,410.04779028846536,995
2024-09-18 10:24:00.035,410.0378136940024,104
2024-09-18 10:24:00.066,410.0120022225604,9
2024-09-18 10:24:00.080,410.0526156627726,10
2024-09-18 10:24:00.130,410.04709119644383,1004
2024-09-18 10:24:00.134,410.046246970847,105
2024-09-18 10:24:00.148,410.0541640705284,995
2024-09-18 10:24:00.153,410.0586342135259,995
2024-09-18 10:24:00.247,410.0534887409208,1003
2024-09-18 10:24:00.313,410.0340609774539,13
2024-09-18 10:24:00.313,410.0026664186344,1005
2024-09-18 10:24:00.342,410.0122173692972,97
2024-09-18 10:24:00.363,410.0057624036211,996
2024-09-18 10:24:00.433,410.06600348737976,1001
2024-09-18 10:24:00.449,410.0461101889403,5
2024-09-18 10:24:00.452,410.0440261003161,8
2024-09-18 10:24:00.474,410.0596225963888,103
2024-09-18 10:24:00.513,410.010205468296,97
2024-09-18 10:24:00.551,410.0529420717401,9
2024-09-18 10:24:00.591,410.03260521943935,1000
2024-09-18 10:24:00.664,410.04072310275296,1000
2024-09-18 10:24:00.715,410.0613569260967,1005
2024-09-18 10:24:00.798,410.0530938577938,9
2024-09-18 10:24:00.901,410.0316883505683,11
2024-09-18 10:24:00.912,410.0068040589776,99
2024-09-18 10:24:00.922,410.06560088546,96
2024-09-18 10:24:00.934,410.0526176576648,996
2024-09-18 10:24:01.161,410.0489870652856,995
2024-09-18 10:24:01.343,410.0488353880936,1000
2024-09-18 10:24:02.028,410.1524497776852,997
2024-09-18 10:24:02.033,410.0592619766925,6
2024-09-18 10:24:02.087,410.08329439711815,14
2024-09-18 10:24:02.139,410.12118904096536,6
2024-09-18 10:24:02.362,410.1214419300678,13
2024-09-18 10:24:02.463,410.11592828651385,1004
2024-09-18 10:24:02.521,410.123162792335,1001
2024-09-18 10:24:02.580,410.1222962757272,11
2024-09-18 10:24:02.636,410.1176049498709,1001
2024-09-18 10:24:02.777,410.09262202614485,10
2024-09-18 10:24:02.786,410.1113260682021,1003
2024-09-18 10:24:02.980,410.10037438136686,12
2024-09-18 10:24:03.073,410.11779853576,997
2024-09-18 10:24:03.165,410.0926119562347,1003
2024-09-18 10:24:03.166,410.0908500052757,13
2024-09-18 10:24:03.230,410.0991634049081,99
2024-09-18 10:24:03.425,410.0974016754696,104
2024-09-18 10:24:03.472,410.091650075683,5
2024-09-18 10:24:03.776,410.1059769844396,997
2024-09-18 10:24:03.784,410.117315116456,8
2024-09-18 10:24:03.933,410.1150000642515,15
2024-09-18 10:24:04.063,410.1981821204349,96
2024-09-18 10:24:04.066,410.1701026956227,101
2024-09-18 10:24:04.120,410.1062246332042,13
2024-09-18 10:24:04.154,410.07505460145416,99
2024-09-18 10:24:04.169,410.1587444610973,98
2024-09-18 10:24:04.236,410.099704195086,1001
2024-09-18 10:24:04.265,410.15778517718286,100
2024-09-18 10:24:04.303,410.0935529286375,1004
2024-09-18 10:24:04.336,410.17460961143,12
2024-09-18 10:24:04.398,410.1184739181946,8
2024-09-18 10:24:04.403,410.1884680828984,12
2024-09-18 10:24:04.419,410.174405698192,96
2024-09-18 10:24:04.460,410.1677507608872,99
2024-09-18 10:24:04.467,410.1806958031536,12
2024-09-18 10:24:04.501,410.0823338795561,11
2024-09-18 10:24:04.518,410.1660293617497,1003
2024-09-18 10:24:04.531,410.1803104489882,105
2024-09-18 10:24:04.537,410.0837790675615,104
2024-09-18 10:24:04.655,410.1623681050783,102
2024-09-18 10:24:04.689,410.1117214823303,15
2024-09-18 10:24:04.725,410.1838581517181,104
2024-09-18 10:24:04.742,410.1036961153666,13
2024-09-18 10:24:04.797,410.13959720922327,5
2024-09-18 10:24:04.862,410.13506681370376,8
2024-09-18 10:24:04.929,410.1643406370588,10
2024-09-18 10:24:04.987,410.1872070346007,10
2024-09-18 10:24:04.991,410.1573882941109,1000
2024-09-18 10:24:04.998,410.0909072446606,7
2024-09-18 10:24:05.067,410.1149905094791,12
2024-09-18 10:24:05.093,410.1041591582727,105
2024-09-18 10:24:05.178,410.11569801660346,1001
2024-09-18 10:24:05.186,410.1087598915349,103
2024-09-18 10:24:05.244,410.1543089925896,101
2024-09-18 10:24:05.424,410.13180374972967,1005
2024-09-18 10:24:05.683,410.12142012488727,8
2024-09-18 10:24:05.821,410.155615619827,104
2024-09-18 10:24:05.923,410.12762835476656,1000
2024-09-18 10:24:05.941,410.15035465872086,98
2024-09-18 10:24:05.991,410.1149636317736,12
2024-09-18 10:24:06.006,410.1589102500213,96
2024-09-18 10:24:06.041,410.1457712251748,13
2024-09-18 10:24:06.043,410.1543261609862,9
2024-09-18 10:24:06.072,410.1322024062456,95
2024-09-18 10:24:06.085,410.141128984841,996
2024-09-18 10:24:06.102,410.1453716476605,15
2024-09-18 10:24:06.133,410.1495117758785,104
2024-09-18 10:24:06.194,410.119847509977,103
2024-09-18 10:24:06.250,,95
2024-09-18 10:24:06.278,410.1885638655564,14
2024-09-18 10:24:06.279,410.1462193267709,11
2024-09-18 10:24:06.307,410.16419553362925,101
2024-09-18 10:24:06.318,410.1528268761512,99
2024-09-18 10:24:06.523,410.13999062178914,995
2024-09-18 10:24:06.567,410.1274922736417,10
2024-09-18 10:24:06.574,410.1325022367911,10
2024-09-18 10:24:06.626,410.1317236440924,9
2024-09-18 10:24:06.715,410.1494803859217,1003
2024-09-18 10:24:06.718,410.1289927803952,6
2024-09-18 10:24:06.757,410.1341525027303,5
2024-09-18 10:24:06.789,410.1441602549503,1004
2024-09-18 10:24:06.808,410.1485569635343,99
2024-09-18 10:24:06.830,410.1192065524144,105
2024-09-18 10:24:06.968,410.1498456941383,996
2024-09-18 10:24:07.146,410.1835322204576,99
2024-09-18 10:24:07.871,410.1903430947846,101
2024-09-18 10:24:08.007,410.197603178964,102
2024-09-18 10:24:08.045,-410.23577311325874,104
2024-09-18 10:24:08.062,410.2308706191856,6
2024-09-18 10:24:08.208,410.198406351169,996
2024-09-18 10:24:08.224,410.20447155045775,10
2024-09-18 10:24:08.226,410.1788268603509,998
2024-09-18 10:24:08.238,410.1652145201167,1004
2024-09-18 10:24:08.282,410.2225898067944,1000
2024-09-18 10:24:08.298,410.2067473399192,6
2024-09-18 10:24:08.344,-410.1963312571016,98
2024-09-18 10:24:08.402,410.2096536746945,97
2024-09-18 10:24:08.406,410.1982161286499,100
2024-09-18 10:24:08.423,410.1980472485779,7
2024-09-18 10:24:08.437,410.2054433962208,14
2024-09-18 10:24:08.514,410.2087374761847,14
2024-09-18 10:24:08.681,410.2317329572974,8
2024-09-18 10:24:08.700,410.20022605521126,14
2024-09-18 10:24:08.711,410.2111345526857,1003
2024-09-18 10:24:08.720,410.2097270607968,1001
2024-09-18 10:24:08.756,410.2119864209945,100
2024-09-18 10:24:08.796,410.214602387505,11
2024-09-18 10:24:08.896,410.1829512608735,11
2024-09-18 10:24:08.919,410.17159935562415,95
2024-09-18 10:24:08.923,410.2012196125101,1002
2024-09-18 10:24:08.938,410.1874126759438,7
2024-09-18 10:24:08.964,410.1784221642182,1003
2024-09-18 10:24:08.994,410.1917992811349,97
2024-09-18 10:24:09.018,410.2331721816632,1003
2024-09-18 10:24:09.108,410.21350570019314,97
2024-09-18 10:24:09.111,410.1797082548711,12
2024-09-18 10:24:09.151,410.2087828047298,1003
2024-09-18 10:24:09.198,410.2089173325138,1004
2024-09-18 10:24:09.216,410.2013048810189,100
2024-09-18 10:24:09.240,410.1766025575165,105
2024-09-18 10:24:09.307,410.17899521506223,10
2024-09-18 10:24:09.390,410.1714148546416,13
2024-09-18 10:24:09.415,410.2074327819476,104
2024-09-18 10:24:09.446,410.1968844179444,1002
2024-09-18 10:24:09.488,410.2208968279017,97
2024-09-18 10:24:09.491,410.2032578023034,12
2024-09-18 10:24:09.516,410.1945766246814,997
2024-09-18 10:24:09.555,410.19998469737504,995
2024-09-18 10:24:09.571,410.1742829597068,998
2024-09-18 10:24:09.575,410.1746651250499,5
2024-09-18 10:24:09.589,410.18404779368177,1000
2024-09-18 10:24:09.631,410.1844835922549,6
2024-09-18 10:24:09.701,410.2214537574167,99
2024-09-18 10:24:09.761,410.2077388282081,1001
2024-09-18 10:24:09.816,410.2157527490253,1001
2024-09-18 10:24:09.828,410.1709661054421,1000
2024-09-18 10:24:09.869,410.2325862941239,104
2024-09-18 10:24:09.891,410.1770312040374,5
2024-09-18 10:24:09.907,410.1744733246661,1005
2024-09-18 10:24:09.925,410.2112191290869,1004
2024-09-18 10:24:09.975,410.2062129569353,104
2024-09-18 10:24:10.021,410.19819113248514,6
2024-09-18 10:24:10.056,410.2347290327044,95
2024-09-18 10:24:10.112,410.2083696090377,14
2024-09-18 10:24:10.157,410.2098343658428,12
2024-09-18 10:24:10.248,410.22095750261695,103
2024-09-18 10:24:10.257,410.1990554280212,105
2024-09-18 10:24:10.351,410.2032618946803,998
2024-09-18 10:24:10.381,410.2160941550005,15
2024-09-18 10:24:10.402,410.2259708854794,1001
2024-09-18 10:24:10.417,410.2280609376679,100
2024-09-18 10:24:10.466,410.227188480191,6
2024-09-18 10:24:10.466,410.2331991999491,997
2024-09-18 10:24:10.510,410.2272248415782,11
2024-09-18 10:24:10.539,410.22219813178015,102
2024-09-18 10:24:10.577,410.2089759936322,10
2024-09-18 10:24:10.799,410.2238234537327,11
2024-09-18 10:24:10.862,410.2236457295909,14
2024-09-18 10:24:10.950,410.22553932510976,15
2024-09-18 10:24:10.975,410.2030273818966,1005
2024-09-18 10:24:11.024,410.1774645981873,6
2024-09-18 10:24:11.139,410.1850793744359,8
2024-09-18 10:24:11.205,410.18079798216047,999
2024-09-18 10:24:11.728,410.163833808145,14
2024-09-18 10:24:11.760,410.1863282807178,5
2024-09-18 10:24:12.375,410.19433468272456,6
2024-09-18 10:24:12.390,410.208674096346,1005
2024-09-18 10:24:13.007,410.2080922434066,95
2024-09-18 10:24:13.029,410.2330101453536,10
2024-09-18 10:24:13.084,410.19923878295685,1004
2024-09-18 10:24:13.093,410.20885163514487,1000
2024-09-18 10:24:13.095,410.2025192656981,5
2024-09-18 10:24:13.163,41.01904000446451,100
2024-09-18 10:24:13.166,410.2016460762295,5
2024-09-18 10:24:13.192,410.1962307068248,1002
2024-09-18 10:24:13.238,410.1970139084529,995
2024-09-18 10:24:13.265,410.1887509718242,9
2024-09-18 10:24:13.300,410.2229727203536,995
2024-09-18 10:24:13.305,410.1774223910802,96
2024-09-18 10:24:13.336,410.21393752657866,96
2024-09-18 10:24:13.386,410.1745094679908,1004
2024-09-18 10:24:13.469,410.2027757040734,1003
2024-09-18 10:24:13.475,410.2127469278493,12
2024-09-18 10:24:13.535,410.210181182632,10
2024-09-18 10:24:13.545,410.1919859290408,104
2024-09-18 10:24:13.561,410.2088854494962,11
2024-09-18 10:24:13.659,,1000
2024-09-18 10:24:13.690,410.2000817855897,98
2024-09-18 10:24:13.706,410.1851850952857,99
2024-09-18 10:24:13.718,410.2032723335085,6
2024-09-18 10:24:13.813,,95
2024-09-18 10:24:13.828,410.1838210100116,11
2024-09-18 10:24:13.828,410.1722890474141,1001
2024-09-18 10:24:13.837,410.193575482023,1001
2024-09-18 10:24:13.959,410.2173307394799,105
2024-09-18 10:24:14.042,410.19951128594505,1002
2024-09-18 10:24:14.082,410.2554534602013,999
2024-09-18 10:24:14.084,410.245484250673,96
2024-09-18 10:24:14.103,410.25113729470337,15
2024-09-18 10:24:14.173,410.3129461871361,1001
2024-09-18 10:24:14.177,410.19743484763455,13
2024-09-18 10:24:14.225,410.305414604166,98
2024-09-18 10:24:14.293,410.3019878673692,13
2024-09-18 10:24:14.303,410.2895471920646,1002
2024-09-18 10:24:14.326,410.3036345005867,997
2024-09-18 10:24:14.356,410.2180197303628,7
2024-09-18 10:24:14.366,410.2926114272252,103
2024-09-18 10:24:14.465,410.3061043996111,14
2024-09-18 10:24:14.474,410.2816314599178,13
2024-09-18 10:24:14.516,410.2986673058268,1001
2024-09-18 10:24:14.528,410.2927117427799,102
2024-09-18 10:24:14.545,410.25655562936936,15
2024-09-18 10:24:14.583,410.3052953595415,9
2024-09-18 10:24:14.707,410.31180092187753,997
2024-09-18 10:24:14.737,410.2639710183864,996
2024-09-18 10:24:14.762,410.2574560275786,101
2024-09-18 10:24:14.788,410.2952309391121,99
2024-09-18 10:24:14.913,410.24377453098896,998
2024-09-18 10:24:14.962,410.243057044395,6
2024-09-18 10:24:15.766,410.2828424833033,11
2024-09-18 10:24:16.042,410.3015652902937,95
2024-09-18 10:24:16.049,410.29312877788266,1003
2024-09-18 10:24:16.299,410.2708768617241,104
2024-09-18 10:24:16.341,410.2767998912439,6
2024-09-18 10:24:16.343,410.2971718248597,1000
2024-09-18 10:24:16.348,410.2853634701438,15
2024-09-18 10:24:16.387,410.2795848998322,100
2024-09-18 10:24:16.387,410.2840422789269,5
2024-09-18 10:24:16.391,410.28199359087824,5
2024-09-18 10:24:16.406,410.30640925794273,105
2024-09-18 10:24:16.457,410.2834993041705,10
2024-09-18 10:24:16.486,410.2850596516263,6
2024-09-18 10:24:16.557,410.2875870430353,15
2024-09-18 10:24:16.667,410.2717622768067,10
2024-09-18 10:24:16.782,,99
2024-09-18 10:24:16.812,410.2836135035376,103
2024-09-18 10:24:16.892,410.28292967566745,1003
2024-09-18 10:24:16.919,410.2960167137337,9
2024-09-18 10:24:16.942,410.2952981304326,103
2024-09-18 10:24:16.948,410.2919032950368,1005
2024-09-18 10:24:16.982,410.26066623193606,1005
2024-09-18 10:24:17.020,410.2358751229156,101
2024-09-18 10:24:17.039,410.23112021740434,97
2024-09-18 10:24:17.102,410.2475649055806,1001
2024-09-18 10:24:17.136,410.2541730779252,998
2024-09-18 10:24:17.144,410.25648354786586,996
2024-09-18 10:24:17.250,410.26161586627177,99
2024-09-18 10:24:17.348,410.235657741184,9
2024-09-18 10:24:17.383,410.2161708462165,997
2024-09-18 10:24:17.427,410.2241364294936,13
2024-09-18 10:24:17.528,410.23094386318064,1000
2024-09-18 10:24:17.602,410.2604169288193,6
2024-09-18 10:24:17.609,410.2564275127133,101
2024-09-18 10:24:17.613,410.2496685601698,15
2024-09-18 10:24:17.643,410.2221866727799,100
2024-09-18 10:24:17.646,410.20757700852135,98
2024-09-18 10:24:17.727,410.2676462747802,99
2024-09-18 10:24:17.855,41.026964546416096,998
2024-09-18 10:24:17.936,410.2294673017889,102
2024-09-18 10:24:17.962,410.2582593055403,104
2024-09-18 10:24:17.974,410.2172820571396,997
2024-09-18 10:24:17.976,410.20583707163206,15
2024-09-18 10:24:18.080,410.2652019876013,9
2024-09-18 10:24:18.250,410.2447762593377,13
2024-09-18 10:24:18.286,410.2589638610745,96
2024-09-18 10:24:18.329,410.2458110775112,999
2024-09-18 10:24:18.428,410.2594478043208,1003
2024-09-18 10:24:18.494,410.2600651048347,997
2024-09-18 10:24:18.749,410.2646803521993,98
2024-09-18 10:24:18.785,410.2565070668347,102
2024-09-18 10:24:18.850,410.2575782055201,10
2024-09-18 10:24:18.870,410.25762733013136,95
2024-09-18 10:24:18.917,410.2348704282453,13
2024-09-18 10:24:18.981,410.2484697113661,97
2024-09-18 10:24:19.080,410.282583075146,6
2024-09-18 10:24:19.208,410.2494079732076,102
2024-09-18 10:24:19.391,410.2546648892503,99
2024-09-18 10:24:19.393,410.258488494797,996
2024-09-18 10:24:19.477,41.02660352284997,995
2024-09-18 10:24:19.514,410.2641140009271,14
2024-09-18 10:24:19.615,410.2592464501692,98
2024-09-18 10:24:19.618,410.2462796887239,103
2024-09-18 10:24:19.621,410.2728265376848,100
2024-09-18 10:24:19.689,410.2372174040562,12
2024-09-18 10:24:19.771,410.27668743811927,104
2024-09-18 10:24:19.847,410.268209750537,10
2024-09-18 10:24:19.870,410.25005428147045,999
2024-09-18 10:24:19.870,410.2460703139216,96
2024-09-18 10:24:20.069,410.2214291394743,14
2024-09-18 10:24:20.147,410.2337444886897,98
2024-09-18 10:24:20.172,410.243230663814,1003
2024-09-18 10:24:20.229,410.2433505901479,1004
2024-09-18 10:24:20.329,410.24942430128925,97
2024-09-18 10:24:20.367,410.238798620924,96
2024-09-18 10:24:20.390,-410.2640539331848,10
2024-09-18 10:24:20.425,410.2512264491366,1002
2024-09-18 10:24:20.429,410.2283658844575,996
2024-09-18 10:24:20.476,410.24903372436125,1005
2024-09-18 10:24:20.488,410.241036958497,5
2024-09-18 10:24:20.506,410.22193720687983,105
2024-09-18 10:24:20.552,410.2520062095915,104
2024-09-18 10:24:20.653,410.2302425783277,1004
2024-09-18 10:24:20.663,410.2589648767381,99
2024-09-18 10:24:20.677,410.2188826991681,97
2024-09-18 10:24:20.737,410.2448593472515,996
2024-09-18 10:24:21.050,410.2719000592925,9
2024-09-18 10:24:21.060,410.2445574145242,105
2024-09-18 10:24:21.088,410.2395763697138,14
2024-09-18 10:24:21.135,410.2472284647015,101
2024-09-18 10:24:21.169,410.2337240222087,11
2024-09-18 10:24:21.212,410.2715089262753,12
2024-09-18 10:24:21.239,410.2122877292381,10
2024-09-18 10:24:21.317,410.2746377866759,96
2024-09-18 10:24:21.327,410.22272176182446,101
2024-09-18 10:24:21.419,410.2715789583632,996
2024-09-18 10:24:21.448,410.2571860432438,5
2024-09-18 10:24:21.551,410.27623665242095,97
2024-09-18 10:24:21.562,410.2099556536321,999
2024-09-18 10:24:21.589,410.2685187485902,104
2024-09-18 10:24:21.596,410.26669111297446,8
2024-09-18 10:24:21.641,410.2727575232741,103
2024-09-18 10:24:21.800,410.2653974580057,996
2024-09-18 10:24:21.871,410.2292954052335,1001
2024-09-18 10:24:21.877,410.2439599311378,103
2024-09-18 10:24:21.909,410.2184763002911,1002
2024-09-18 10:24:21.928,410.2218373641689,12
2024-09-18 10:24:21.946,410.22124530032505,103
2024-09-18 10:24:21.951,410.2317308134616,97
2024-09-18 10:24:21.953,410.22052488841626,7
2024-09-18 10:24:22.014,-410.2659779220329,1004
2024-09-18 10:24:22.091,410.2521855491359,996
2024-09-18 10:24:22.094,41.02540162714964,13
2024-09-18 10:24:22.195,410.2632947472614,102
2024-09-18 10:24:22.275,410.2459256133525,96
2024-09-18 10:24:22.317,410.2527823657167,13
2024-09-18 10:24:22.458,410.2862256713352,97
2024-09-18 10:24:22.528,410.2853092094568,14
2024-09-18 10:24:22.549,410.2910354477037,9
2024-09-18 10:24:22.566,410.2474856361929,997
2024-09-18 10:24:22.609,410.2773930616106,99
2024-09-18 10:24:22.634,410.2506143657616,999
2024-09-18 10:24:22.665,410.2531876395904,105
2024-09-18 10:24:22.666,410.2346973141272,104
2024-09-18 10:24:22.746,410.2686785339135,999
2024-09-18 10:24:22.806,410.2431470346567,13
2024-09-18 10:24:22.845,410.2706918476799,1002
2024-09-18 10:24:22.896,410.2662918997048,98
2024-09-18 10:24:23.009,410.2764521643236,13
2024-09-18 10:24:23.110,410.2938482872907,1005
2024-09-18 10:24:23.115,410.2866548457061,996
2024-09-18 10:24:23.122,410.2844213288369,104
2024-09-18 10:24:23.181,410.2812657324701,102
2024-09-18 10:24:23.221,410.2727574144143,100
2024-09-18 10:24:23.347,410.2991927474675,103
2024-09-18 10:24:23.494,410.2636315868783,12
2024-09-18 10:24:23.496,410.27014419292544,13
2024-09-18 10:24:23.629,410.3005329575544,1000
2024-09-18 10:24:23.644,410.23765307280735,1000
2024-09-18 10:24:23.655,410.2978937930272,997
2024-09-18 10:24:23.732,410.23283905204136,12
2024-09-18 10:24:23.757,410.2473855764972,7
2024-09-18 10:24:23.757,410.28020181134593,1000
2024-09-18 10:24:23.822,410.2488359437143,102
2024-09-18 10:24:23.900,410.3027438819764,7
2024-09-18 10:24:23.901,410.277904425513,996
2024-09-18 10:24:23.904,410.2534411798872,7
2024-09-18 10:24:23.909,410.2272548833719,14
2024-09-18 10:24:24.044,410.26912514431456,14
2024-09-18 10:24:24.078,410.2294028364984,1000
2024-09-18 10:24:24.081,410.2686441992207,1005
2024-09-18 10:24:24.104,410.27952073216585,100
2024-09-18 10:24:24.138,410.2849889060228,97
2024-09-18 10:24:24.280,410.2833228681153,1004
2024-09-18 10:24:24.389,410.2457342091009,8
2024-09-18 10:24:24.390,410.2775457434124,996
2024-09-18 10:24:24.398,410.2718373813535,104
2024-09-18 10:24:25.110,410.2709857507231,1004
2024-09-18 10:24:25.166,410.27944299446665,999
2024-09-18 10:24:25.170,410.2614230909268,997
2024-09-18 10:24:25.210,410.2994975919464,998
2024-09-18 10:24:25.229,410.2781047780615,12
2024-09-18 10:24:25.296,410.3029932336075,997
2024-09-18 10:24:25.328,410.2536397220469,100
2024-09-18 10:24:25.365,410.2820116316595,103
2024-09-18 10:24:25.447,410.290107516523,1001
2024-09-18 10:24:25.513,410.2782598233775,1001
2024-09-18 10:24:25.525,410.283022456911,1005
2024-09-18 10:24:25.568,410.292782043872,11
2024-09-18 10:24:25.584,410.2837799400624,15
2024-09-18 10:24:25.619,410.28149734459305,999
2024-09-18 10:24:25.673,410.2774309329056,97
2024-09-18 10:24:25.686,410.3065929059051,12
2024-09-18 10:24:25.734,410.2552811698444,1003
2024-09-18 10:24:25.786,410.27379479748566,1000
2024-09-18 10:24:25.876,410.2833276725646,5
2024-09-18 10:24:26.273,410.2826230847888,13
2024-09-18 10:24:26.286,410.2568858903199,1004
2024-09-18 10:24:26.363,410.2509193406311,1001
2024-09-18 10:24:26.420,410.2476608875374,999
2024-09-18 10:24:26.527,410.23514199381793,97
2024-09-18 10:24:26.559,410.26062253894753,5
2024-09-18 10:24:26.613,410.2613241036174,995
2024-09-18 10:24:26.620,410.243384320744,98
2024-09-18 10:24:26.655,410.2486078023523,101
2024-09-18 10:24:26.767,410.265894766223,98
2024-09-18 10:24:26.810,410.24221686346505,11
2024-09-18 10:24:26.821,410.2752656683026,97
2024-09-18 10:24:26.824,410.2697098680667,1004
2024-09-18 10:24:26.911,410.2413123508673,998
2024-09-18 10:24:26.920,410.2438245970806,15
2024-09-18 10:24:26.971,410.2385314074057,5
2024-09-18 10:24:27.050,,103
2024-09-18 10:24:27.072,410.26803772450944,98
2024-09-18 10:24:27.126,410.25285659083056,104
2024-09-18 10:24:27.140,410.2605248463559,100
2024-09-18 10:24:27.158,410.2549300853888,7
2024-09-18 10:24:27.207,410.2604204351532,1005
2024-09-18 10:24:27.209,410.294284090227,101
2024-09-18 10:24:27.321,410.3030106872969,995
2024-09-18 10:24:27.375,410.2265892310342,95
2024-09-18 10:24:27.379,410.2533851654369,1000
2024-09-18 10:24:27.411,410.2508303690128,12
2024-09-18 10:24:27.616,410.2132359141451,5
2024-09-18 10:24:27.651,410.2608723555231,1001
2024-09-18 10:24:27.709,410.2187509369812,95
2024-09-18 10:24:27.915,410.2285488692386,1003
2024-09-18 10:24:27.967,410.25935993726887,104
2024-09-18 10:24:28.012,410.2627138629166,13
2024-09-18 10:24:28.021,410.2506154588234,99
2024-09-18 10:24:28.031,410.2315454433793,103
2024-09-18 10:24:28.038,410.2350225049408,10
2024-09-18 10:24:28.039,410.2860824422486,11
2024-09-18 10:24:28.217,410.2077842719857,103
2024-09-18 10:24:28.334,410.2657576333796,12
2024-09-18 10:24:28.372,410.261907032868,98
2024-09-18 10:24:28.403,410.2079771253464,13
2024-09-18 10:24:28.483,410.227284033309,105
2024-09-18 10:24:28.487,410.2199087454217,10
2024-09-18 10:24:28.502,410.2589130018637,105
2024-09-18 10:24:28.683,410.2351538102831,999
2024-09-18 10:24:28.817,410.2188445562605,1005
2024-09-18 10:24:28.829,410.2196250666085,998
2024-09-18 10:24:28.830,410.29243715172345,1000
2024-09-18 10:24:28.873,410.22609824327407,105
2024-09-18 10:24:28.990,410.2298655041518,1002
2024-09-18 10:24:29.004,410.2598829719013,97
2024-09-18 10:24:29.017,410.2078356894936,14
2024-09-18 10:24:29.050,410.204603327132,1001
2024-09-18 10:24:29.060,410.2724591726685,1001
2024-09-18 10:24:29.141,410.192268768913,1001
2024-09-18 10:24:29.317,41.02718375978589,13
2024-09-18 10:24:29.326,410.20038132809424,996
2024-09-18 10:24:29.428,410.2825612122501,105
2024-09-18 10:24:29.529,410.2064231495408,102
2024-09-18 10:24:29.567,410.207628352601,102
2024-09-18 10:24:29.678,410.2115912348085,7
2024-09-18 10:24:29.712,410.2095085625802,1004
2024-09-18 10:24:29.716,410.1926501545718,105
2024-09-18 10:24:29.788,41.020628784593264,103
2024-09-18 10:24:29.828,410.1980145970571,100
2024-09-18 10:24:29.843,410.1988985309398,105
2024-09-18 10:24:29.859,410.24466812714815,1005
2024-09-18 10:24:29.896,410.2277644561828,5
2024-09-18 10:24:29.905,410.2731059551748,101
2024-09-18 10:24:29.964,410.267197595387,12
2024-09-18 10:24:29.974,410.2556638971565,95
2024-09-18 10:24:29.980,410.2573181071792,1000
2024-09-18 10:24:30.056,410.213467844294,995
2024-09-18 10:24:30.102,410.21723103035134,1002
2024-09-18 10:24:30.169,410.2697432361835,103
2024-09-18 10:24:30.218,410.2114475780255,102
2024-09-18 10:24:30.232,410.2297761871095,103
2024-09-18 10:24:30.278,410.2398229617895,7
2024-09-18 10:24:30.333,410.2843842644385,100
2024-09-18 10:24:30.352,410.2147791677553,15
2024-09-18 10:24:30.358,410.2289994242528,14
2024-09-18 10:24:30.392,410.2184770115338,101
2024-09-18 10:24:30.607,410.2483629259858,14
2024-09-18 10:24:30.647,410.2246520329919,98
2024-09-18 10:24:30.662,41.02168207248214,14
2024-09-18 10:24:30.663,410.26540229493673,998
2024-09-18 10:24:30.666,,104
2024-09-18 10:24:30.670,410.2584197116283,995
2024-09-18 10:24:30.689,410.2155600319997,996
2024-09-18 10:24:30.704,410.2637571448373,9
2024-09-18 10:24:30.726,410.224921179152,98
2024-09-18 10:24:30.735,410.23414413088784,101
2024-09-18 10:24:30.758,410.2533328397337,105
2024-09-18 10:24:30.783,410.2728160469747,6
2024-09-18 10:24:30.845,410.2372075561864,100
2024-09-18 10:24:30.854,410.2254775242405,1000
2024-09-18 10:24:30.861,410.231722832976,105
2024-09-18 10:24:30.968,410.2129137332004,6
2024-09-18 10:24:31.648,410.2901328987139,103
2024-09-18 10:24:31.661,41.03074633882317,1004
2024-09-18 10:24:31.902,410.29716978153743,97
2024-09-18 10:24:32.027,410.28171170166576,13
2024-09-18 10:24:32.138,410.2726415642082,97
2024-09-18 10:24:32.350,410.223884357607,13
2024-09-18 10:24:32.402,410.249818410169,12
2024-09-18 10:24:32.500,410.2765967078622,1000
2024-09-18 10:24:32.577,410.2311096080609,95
2024-09-18 10:24:32.624,410.2797712652817,1000
2024-09-18 10:24:32.828,410.2939619528015,96
2024-09-18 10:24:32.891,410.25249162413326,1000
2024-09-18 10:24:32.921,410.20564855497696,101
2024-09-18 10:24:33.012,410.242620775331,97
2024-09-18 10:24:33.020,,998
2024-09-18 10:24:33.167,410.3030904235185,100
2024-09-18 10:24:33.173,410.2655799583528,9
2024-09-18 10:24:33.238,410.2880420076799,1001
2024-09-18 10:24:33.322,410.323124396051,105
2024-09-18 10:24:33.372,410.3443948533875,6
2024-09-18 10:24:33.400,410.2781368724209,99
2024-09-18 10:24:33.470,410.2582505168708,997
2024-09-18 10:24:33.609,410.3171444443736,11
2024-09-18 10:24:33.668,410.3386202970087,97
2024-09-18 10:24:33.748,410.3411554351422,103
2024-09-18 10:24:33.777,410.3043935208008,1002
2024-09-18 10:24:33.861,410.32567942613673,997
2024-09-18 10:24:33.929,410.3120867408111,998
2024-09-18 10:24:33.958,410.2170225974931,105
2024-09-18 10:24:34.012,410.3364114451286,12
2024-09-18 10:24:34.027,410.3224357767204,6
2024-09-18 10:24:34.062,410.3492487074224,997
2024-09-18 10:24:34.142,410.3277834934289,12
2024-09-18 10:24:34.187,410.3475950708327,101
2024-09-18 10:24:34.324,410.3493747882531,100
2024-09-18 10:24:34.399,410.3092634665056,996
2024-09-18 10:24:34.430,410.3408530004336,105
2024-09-18 10:24:34.483,410.3569750914055,103
2024-09-18 10:24:34.490,410.3245914422939,1000
2024-09-18 10:24:34.575,410.3491782943406,8
2024-09-18 10:24:34.576,410.3483253455258,99
2024-09-18 10:24:34.579,410.3211928399316,9
2024-09-18 10:24:34.657,410.3345523825808,998
2024-09-18 10:24:34.737,410.3419398856863,13
2024-09-18 10:24:34.757,410.3465044245093,998
2024-09-18 10:24:34.800,410.344030858898,12
2024-09-18 10:24:34.829,-410.3431342982385,1004
2024-09-18 10:24:34.846,410.3349196947488,96
2024-09-18 10:24:34.919,410.3352284331627,97
2024-09-18 10:24:34.944,410.3483541212168,9
2024-09-18 10:24:34.955,41.03361897500131,1002
2024-09-18 10:24:34.996,410.3350279493332,10
2024-09-18 10:24:35.007,410.3317930887312,1005
2024-09-18 10:24:35.035,410.3214775908731,100
2024-09-18 10:24:35.228,410.3401803399505,1004
2024-09-18 10:24:35.505,410.3138753995363,1003
2024-09-18 10:24:35.546,410.3056427459263,8
2024-09-18 10:24:35.551,410.3518407820039,1002
2024-09-18 10:24:35.763,410.31591243927846,996
2024-09-18 10:24:35.834,410.3243537108522,101
2024-09-18 10:24:35.913,410.3157898864303,14
2024-09-18 10:24:36.063,410.3049286875213,995
2024-09-18 10:24:36.128,410.30580032527735,99
2024-09-18 10:24:36.130,410.3201751918873,11
2024-09-18 10:24:36.137,410.32854477053553,105
2024-09-18 10:24:36.167,410.30605466349687,11
2024-09-18 10:24:36.206,410.33472504546927,10
2024-09-18 10:24:36.296,410.3020912445256,995
2024-09-18 10:24:36.352,410.3340400874968,8
2024-09-18 10:24:36.468,410.31565344721673,1003
2024-09-18 10:24:36.555,410.34610351923067,996
2024-09-18 10:24:36.668,410.3483732530258,100
2024-09-18 10:24:36.681,410.316140569372,102
2024-09-18 10:24:36.696,410.3191309631286,998
2024-09-18 10:24:36.705,410.2966163442678,1001
2024-09-18 10:24:36.715,410.3158410964297,10
2024-09-18 10:24:36.815,410.3261332480463,5
2024-09-18 10:24:36.822,410.31747037200665,102
2024-09-18 10:24:36.878,410.3078084411473,12
2024-09-18 10:24:36.930,410.3072571726614,101
2024-09-18 10:24:36.954,410.3129159147209,105
2024-09-18 10:24:36.982,410.34494403174034,1002
2024-09-18 10:24:37.053,410.3009649493053,14
2024-09-18 10:24:37.109,410.3174199511211,997
2024-09-18 10:24:37.166,410.3135720203748,9
2024-09-18 10:24:37.248,410.30846452346606,99
2024-09-18 10:24:37.280,410.3456649046936,997
2024-09-18 10:24:37.457,410.3157056804856,10
2024-09-18 10:24:37.622,410.3190925140519,1005
2024-09-18 10:24:37.625,410.2974907268178,15
2024-09-18 10:24:37.702,410.3111964842017,99
2024-09-18 10:24:37.703,410.3096638290703,1000
2024-09-18 10:24:37.709,410.3061907200424,15
2024-09-18 10:24:37.774,410.3251924693146,1000
2024-09-18 10:24:37.776,410.3204687381463,14
2024-09-18 10:24:37.849,410.3197272240439,12
2024-09-18 10:24:37.896,410.3401847254072,1003
2024-09-18 10:24:37.956,410.3288703379531,1005
2024-09-18 10:24:38.017,410.3528504520538,96
2024-09-18 10:24:38.113,410.3293027030429,996
2024-09-18 10:24:38.134,410.3637136699032,1005
2024-09-18 10:24:38.292,410.3580870040768,13
2024-09-18 10:24:38.457,410.3415834754416,12
2024-09-18 10:24:38.508,410.34760300005007,100
2024-09-18 10:24:38.570,410.355793487004,10
2024-09-18 10:24:38.704,410.36404578720254,999
2024-09-18 10:24:38.774,,95
2024-09-18 10:24:38.779,410.34997679046086,1002
2024-09-18 10:24:38.956,410.3239551216432,98
2024-09-18 10:24:39.309,410.3543657478066,98
2024-09-18 10:24:39.355,410.3333439295064,102
2024-09-18 10:24:39.380,410.3490480226845,1003
2024-09-18 10:24:39.454,410.3437808701554,998
2024-09-18 10:24:39.539,410.3501022166358,6
2024-09-18 10:24:39.601,410.3493479301816,996
2024-09-18 10:24:39.642,410.3450615509566,104
2024-09-18 10:24:39.753,410.3564431117511,9
2024-09-18 10:24:39.970,410.3652050292462,10
2024-09-18 10:24:40.070,410.3776286451112,996
2024-09-18 10:24:40.299,410.3807914056196,102
2024-09-18 10:24:40.393,410.4067581884242,1000
2024-09-18 10:24:40.416,410.4013870906834,12
2024-09-18 10:24:40.458,410.3899967480026,999
2024-09-18 10:24:40.473,410.41448920519656,100
2024-09-18 10:24:40.691,410.41113467669777,96
2024-09-18 10:24:40.948,410.3552885627254,101
2024-09-18 10:24:40.997,410.39386334954247,9
2024-09-18 10:24:41.007,410.3874893302456,97
2024-09-18 10:24:41.021,410.3800942074337,100
2024-09-18 10:24:41.036,410.4091575388528,1004
2024-09-18 10:24:41.093,410.3720835102218,1004
2024-09-18 10:24:41.784,410.3733768434008,999
2024-09-18 10:24:42.050,410.4176853146725,101
2024-09-18 10:24:42.053,410.4165604234572,97
2024-09-18 10:24:42.125,410.4193826222853,99
2024-09-18 10:24:42.210,410.3941607834652,13
2024-09-18 10:24:42.222,410.4272210789064,997
2024-09-18 10:24:42.347,410.4082953783711,1004
2024-09-18 10:24:42.368,410.4033688651834,12
2024-09-18 10:24:42.379,410.4251514126145,1002
2024-09-18 10:24:42.402,410.3940172226534,98
2024-09-18 10:24:42.430,410.4197796668608,15
2024-09-18 10:24:42.562,410.3806625454161,7
2024-09-18 10:24:42.677,410.4137937438324,98
2024-09-18 10:24:42.888,410.4346712389062,1000
2024-09-18 10:24:42.911,410.4161257546068,105
2024-09-18 10:24:42.967,410.4274433683415,105
2024-09-18 10:24:43.003,410.4409251513341,98
2024-09-18 10:24:43.039,410.4216411299767,997
2024-09-18 10:24:43.043,410.446381538483,8
2024-09-18 10:24:43.118,410.4391276423244,1003
2024-09-18 10:24:43.136,410.4151379227089,995
2024-09-18 10:24:43.184,410.4411915817463,995
2024-09-18 10:24:43.203,410.4330005202536,1005
2024-09-18 10:24:43.256,410.451142799177,996
2024-09-18 10:24:43.344,410.41818557903656,14
2024-09-18 10:24:43.467,410.39663070535386,6
2024-09-18 10:24:43.482,410.4527033245096,1004
2024-09-18 10:24:43.565,410.435538446754,104
2024-09-18 10:24:43.626,410.4273177942079,1000
2024-09-18 10:24:43.668,410.41144800382375,1000
2024-09-18 10:24:43.670,410.4451646536865,1001
2024-09-18 10:24:43.692,410.392100857026,998
2024-09-18 10:24:43.737,410.43501001953103,13
2024-09-18 10:24:43.742,410.4048515411644,1001
2024-09-18 10:24:43.785,410.4171955414928,98
2024-09-18 10:24:43.848,410.382115866233,997
2024-09-18 10:24:43.863,410.4156614425328,7
2024-09-18 10:24:43.901,410.4434955667089,999
2024-09-18 10:24:43.926,410.4243782350367,997
2024-09-18 10:24:43.943,410.395888268861,9
2024-09-18 10:24:43.946,410.4446248972892,95
2024-09-18 10:24:43.949,410.4288252624036,996
2024-09-18 10:24:43.963,410.42155767057926,999
2024-09-18 10:24:43.991,410.3901657016744,15
2024-09-18 10:24:44.064,410.3483873205139,1003
2024-09-18 10:24:44.067,410.3897723214963,999
2024-09-18 10:24:44.110,410.3712670082134,102
2024-09-18 10:24:44.143,410.3600698463367,97
2024-09-18 10:24:44.156,410.3704963698039,1000
2024-09-18 10:24:44.182,410.3410453515575,13
2024-09-18 10:24:44.241,410.3790379747772,1003
2024-09-18 10:24:44.264,410.3833012624547,101
2024-09-18 10:24:44.346,410.3553917958216,102
2024-09-18 10:24:44.384,410.33801073130735,10
2024-09-18 10:24:44.391,410.3959864198707,1004
2024-09-18 10:24:44.408,410.3840334056506,96
2024-09-18 10:24:44.421,410.3606241751389,999
2024-09-18 10:24:44.425,410.3571905018865,100
2024-09-18 10:24:44.492,410.3229627397333,997
2024-09-18 10:24:44.564,410.37967482893055,96
2024-09-18 10:24:44.577,410.3732909484991,15
2024-09-18 10:24:44.614,410.36084588286906,1004
2024-09-18 10:24:44.616,410.41743255014416,8
2024-09-18 10:24:44.620,410.3675288283905,996
2024-09-18 10:24:44.642,410.4316210002834,12
2024-09-18 10:24:44.654,410.3895107765942,97
2024-09-18 10:24:44.748,410.3685509176229,5
2024-09-18 10:24:44.836,410.374288498726,5
2024-09-18 10:24:44.987,410.3675799864373,9
2024-09-18 10:24:45.011,410.2717410547069,1004
2024-09-18 10:24:45.020,410.3260258443921,998
2024-09-18 10:24:45.066,410.3910224351914,13
2024-09-18 10:24:45.074,410.3911207508632,1001
2024-09-18 10:24:45.140,410.36282389087,6
2024-09-18 10:24:45.142,410.3329215347038,1001
2024-09-18 10:24:45.201,410.4076687337204,7
2024-09-18 10:24:45.262,410.3727636991303,996
2024-09-18 10:24:45.267,410.360538383388,1004
2024-09-18 10:24:45.285,410.27112263856657,104
2024-09-18 10:24:45.342,410.3843563821201,995
2024-09-18 10:24:45.346,410.3342862183,998
2024-09-18 10:24:45.394,410.2890249081357,96
2024-09-18 10:24:45.466,410.3709303579722,997
2024-09-18 10:24:45.482,410.30823239750174,9
2024-09-18 10:24:45.507,410.2652299488981,997
2024-09-18 10:24:45.557,410.37417087874735,103
2024-09-18 10:24:45.568,410.3015441628701,995
2024-09-18 10:24:45.631,410.3698190363269,1004
2024-09-18 10:24:45.672,410.2728894993487,101
2024-09-18 10:24:45.704,410.34444697297823,1003
2024-09-18 10:24:45.764,410.39129113992544,98
2024-09-18 10:24:45.933,410.3653230010265,14
2024-09-18 10:24:45.996,410.2732510300512,104
2024-09-18 10:24:45.998,410.3518605069352,97
2024-09-18 10:24:46.124,410.2012764178656,1003
2024-09-18 10:24:46.214,410.2295394969188,97
2024-09-18 10:24:46.217,410.2061619731256,104
2024-09-18 10:24:46.243,410.2080994246001,101
2024-09-18 10:24:46.268,410.2204385198903,996
2024-09-18 10:24:46.287,410.2128704924617,1000
2024-09-18 10:24:46.341,410.2627025970479,14
2024-09-18 10:24:46.369,410.2474280396199,1004
2024-09-18 10:24:46.369,410.2043677046768,8
2024-09-18 10:24:46.386,410.2021357963658,8
2024-09-18 10:24:46.400,410.2261700314342,101
2024-09-18 10:24:46.404,,103
2024-09-18 10:24:46.423,410.2481009859114,1000
2024-09-18 10:24:46.682,410.2124649466218,1000
2024-09-18 10:24:46.823,,95
2024-09-18 10:24:46.832,410.2491239472533,11
2024-09-18 10:24:46.893,410.22526833295103,1005
2024-09-18 10:24:46.900,410.1958172962623,999
2024-09-18 10:24:47.394,41.02005762415166,100
2024-09-18 10:24:48.538,410.1906246932843,97
2024-09-18 10:24:48.716,410.2129211674871,11
2024-09-18 10:24:48.889,410.21536369648817,1001
2024-09-18 10:24:49.004,410.2087168053754,11
2024-09-18 10:24:49.009,410.20871829059496,12
2024-09-18 10:24:49.020,410.1306905518823,99
2024-09-18 10:24:49.035,410.1257326732836,104
2024-09-18 10:24:49.061,410.09448023021935,98
2024-09-18 10:24:49.159,410.14530120903686,96
2024-09-18 10:24:49.177,410.0928406515302,104
2024-09-18 10:24:49.195,410.0857576359088,1003
2024-09-18 10:24:49.217,410.21164181690045,1005
2024-09-18 10:24:49.342,410.181233121892,10
2024-09-18 10:24:49.721,410.1117311178029,102
2024-09-18 10:24:49.776,,12
2024-09-18 10:24:49.873,410.1722242857819,104
2024-09-18 10:24:49.910,,999
2024-09-18 10:24:49.926,410.0941199323137,11
2024-09-18 10:24:49.973,410.1028915197481,1002
2024-09-18 10:24:49.994,410.0902888386484,100
2024-09-18 10:24:50.034,410.1152843024744,14
2024-09-18 10:24:50.111,410.0720938112376,998
2024-09-18 10:24:50.151,410.0796514988429,95
2024-09-18 10:24:50.203,410.04135889606647,99
2024-09-18 10:24:50.245,410.0645221081988,10
2024-09-18 10:24:50.258,410.11414115708897,1005
2024-09-18 10:24:50.318,410.0415406596924,996
2024-09-18 10:24:50.343,410.126521109599,10
2024-09-18 10:24:50.371,410.1511109257915,1001
2024-09-18 10:24:50.447,410.07587824891175,10
2024-09-18 10:24:50.520,410.07286236910863,8
2024-09-18 10:24:50.520,410.1545528732855,1002
2024-09-18 10:24:50.521,410.0701549247136,10
2024-09-18 10:24:50.559,410.14182674788816,105
2024-09-18 10:24:50.585,410.0964466305819,103
2024-09-18 10:24:50.646,410.1392933477228,1005
2024-09-18 10:24:50.675,410.0480874462416,100
2024-09-18 10:24:50.702,410.0456822524711,996
2024-09-18 10:24:50.706,410.1302956653567,13
2024-09-18 10:24:50.760,410.0993201350987,1003
2024-09-18 10:24:50.791,410.1129764680462,102
2024-09-18 10:24:50.837,410.1202181134966,8
2024-09-18 10:24:50.910,410.0722053494827,13
2024-09-18 10:24:50.918,410.0551378187725,13
2024-09-18 10:24:50.976,410.1179314252829,104
2024-09-18 10:24:51.089,410.1593274463371,998
2024-09-18 10:24:51.120,410.07825445130544,103
2024-09-18 10:24:51.176,410.0820722508728,1003
2024-09-18 10:24:51.218,410.128725168948,103
2024-09-18 10:24:51.266,410.1240349790421,1005
2024-09-18 10:24:51.357,410.1173572631264,999
2024-09-18 10:24:51.388,410.0725729104598,1003
2024-09-18 10:24:51.478,410.0848730419295,96
2024-09-18 10:24:51.490,410.0786764378786,104
2024-09-18 10:24:51.491,410.1016424459421,1005
2024-09-18 10:24:51.491,410.1115169127044,102
2024-09-18 10:24:51.511,410.0937657315527,1000
2024-09-18 10:24:51.579,410.13129335605,96
2024-09-18 10:24:51.656,410.1233830943786,100
2024-09-18 10:24:51.663,410.0798859650484,96
2024-09-18 10:24:51.665,410.07616805870094,96
2024-09-18 10:24:51.699,410.0968230746864,10
2024-09-18 10:24:51.705,410.16296016739983,5
2024-09-18 10:24:51.756,410.098522014673,8
2024-09-18 10:24:51.809,410.1523193020555,9
2024-09-18 10:24:51.838,410.07604817449067,103
2024-09-18 10:24:51.843,410.0761228844258,101
2024-09-18 10:24:51.849,410.1025902034437,100
2024-09-18 10:24:51.868,410.1273868176228,15
2024-09-18 10:24:51.906,410.1043456220851,1001
2024-09-18 10:24:51.910,410.0663310366505,13
2024-09-18 10:24:51.912,410.13065266316704,1000
2024-09-18 10:24:51.923,410.1309213646655,995
2024-09-18 10:24:52.018,410.13924205138,104
2024-09-18 10:24:52.075,410.14420184774326,12
2024-09-18 10:24:52.136,410.114091537981,13
2024-09-18 10:24:52.163,-410.1355862070251,1000
2024-09-18 10:24:52.243,410.0885863075425,9
2024-09-18 10:24:52.249,410.1364449611519,14
2024-09-18 10:24:52.311,410.11698193549233,1004
2024-09-18 10:24:52.342,410.12945166648586,96
2024-09-18 10:24:52.348,410.1289531959884,1005
2024-09-18 10:24:52.381,410.089482439557,7
2024-09-18 10:24:52.412,410.13303201830655,995
2024-09-18 10:24:52.444,-410.1133643383338,100
2024-09-18 10:24:52.576,410.13532814902806,95
2024-09-18 10:24:52.619,410.10510917660514,996
2024-09-18 10:24:52.675,410.13774398609496,103
2024-09-18 10:24:52.703,410.121811694487,1003
2024-09-18 10:24:52.748,410.12485285968336,105
2024-09-18 10:24:52.787,410.1214661654103,1003
2024-09-18 10:24:52.812,410.1044333015941,1003
2024-09-18 10:24:52.872,410.15441846577687,13
2024-09-18 10:24:53.367,410.1717676045421,1000
2024-09-18 10:24:53.630,410.14657644013965,100
2024-09-18 10:24:53.987,410.1554503543962,996
2024-09-18 10:24:54.070,410.18689505297976,6
2024-09-18 10:24:54.075,410.205673595928,95
2024-09-18 10:24:54.401,-410.168965056385,998
2024-09-18 10:24:54.779,410.1755973553496,1003
2024-09-18 10:24:54.818,41.020854468429896,1002
2024-09-18 10:24:55.080,410.1986497256376,1000
2024-09-18 10:24:55.149,410.2065131435039,9
2024-09-18 10:24:55.251,410.2000029649341,999
2024-09-18 10:24:55.565,410.18714244250657,100
2024-09-18 10:24:55.597,410.2104658595489,1003
2024-09-18 10:24:55.630,410.1680394357932,1000
2024-09-18 10:24:55.821,410.2186771175097,97
2024-09-18 10:24:55.844,410.17228498994814,1005
2024-09-18 10:24:55.850,410.2030491996597,105
2024-09-18 10:24:55.959,410.23163740548085,13
2024-09-18 10:24:55.967,410.1872126635743,9
2024-09-18 10:24:55.975,410.2051351215367,1003
2024-09-18 10:24:56.013,410.2452273586608,96
2024-09-18 10:24:56.015,410.2441465082894,1004
2024-09-18 10:24:56.110,410.2113034212416,96
2024-09-18 10:24:56.121,410.1954615868276,97
2024-09-18 10:24:56.250,410.1979200112364,1000
2024-09-18 10:24:56.337,410.230268523008,105
2024-09-18 10:24:56.356,410.198530135559,995
2024-09-18 10:24:56.376,410.1922113947733,99
2024-09-18 10:24:56.381,410.23661596962825,1000
2024-09-18 10:24:56.384,410.2166171440524,8
2024-09-18 10:24:56.388,410.25357546037145,102
2024-09-18 10:24:56.436,410.20776493838144,8
2024-09-18 10:24:56.466,410.2463122863853,95
2024-09-18 10:24:56.483,410.1938605671008,96
2024-09-18 10:24:56.486,410.2391636040432,1001
2024-09-18 10:24:56.490,410.1982963808839,997
2024-09-18 10:24:56.501,410.20149108008894,14
2024-09-18 10:24:56.541,410.2094169957258,997
2024-09-18 10:24:56.550,410.21056863660993,1000
2024-09-18 10:24:56.564,410.2017081206868,998
2024-09-18 10:24:56.659,410.1994927098623,1002
2024-09-18 10:24:56.723,410.2178418744235,1002
2024-09-18 10:24:56.740,410.19130039006905,5
2024-09-18 10:24:56.743,410.1916387923345,8
2024-09-18 10:24:56.767,410.1825452926028,98
2024-09-18 10:24:56.870,410.1896802639369,103
2024-09-18 10:24:56.906,410.2018173295701,1005
2024-09-18 10:24:56.947,410.2005901741477,12
2024-09-18 10:24:56.962,410.21132616597527,102
2024-09-18 10:24:56.987,410.21051244760633,97
2024-09-18 10:24:57.220,410.2531144528506,999
2024-09-18 10:24:57.342,410.2526096046334,15
2024-09-18 10:24:57.381,410.257028372004,6
2024-09-18 10:24:57.549,410.2641696357113,101
2024-09-18 10:24:57.755,410.28011353657394,97
2024-09-18 10:24:57.993,410.26907211591686,11
2024-09-18 10:24:58.093,410.2521276627417,15
2024-09-18 10:24:58.173,410.22981899044186,13
2024-09-18 10:24:58.193,410.2034263304916,14
2024-09-18 10:24:58.201,410.22352838557066,99
2024-09-18 10:24:58.365,410.2583058436598,102
2024-09-18 10:24:58.374,410.24152593992375,11
2024-09-18 10:24:58.432,410.2332621814688,11
2024-09-18 10:24:58.579,410.2661466599228,103
2024-09-18 10:24:58.641,410.24141748307255,1005
2024-09-18 10:24:58.685,410.25205367038814,5
2024-09-18 10:24:58.810,410.216394554407,6
2024-09-18 10:24:59.334,410.19866302475634,101
