Timestamp,Price,Size
2024-09-20 12:32:00.126,427.9897280053464,8
2024-09-20 12:32:00.131,427.9835311573746,104
2024-09-20 12:32:00.208,-427.9846725757767,996
2024-09-20 12:32:00.249,427.9797576647181,8
2024-09-20 12:32:00.803,427.9517796257844,6
2024-09-20 12:32:00.945,427.9945222878722,15
2024-09-20 12:32:01.054,427.99647968714527,5
2024-09-20 12:32:01.072,427.99434622628826,1004
2024-09-20 12:32:01.078,427.9978489279253,15
2024-09-20 12:32:01.089,427.9872049453001,101
2024-09-20 12:32:01.294,427.9927321141228,999
2024-09-20 12:32:01.414,428.002846344679,1002
2024-09-20 12:32:01.435,427.9667791351476,998
2024-09-20 12:32:01.458,427.976216520572,101
2024-09-20 12:32:01.483,428.0031027676096,1004
2024-09-20 12:32:01.504,427.9952157386347,96
2024-09-20 12:32:01.542,427.99510017707365,8
2024-09-20 12:32:01.561,427.984966419988,6
2024-09-20 12:32:01.573,427.9923100054675,105
2024-09-20 12:32:01.666,427.9976345709008,97
2024-09-20 12:32:01.699,427.9507198812997,6
2024-09-20 12:32:01.724,427.9840741257622,997
2024-09-20 12:32:01.773,427.97562736713286,15
2024-09-20 12:32:01.778,427.9971853612991,13
2024-09-20 12:32:01.790,427.9948513013666,998
2024-09-20 12:32:01.928,427.989035475853,1003
2024-09-20 12:32:02.008,427.9806651951373,102
2024-09-20 12:32:02.017,427.95421083308895,13
2024-09-20 12:32:02.064,427.94955684586256,104
2024-09-20 12:32:02.107,,103
2024-09-20 12:32:02.186,427.9619997426933,101
2024-09-20 12:32:02.213,-427.9872621857076,5
2024-09-20 12:32:02.246,428.00971346448375,13
2024-09-20 12:32:02.271,427.9964168442826,1001
2024-09-20 12:32:02.320,427.97356526459487,99
2024-09-20 12:32:02.346,427.96102561454336,11
2024-09-20 12:32:02.511,427.9743755024229,98
2024-09-20 12:32:02.559,427.9580930092181,15
2024-09-20 12:32:02.582,427.9803989112888,6
2024-09-20 12:32:02.584,427.9713442700554,99
2024-09-20 12:32:02.635,427.9399442863385,1001
2024-09-20 12:32:02.640,427.9410871957127,9
2024-09-20 12:32:02.651,427.95375665211566,8
2024-09-20 12:32:02.709,427.97585712061135,100
2024-09-20 12:32:02.735,427.96761743853904,95
2024-09-20 12:32:02.761,427.9513056472648,8
2024-09-20 12:32:02.796,427.9570502115213,1005
2024-09-20 12:32:02.966,427.9737209887111,13
2024-09-20 12:32:02.975,427.9366801785544,1000
2024-09-20 12:32:03.055,428.003193537755,98
2024-09-20 12:32:03.069,428.0171550555474,96
2024-09-20 12:32:03.214,427.9628883609004,8
2024-09-20 12:32:03.216,427.96808641906654,104
2024-09-20 12:32:03.251,427.9898913536588,100
2024-09-20 12:32:03.277,428.0121356287856,95
2024-09-20 12:32:03.301,427.9652652794086,103
2024-09-20 12:32:03.303,427.9166377985251,99
2024-09-20 12:32:03.328,427.978541027384,103
2024-09-20 12:32:03.513,428.0032012263145,999
2024-09-20 12:32:03.521,427.9448419037281,1005
2024-09-20 12:32:03.531,428.0140787648156,997
2024-09-20 12:32:03.532,428.0029074535022,101
2024-09-20 12:32:03.568,427.95498825446447,99
2024-09-20 12:32:03.586,427.9983030637477,6
2024-09-20 12:32:03.587,428.00586171819015,103
2024-09-20 12:32:03.613,427.9738928522988,7
2024-09-20 12:32:03.638,427.9528857880746,11
2024-09-20 12:32:03.663,427.95605028977695,998
2024-09-20 12:32:03.821,427.9826354916544,105
2024-09-20 12:32:03.843,427.93007255796994,1000
2024-09-20 12:32:03.849,427.9799036676536,95
2024-09-20 12:32:03.864,427.97804349344455,13
2024-09-20 12:32:03.917,427.9723639043832,13
2024-09-20 12:32:03.957,427.9931775588305,95
2024-09-20 12:32:03.984,427.9658695174016,99
2024-09-20 12:32:04.042,427.9237699017801,9
2024-09-20 12:32:04.051,427.90569360991526,104
2024-09-20 12:32:04.087,427.9750589413845,101
2024-09-20 12:32:04.228,427.9136987488206,101
2024-09-20 12:32:04.430,427.9423075828161,12
2024-09-20 12:32:04.735,427.9066627896055,995
2024-09-20 12:32:04.758,427.9328034394149,1002
2024-09-20 12:32:05.108,427.89141114423046,995
2024-09-20 12:32:05.339,427.90500997066977,96
2024-09-20 12:32:06.061,427.9092551023427,1001
2024-09-20 12:32:06.239,427.9436128232634,999
2024-09-20 12:32:06.462,427.9259756473172,95
2024-09-20 12:32:06.524,427.9033964962729,95
2024-09-20 12:32:06.529,427.91201320893344,100
2024-09-20 12:32:06.536,427.9433996301908,14
2024-09-20 12:32:06.774,427.9047491217625,103
2024-09-20 12:32:06.843,427.9380914146821,13
2024-09-20 12:32:06.862,427.9299449841328,95
2024-09-20 12:32:06.995,427.9395729578749,5
2024-09-20 12:32:07.108,427.907740126669,13
2024-09-20 12:32:07.288,427.9304131316318,996
2024-09-20 12:32:07.566,427.9156397943376,104
2024-09-20 12:32:08.241,427.9209133610038,12
2024-09-20 12:32:10.065,427.904563652586,11
2024-09-20 12:32:10.175,427.9103202849881,1001
2024-09-20 12:32:10.555,427.9186241578604,11
2024-09-20 12:32:10.606,427.9386553285592,998
2024-09-20 12:32:10.727,427.90989590338233,101
2024-09-20 12:32:10.820,427.914589258564,12
2024-09-20 12:32:11.066,427.8749064964487,14
2024-09-20 12:32:11.075,427.83376306140406,10
2024-09-20 12:32:11.145,427.8898358629688,8
2024-09-20 12:32:11.150,427.8421087705316,104
2024-09-20 12:32:11.249,427.8577819369905,1004
2024-09-20 12:32:11.309,427.88837063138016,103
2024-09-20 12:32:11.314,427.8721998247779,15
2024-09-20 12:32:11.499,427.8765742864923,13
2024-09-20 12:32:11.522,427.8244705249985,102
2024-09-20 12:32:11.525,427.8649144299828,9
2024-09-20 12:32:11.526,427.87743384130255,98
2024-09-20 12:32:11.526,427.9044544960724,97
2024-09-20 12:32:11.603,427.8431188574808,95
2024-09-20 12:32:11.657,427.8338109494765,99
2024-09-20 12:32:11.670,427.8680485170185,1000
2024-09-20 12:32:11.681,427.8641090275493,1002
2024-09-20 12:32:11.684,427.8570988669677,998
2024-09-20 12:32:11.701,427.8748146333472,1005
2024-09-20 12:32:11.751,42.786784153896846,98
2024-09-20 12:32:11.856,427.8649187621188,9
2024-09-20 12:32:11.955,427.84295782426375,995
2024-09-20 12:32:11.995,427.8401392524076,105
2024-09-20 12:32:12.019,427.8434232589368,9
2024-09-20 12:32:12.323,427.8473012035418,1004
2024-09-20 12:32:12.336,427.843596772648,10
2024-09-20 12:32:12.376,-427.8850815183312,99
2024-09-20 12:32:12.518,427.85581479138153,997
2024-09-20 12:32:12.653,427.8423411250061,104
2024-09-20 12:32:12.680,427.855401494183,13
2024-09-20 12:32:12.711,427.8668583404445,98
2024-09-20 12:32:12.831,42.7875641102947,7
2024-09-20 12:32:12.892,427.87428771924647,98
2024-09-20 12:32:12.947,427.81885706892615,5
2024-09-20 12:32:13.010,427.8347818731615,7
2024-09-20 12:32:13.081,427.7122480582809,103
2024-09-20 12:32:13.085,427.73836711770593,1005
2024-09-20 12:32:13.092,42.77903869753823,98
2024-09-20 12:32:13.127,427.8217603530824,11
2024-09-20 12:32:13.169,427.7007068619183,1003
2024-09-20 12:32:13.188,427.8415927169655,101
2024-09-20 12:32:13.209,427.7819009806647,1001
2024-09-20 12:32:13.217,427.7814502298531,103
2024-09-20 12:32:13.241,427.6960444744028,95
2024-09-20 12:32:13.252,427.7681278875812,8
2024-09-20 12:32:13.359,427.8403728004196,1004
2024-09-20 12:32:13.427,427.8307043305226,98
2024-09-20 12:32:13.599,427.7211381408245,12
2024-09-20 12:32:13.626,427.8077650908928,10
2024-09-20 12:32:13.723,427.76901505935,11
2024-09-20 12:32:13.750,427.85232373468943,7
2024-09-20 12:32:13.753,427.81921667373393,96
2024-09-20 12:32:13.775,427.8333761514212,101
2024-09-20 12:32:13.805,427.688887669709,105
2024-09-20 12:32:13.824,427.8375273595231,997
2024-09-20 12:32:13.826,427.8345743065628,102
2024-09-20 12:32:13.834,427.7787546386811,14
2024-09-20 12:32:13.849,427.70122068364265,5
2024-09-20 12:32:13.858,427.6825794931197,13
2024-09-20 12:32:13.913,427.6879037002031,5
2024-09-20 12:32:13.926,427.723642899212,14
2024-09-20 12:32:13.953,427.79660092557566,7
2024-09-20 12:32:13.966,427.8461185244333,15
2024-09-20 12:32:13.998,427.6877307140442,995
2024-09-20 12:32:14.251,427.6825399457271,1004
2024-09-20 12:32:14.319,427.7221139097505,8
2024-09-20 12:32:14.490,427.70054404245735,104
2024-09-20 12:32:14.519,427.7004638661812,6
2024-09-20 12:32:14.600,427.6725443760935,10
2024-09-20 12:32:14.631,427.6807692835217,95
2024-09-20 12:32:14.942,427.7381476051124,999
2024-09-20 12:32:15.050,427.7319748226169,102
2024-09-20 12:32:15.077,427.76155567311054,15
2024-09-20 12:32:15.132,427.7322122796873,100
2024-09-20 12:32:15.139,427.7568806721979,1004
2024-09-20 12:32:15.298,427.7368111307119,8
2024-09-20 12:32:15.462,427.74545152787016,100
2024-09-20 12:32:15.555,427.7620450286933,995
2024-09-20 12:32:15.614,427.7854887116291,12
2024-09-20 12:32:15.681,427.756233829928,996
2024-09-20 12:32:15.788,427.7312393493063,7
2024-09-20 12:32:15.856,427.7359134500151,102
2024-09-20 12:32:15.929,427.7425702150292,101
2024-09-20 12:32:16.135,427.7829679063398,102
2024-09-20 12:32:16.282,427.7877757036474,12
2024-09-20 12:32:16.351,427.7750268545237,13
2024-09-20 12:32:16.410,427.79428616647294,995
2024-09-20 12:32:16.853,427.7876182936381,104
2024-09-20 12:32:17.093,427.7877902307254,998
2024-09-20 12:32:17.097,427.8025203103216,7
2024-09-20 12:32:17.155,427.8048809267126,103
2024-09-20 12:32:17.196,427.7847577486332,998
2024-09-20 12:32:17.386,427.7934576009331,95
2024-09-20 12:32:17.982,427.7833798693581,999
2024-09-20 12:32:18.113,427.7717552820353,14
2024-09-20 12:32:18.164,427.8136300653807,997
2024-09-20 12:32:18.198,427.8245919663541,96
2024-09-20 12:32:18.208,427.7880807292165,995
2024-09-20 12:32:18.220,427.8231873171849,99
2024-09-20 12:32:18.284,427.805180399399,998
2024-09-20 12:32:18.307,427.8227222479315,9
2024-09-20 12:32:18.331,427.7749120185777,104
2024-09-20 12:32:18.399,427.8141108126428,97
2024-09-20 12:32:18.400,427.8132315982531,999
2024-09-20 12:32:18.405,427.8093069930524,95
2024-09-20 12:32:18.455,427.7957341893997,7
2024-09-20 12:32:18.544,427.7972219167318,104
2024-09-20 12:32:18.593,427.7834340714198,5
2024-09-20 12:32:18.610,427.78225738931536,99
2024-09-20 12:32:18.638,427.7891015897632,100
2024-09-20 12:32:18.701,427.7946147921159,11
2024-09-20 12:32:18.717,427.8137969798524,9
2024-09-20 12:32:18.779,427.7942229884196,101
2024-09-20 12:32:18.817,427.7685753491707,98
2024-09-20 12:32:18.997,-427.7883041245712,101
2024-09-20 12:32:19.004,427.79997254609214,999
2024-09-20 12:32:19.010,427.7842229503532,9
2024-09-20 12:32:19.223,427.831476951758,7
2024-09-20 12:32:19.229,427.8013951351568,104
2024-09-20 12:32:19.457,-427.8205078398528,9
2024-09-20 12:32:19.461,427.7895740411914,101
2024-09-20 12:32:19.478,427.7899550418777,12
2024-09-20 12:32:19.496,427.801964088422,13
2024-09-20 12:32:19.522,427.8202524011498,1001
2024-09-20 12:32:19.555,427.7821343795605,995
2024-09-20 12:32:19.672,427.78685512476,9
2024-09-20 12:32:19.707,427.79569014041647,9
2024-09-20 12:32:19.749,427.8062033933456,1001
2024-09-20 12:32:19.764,427.7913289810969,105
2024-09-20 12:32:19.790,427.8177043454791,105
2024-09-20 12:32:19.860,-427.8075141872681,15
2024-09-20 12:32:19.860,427.809249578524,105
2024-09-20 12:32:19.884,427.80578614354334,105
2024-09-20 12:32:19.899,427.8091723710922,7
2024-09-20 12:32:20.032,427.831019683209,996
2024-09-20 12:32:20.081,427.809073596433,12
2024-09-20 12:32:20.093,427.8312412160619,995
2024-09-20 12:32:20.096,427.80461070817495,100
2024-09-20 12:32:20.133,427.80409751691735,104
2024-09-20 12:32:20.187,427.85050160249534,1004
2024-09-20 12:32:20.292,427.8263359601147,99
2024-09-20 12:32:20.368,427.8297993044733,98
2024-09-20 12:32:20.408,427.8315414431755,11
2024-09-20 12:32:20.427,427.81058978775695,999
2024-09-20 12:32:20.476,427.8064508577351,8
2024-09-20 12:32:20.513,427.813478310886,97
2024-09-20 12:32:20.558,427.8348171791354,104
2024-09-20 12:32:20.569,427.8195287505828,6
2024-09-20 12:32:20.589,427.81763111515966,998
2024-09-20 12:32:20.599,427.8277050966954,103
2024-09-20 12:32:20.614,427.8237401827568,15
2024-09-20 12:32:20.634,427.8252666147044,13
2024-09-20 12:32:20.645,427.8140200177066,6
2024-09-20 12:32:20.838,427.844107665458,100
2024-09-20 12:32:20.948,427.8089872963183,95
2024-09-20 12:32:20.963,427.84136117953176,99
2024-09-20 12:32:20.981,427.8310043880717,99
2024-09-20 12:32:21.116,427.8421964799231,6
2024-09-20 12:32:21.331,427.8501088641054,1003
2024-09-20 12:32:21.376,427.8637587465467,95
2024-09-20 12:32:21.684,427.8504900229439,1003
2024-09-20 12:32:21.839,427.8565053988325,1004
2024-09-20 12:32:22.054,427.8488922998754,14
2024-09-20 12:32:22.166,427.8602401089895,1000
2024-09-20 12:32:22.180,427.85938098824334,1003
2024-09-20 12:32:22.184,427.8524364910375,103
2024-09-20 12:32:22.193,427.8532911073437,5
2024-09-20 12:32:22.197,427.87150072039066,96
2024-09-20 12:32:22.219,427.8428216840183,7
2024-09-20 12:32:22.250,427.8713142658707,1001
2024-09-20 12:32:22.435,427.8400790047521,105
2024-09-20 12:32:22.439,427.8426549102747,95
2024-09-20 12:32:22.981,427.8595852406021,998
2024-09-20 12:32:23.148,427.8418015579459,1004
2024-09-20 12:32:23.271,427.86955922543,7
2024-09-20 12:32:23.378,427.84873336674826,13
2024-09-20 12:32:23.411,427.8647957125856,995
2024-09-20 12:32:23.523,427.8550853772471,7
2024-09-20 12:32:23.968,427.8529811288479,101
2024-09-20 12:32:24.037,427.8301732776311,999
2024-09-20 12:32:24.060,427.8161847411978,101
2024-09-20 12:32:24.349,427.83948291466726,8
2024-09-20 12:32:24.592,427.8276152847165,8
2024-09-20 12:32:24.695,427.8302485563108,95
2024-09-20 12:32:24.707,427.8442908226938,95
2024-09-20 12:32:24.928,427.8391384624644,11
2024-09-20 12:32:24.933,427.81807984427326,15
2024-09-20 12:32:24.976,427.8070733981698,1003
2024-09-20 12:32:25.048,427.84075878105455,1003
2024-09-20 12:32:25.061,427.795873989847,14
2024-09-20 12:32:25.076,427.8123208186446,1001
2024-09-20 12:32:25.081,427.86802603732536,99
2024-09-20 12:32:25.181,427.8290873511434,11
2024-09-20 12:32:25.206,427.8280015210935,103
2024-09-20 12:32:25.243,427.8428368140992,1004
2024-09-20 12:32:25.281,427.8524298094435,5
2024-09-20 12:32:25.303,427.78889492482017,1005
2024-09-20 12:32:25.361,427.8677450512351,105
2024-09-20 12:32:25.372,427.8051743428974,1000
2024-09-20 12:32:25.496,427.7992695590093,95
2024-09-20 12:32:25.558,427.8272888120647,98
2024-09-20 12:32:25.597,427.8522413495248,1000
2024-09-20 12:32:25.653,427.8102505255945,998
2024-09-20 12:32:25.666,427.8154231990509,105
2024-09-20 12:32:25.692,427.8384099905597,1002
2024-09-20 12:32:25.693,427.85191461166943,103
2024-09-20 12:32:25.696,427.8662552053056,1001
2024-09-20 12:32:25.724,427.8076962139194,1000
2024-09-20 12:32:25.742,427.8499729081046,96
2024-09-20 12:32:25.768,427.81515657994873,12
2024-09-20 12:32:25.776,427.8150917375064,101
2024-09-20 12:32:25.777,427.8199414183388,996
2024-09-20 12:32:25.833,427.8227818885388,100
2024-09-20 12:32:25.874,427.8188311942838,1004
2024-09-20 12:32:25.886,427.8115231388049,1003
2024-09-20 12:32:25.926,427.82236231431017,105
2024-09-20 12:32:25.945,427.7932751360093,12
2024-09-20 12:32:26.326,427.7815880210666,97
2024-09-20 12:32:26.477,427.7315412447042,6
2024-09-20 12:32:26.626,427.7572722209875,1005
2024-09-20 12:32:26.795,427.73525470737314,104
2024-09-20 12:32:26.865,427.7475651202998,15
2024-09-20 12:32:26.917,427.76600679351054,8
2024-09-20 12:32:27.129,427.8681093970939,1002
2024-09-20 12:32:27.143,427.8778320935437,100
2024-09-20 12:32:27.206,427.8519604112572,98
2024-09-20 12:32:27.210,427.8690409515331,1000
2024-09-20 12:32:27.225,427.86074684930793,1004
2024-09-20 12:32:27.313,427.7752556293788,95
2024-09-20 12:32:27.324,427.8270263341972,6
2024-09-20 12:32:27.355,427.8512293415494,995
2024-09-20 12:32:27.415,427.8275236491953,997
2024-09-20 12:32:27.439,427.8532021907944,997
2024-09-20 12:32:27.441,427.85862061388815,1002
2024-09-20 12:32:27.467,427.86280315480127,1004
2024-09-20 12:32:27.481,427.7701001374518,998
2024-09-20 12:32:27.481,427.8665148711684,13
2024-09-20 12:32:27.500,427.861033512197,99
2024-09-20 12:32:27.525,427.8484833049707,105
2024-09-20 12:32:27.535,427.8334186964129,996
2024-09-20 12:32:27.577,427.81906704383607,998
2024-09-20 12:32:27.589,,105
2024-09-20 12:32:27.631,427.857549870495,6
2024-09-20 12:32:27.712,427.8605642773548,1003
2024-09-20 12:32:27.851,427.867988674121,105
2024-09-20 12:32:27.946,427.79488835008505,104
2024-09-20 12:32:28.012,427.8577886196364,96
2024-09-20 12:32:28.059,427.9034352933331,101
2024-09-20 12:32:28.073,427.8561034642944,15
2024-09-20 12:32:28.115,427.8435189229197,104
2024-09-20 12:32:28.124,427.9423604504129,95
2024-09-20 12:32:28.161,427.8540077942122,103
2024-09-20 12:32:28.175,427.82111719590006,99
2024-09-20 12:32:28.257,427.87389098560334,97
2024-09-20 12:32:28.369,427.9344900962704,996
2024-09-20 12:32:28.425,427.9025004475695,1004
2024-09-20 12:32:28.450,427.8329981436766,996
2024-09-20 12:32:28.453,427.8411449469177,998
2024-09-20 12:32:28.514,427.9431839823197,14
2024-09-20 12:32:28.575,427.92587448909046,6
2024-09-20 12:32:28.649,427.8530024516371,7
2024-09-20 12:32:28.682,427.8417485121906,15
2024-09-20 12:32:28.732,427.842442420865,7
2024-09-20 12:32:28.800,427.8360999489651,6
2024-09-20 12:32:28.870,427.81867425228495,11
2024-09-20 12:32:28.872,427.8080668373632,101
2024-09-20 12:32:28.891,427.8258825870295,7
2024-09-20 12:32:28.899,427.8488466830963,8
2024-09-20 12:32:28.906,427.8535725786438,996
2024-09-20 12:32:28.968,427.8637570945796,1005
2024-09-20 12:32:28.970,427.8154956689404,96
2024-09-20 12:32:28.986,427.8953753550874,99
2024-09-20 12:32:29.070,427.8831239609647,104
2024-09-20 12:32:29.091,427.84098489259145,9
2024-09-20 12:32:29.128,427.8513285999654,99
2024-09-20 12:32:29.136,427.8672151552305,97
2024-09-20 12:32:29.152,427.8497132701585,99
2024-09-20 12:32:29.220,427.8846783927782,95
2024-09-20 12:32:29.241,42.78018532532336,1005
2024-09-20 12:32:29.246,427.8378212897018,11
2024-09-20 12:32:29.258,427.89452623525096,102
2024-09-20 12:32:29.344,427.8021966510554,7
2024-09-20 12:32:29.351,427.8492716749636,14
2024-09-20 12:32:29.355,427.8468059308131,997
2024-09-20 12:32:29.365,427.8124817686852,103
2024-09-20 12:32:29.373,427.8377486692976,8
2024-09-20 12:32:29.399,427.8402933660502,1003
2024-09-20 12:32:29.449,427.81791778084295,97
2024-09-20 12:32:29.496,427.86258684870864,8
2024-09-20 12:32:29.510,427.8446476885547,11
2024-09-20 12:32:29.543,427.79369560277553,8
2024-09-20 12:32:29.546,427.8436378022058,15
2024-09-20 12:32:29.567,427.8882937120477,995
2024-09-20 12:32:29.600,427.8858869439605,8
2024-09-20 12:32:29.619,427.8189072153679,1005
2024-09-20 12:32:29.685,427.83522058767903,95
2024-09-20 12:32:29.715,427.7966581101052,104
2024-09-20 12:32:29.720,427.8622432654915,9
2024-09-20 12:32:29.752,-427.8453088629352,997
2024-09-20 12:32:29.850,427.8187672534692,10
2024-09-20 12:32:29.944,427.8168844220758,995
2024-09-20 12:32:30.002,427.9354311207608,1000
2024-09-20 12:32:30.054,427.9407309344432,1004
2024-09-20 12:32:30.133,427.9378152762434,995
2024-09-20 12:32:30.173,427.9112010404237,6
2024-09-20 12:32:30.200,427.9317969724901,10
2024-09-20 12:32:30.399,427.9314258160395,98
2024-09-20 12:32:30.583,427.9060373076755,1004
2024-09-20 12:32:30.594,427.9425580978477,102
2024-09-20 12:32:30.599,427.9584808271066,99
2024-09-20 12:32:30.683,427.9474027565309,100
2024-09-20 12:32:30.699,427.9270212605186,1000
2024-09-20 12:32:30.735,427.9298044559071,12
2024-09-20 12:32:30.751,427.9375774390385,1001
2024-09-20 12:32:30.932,427.9299927710522,96
2024-09-20 12:32:31.011,427.9590690935944,15
2024-09-20 12:32:31.215,427.90248736889606,104
2024-09-20 12:32:31.217,427.9541105886389,99
2024-09-20 12:32:31.267,427.9623174859715,11
2024-09-20 12:32:31.279,427.9687136489857,100
2024-09-20 12:32:31.370,427.9316761170221,1000
2024-09-20 12:32:31.371,427.9136266424538,9
2024-09-20 12:32:31.382,427.9130180802839,14
2024-09-20 12:32:31.383,427.89712920624936,101
2024-09-20 12:32:31.410,427.8906135692067,1002
2024-09-20 12:32:31.425,427.9513202217744,15
2024-09-20 12:32:31.471,427.9470698842068,999
2024-09-20 12:32:31.497,427.9104557786281,1005
2024-09-20 12:32:31.514,427.9011243246279,100
2024-09-20 12:32:31.555,427.9030568553085,12
2024-09-20 12:32:31.642,427.89295382209446,103
2024-09-20 12:32:31.732,427.9522788444005,7
2024-09-20 12:32:31.736,427.9414547198736,6
2024-09-20 12:32:31.746,427.9032392878995,997
2024-09-20 12:32:31.915,427.96542824441264,12
2024-09-20 12:32:32.943,427.9204180332128,7
2024-09-20 12:32:33.160,427.9394941880012,999
2024-09-20 12:32:33.259,427.9306261807948,998
2024-09-20 12:32:33.278,427.9510217947284,98
2024-09-20 12:32:33.370,427.9289875201806,104
2024-09-20 12:32:33.509,427.9444762026067,102
2024-09-20 12:32:33.675,427.9316296340143,13
2024-09-20 12:32:33.942,427.95033603876107,997
2024-09-20 12:32:34.078,427.878199871934,11
2024-09-20 12:32:34.149,427.9379135641381,1001
2024-09-20 12:32:34.157,427.946097415219,7
2024-09-20 12:32:34.259,427.9589797320933,996
2024-09-20 12:32:34.317,427.89108493118624,998
2024-09-20 12:32:34.381,427.8822612752581,9
2024-09-20 12:32:34.423,427.9338136369131,6
2024-09-20 12:32:34.463,427.9467846255553,14
2024-09-20 12:32:34.525,427.879826004114,99
2024-09-20 12:32:34.545,427.911148712842,102
2024-09-20 12:32:34.546,427.9391159437559,105
2024-09-20 12:32:34.592,427.8757145617016,11
2024-09-20 12:32:34.605,427.9377294487819,99
2024-09-20 12:32:34.856,427.88780813307903,998
2024-09-20 12:32:34.898,427.93573552911977,100
2024-09-20 12:32:34.956,427.9370901575388,100
2024-09-20 12:32:35.006,427.8383929028015,100
2024-09-20 12:32:35.068,427.8726774265418,995
2024-09-20 12:32:35.083,427.86606808143017,1002
2024-09-20 12:32:35.126,427.8621533894912,96
2024-09-20 12:32:35.140,427.8388322520112,100
2024-09-20 12:32:35.165,427.8101101576882,1003
2024-09-20 12:32:35.167,427.83442415316,999
2024-09-20 12:32:35.196,42.78870594773499,98
2024-09-20 12:32:35.228,427.87444849988657,8
2024-09-20 12:32:35.253,427.86645420594806,101
2024-09-20 12:32:35.277,427.884904720971,1004
2024-09-20 12:32:35.285,427.8361572176874,12
2024-09-20 12:32:35.309,427.8941711540986,104
2024-09-20 12:32:35.327,427.860859268554,95
2024-09-20 12:32:35.335,427.86306519524834,997
2024-09-20 12:32:35.398,427.88888262439497,97
2024-09-20 12:32:35.442,427.89730893279255,13
2024-09-20 12:32:35.489,427.8773852620466,8
2024-09-20 12:32:35.524,427.810096458223,99
2024-09-20 12:32:35.538,427.8846083924201,7
2024-09-20 12:32:35.636,427.8390209986935,97
2024-09-20 12:32:35.675,427.8730227942177,6
2024-09-20 12:32:35.687,427.8434844910953,998
2024-09-20 12:32:35.747,427.80350494479393,96
2024-09-20 12:32:35.755,427.8424254161612,5
2024-09-20 12:32:35.804,427.86246524520266,104
2024-09-20 12:32:35.847,427.85810679506585,7
2024-09-20 12:32:35.936,427.79797085709225,6
2024-09-20 12:32:35.946,427.8291453902602,998
2024-09-20 12:32:35.984,427.8749957070389,1002
2024-09-20 12:32:36.047,427.7714893423325,6
2024-09-20 12:32:36.132,427.7726011688823,997
2024-09-20 12:32:36.141,42.77637618924956,999
2024-09-20 12:32:36.208,427.7928607750495,104
2024-09-20 12:32:36.213,427.7715959438498,104
2024-09-20 12:32:36.397,427.7635338722801,9
2024-09-20 12:32:36.540,427.7670234544431,8
2024-09-20 12:32:36.624,427.788951186994,6
2024-09-20 12:32:36.639,427.7855021945181,997
2024-09-20 12:32:36.644,427.770635247046,1001
2024-09-20 12:32:36.655,427.7631415076377,96
2024-09-20 12:32:36.737,427.7571408558485,105
2024-09-20 12:32:36.910,427.767186917085,998
2024-09-20 12:32:36.949,427.77492982326703,997
2024-09-20 12:32:36.961,427.75369182026526,105
2024-09-20 12:32:37.044,427.82878048460174,104
2024-09-20 12:32:37.070,427.8296230802597,102
2024-09-20 12:32:37.147,427.7983564999843,8
2024-09-20 12:32:37.159,427.7982585980922,12
2024-09-20 12:32:37.195,427.8221383093122,11
2024-09-20 12:32:37.220,427.84198225069593,1000
2024-09-20 12:32:37.222,427.7957663087354,999
2024-09-20 12:32:37.303,427.8310493041161,6
2024-09-20 12:32:37.345,427.8074698817173,7
2024-09-20 12:32:37.443,427.8134397557997,10
2024-09-20 12:32:37.450,427.83536224887473,996
2024-09-20 12:32:37.471,427.8097756213246,7
2024-09-20 12:32:37.518,427.82125781194384,995
2024-09-20 12:32:37.588,427.8122677135085,9
2024-09-20 12:32:37.608,427.80101762639146,101
2024-09-20 12:32:37.694,427.7882192275611,15
2024-09-20 12:32:37.701,427.7747230271192,102
2024-09-20 12:32:37.711,427.81124434469706,1002
2024-09-20 12:32:37.781,427.8546996276421,11
2024-09-20 12:32:37.828,427.8430111132228,96
2024-09-20 12:32:37.833,427.8162191037821,1002
2024-09-20 12:32:37.885,427.8416013931251,1002
2024-09-20 12:32:37.891,427.81030372484463,1005
2024-09-20 12:32:37.919,427.79126810928153,10
2024-09-20 12:32:37.968,427.8231940893643,14
2024-09-20 12:32:37.977,427.7858560257517,103
2024-09-20 12:32:37.989,427.7947803185614,995
2024-09-20 12:32:38.017,427.84698452745647,97
2024-09-20 12:32:38.096,427.8349377066608,995
2024-09-20 12:32:38.130,427.8480215972409,13
2024-09-20 12:32:38.140,427.8480478280551,103
2024-09-20 12:32:38.364,427.8807191474461,14
2024-09-20 12:32:38.451,,101
2024-09-20 12:32:38.468,427.8386215736049,95
2024-09-20 12:32:38.503,427.8121149331254,1005
2024-09-20 12:32:38.670,427.815418253182,995
2024-09-20 12:32:38.691,427.86106798164536,1000
2024-09-20 12:32:38.943,427.8981274920293,1002
2024-09-20 12:32:38.970,427.9012216001482,105
2024-09-20 12:32:39.016,427.8777080381135,12
2024-09-20 12:32:39.140,427.856012796009,99
2024-09-20 12:32:39.192,427.8710283947386,14
2024-09-20 12:32:39.198,427.8881430156999,1000
2024-09-20 12:32:39.267,427.88815625813777,96
2024-09-20 12:32:39.364,427.8541331606648,995
2024-09-20 12:32:39.443,427.8945135417911,13
2024-09-20 12:32:39.523,427.8688521985781,995
2024-09-20 12:32:39.560,427.88434987696985,7
2024-09-20 12:32:39.561,427.8551049571984,1001
2024-09-20 12:32:39.619,427.85743420200015,15
2024-09-20 12:32:39.671,427.8616862985728,11
2024-09-20 12:32:39.704,427.8900292079045,10
2024-09-20 12:32:39.874,427.875111084155,12
2024-09-20 12:32:39.881,427.8529911279993,1004
2024-09-20 12:32:39.957,427.8556704453734,1001
2024-09-20 12:32:39.968,427.8651326892956,13
2024-09-20 12:32:40.013,427.8384087609331,1003
2024-09-20 12:32:40.014,427.8288570117162,99
2024-09-20 12:32:40.077,427.857688845327,9
2024-09-20 12:32:40.088,427.8356413274266,6
2024-09-20 12:32:40.126,427.8607871400329,15
2024-09-20 12:32:40.149,427.9053342434975,6
2024-09-20 12:32:40.171,,1000
2024-09-20 12:32:40.177,427.8973876826966,100
2024-09-20 12:32:40.211,427.8718284428373,98
2024-09-20 12:32:40.233,427.877725061,98
2024-09-20 12:32:40.256,427.8905650162272,1003
2024-09-20 12:32:40.324,427.8847314628344,13
2024-09-20 12:32:40.442,427.879301348344,13
2024-09-20 12:32:40.512,427.892771588572,105
2024-09-20 12:32:40.638,427.8371657267162,1004
2024-09-20 12:32:40.689,427.8904465287084,1000
2024-09-20 12:32:40.693,427.8561712365327,996
2024-09-20 12:32:40.902,427.88421710052194,98
2024-09-20 12:32:40.932,427.8913269435281,13
2024-09-20 12:32:40.959,427.8734822982614,1002
2024-09-20 12:32:41.428,427.8490772750497,15
2024-09-20 12:32:41.603,427.8540645826065,996
2024-09-20 12:32:41.921,427.8365371444483,997
2024-09-20 12:32:42.052,427.871014458968,14
2024-09-20 12:32:42.109,427.8501530646008,98
2024-09-20 12:32:42.155,427.84302558875737,104
2024-09-20 12:32:42.247,427.8836343525701,11
2024-09-20 12:32:42.258,427.83656056639705,10
2024-09-20 12:32:42.445,427.8503596346517,1000
2024-09-20 12:32:42.610,427.87816671764494,97
2024-09-20 12:32:42.639,427.846066329447,100
2024-09-20 12:32:42.817,427.82631634925,997
2024-09-20 12:32:42.940,427.8853946704176,995
2024-09-20 12:32:42.944,427.8796064395009,999
2024-09-20 12:32:43.097,427.8975527795186,104
2024-09-20 12:32:43.321,427.8454385707186,6
2024-09-20 12:32:43.341,427.846171399445,1000
2024-09-20 12:32:43.463,427.83564337061273,99
2024-09-20 12:32:43.620,427.8502954285385,100
2024-09-20 12:32:43.639,427.8753805005288,1001
2024-09-20 12:32:43.680,427.8745534400478,997
2024-09-20 12:32:43.873,-427.86567565504254,11
2024-09-20 12:32:43.918,427.8806697247843,997
2024-09-20 12:32:44.822,427.8337749180948,995
2024-09-20 12:32:45.065,427.783018287269,12
2024-09-20 12:32:45.127,427.72844166370095,1003
2024-09-20 12:32:45.149,427.8373971223134,1001
2024-09-20 12:32:45.194,427.7527886878075,7
2024-09-20 12:32:45.268,427.7410902091018,102
2024-09-20 12:32:45.269,427.7767687339584,14
2024-09-20 12:32:45.271,427.777248647096,99
2024-09-20 12:32:45.307,427.73988532004086,1003
2024-09-20 12:32:45.317,427.7816554946269,995
2024-09-20 12:32:45.324,427.7610716820162,1002
2024-09-20 12:32:45.328,427.7784298260482,10
2024-09-20 12:32:45.341,427.80308941995736,95
2024-09-20 12:32:45.448,427.7179526055578,8
2024-09-20 12:32:45.455,427.7477989677476,99
2024-09-20 12:32:45.551,427.72467809722633,11
2024-09-20 12:32:45.555,427.7864363893003,1001
2024-09-20 12:32:45.564,427.7692617728499,96
2024-09-20 12:32:45.600,427.8221330438191,6
2024-09-20 12:32:45.649,427.8319827902613,1001
2024-09-20 12:32:45.650,427.8159366865022,8
2024-09-20 12:32:45.655,427.7493221528528,96
2024-09-20 12:32:45.673,427.8226615547829,100
2024-09-20 12:32:45.701,427.72564944253946,100
2024-09-20 12:32:45.737,427.8335844848677,105
2024-09-20 12:32:45.756,427.84194774739245,97
2024-09-20 12:32:45.774,427.7564241374888,95
2024-09-20 12:32:45.790,427.7650857228269,103
2024-09-20 12:32:45.810,427.7521221510456,101
2024-09-20 12:32:45.866,427.75562204660014,96
2024-09-20 12:32:45.901,427.7332401234038,12
2024-09-20 12:32:46.002,427.7900022697592,13
2024-09-20 12:32:46.032,427.8258684347852,7
2024-09-20 12:32:46.046,427.8332122283255,1005
2024-09-20 12:32:46.056,427.7737471723336,101
2024-09-20 12:32:46.109,427.81453756364766,1003
2024-09-20 12:32:46.117,427.8307828428843,1003
2024-09-20 12:32:46.166,427.7806472633005,103
2024-09-20 12:32:46.173,427.82806234998657,996
2024-09-20 12:32:46.270,427.8224325689835,15
2024-09-20 12:32:46.301,427.807865626207,1001
2024-09-20 12:32:46.339,427.7814080813849,105
2024-09-20 12:32:46.469,427.81317260198495,5
2024-09-20 12:32:46.511,427.8410063200058,105
2024-09-20 12:32:46.540,427.8289769833829,15
2024-09-20 12:32:46.588,427.80312687128895,104
2024-09-20 12:32:46.667,427.8172032759831,11
2024-09-20 12:32:46.755,427.81910114846,12
2024-09-20 12:32:46.819,427.8220662124608,102
2024-09-20 12:32:46.908,427.811900807104,10
2024-09-20 12:32:47.016,427.7835120905853,103
2024-09-20 12:32:47.054,427.771454946043,97
2024-09-20 12:32:47.078,427.77970359541575,98
2024-09-20 12:32:47.207,427.7765629114192,105
2024-09-20 12:32:47.217,427.7646039746621,6
2024-09-20 12:32:47.220,427.7853622817902,97
2024-09-20 12:32:47.225,427.7778761205402,104
2024-09-20 12:32:47.231,427.7576371444919,15
2024-09-20 12:32:47.260,427.7685868062897,100
2024-09-20 12:32:47.275,427.7874186476525,9
2024-09-20 12:32:47.332,427.7656513496073,103
2024-09-20 12:32:47.338,427.7749107845469,103
2024-09-20 12:32:47.349,427.7828568020613,99
2024-09-20 12:32:47.356,427.7941972448477,997
2024-09-20 12:32:47.373,427.8076331715971,1005
2024-09-20 12:32:47.439,427.7766999289585,104
2024-09-20 12:32:47.568,427.78379573210094,11
2024-09-20 12:32:47.625,427.80465572063736,9
2024-09-20 12:32:47.794,427.77989584320267,15
2024-09-20 12:32:47.866,427.7932211033062,99
2024-09-20 12:32:47.913,427.7729716388715,99
2024-09-20 12:32:47.961,427.7750573847296,12
2024-09-20 12:32:48.069,427.8725981942068,99
2024-09-20 12:32:48.073,427.85813366878006,7
2024-09-20 12:32:48.101,427.8962551930398,999
2024-09-20 12:32:48.182,427.84329919651566,99
2024-09-20 12:32:48.246,427.8724100129013,6
2024-09-20 12:32:48.316,427.8829216486752,97
2024-09-20 12:32:48.328,427.8581279402753,95
2024-09-20 12:32:48.500,427.7981926271333,101
2024-09-20 12:32:48.536,427.8528956416213,10
2024-09-20 12:32:48.550,427.8585091226018,11
2024-09-20 12:32:48.575,427.8475406550408,101
2024-09-20 12:32:48.584,427.8332803542633,9
2024-09-20 12:32:48.590,427.88496161114784,14
2024-09-20 12:32:48.603,427.8694390026876,102
2024-09-20 12:32:48.655,427.87276725875466,5
2024-09-20 12:32:48.693,427.8059626342898,997
2024-09-20 12:32:48.790,427.862763313222,14
2024-09-20 12:32:48.811,427.8196770500204,995
2024-09-20 12:32:48.864,427.807858248982,7
2024-09-20 12:32:48.866,427.8729882536019,14
2024-09-20 12:32:49.048,427.7973027596498,15
2024-09-20 12:32:49.091,427.8141515284028,1005
2024-09-20 12:32:49.091,427.8440268052525,1002
2024-09-20 12:32:49.109,427.804958288732,14
2024-09-20 12:32:49.111,427.80398591386177,9
2024-09-20 12:32:49.158,427.7960277011259,98
2024-09-20 12:32:49.192,427.83051920558864,97
2024-09-20 12:32:49.323,427.81622871864926,1000
2024-09-20 12:32:49.366,427.7993218388053,6
2024-09-20 12:32:49.414,427.8302681014663,99
2024-09-20 12:32:49.498,427.780090562521,99
2024-09-20 12:32:49.554,427.7720447160165,104
2024-09-20 12:32:49.554,427.8313668975281,97
2024-09-20 12:32:49.585,427.7873247011372,99
2024-09-20 12:32:49.588,427.8114556779164,998
2024-09-20 12:32:49.630,427.7715472604804,15
2024-09-20 12:32:49.653,427.80812818782687,12
2024-09-20 12:32:49.659,427.806210769308,11
2024-09-20 12:32:49.762,427.7956586754962,97
2024-09-20 12:32:49.764,427.8519782323753,12
2024-09-20 12:32:49.769,427.805074580798,102
2024-09-20 12:32:49.802,427.7992178880158,101
2024-09-20 12:32:49.810,427.80088574466777,98
2024-09-20 12:32:49.850,427.8190983694885,13
2024-09-20 12:32:49.898,427.79415496776426,102
2024-09-20 12:32:49.944,427.8023372397106,1002
2024-09-20 12:32:49.945,-427.8198495163352,98
2024-09-20 12:32:49.949,427.8156527247662,11
2024-09-20 12:32:49.954,427.7830266754446,14
2024-09-20 12:32:49.978,427.7704124504676,8
2024-09-20 12:32:50.019,427.72515463713046,102
2024-09-20 12:32:50.156,427.75676064455865,105
2024-09-20 12:32:50.281,427.8050998805938,96
2024-09-20 12:32:50.292,427.7799160249856,9
2024-09-20 12:32:50.299,427.7462063536676,1003
2024-09-20 12:32:50.427,427.7955667250323,5
2024-09-20 12:32:50.501,427.7423678355707,103
2024-09-20 12:32:50.504,427.7795392775765,1005
2024-09-20 12:32:50.572,427.72203920814746,1003
2024-09-20 12:32:50.706,427.7642548349576,104
2024-09-20 12:32:50.726,427.72510179961495,8
2024-09-20 12:32:50.757,427.7768483216016,95
2024-09-20 12:32:50.864,427.7948771963269,100
2024-09-20 12:32:50.874,427.7831080424452,1002
2024-09-20 12:32:50.898,427.7226160602387,100
2024-09-20 12:32:51.124,427.7377139178083,6
2024-09-20 12:32:51.128,427.7308624684678,15
2024-09-20 12:32:51.133,427.72877215107576,15
2024-09-20 12:32:51.213,427.7453487922364,12
2024-09-20 12:32:51.406,427.7304615205521,101
2024-09-20 12:32:51.447,427.7439421737655,10
2024-09-20 12:32:51.480,427.7582423296216,1004
2024-09-20 12:32:51.570,427.7496532178599,5
2024-09-20 12:32:51.658,427.74852231336257,102
2024-09-20 12:32:51.687,427.7459535135144,98
2024-09-20 12:32:51.731,,10
2024-09-20 12:32:51.965,427.72505226759387,999
2024-09-20 12:32:52.795,427.76256528159774,1004
2024-09-20 12:32:52.821,427.7534885659584,1001
2024-09-20 12:32:52.953,427.7578935925014,1000
2024-09-20 12:32:53.501,427.7562416386731,1001
2024-09-20 12:32:54.010,427.7571805138791,1002
2024-09-20 12:32:54.018,427.684993753532,6
2024-09-20 12:32:54.053,427.7564452331576,14
2024-09-20 12:32:54.201,427.7318172036889,96
2024-09-20 12:32:54.267,427.7471664193556,7
2024-09-20 12:32:54.297,427.6911536679924,5
2024-09-20 12:32:54.307,427.700026190663,104
2024-09-20 12:32:54.317,427.75192906265966,97
2024-09-20 12:32:54.489,427.7359760075254,995
2024-09-20 12:32:54.530,427.753887296428,8
2024-09-20 12:32:54.548,427.7290570939625,1001
2024-09-20 12:32:54.555,427.7271466996869,100
2024-09-20 12:32:54.702,427.7332831827927,6
2024-09-20 12:32:54.733,427.75157813654414,104
2024-09-20 12:32:54.783,427.7509264929535,15
2024-09-20 12:32:54.885,427.7031446956322,5
2024-09-20 12:32:54.918,427.7135171586038,15
2024-09-20 12:32:56.011,427.6408155184586,97
2024-09-20 12:32:56.038,427.6111063086226,1000
2024-09-20 12:32:56.083,427.5965003234595,104
2024-09-20 12:32:56.218,427.6473495066074,105
2024-09-20 12:32:56.232,427.6310095142391,13
2024-09-20 12:32:56.275,427.6313066811925,996
2024-09-20 12:32:56.288,427.63803417373725,97
2024-09-20 12:32:56.332,427.6657581998439,100
2024-09-20 12:32:56.356,427.6389353956493,995
2024-09-20 12:32:56.359,427.64825314759264,1001
2024-09-20 12:32:56.388,427.5856808311157,1004
2024-09-20 12:32:56.403,427.6724584167382,11
2024-09-20 12:32:56.446,427.617285185748,97
2024-09-20 12:32:56.450,427.6952157627213,11
2024-09-20 12:32:56.497,427.6752089827513,96
2024-09-20 12:32:56.636,427.64634314485255,1000
2024-09-20 12:32:56.654,427.60861169516966,995
2024-09-20 12:32:56.665,427.6512727670643,1004
2024-09-20 12:32:56.728,427.65799518525625,14
2024-09-20 12:32:56.748,427.62208520030754,103
2024-09-20 12:32:56.754,427.6540624978487,997
2024-09-20 12:32:56.784,427.62070518761954,5
2024-09-20 12:32:56.854,427.6213000541317,104
2024-09-20 12:32:56.876,427.6128353553297,11
2024-09-20 12:32:56.974,427.700839742948,104
2024-09-20 12:32:57.014,427.6815139730495,1005
2024-09-20 12:32:57.028,42.768029341276815,1005
2024-09-20 12:32:57.046,427.67502509001457,995
2024-09-20 12:32:57.194,427.6851115465773,1003
2024-09-20 12:32:57.199,427.6839851639752,100
2024-09-20 12:32:57.228,427.6933756414497,1005
2024-09-20 12:32:57.241,427.72137270557096,15
2024-09-20 12:32:57.249,427.6675025978293,102
2024-09-20 12:32:57.264,427.6340688819212,102
2024-09-20 12:32:57.290,427.6691874896022,5
2024-09-20 12:32:57.300,427.7072740947469,1000
2024-09-20 12:32:57.376,427.692369896372,103
2024-09-20 12:32:57.395,427.6609122667589,12
2024-09-20 12:32:57.461,427.6951429795353,14
2024-09-20 12:32:57.469,427.6479208761941,6
2024-09-20 12:32:57.470,427.6673156021456,1000
2024-09-20 12:32:57.489,42.76593101781243,1003
2024-09-20 12:32:57.572,427.7051710563759,95
2024-09-20 12:32:57.591,427.6781953171848,1000
2024-09-20 12:32:57.596,427.6853600690727,996
2024-09-20 12:32:57.655,427.6642725383144,7
2024-09-20 12:32:57.689,427.6612206843078,5
2024-09-20 12:32:57.696,427.73109222953394,1004
2024-09-20 12:32:57.708,427.67878463420567,104
2024-09-20 12:32:57.807,427.6818633576846,98
2024-09-20 12:32:57.820,427.67771589341055,1002
2024-09-20 12:32:57.961,427.6714086217047,96
2024-09-20 12:32:57.962,427.673019166612,10
2024-09-20 12:32:57.995,427.66293808614535,5
2024-09-20 12:32:58.152,427.77926649198224,5
2024-09-20 12:32:58.180,427.7737227276327,9
2024-09-20 12:32:58.188,427.7995266872766,105
2024-09-20 12:32:58.278,427.6846733201736,97
2024-09-20 12:32:58.309,427.7730614445872,11
2024-09-20 12:32:58.309,427.76549445822513,7
2024-09-20 12:32:58.449,427.681311152352,100
2024-09-20 12:32:58.479,427.72132370230105,1002
2024-09-20 12:32:58.534,427.67795346172,101
2024-09-20 12:32:58.559,427.7889617913366,15
2024-09-20 12:32:58.578,427.7778930325521,100
2024-09-20 12:32:58.602,427.80895914847855,1001
2024-09-20 12:32:58.656,427.77747921704815,999
2024-09-20 12:32:58.668,427.7477717519792,996
2024-09-20 12:32:58.686,427.750912529936,6
2024-09-20 12:32:58.709,427.6990653276441,96
2024-09-20 12:32:58.761,427.770600032966,101
2024-09-20 12:32:58.780,427.680421839408,1003
2024-09-20 12:32:58.875,427.73499667410914,1000
2024-09-20 12:32:58.946,427.667614228372,97
2024-09-20 12:32:58.973,427.6837744410127,100
2024-09-20 12:32:59.006,427.7588260351578,6
2024-09-20 12:32:59.151,427.7564803838926,103
2024-09-20 12:32:59.366,427.7714654645121,998
2024-09-20 12:32:59.461,427.7728712446194,15
2024-09-20 12:32:59.532,427.75908050466296,101
