Timestamp,Price,Size
2024-09-18 11:33:00.123,416.4906723424133,1001
2024-09-18 11:33:00.296,416.5220823438776,95
2024-09-18 11:33:00.357,416.46355990048806,14
2024-09-18 11:33:00.450,416.4632581982275,14
2024-09-18 11:33:00.501,416.4599666095563,96
2024-09-18 11:33:00.531,416.5058718952402,995
2024-09-18 11:33:00.735,416.4953423571741,10
2024-09-18 11:33:00.801,416.4869681820954,95
2024-09-18 11:33:00.821,416.50260206779024,98
2024-09-18 11:33:00.841,416.44585045189615,99
2024-09-18 11:33:00.879,416.4848074983981,105
2024-09-18 11:33:00.965,416.4868412652253,6
2024-09-18 11:33:00.989,416.5009406926853,102
2024-09-18 11:33:00.992,416.49134003461137,1002
2024-09-18 11:33:01.038,416.4558058022102,1003
2024-09-18 11:33:01.142,416.5041072642676,102
2024-09-18 11:33:01.254,416.4721962669885,9
2024-09-18 11:33:01.282,416.44701499086347,12
2024-09-18 11:33:01.379,416.4686482519922,1005
2024-09-18 11:33:01.395,416.47335631951694,15
2024-09-18 11:33:01.399,416.45619691312737,1000
2024-09-18 11:33:01.532,416.4378386565673,12
2024-09-18 11:33:01.536,416.45300866219327,998
2024-09-18 11:33:01.553,416.4561194932949,13
2024-09-18 11:33:01.630,416.43569947014805,98
2024-09-18 11:33:01.636,416.4430322559325,96
2024-09-18 11:33:01.649,416.4620028344685,100
2024-09-18 11:33:01.697,41.64844875180171,95
2024-09-18 11:33:01.784,416.4685563630093,997
2024-09-18 11:33:01.825,416.4579010063108,13
2024-09-18 11:33:01.865,416.4413505903475,15
2024-09-18 11:33:01.871,416.4650533476475,13
2024-09-18 11:33:01.885,416.4972492879978,998
2024-09-18 11:33:01.907,416.4689688080874,13
2024-09-18 11:33:01.910,416.49248898731867,1000
2024-09-18 11:33:01.927,416.46467388453976,996
2024-09-18 11:33:01.939,416.45883919888576,9
2024-09-18 11:33:02.042,416.4863589904045,102
2024-09-18 11:33:02.061,416.479882345304,104
2024-09-18 11:33:02.469,416.50790331935286,13
2024-09-18 11:33:02.795,416.47542378422906,101
2024-09-18 11:33:02.847,416.4976557066188,14
2024-09-18 11:33:03.001,416.4742344625397,1000
2024-09-18 11:33:03.027,416.51754283406353,13
2024-09-18 11:33:03.080,416.4590717634231,13
2024-09-18 11:33:03.171,416.4148911150325,102
2024-09-18 11:33:03.192,416.4324271265195,7
2024-09-18 11:33:03.234,416.4823141705487,1002
2024-09-18 11:33:03.288,416.42369884665015,99
2024-09-18 11:33:03.359,416.4974997452538,104
2024-09-18 11:33:03.495,416.4508425610277,101
2024-09-18 11:33:03.520,416.42189046323534,1001
2024-09-18 11:33:03.658,416.45501464430095,999
2024-09-18 11:33:03.676,416.4960749403673,1003
2024-09-18 11:33:03.685,416.4934573708655,9
2024-09-18 11:33:03.765,416.4957340237657,998
2024-09-18 11:33:03.778,416.4270455943493,999
2024-09-18 11:33:03.808,416.4200044449982,101
2024-09-18 11:33:03.810,416.4895903822031,100
2024-09-18 11:33:03.880,416.4719094153195,1000
2024-09-18 11:33:03.909,416.4887907965918,1000
2024-09-18 11:33:03.944,416.5033543768461,11
2024-09-18 11:33:03.948,416.4994788065962,10
2024-09-18 11:33:03.963,416.4958335826304,11
2024-09-18 11:33:04.046,416.4631275792728,1000
2024-09-18 11:33:04.076,416.4618270857564,1002
2024-09-18 11:33:04.385,416.46982438066254,9
2024-09-18 11:33:04.501,416.46935700250685,13
2024-09-18 11:33:04.522,416.42960687564965,7
2024-09-18 11:33:04.631,416.4637592207131,996
2024-09-18 11:33:04.650,416.47788448391134,99
2024-09-18 11:33:04.654,416.4520009545024,1001
2024-09-18 11:33:04.676,416.4708489599381,1000
2024-09-18 11:33:04.815,416.4449726665548,999
2024-09-18 11:33:04.825,416.49125868391513,1003
2024-09-18 11:33:04.828,416.4432957909369,15
2024-09-18 11:33:05.007,416.4325170983644,102
2024-09-18 11:33:05.030,416.3832602249955,1002
2024-09-18 11:33:05.049,416.427311477669,1001
2024-09-18 11:33:05.065,416.4995342367012,5
2024-09-18 11:33:05.073,416.4127038986807,8
2024-09-18 11:33:05.141,416.4197776055502,997
2024-09-18 11:33:05.196,416.43002882638336,1000
2024-09-18 11:33:05.219,416.4319212936779,996
2024-09-18 11:33:05.323,416.418161660735,997
2024-09-18 11:33:05.326,416.4529945919308,1002
2024-09-18 11:33:05.339,416.4235243567617,998
2024-09-18 11:33:05.505,416.4222250700409,98
2024-09-18 11:33:05.508,416.4592993360796,103
2024-09-18 11:33:05.616,416.4803609856128,1002
2024-09-18 11:33:05.693,416.3959898896105,1000
2024-09-18 11:33:05.740,416.4232327077252,13
2024-09-18 11:33:05.779,416.4416684366634,104
2024-09-18 11:33:05.783,416.4343991115092,15
2024-09-18 11:33:05.806,416.4558164468119,11
2024-09-18 11:33:05.832,416.4230457186606,9
2024-09-18 11:33:05.904,416.4015530026549,998
2024-09-18 11:33:05.964,,98
2024-09-18 11:33:06.102,416.40664559491546,996
2024-09-18 11:33:06.134,41.644850741399615,995
2024-09-18 11:33:06.197,416.4646759268291,96
2024-09-18 11:33:06.221,416.47238143084,999
2024-09-18 11:33:06.226,416.4151295223056,10
2024-09-18 11:33:06.240,416.4671465876829,101
2024-09-18 11:33:06.263,416.46304577178137,1000
2024-09-18 11:33:06.286,416.4086333383845,99
2024-09-18 11:33:06.315,416.4536911008239,7
2024-09-18 11:33:06.397,416.44482125591554,1000
2024-09-18 11:33:06.408,416.4515199871552,101
2024-09-18 11:33:06.452,416.4453881906746,1004
2024-09-18 11:33:06.460,416.4339422949975,999
2024-09-18 11:33:06.484,416.3998896459183,95
2024-09-18 11:33:06.498,416.4081710233175,9
2024-09-18 11:33:06.511,416.4646361661464,5
2024-09-18 11:33:06.590,416.4392744042045,15
2024-09-18 11:33:06.611,416.42481700639,999
2024-09-18 11:33:06.613,416.4571752463863,102
2024-09-18 11:33:06.645,416.4540299615626,1004
2024-09-18 11:33:06.730,416.4545917071727,1005
2024-09-18 11:33:06.749,416.4548192766323,6
2024-09-18 11:33:06.945,416.4504024100324,9
2024-09-18 11:33:06.960,416.4441986899767,11
2024-09-18 11:33:07.091,416.36911071164747,1002
2024-09-18 11:33:07.113,416.3850730015101,101
2024-09-18 11:33:07.119,416.38505971769337,998
2024-09-18 11:33:07.141,416.3599511464237,1002
2024-09-18 11:33:07.245,416.4133731935736,99
2024-09-18 11:33:07.245,41.64173261597713,105
2024-09-18 11:33:07.290,416.3697069408987,11
2024-09-18 11:33:07.299,416.4116682347764,7
2024-09-18 11:33:07.425,416.38732947131,99
2024-09-18 11:33:07.482,416.41606176372034,104
2024-09-18 11:33:07.517,416.3537780246001,5
2024-09-18 11:33:07.518,416.3098940655862,13
2024-09-18 11:33:07.553,,98
2024-09-18 11:33:07.579,416.3372039150852,14
2024-09-18 11:33:07.597,416.39088780253263,105
2024-09-18 11:33:07.692,416.4018782572112,5
2024-09-18 11:33:07.731,416.39414016540667,105
2024-09-18 11:33:07.772,416.3269073335076,997
2024-09-18 11:33:07.773,416.4125126072495,998
2024-09-18 11:33:07.826,416.3880337812347,98
2024-09-18 11:33:07.834,416.3917827782228,1005
2024-09-18 11:33:07.864,416.3359462066591,999
2024-09-18 11:33:07.865,416.4054681263552,1003
2024-09-18 11:33:07.869,416.4050503679696,7
2024-09-18 11:33:07.869,416.4217857059639,1000
2024-09-18 11:33:07.922,416.3376646595885,104
2024-09-18 11:33:08.016,416.3458125253284,10
2024-09-18 11:33:08.097,416.3374015150807,97
2024-09-18 11:33:08.104,416.3298966338616,1002
2024-09-18 11:33:08.141,416.3231000682998,1001
2024-09-18 11:33:08.207,416.3526084242728,997
2024-09-18 11:33:08.267,416.3724350227279,1003
2024-09-18 11:33:08.363,416.3676454794592,98
2024-09-18 11:33:08.421,416.32789934007496,10
2024-09-18 11:33:08.421,416.364439841914,100
2024-09-18 11:33:08.449,416.3301913463495,104
2024-09-18 11:33:08.466,416.3230571302001,997
2024-09-18 11:33:08.481,416.36796478656896,5
2024-09-18 11:33:08.530,416.3680858435909,15
2024-09-18 11:33:08.614,416.32052593578425,105
2024-09-18 11:33:08.624,416.3543566861221,99
2024-09-18 11:33:08.654,416.3456947253411,12
2024-09-18 11:33:08.720,416.3578737921628,98
2024-09-18 11:33:08.781,416.34808020867325,15
2024-09-18 11:33:08.891,416.3228642927318,9
2024-09-18 11:33:08.895,416.36554639644726,6
2024-09-18 11:33:08.972,416.3272024039011,1002
2024-09-18 11:33:09.069,416.3196543545573,8
2024-09-18 11:33:09.077,416.3619143593181,5
2024-09-18 11:33:09.098,416.36994019173545,102
2024-09-18 11:33:09.145,416.3761782174464,15
2024-09-18 11:33:09.156,416.3176583173036,99
2024-09-18 11:33:09.193,416.3337701565495,1005
2024-09-18 11:33:09.285,416.3782668808323,100
2024-09-18 11:33:09.319,416.3828293664114,105
2024-09-18 11:33:09.324,416.3727818149263,12
2024-09-18 11:33:09.336,416.37657210523656,10
2024-09-18 11:33:09.426,416.3387004147786,103
2024-09-18 11:33:09.452,416.34750836629706,8
2024-09-18 11:33:09.467,416.3487488548353,103
2024-09-18 11:33:09.474,416.3332455190243,105
2024-09-18 11:33:09.502,416.3541535387519,5
2024-09-18 11:33:09.505,416.3689845343208,996
2024-09-18 11:33:09.559,416.3427161063773,9
2024-09-18 11:33:09.578,416.31485679367256,98
2024-09-18 11:33:09.794,416.3515987575525,1005
2024-09-18 11:33:09.816,416.36359910417775,8
2024-09-18 11:33:09.918,416.37520760008505,1002
2024-09-18 11:33:09.929,416.37275412089593,8
2024-09-18 11:33:09.935,-416.3283119781286,13
2024-09-18 11:33:10.024,416.38292151342,10
2024-09-18 11:33:10.040,416.3970989758856,100
2024-09-18 11:33:10.045,416.3939834962079,8
2024-09-18 11:33:10.048,416.3843188299172,98
2024-09-18 11:33:10.113,416.41277208668185,999
2024-09-18 11:33:10.130,416.3947242661719,998
2024-09-18 11:33:10.146,416.4091891585331,96
2024-09-18 11:33:10.179,416.4287563512015,1002
2024-09-18 11:33:10.226,416.3848175837577,97
2024-09-18 11:33:10.374,416.4327722020393,995
2024-09-18 11:33:10.377,416.36832456564815,13
2024-09-18 11:33:10.387,416.3871205053084,1005
2024-09-18 11:33:10.427,416.37293325025365,996
2024-09-18 11:33:10.505,416.3954640817281,995
2024-09-18 11:33:10.508,416.3668766353828,101
2024-09-18 11:33:10.518,416.3913750352832,95
2024-09-18 11:33:10.523,416.4112677905006,10
2024-09-18 11:33:10.595,416.4089490772595,1005
2024-09-18 11:33:10.600,416.3976289204976,13
2024-09-18 11:33:10.626,416.3987405491425,1001
2024-09-18 11:33:10.628,416.3975865613704,11
2024-09-18 11:33:10.672,416.4282021479556,96
2024-09-18 11:33:10.677,416.37839738499065,11
2024-09-18 11:33:10.690,416.4058782227953,1002
2024-09-18 11:33:10.723,416.38861756186174,102
2024-09-18 11:33:10.731,416.39891548226194,6
2024-09-18 11:33:10.777,416.4346328622364,9
2024-09-18 11:33:10.815,416.4318749464408,1001
2024-09-18 11:33:10.825,416.4500155618248,5
2024-09-18 11:33:10.980,416.407689953905,102
2024-09-18 11:33:11.010,416.4178562416545,11
2024-09-18 11:33:11.178,416.4145024102848,104
2024-09-18 11:33:11.205,416.4071762348486,104
2024-09-18 11:33:11.257,416.40024472788224,1003
2024-09-18 11:33:11.291,416.3924692328875,5
2024-09-18 11:33:11.298,416.3986671403768,97
2024-09-18 11:33:11.363,416.401624073369,995
2024-09-18 11:33:11.384,416.4155448464802,100
2024-09-18 11:33:11.393,416.4167188546773,15
2024-09-18 11:33:11.483,416.4279698337721,1005
2024-09-18 11:33:11.628,416.4117721830099,5
2024-09-18 11:33:11.634,416.3992863139033,995
2024-09-18 11:33:11.844,416.3881826989906,1002
2024-09-18 11:33:11.945,416.4116070202672,8
2024-09-18 11:33:11.964,416.4169767417084,10
2024-09-18 11:33:11.985,416.4145664769712,97
2024-09-18 11:33:11.992,416.4001977042132,999
2024-09-18 11:33:12.037,416.4063639320472,999
2024-09-18 11:33:12.051,416.4208007458243,103
2024-09-18 11:33:12.111,416.4466149584936,97
2024-09-18 11:33:12.208,416.4150647563217,999
2024-09-18 11:33:12.210,416.41654291829474,9
2024-09-18 11:33:12.220,416.4054884561593,5
2024-09-18 11:33:12.237,416.4249948698071,104
2024-09-18 11:33:12.257,416.3799664062354,997
2024-09-18 11:33:12.263,416.4312537184471,998
2024-09-18 11:33:12.270,416.414486301584,1000
2024-09-18 11:33:12.372,416.4400539756756,1003
2024-09-18 11:33:12.389,416.4146551503904,12
2024-09-18 11:33:12.414,416.40362040137336,999
2024-09-18 11:33:12.419,416.4391506031848,102
2024-09-18 11:33:12.674,416.36260829025326,1005
2024-09-18 11:33:12.714,416.41824568920026,1002
2024-09-18 11:33:12.749,416.44062673528975,103
2024-09-18 11:33:12.767,416.4055689075364,1005
2024-09-18 11:33:12.805,416.4234040450838,12
2024-09-18 11:33:12.874,416.3948178030543,13
2024-09-18 11:33:12.924,416.3771217535106,96
2024-09-18 11:33:12.946,416.4118656014812,997
2024-09-18 11:33:12.983,416.4298210855026,10
2024-09-18 11:33:13.035,416.35920303414827,15
2024-09-18 11:33:13.512,416.3592706711116,103
2024-09-18 11:33:14.109,416.3446501780997,6
2024-09-18 11:33:14.147,416.31136934141887,11
2024-09-18 11:33:14.220,416.3514559319479,97
2024-09-18 11:33:14.285,416.2988999952092,9
2024-09-18 11:33:14.299,416.3055211774299,101
2024-09-18 11:33:14.305,416.33151070321753,6
2024-09-18 11:33:14.315,416.3690083278089,14
2024-09-18 11:33:14.325,416.3079704928445,10
2024-09-18 11:33:14.329,416.3287758944021,1005
2024-09-18 11:33:14.329,416.3255383278496,103
2024-09-18 11:33:14.336,416.29645327469,5
2024-09-18 11:33:14.408,416.3062223950957,96
2024-09-18 11:33:14.454,416.3202055351306,1005
2024-09-18 11:33:14.478,416.33045477754325,103
2024-09-18 11:33:14.562,416.3183483705904,13
2024-09-18 11:33:14.610,416.2940654505922,98
2024-09-18 11:33:14.623,416.33469360422816,999
2024-09-18 11:33:14.656,416.29689482965045,1000
2024-09-18 11:33:14.701,416.3368328348482,105
2024-09-18 11:33:14.713,416.326476969268,100
2024-09-18 11:33:14.732,416.3068470621252,103
2024-09-18 11:33:14.760,416.3153178840594,104
2024-09-18 11:33:14.767,416.3270815151623,998
2024-09-18 11:33:14.778,416.2961891536255,96
2024-09-18 11:33:14.824,416.3251219347039,1004
2024-09-18 11:33:14.842,416.31747755751474,10
2024-09-18 11:33:14.931,416.33277737082585,103
2024-09-18 11:33:16.100,416.3710391873136,996
2024-09-18 11:33:16.123,416.378410160416,11
2024-09-18 11:33:16.145,416.3735972756568,1003
2024-09-18 11:33:16.153,416.37493589334986,5
2024-09-18 11:33:16.217,416.3882560091856,996
2024-09-18 11:33:16.241,416.3817034931878,6
2024-09-18 11:33:16.301,416.3534537108011,96
2024-09-18 11:33:16.385,416.3765976004279,15
2024-09-18 11:33:16.451,416.39770781351154,12
2024-09-18 11:33:16.484,416.3589340864089,1001
2024-09-18 11:33:16.501,416.3753628842615,1004
2024-09-18 11:33:16.509,416.3718266675038,1004
2024-09-18 11:33:16.544,416.38665380618176,997
2024-09-18 11:33:16.583,416.3681897810824,998
2024-09-18 11:33:16.621,416.3705816469814,99
2024-09-18 11:33:16.732,416.38067973851366,999
2024-09-18 11:33:16.732,416.3864130595746,1003
2024-09-18 11:33:16.794,416.36473352944455,15
2024-09-18 11:33:16.849,416.3635630098647,5
2024-09-18 11:33:16.856,416.4179352346934,15
2024-09-18 11:33:16.969,416.3964647570009,8
2024-09-18 11:33:16.970,416.367416229106,105
2024-09-18 11:33:18.145,416.4139640256277,102
2024-09-18 11:33:18.183,416.4474204620018,1003
2024-09-18 11:33:18.217,416.4602859847416,1000
2024-09-18 11:33:18.225,416.4044903779548,1000
2024-09-18 11:33:18.236,416.4355129345886,995
2024-09-18 11:33:18.262,416.41080284228366,1004
2024-09-18 11:33:18.489,416.3951041267985,6
2024-09-18 11:33:18.508,416.4079205324607,8
2024-09-18 11:33:18.534,416.4705868560829,6
2024-09-18 11:33:18.638,416.46434900863846,98
2024-09-18 11:33:18.639,416.4055064039529,97
2024-09-18 11:33:18.715,416.4736556794616,998
2024-09-18 11:33:18.947,416.4559349882568,998
2024-09-18 11:33:19.006,416.4768198122425,96
2024-09-18 11:33:19.081,416.39099269713904,995
2024-09-18 11:33:19.091,416.36449510585953,997
2024-09-18 11:33:19.127,416.4146758984055,5
2024-09-18 11:33:19.133,416.4016394517981,7
2024-09-18 11:33:19.159,416.4902854086573,1004
2024-09-18 11:33:19.209,416.3677117347207,14
2024-09-18 11:33:19.222,416.4018934754993,13
2024-09-18 11:33:19.243,416.4122794852741,104
2024-09-18 11:33:19.256,416.4884757147712,1003
2024-09-18 11:33:19.259,416.4639022685769,96
2024-09-18 11:33:19.307,416.4142599344761,7
2024-09-18 11:33:19.312,416.4825525161149,98
2024-09-18 11:33:19.442,416.3891656022313,1000
2024-09-18 11:33:19.462,416.4074450184244,12
2024-09-18 11:33:19.504,416.3933179213061,99
2024-09-18 11:33:19.515,416.4234709209622,1003
2024-09-18 11:33:19.574,416.5060055360882,1004
2024-09-18 11:33:19.617,416.4070721084921,1001
2024-09-18 11:33:19.649,416.491743146482,101
2024-09-18 11:33:19.679,416.38606168129104,98
2024-09-18 11:33:19.703,416.3549559025842,95
2024-09-18 11:33:19.774,416.449810517039,8
2024-09-18 11:33:19.866,416.3700974868307,7
2024-09-18 11:33:19.957,,6
2024-09-18 11:33:22.269,416.33217598085065,11
2024-09-18 11:33:22.669,416.37749813630217,996
2024-09-18 11:33:22.928,416.36221457945567,1005
2024-09-18 11:33:23.049,416.2533853358884,105
2024-09-18 11:33:23.068,41.6289730550033,999
2024-09-18 11:33:23.073,416.2980227533471,95
2024-09-18 11:33:23.079,416.3209535856757,100
2024-09-18 11:33:23.134,416.2272171418009,102
2024-09-18 11:33:23.150,416.272750232013,5
2024-09-18 11:33:23.159,416.2459589684791,9
2024-09-18 11:33:23.275,416.2861736683101,13
2024-09-18 11:33:23.285,416.2741451726017,98
2024-09-18 11:33:23.454,416.2708084957715,104
2024-09-18 11:33:23.485,416.2205434580756,996
2024-09-18 11:33:23.560,416.2607665084134,99
2024-09-18 11:33:23.567,416.27710138511,95
2024-09-18 11:33:23.574,416.2511131815034,1003
2024-09-18 11:33:23.576,416.2542955798942,15
2024-09-18 11:33:23.601,416.2155771633432,101
2024-09-18 11:33:23.631,-416.28564139779695,104
2024-09-18 11:33:23.634,416.2214455520312,995
2024-09-18 11:33:23.647,416.2521471196407,103
2024-09-18 11:33:23.673,416.2223620440769,6
2024-09-18 11:33:23.794,416.273381023496,95
2024-09-18 11:33:23.871,416.27835326341614,96
2024-09-18 11:33:23.881,416.2684198165828,998
2024-09-18 11:33:23.939,416.2351552205413,7
2024-09-18 11:33:23.949,416.2327910814825,999
2024-09-18 11:33:23.949,416.2441375413688,1004
2024-09-18 11:33:23.998,416.3082026221429,999
2024-09-18 11:33:24.013,416.1712193587859,104
2024-09-18 11:33:24.046,416.32462468656377,997
2024-09-18 11:33:24.083,416.17396216441153,998
2024-09-18 11:33:24.094,416.1912023049832,13
2024-09-18 11:33:24.096,416.2263852979647,13
2024-09-18 11:33:24.120,416.1609260210726,15
2024-09-18 11:33:24.133,416.3023644828336,1005
2024-09-18 11:33:24.146,416.2711673856661,5
2024-09-18 11:33:24.187,416.174859858548,101
2024-09-18 11:33:24.188,416.3353186233774,1001
2024-09-18 11:33:24.203,416.3435911584296,98
2024-09-18 11:33:24.220,416.254772358011,100
2024-09-18 11:33:24.331,416.1557895063999,99
2024-09-18 11:33:24.358,416.1706313355688,1004
2024-09-18 11:33:24.377,416.2411197658553,1002
2024-09-18 11:33:24.425,416.31113646703983,15
2024-09-18 11:33:24.460,416.15160801163165,13
2024-09-18 11:33:24.475,416.2265120060021,10
2024-09-18 11:33:24.483,416.3315951676151,1004
2024-09-18 11:33:24.603,416.2729560638725,998
2024-09-18 11:33:24.649,416.27992644132456,1005
2024-09-18 11:33:24.668,416.2971248679113,99
2024-09-18 11:33:24.683,416.1506177797696,6
2024-09-18 11:33:24.696,416.2611374676154,1003
2024-09-18 11:33:24.791,416.30421424084335,102
2024-09-18 11:33:24.848,416.21343552685886,1003
2024-09-18 11:33:24.938,416.2914944905195,104
2024-09-18 11:33:24.954,416.1581555400181,103
2024-09-18 11:33:24.997,416.210377160487,10
2024-09-18 11:33:25.046,416.33643861442073,998
2024-09-18 11:33:25.054,416.341225048291,995
2024-09-18 11:33:25.123,416.3601068746098,103
2024-09-18 11:33:25.232,416.349903012081,95
2024-09-18 11:33:25.237,416.35650150096905,100
2024-09-18 11:33:25.256,416.3550208732107,995
2024-09-18 11:33:25.341,416.3506794680305,105
2024-09-18 11:33:25.739,-416.34894221780974,9
2024-09-18 11:33:25.786,416.35564120602265,8
2024-09-18 11:33:25.869,416.36627101841896,99
2024-09-18 11:33:25.889,416.34415323001673,103
2024-09-18 11:33:26.036,416.3770880602415,5
2024-09-18 11:33:26.087,416.3811425186112,12
2024-09-18 11:33:26.119,416.356665072334,8
2024-09-18 11:33:26.121,416.3943944983275,997
2024-09-18 11:33:26.176,416.3732548412093,1005
2024-09-18 11:33:26.206,416.35844917684966,6
2024-09-18 11:33:26.331,416.3530411503397,101
2024-09-18 11:33:26.530,416.39202857734574,104
2024-09-18 11:33:26.598,416.3820780204211,998
2024-09-18 11:33:26.606,416.35907001834016,8
2024-09-18 11:33:26.608,416.36677525778896,15
2024-09-18 11:33:26.619,416.3573122927442,997
2024-09-18 11:33:26.652,416.3645809406928,101
2024-09-18 11:33:27.069,416.3743512671464,999
2024-09-18 11:33:27.081,416.4185853971612,104
2024-09-18 11:33:27.237,416.4103191717284,999
2024-09-18 11:33:27.333,416.4021600144383,104
2024-09-18 11:33:27.412,416.3467189853625,1002
2024-09-18 11:33:27.419,416.4303324804268,997
2024-09-18 11:33:27.438,416.3840656530536,103
2024-09-18 11:33:27.443,416.3911096533681,1000
2024-09-18 11:33:27.446,416.3257317560622,6
2024-09-18 11:33:27.476,416.3994668384086,1003
2024-09-18 11:33:27.489,416.3606097831709,100
2024-09-18 11:33:27.499,416.3995731957518,15
2024-09-18 11:33:27.505,416.4056430059021,6
2024-09-18 11:33:27.538,416.3355247719394,998
2024-09-18 11:33:27.607,416.37681712147946,1000
2024-09-18 11:33:27.630,416.4176772384095,99
2024-09-18 11:33:27.642,416.4094661694951,1005
2024-09-18 11:33:27.687,416.3649933901265,1005
2024-09-18 11:33:27.707,416.33396628874095,1002
2024-09-18 11:33:27.767,416.41615762589566,95
2024-09-18 11:33:27.777,416.3683824085609,1005
2024-09-18 11:33:27.819,416.32690043901135,101
2024-09-18 11:33:27.823,416.4036368079245,15
2024-09-18 11:33:27.873,416.4053671656323,1003
2024-09-18 11:33:27.873,416.3718296563977,101
2024-09-18 11:33:27.907,416.34151767717015,997
2024-09-18 11:33:27.925,416.33218831259904,11
2024-09-18 11:33:27.978,416.3395999803213,100
2024-09-18 11:33:28.004,416.37087474722296,6
2024-09-18 11:33:28.004,416.3977743075524,95
2024-09-18 11:33:28.023,416.3652239501224,996
2024-09-18 11:33:28.064,416.3875609157804,7
2024-09-18 11:33:28.066,41.63949717744055,1002
2024-09-18 11:33:28.114,416.39224740403085,1002
2024-09-18 11:33:28.146,416.4257251778708,15
2024-09-18 11:33:28.161,416.3956120005769,103
2024-09-18 11:33:28.172,416.4162061859742,13
2024-09-18 11:33:28.181,416.38320686367217,9
2024-09-18 11:33:28.232,41.64090763256448,11
2024-09-18 11:33:28.256,416.389074387005,100
2024-09-18 11:33:28.324,416.4024585635385,97
2024-09-18 11:33:28.424,416.4315199576757,97
2024-09-18 11:33:28.454,416.4350446004334,997
2024-09-18 11:33:28.564,416.3774470884276,100
2024-09-18 11:33:28.599,416.3620301497063,104
2024-09-18 11:33:28.646,416.41219001844553,101
2024-09-18 11:33:28.699,416.4350876887365,8
2024-09-18 11:33:28.727,416.4327598203456,105
2024-09-18 11:33:28.793,416.3730772762125,1001
2024-09-18 11:33:28.817,416.3697388561307,996
2024-09-18 11:33:28.828,416.36387802375305,13
2024-09-18 11:33:28.841,416.40663078310257,105
2024-09-18 11:33:28.878,416.4011151964776,98
2024-09-18 11:33:28.925,416.4213005165096,1002
2024-09-18 11:33:28.953,416.3923086379124,9
2024-09-18 11:33:28.984,416.4022668091465,5
2024-09-18 11:33:28.991,416.3682318540799,1005
2024-09-18 11:33:29.025,416.3970023332182,8
2024-09-18 11:33:29.037,416.4037279242,103
2024-09-18 11:33:29.050,416.3377561198653,102
2024-09-18 11:33:29.070,416.4137687522607,10
2024-09-18 11:33:29.093,416.3901353018974,1005
2024-09-18 11:33:29.095,41.64153895627136,13
2024-09-18 11:33:29.100,416.3186456464055,11
2024-09-18 11:33:29.115,416.3236521596823,12
2024-09-18 11:33:29.223,416.4103290956416,95
2024-09-18 11:33:29.225,416.3315717626497,14
2024-09-18 11:33:29.309,416.4193978097825,1003
2024-09-18 11:33:29.312,416.3760191625883,7
2024-09-18 11:33:29.330,416.3737989860203,14
2024-09-18 11:33:29.385,416.3849573929528,100
2024-09-18 11:33:29.398,416.3974962369012,13
2024-09-18 11:33:29.507,416.38118667954393,98
2024-09-18 11:33:29.535,41.64230149648751,13
2024-09-18 11:33:29.560,416.39442134637466,13
2024-09-18 11:33:29.589,,103
2024-09-18 11:33:29.605,416.3411659733122,104
2024-09-18 11:33:29.615,416.37849864081727,14
2024-09-18 11:33:29.795,416.3948939252463,95
2024-09-18 11:33:29.798,416.3533565731909,10
2024-09-18 11:33:29.858,416.38184051718696,1000
2024-09-18 11:33:29.931,416.38501906152334,9
2024-09-18 11:33:30.189,416.37817070494776,100
2024-09-18 11:33:30.660,416.36995130020887,996
2024-09-18 11:33:30.754,416.3708836589122,103
2024-09-18 11:33:31.094,416.3619665935518,1002
2024-09-18 11:33:31.124,41.6359950447256,998
2024-09-18 11:33:31.131,416.34748525123285,7
2024-09-18 11:33:31.164,416.34537236475705,99
2024-09-18 11:33:31.183,416.3436573515141,11
2024-09-18 11:33:31.288,416.4142838499768,104
2024-09-18 11:33:31.294,416.362120578038,6
2024-09-18 11:33:31.317,416.3948602361094,1003
2024-09-18 11:33:31.332,416.36522391922,104
2024-09-18 11:33:31.390,416.3489915088512,103
2024-09-18 11:33:31.424,416.3770535601937,104
2024-09-18 11:33:31.439,416.3539409304041,10
2024-09-18 11:33:31.451,416.3433747416888,14
2024-09-18 11:33:31.467,416.3354926131484,10
2024-09-18 11:33:31.472,416.35982349007867,8
2024-09-18 11:33:31.510,416.35026014178345,103
2024-09-18 11:33:31.547,416.4078124199259,14
2024-09-18 11:33:31.609,416.3319212030753,95
2024-09-18 11:33:31.617,416.3563488844585,8
2024-09-18 11:33:31.634,416.3556936946927,1003
2024-09-18 11:33:31.707,416.3926196830134,100
2024-09-18 11:33:31.772,416.32487981488185,9
2024-09-18 11:33:31.797,416.4008101171031,13
2024-09-18 11:33:31.856,416.3499552621895,8
2024-09-18 11:33:31.892,416.3514050219525,10
2024-09-18 11:33:31.907,416.4015805793623,14
2024-09-18 11:33:31.941,416.3263290616349,97
2024-09-18 11:33:31.984,416.3419049237869,997
2024-09-18 11:33:32.112,416.45296580835657,7
2024-09-18 11:33:32.173,416.4213156899411,98
2024-09-18 11:33:32.245,416.4119936335751,1003
2024-09-18 11:33:32.321,416.4410889589661,1003
2024-09-18 11:33:32.517,416.4358750376007,995
2024-09-18 11:33:32.547,416.4452909054656,100
2024-09-18 11:33:32.817,416.4357859964844,100
2024-09-18 11:33:32.945,416.4294870480153,105
2024-09-18 11:33:32.962,416.4239270800029,12
2024-09-18 11:33:33.128,416.4179684295339,5
2024-09-18 11:33:33.194,416.4322218521817,99
2024-09-18 11:33:33.198,416.3982126915091,99
2024-09-18 11:33:33.318,416.3896682774054,99
2024-09-18 11:33:33.710,416.4658618711912,95
2024-09-18 11:33:33.795,416.4558078134137,95
2024-09-18 11:33:33.817,416.4360542712115,101
2024-09-18 11:33:33.830,416.4021955106514,100
2024-09-18 11:33:33.848,416.44621782141263,98
2024-09-18 11:33:33.922,416.42749489068655,11
2024-09-18 11:33:34.118,416.3855769148833,13
2024-09-18 11:33:34.602,416.3856727256343,995
2024-09-18 11:33:34.611,416.41770526266816,9
2024-09-18 11:33:34.938,416.3861434413592,101
2024-09-18 11:33:34.976,416.40620965009344,7
2024-09-18 11:33:35.045,416.4137710065613,101
2024-09-18 11:33:35.045,416.3871391944975,100
2024-09-18 11:33:35.054,416.3860508093945,9
2024-09-18 11:33:35.088,416.3881295249295,96
2024-09-18 11:33:35.106,,105
2024-09-18 11:33:35.123,416.3660824139614,1004
2024-09-18 11:33:35.155,416.4032321649016,13
2024-09-18 11:33:35.178,416.38426334869496,13
2024-09-18 11:33:35.333,416.3553778044733,5
2024-09-18 11:33:35.344,,11
2024-09-18 11:33:35.414,416.352092983895,11
2024-09-18 11:33:35.441,416.3894416219249,1000
2024-09-18 11:33:35.470,416.35100742139423,1002
2024-09-18 11:33:35.548,416.3755647002323,98
2024-09-18 11:33:35.593,416.3961498546095,13
2024-09-18 11:33:35.632,416.4168607388712,1000
2024-09-18 11:33:35.640,-416.4016613829418,105
2024-09-18 11:33:35.689,416.4144940778493,1004
2024-09-18 11:33:35.692,416.401912471656,996
2024-09-18 11:33:35.703,416.3503813320772,10
2024-09-18 11:33:35.812,416.4136483644056,1004
2024-09-18 11:33:35.912,416.3834722283668,1004
2024-09-18 11:33:35.923,416.4048260450585,14
2024-09-18 11:33:35.933,416.4006204001065,1005
2024-09-18 11:33:35.980,416.4140826607906,95
2024-09-18 11:33:35.985,416.3930889742985,103
2024-09-18 11:33:35.990,416.4122055138448,1003
2024-09-18 11:33:36.027,416.4103252307983,105
2024-09-18 11:33:36.117,416.3996265763424,1005
2024-09-18 11:33:36.484,41.63971702287933,1002
2024-09-18 11:33:36.506,416.4134494018622,96
2024-09-18 11:33:36.805,416.4310936488105,104
2024-09-18 11:33:36.822,416.4004966929213,7
2024-09-18 11:33:36.887,416.421648365624,102
2024-09-18 11:33:36.910,416.43164612274586,13
2024-09-18 11:33:36.989,416.4080908685453,9
2024-09-18 11:33:37.044,416.43248630170007,100
2024-09-18 11:33:37.081,416.40231507201423,102
2024-09-18 11:33:37.180,416.3953945569996,14
2024-09-18 11:33:37.523,416.41721703637097,102
2024-09-18 11:33:37.612,416.40956191410464,996
2024-09-18 11:33:37.613,416.3989246584716,105
2024-09-18 11:33:37.695,416.43622685371446,14
2024-09-18 11:33:37.783,416.421121528573,15
2024-09-18 11:33:37.825,416.42963848757984,997
2024-09-18 11:33:37.925,416.4138687485103,7
2024-09-18 11:33:37.957,416.4150110339668,7
2024-09-18 11:33:38.240,416.4213332534334,15
2024-09-18 11:33:38.917,416.4191610834343,101
2024-09-18 11:33:39.116,416.4006809606573,101
2024-09-18 11:33:39.221,416.4262710948879,101
2024-09-18 11:33:39.261,416.37796907037415,995
2024-09-18 11:33:39.272,416.4170618908367,9
2024-09-18 11:33:39.420,416.4020168561248,101
2024-09-18 11:33:39.448,416.4296772036945,103
2024-09-18 11:33:39.476,416.4170990342895,105
2024-09-18 11:33:39.551,416.4169628241183,999
2024-09-18 11:33:39.630,416.3628609053947,100
2024-09-18 11:33:39.653,416.4344156987505,996
2024-09-18 11:33:39.699,416.4196657447024,996
2024-09-18 11:33:39.707,416.41222165926223,1003
2024-09-18 11:33:39.795,416.4128636194418,97
2024-09-18 11:33:39.951,416.3643082407894,96
2024-09-18 11:33:40.041,416.3594940421838,998
2024-09-18 11:33:40.049,416.38462148095056,998
2024-09-18 11:33:40.081,416.3740536367276,1005
2024-09-18 11:33:40.111,416.3788183836557,100
2024-09-18 11:33:40.273,416.3708347307838,12
2024-09-18 11:33:40.422,416.3628305048032,101
2024-09-18 11:33:40.461,416.3760818063761,13
2024-09-18 11:33:40.469,416.3991352210697,1001
2024-09-18 11:33:40.592,416.3668844831519,1005
2024-09-18 11:33:40.600,416.3664115008333,104
2024-09-18 11:33:40.720,416.3667709927289,15
2024-09-18 11:33:40.745,416.36213731731095,98
2024-09-18 11:33:40.779,416.355064955793,103
2024-09-18 11:33:40.928,416.3771956808853,10
2024-09-18 11:33:40.979,416.3522119815729,99
2024-09-18 11:33:41.047,416.339933153679,12
2024-09-18 11:33:41.122,416.37507397315386,1003
2024-09-18 11:33:41.142,416.3629554575492,998
2024-09-18 11:33:41.305,416.3526846116727,1001
2024-09-18 11:33:41.610,416.35942424191353,11
2024-09-18 11:33:41.757,416.363539082763,7
2024-09-18 11:33:41.860,416.33922394195366,101
2024-09-18 11:33:41.894,416.3589847612202,1005
2024-09-18 11:33:41.994,416.3535855070734,13
2024-09-18 11:33:42.036,416.382495664342,104
2024-09-18 11:33:42.043,416.3838183449601,999
2024-09-18 11:33:42.044,416.3741279226479,1004
2024-09-18 11:33:42.079,416.3405249042095,11
2024-09-18 11:33:42.140,416.3900827005537,1001
2024-09-18 11:33:42.238,416.3579106243756,14
2024-09-18 11:33:42.300,416.3499547020221,997
2024-09-18 11:33:42.306,416.34719314497664,997
2024-09-18 11:33:42.338,416.3718774136968,1003
2024-09-18 11:33:42.392,416.39651320135727,104
2024-09-18 11:33:42.436,416.3844727560461,1001
2024-09-18 11:33:42.479,416.3628577808471,1002
2024-09-18 11:33:42.484,-416.37441425611473,98
2024-09-18 11:33:42.579,416.39097978103416,101
2024-09-18 11:33:42.655,416.3646553944218,98
2024-09-18 11:33:42.775,416.36636438358175,102
2024-09-18 11:33:42.783,416.3566051947704,96
2024-09-18 11:33:42.789,416.3716391933912,7
2024-09-18 11:33:42.852,416.3436726533333,996
2024-09-18 11:33:42.915,416.3510191438943,1000
2024-09-18 11:33:42.959,416.36325262762966,15
2024-09-18 11:33:43.021,416.3328502601069,96
2024-09-18 11:33:43.032,416.38212723450914,997
2024-09-18 11:33:43.051,416.323003692394,13
2024-09-18 11:33:43.067,416.38369722626646,105
2024-09-18 11:33:43.122,416.3378342847372,1005
2024-09-18 11:33:43.158,416.364088920861,995
2024-09-18 11:33:43.270,416.3693091693127,104
2024-09-18 11:33:43.360,416.37544250687904,105
2024-09-18 11:33:43.492,416.36699088956135,12
2024-09-18 11:33:43.496,416.362574262269,1005
2024-09-18 11:33:43.497,416.3668619489573,996
2024-09-18 11:33:43.507,416.3682067747233,104
2024-09-18 11:33:43.511,41.63262861578801,1005
2024-09-18 11:33:43.534,416.3443686847508,6
2024-09-18 11:33:43.599,416.39127429915976,13
2024-09-18 11:33:43.614,416.3503742518032,11
2024-09-18 11:33:43.683,416.3291024550224,1000
2024-09-18 11:33:43.718,416.364440773144,1001
2024-09-18 11:33:43.724,416.38173088607545,999
2024-09-18 11:33:43.728,416.3871074395342,1004
2024-09-18 11:33:43.739,416.40693280009424,5
2024-09-18 11:33:43.822,416.34749262253285,6
2024-09-18 11:33:43.868,416.3862719981481,1001
2024-09-18 11:33:43.869,416.39956971200456,8
2024-09-18 11:33:43.874,416.3522426055505,104
2024-09-18 11:33:43.886,416.345329677915,5
2024-09-18 11:33:43.973,416.3574085598455,5
2024-09-18 11:33:43.987,416.3877126465442,1003
2024-09-18 11:33:44.000,416.3143099905937,101
2024-09-18 11:33:44.088,416.3946144584909,1000
2024-09-18 11:33:44.154,416.3709115046635,9
2024-09-18 11:33:44.261,416.3291203672388,101
2024-09-18 11:33:44.318,416.4169064506201,102
2024-09-18 11:33:44.333,416.384332099532,11
2024-09-18 11:33:44.449,416.3431710927792,8
2024-09-18 11:33:44.454,416.3240788829245,13
2024-09-18 11:33:44.465,416.40757785768943,7
2024-09-18 11:33:44.478,416.3825841598243,9
2024-09-18 11:33:44.509,416.41308053060914,12
2024-09-18 11:33:44.581,416.4062161244729,15
2024-09-18 11:33:44.648,416.36215144561646,98
2024-09-18 11:33:44.673,416.35087282824594,1001
2024-09-18 11:33:44.695,416.4114725475472,97
2024-09-18 11:33:44.791,416.3518267371575,1001
2024-09-18 11:33:44.799,416.3886488812432,998
2024-09-18 11:33:44.822,416.31418192074506,102
2024-09-18 11:33:44.825,416.4048493647937,99
2024-09-18 11:33:44.850,416.414262575701,999
2024-09-18 11:33:44.922,416.4171162970135,97
2024-09-18 11:33:44.937,41.6353442924455,105
2024-09-18 11:33:45.017,416.2608646756,6
2024-09-18 11:33:45.024,416.257113817996,95
2024-09-18 11:33:45.406,416.30661078984303,998
2024-09-18 11:33:45.530,416.2746631919267,95
2024-09-18 11:33:45.625,416.3189465980533,104
2024-09-18 11:33:45.793,416.2917649483617,1005
2024-09-18 11:33:45.825,416.2827312743123,1005
2024-09-18 11:33:45.842,416.3213660469997,999
2024-09-18 11:33:45.896,416.2567771142635,98
2024-09-18 11:33:46.057,416.2589325330811,103
2024-09-18 11:33:46.222,416.21668277280776,9
2024-09-18 11:33:46.249,416.2100617810059,105
2024-09-18 11:33:46.346,416.208082765966,10
2024-09-18 11:33:46.363,416.264377451069,11
2024-09-18 11:33:46.368,416.23995751958,11
2024-09-18 11:33:46.401,416.21687310218033,100
2024-09-18 11:33:46.477,416.23122641543387,13
2024-09-18 11:33:46.487,416.2446689389809,999
2024-09-18 11:33:46.493,416.2073471304462,11
2024-09-18 11:33:46.575,416.2663766165413,103
2024-09-18 11:33:46.691,416.2009144173282,9
2024-09-18 11:33:46.811,416.2778723843411,8
2024-09-18 11:33:46.852,416.2600063596385,7
2024-09-18 11:33:46.901,416.2227156894458,1000
2024-09-18 11:33:47.026,416.2796119772948,8
2024-09-18 11:33:47.042,416.1839575304453,1002
2024-09-18 11:33:47.074,416.2698880538645,95
2024-09-18 11:33:47.194,416.2018127965037,8
2024-09-18 11:33:47.263,-416.275599307234,15
2024-09-18 11:33:47.288,416.2335447704714,1000
2024-09-18 11:33:47.497,416.2512260527304,997
2024-09-18 11:33:47.549,416.1907416691199,1001
2024-09-18 11:33:47.558,416.2767113780443,100
2024-09-18 11:33:47.582,416.181437001117,1001
2024-09-18 11:33:47.734,416.2347431053079,996
2024-09-18 11:33:47.832,416.2750410550135,12
2024-09-18 11:33:47.856,416.181777553314,8
2024-09-18 11:33:47.928,416.2075630868241,1005
2024-09-18 11:33:47.963,,1002
2024-09-18 11:33:47.989,416.2661851025601,1004
2024-09-18 11:33:48.189,416.206957347584,98
2024-09-18 11:33:48.221,416.24777752851946,8
2024-09-18 11:33:48.327,416.207663717168,1003
2024-09-18 11:33:48.389,416.22200167174816,97
2024-09-18 11:33:48.447,416.2108910473864,14
2024-09-18 11:33:48.479,416.318049940806,9
2024-09-18 11:33:48.525,416.2419383671548,100
2024-09-18 11:33:48.573,416.2150805521985,1005
2024-09-18 11:33:48.698,416.25162610243393,1004
2024-09-18 11:33:48.706,416.28898849699,6
2024-09-18 11:33:48.763,416.2599861209187,103
2024-09-18 11:33:48.809,416.2420510529515,1001
2024-09-18 11:33:48.879,416.3054689923962,98
2024-09-18 11:33:49.104,416.3501979613094,95
2024-09-18 11:33:49.264,416.2784873593059,1004
2024-09-18 11:33:49.299,416.3216644548082,14
2024-09-18 11:33:49.339,416.3013316937773,5
2024-09-18 11:33:49.352,416.3122010130172,103
2024-09-18 11:33:49.486,,15
2024-09-18 11:33:49.649,416.3546666715207,9
2024-09-18 11:33:49.718,416.3305430717917,11
2024-09-18 11:33:49.788,416.2757078233747,101
2024-09-18 11:33:49.801,416.2987540333714,1001
2024-09-18 11:33:49.823,41.628436133858514,999
2024-09-18 11:33:49.832,416.2989620171424,1004
2024-09-18 11:33:49.889,416.3257158393646,9
2024-09-18 11:33:49.903,416.33774520476464,1003
2024-09-18 11:33:49.970,416.3464623630017,5
2024-09-18 11:33:50.148,416.3199750332993,5
2024-09-18 11:33:50.258,416.3453433480508,99
2024-09-18 11:33:50.281,416.267004202998,96
2024-09-18 11:33:50.287,416.3237484843416,1005
2024-09-18 11:33:50.300,416.3161131645743,8
2024-09-18 11:33:50.315,416.26506462545336,9
2024-09-18 11:33:50.322,416.29853811674167,8
2024-09-18 11:33:50.370,416.29592547507167,1003
2024-09-18 11:33:50.494,416.3144794643582,995
2024-09-18 11:33:50.503,416.3126686530951,997
2024-09-18 11:33:50.673,416.3160640086744,100
2024-09-18 11:33:50.866,416.328110154754,12
2024-09-18 11:33:50.909,416.2869379544214,1005
2024-09-18 11:33:51.018,416.2510996311624,6
2024-09-18 11:33:51.536,-416.2284935297652,995
2024-09-18 11:33:51.700,416.2297213507878,101
2024-09-18 11:33:51.741,416.1918139673571,999
2024-09-18 11:33:51.746,416.1949140072573,95
2024-09-18 11:33:52.434,416.1856956623717,100
2024-09-18 11:33:52.762,416.184013079981,98
2024-09-18 11:33:52.767,416.1835178677064,105
2024-09-18 11:33:52.793,416.10720579559137,1005
2024-09-18 11:33:52.830,416.1239714621252,998
2024-09-18 11:33:52.834,416.15032149091337,103
2024-09-18 11:33:52.842,416.18901142598907,1004
2024-09-18 11:33:52.900,416.2050038277175,1000
2024-09-18 11:33:52.990,416.1797695972063,12
2024-09-18 11:33:53.054,416.0630377841544,10
2024-09-18 11:33:53.072,416.0752764772448,102
2024-09-18 11:33:53.136,416.1394441773833,102
2024-09-18 11:33:53.158,416.09220580175617,100
2024-09-18 11:33:53.273,416.1192478650286,999
2024-09-18 11:33:53.318,416.061006805779,10
2024-09-18 11:33:53.336,416.08644225677085,999
2024-09-18 11:33:53.404,416.1368112096981,9
2024-09-18 11:33:53.455,416.0744940530746,14
2024-09-18 11:33:53.655,416.0604938241839,5
2024-09-18 11:33:53.705,416.0829530449184,15
2024-09-18 11:33:53.752,416.104924290384,103
2024-09-18 11:33:53.814,416.12205122505446,1001
2024-09-18 11:33:53.906,416.112293971538,1003
2024-09-18 11:33:53.965,416.11356351759787,6
2024-09-18 11:33:53.971,416.09501035262,14
2024-09-18 11:33:54.001,416.08527217477,7
2024-09-18 11:33:54.024,416.0964436510458,99
2024-09-18 11:33:54.027,416.0759804827988,996
2024-09-18 11:33:54.069,416.04477540304185,1000
2024-09-18 11:33:54.093,416.0562409783494,1000
2024-09-18 11:33:54.103,416.0575556738789,8
2024-09-18 11:33:54.244,416.060858745884,1004
2024-09-18 11:33:54.290,416.1185994437423,1005
2024-09-18 11:33:54.362,416.0743036201718,997
2024-09-18 11:33:54.384,416.0842038950324,98
2024-09-18 11:33:54.398,416.0738427050243,997
2024-09-18 11:33:54.406,416.121978197009,999
2024-09-18 11:33:54.408,416.0902651474235,1005
2024-09-18 11:33:54.515,416.11669447630766,995
2024-09-18 11:33:54.590,416.1168513259494,15
2024-09-18 11:33:54.598,416.0430878137912,12
2024-09-18 11:33:54.630,416.07925082623575,103
2024-09-18 11:33:54.657,416.03530721550095,9
2024-09-18 11:33:54.712,416.1228609057905,100
2024-09-18 11:33:54.752,416.051320400286,12
2024-09-18 11:33:54.854,416.1127061349585,1000
2024-09-18 11:33:54.859,416.0918091391047,14
2024-09-18 11:33:55.115,416.0885784759502,102
2024-09-18 11:33:55.138,416.0709985754275,1003
2024-09-18 11:33:55.183,416.0978143885992,9
2024-09-18 11:33:55.210,416.06820754425087,999
2024-09-18 11:33:55.213,416.0307436153883,997
2024-09-18 11:33:55.233,416.0463404100132,6
2024-09-18 11:33:55.240,416.0753521580143,5
2024-09-18 11:33:55.262,416.0725562346005,98
2024-09-18 11:33:55.262,416.0998475164108,1000
2024-09-18 11:33:55.318,416.06058458590985,1002
2024-09-18 11:33:55.405,416.0995456816513,103
2024-09-18 11:33:55.428,416.05374562693794,5
2024-09-18 11:33:55.444,416.0798815354164,995
2024-09-18 11:33:55.458,416.06378905139206,1005
2024-09-18 11:33:55.472,416.04151423247913,1004
2024-09-18 11:33:55.538,416.0658662901086,14
2024-09-18 11:33:55.570,416.0577585413689,1001
2024-09-18 11:33:55.626,416.05259665747496,11
2024-09-18 11:33:55.742,416.0730166988798,1004
2024-09-18 11:33:55.750,416.1044601207822,1001
2024-09-18 11:33:55.779,416.0573306512091,997
2024-09-18 11:33:55.810,416.0917539833412,1004
2024-09-18 11:33:55.828,416.0521985307277,1000
2024-09-18 11:33:55.851,416.0607990856761,996
2024-09-18 11:33:55.929,416.0613452700308,996
2024-09-18 11:33:55.933,416.0913966528796,105
2024-09-18 11:33:55.942,416.0562831188333,101
2024-09-18 11:33:55.970,416.0657303255056,97
2024-09-18 11:33:55.992,416.08741284893296,5
2024-09-18 11:33:56.015,416.0753324350414,12
2024-09-18 11:33:56.336,416.096386544079,103
2024-09-18 11:33:56.348,41.60851113411682,99
2024-09-18 11:33:56.389,416.0917277111038,14
2024-09-18 11:33:56.482,416.0879156665257,104
2024-09-18 11:33:56.526,416.06877482362194,103
2024-09-18 11:33:56.685,416.0805020667472,9
2024-09-18 11:33:56.797,416.0889329124888,5
2024-09-18 11:33:56.976,416.0928648228917,95
2024-09-18 11:33:57.080,416.0384109683105,95
2024-09-18 11:33:57.106,416.019191241266,995
2024-09-18 11:33:57.183,416.0973123787694,1000
2024-09-18 11:33:57.228,416.0625176205293,10
2024-09-18 11:33:57.253,416.0413605373383,95
2024-09-18 11:33:57.307,416.03491826814906,998
2024-09-18 11:33:57.357,416.0726148945304,997
2024-09-18 11:33:57.453,416.0577434720173,6
2024-09-18 11:33:57.454,416.0509686757693,1005
2024-09-18 11:33:57.508,416.0280431009487,999
2024-09-18 11:33:57.531,416.0710643501381,7
2024-09-18 11:33:57.570,416.0767534365446,15
2024-09-18 11:33:57.598,416.0470241730154,10
2024-09-18 11:33:57.629,416.06034652167926,10
2024-09-18 11:33:57.650,416.0477275359482,11
2024-09-18 11:33:57.731,416.0630282760191,998
2024-09-18 11:33:57.871,416.0620292636406,97
2024-09-18 11:33:57.922,416.0675512300281,98
2024-09-18 11:33:57.974,416.0441504355736,95
2024-09-18 11:33:58.223,416.089063625844,1000
2024-09-18 11:33:58.247,416.06623477203226,995
2024-09-18 11:33:58.272,416.0849884492316,97
2024-09-18 11:33:58.330,416.0759843805383,101
2024-09-18 11:33:58.382,416.09712645066526,7
2024-09-18 11:33:58.434,416.10771127193374,1004
2024-09-18 11:33:58.652,-416.0534386891617,8
2024-09-18 11:33:58.864,416.0847224291025,7
2024-09-18 11:33:58.924,416.0454353536076,1005
2024-09-18 11:33:59.132,416.1196979848664,97
2024-09-18 11:33:59.155,416.0888402293645,996
2024-09-18 11:33:59.239,416.0798657765141,8
2024-09-18 11:33:59.641,416.079080931119,10
2024-09-18 11:33:59.667,416.101612341828,1005
2024-09-18 11:33:59.679,416.1038181966634,8
2024-09-18 11:33:59.707,416.0869037409639,104
2024-09-18 11:33:59.751,416.0704947821782,6
2024-09-18 11:33:59.812,,15
2024-09-18 11:33:59.914,416.1076301114686,101
2024-09-18 11:33:59.915,416.1095297504054,995
2024-09-18 11:33:59.918,416.0925845484098,999
2024-09-18 11:33:59.953,416.09215399488704,102
