Timestamp,Price,Size
2024-09-20 15:34:00.013,428.606681473088,15
2024-09-20 15:34:00.044,428.63696511848775,998
2024-09-20 15:34:00.143,428.6159950951625,997
2024-09-20 15:34:00.216,428.62515432873073,99
2024-09-20 15:34:00.297,428.6117939173989,6
2024-09-20 15:34:00.382,-428.7151588478347,1000
2024-09-20 15:34:00.435,428.69734516607735,96
2024-09-20 15:34:00.598,428.6183435274434,101
2024-09-20 15:34:00.599,428.6894999826213,998
2024-09-20 15:34:00.600,42.86017227133176,98
2024-09-20 15:34:00.640,428.6230208559069,5
2024-09-20 15:34:00.687,428.610145398797,996
2024-09-20 15:34:00.700,428.6108917664969,997
2024-09-20 15:34:00.705,428.6089327907983,999
2024-09-20 15:34:00.722,428.6607944831112,103
2024-09-20 15:34:00.837,428.6312664655155,103
2024-09-20 15:34:00.889,428.6238744210767,101
2024-09-20 15:34:00.940,428.6245897884446,12
2024-09-20 15:34:00.955,428.6223873236806,13
2024-09-20 15:34:00.990,428.6858846574679,103
2024-09-20 15:34:01.062,428.5750790985059,12
2024-09-20 15:34:01.326,428.59845533381855,997
2024-09-20 15:34:01.401,428.5686091514181,14
2024-09-20 15:34:01.665,428.5666418144002,105
2024-09-20 15:34:01.863,428.5751166003525,1003
2024-09-20 15:34:02.191,428.565865106785,998
2024-09-20 15:34:02.240,428.5662676507532,11
2024-09-20 15:34:02.782,428.55126403789177,15
2024-09-20 15:34:02.936,428.5696577362282,14
2024-09-20 15:34:03.005,428.5445915365082,1001
2024-09-20 15:34:03.184,428.52235940802944,7
2024-09-20 15:34:03.220,428.5565840114412,101
2024-09-20 15:34:03.339,428.5531938902131,15
2024-09-20 15:34:03.427,428.5365996508948,5
2024-09-20 15:34:03.431,428.50089268062175,5
2024-09-20 15:34:03.645,428.5466611144447,1003
2024-09-20 15:34:03.646,428.499626712749,98
2024-09-20 15:34:03.708,428.5284388747558,104
2024-09-20 15:34:03.756,428.5418402428084,99
2024-09-20 15:34:03.876,428.540570654342,101
2024-09-20 15:34:03.882,428.4993541574236,96
2024-09-20 15:34:04.020,428.4698057111522,95
2024-09-20 15:34:04.078,428.48736151300005,1003
2024-09-20 15:34:04.233,428.4587082403014,99
2024-09-20 15:34:04.379,428.4584181582629,1001
2024-09-20 15:34:04.433,428.4819580714776,97
2024-09-20 15:34:04.773,428.4751680261996,996
2024-09-20 15:34:04.826,428.4939934909311,15
2024-09-20 15:34:04.966,428.4896824635708,999
2024-09-20 15:34:05.681,428.47493091409655,15
2024-09-20 15:34:05.728,428.4717949126335,999
2024-09-20 15:34:05.763,,104
2024-09-20 15:34:05.865,428.4623393867104,995
2024-09-20 15:34:05.890,428.4677983681979,15
2024-09-20 15:34:05.956,428.4857073415945,1004
2024-09-20 15:34:05.965,428.4750673316005,11
2024-09-20 15:34:05.992,428.4703855630464,99
2024-09-20 15:34:06.018,428.4128776845696,999
2024-09-20 15:34:06.043,428.433489586013,15
2024-09-20 15:34:06.087,428.4415523929801,97
2024-09-20 15:34:06.114,428.4516157269632,97
2024-09-20 15:34:06.117,428.42837449650426,104
2024-09-20 15:34:06.127,428.4172139855692,999
2024-09-20 15:34:06.145,428.4480298747382,998
2024-09-20 15:34:06.169,428.4455816673224,1002
2024-09-20 15:34:06.196,428.4763047508404,6
2024-09-20 15:34:06.210,428.4052114181003,997
2024-09-20 15:34:06.269,428.41088603433616,104
2024-09-20 15:34:06.303,428.39922314611016,996
2024-09-20 15:34:06.368,428.4595687633353,100
2024-09-20 15:34:06.390,,6
2024-09-20 15:34:06.488,428.46525184811566,10
2024-09-20 15:34:06.492,428.4183380943472,10
2024-09-20 15:34:06.525,428.4758056051377,999
2024-09-20 15:34:06.566,428.42083678888224,1003
2024-09-20 15:34:06.656,428.40635224768056,13
2024-09-20 15:34:06.660,428.40011333386,5
2024-09-20 15:34:06.688,428.3953391623692,15
2024-09-20 15:34:06.782,428.4040674436687,1000
2024-09-20 15:34:06.822,428.4277110696674,102
2024-09-20 15:34:06.827,428.4314305999343,95
2024-09-20 15:34:06.880,428.4093263878202,1005
2024-09-20 15:34:06.898,428.4285697882639,104
2024-09-20 15:34:06.941,428.4517034290443,100
2024-09-20 15:34:06.956,428.3979059601148,1002
2024-09-20 15:34:06.967,428.4583060802577,996
2024-09-20 15:34:06.977,428.4491567494883,9
2024-09-20 15:34:07.022,428.4469472149478,11
2024-09-20 15:34:07.022,428.4290442752351,1001
2024-09-20 15:34:07.041,428.4591736551079,995
2024-09-20 15:34:07.253,428.4682400545912,101
2024-09-20 15:34:07.287,428.4603919274091,102
2024-09-20 15:34:07.309,428.4629293204552,15
2024-09-20 15:34:07.394,428.4627424735225,12
2024-09-20 15:34:07.404,428.4395646758104,100
2024-09-20 15:34:07.419,428.4596884277513,103
2024-09-20 15:34:07.437,428.4422091474319,12
2024-09-20 15:34:07.444,428.4400982873684,998
2024-09-20 15:34:07.556,-428.445873403858,996
2024-09-20 15:34:07.615,428.4645750212348,998
2024-09-20 15:34:07.750,428.4216803339232,996
2024-09-20 15:34:07.808,428.4162594988008,95
2024-09-20 15:34:07.915,428.44056411674,14
2024-09-20 15:34:07.937,428.4284663942898,7
2024-09-20 15:34:07.941,428.4302014294725,1001
2024-09-20 15:34:07.947,428.4314956621489,101
2024-09-20 15:34:07.955,428.4276070065882,1001
2024-09-20 15:34:07.959,428.43102907781895,999
2024-09-20 15:34:07.990,428.463573638147,8
2024-09-20 15:34:08.005,428.48165296454135,1000
2024-09-20 15:34:08.006,428.4258422511136,14
2024-09-20 15:34:08.164,428.4612567072312,996
2024-09-20 15:34:08.330,428.4341721214904,11
2024-09-20 15:34:08.350,428.45935408856514,104
2024-09-20 15:34:08.441,428.4444052495811,5
2024-09-20 15:34:08.478,428.4282464153192,997
2024-09-20 15:34:08.492,428.43178871362073,998
2024-09-20 15:34:08.526,428.4331314864591,99
2024-09-20 15:34:08.718,428.4274549729982,6
2024-09-20 15:34:08.809,428.4627415838572,6
2024-09-20 15:34:08.845,428.4329440698671,95
2024-09-20 15:34:08.861,428.4377356922127,1005
2024-09-20 15:34:08.863,428.4390675848992,11
2024-09-20 15:34:09.147,428.4057770110674,1003
2024-09-20 15:34:09.361,428.4202203081461,104
2024-09-20 15:34:09.872,428.4212022319769,97
2024-09-20 15:34:11.096,428.3948590406417,1002
2024-09-20 15:34:11.096,428.438186400185,1002
2024-09-20 15:34:11.119,428.3857620027421,15
2024-09-20 15:34:11.121,428.3900808476765,1003
2024-09-20 15:34:11.263,428.3935188393011,998
2024-09-20 15:34:11.277,428.4208240280655,10
2024-09-20 15:34:11.282,428.3829504198869,13
2024-09-20 15:34:11.287,428.3805998406809,100
2024-09-20 15:34:11.315,428.41065306417846,105
2024-09-20 15:34:11.368,428.3871494101216,998
2024-09-20 15:34:11.370,428.4125875253764,104
2024-09-20 15:34:11.426,428.4123363516636,11
2024-09-20 15:34:11.454,428.3724927384311,5
2024-09-20 15:34:11.457,428.389327980324,105
2024-09-20 15:34:11.509,428.39501900401393,1003
2024-09-20 15:34:11.509,428.411206909902,995
2024-09-20 15:34:11.519,428.4193942404689,14
2024-09-20 15:34:11.585,428.40841171523977,97
2024-09-20 15:34:11.645,428.3851933558693,97
2024-09-20 15:34:11.655,428.38701004388815,95
2024-09-20 15:34:11.659,428.3725803549787,997
2024-09-20 15:34:11.681,428.3921762427548,97
2024-09-20 15:34:11.741,428.4130654870797,1002
2024-09-20 15:34:11.749,428.411362813354,1005
2024-09-20 15:34:11.780,428.41790482923625,1001
2024-09-20 15:34:11.880,428.3965760320818,101
2024-09-20 15:34:11.911,428.4134654630644,104
2024-09-20 15:34:11.937,428.37645497324814,99
2024-09-20 15:34:11.946,428.387251867497,96
2024-09-20 15:34:12.052,428.4213667801489,99
2024-09-20 15:34:12.094,428.4297446141052,105
2024-09-20 15:34:12.169,428.4378578269376,14
2024-09-20 15:34:12.192,428.4174007921213,101
2024-09-20 15:34:12.412,428.43047076089056,1003
2024-09-20 15:34:12.536,428.4271260382917,1000
2024-09-20 15:34:12.570,428.4323520938364,103
2024-09-20 15:34:12.596,428.4428177763593,98
2024-09-20 15:34:12.597,428.4253646288817,1001
2024-09-20 15:34:12.598,428.440751881207,1003
2024-09-20 15:34:12.610,428.4209474240891,1003
2024-09-20 15:34:12.766,428.4525889616199,999
2024-09-20 15:34:12.889,428.4337993295355,12
2024-09-20 15:34:12.889,428.42079155854,11
2024-09-20 15:34:12.946,428.406716694437,99
2024-09-20 15:34:12.966,428.4142247269101,1000
2024-09-20 15:34:12.981,428.4410616908574,101
2024-09-20 15:34:12.990,428.4265475328306,99
2024-09-20 15:34:12.996,428.4364720272028,11
2024-09-20 15:34:13.033,428.3668249461763,97
2024-09-20 15:34:13.120,428.4277963705525,1005
2024-09-20 15:34:13.148,428.42838553024166,101
2024-09-20 15:34:13.154,428.4233489929812,15
2024-09-20 15:34:13.189,428.4134830421007,10
2024-09-20 15:34:13.193,428.39222524616696,101
2024-09-20 15:34:13.200,428.38552296581577,103
2024-09-20 15:34:13.203,428.4185187691601,1001
2024-09-20 15:34:13.257,428.3924757004966,1005
2024-09-20 15:34:13.320,428.42865143423694,9
2024-09-20 15:34:13.327,428.4075231203837,13
2024-09-20 15:34:13.341,428.42052959261446,10
2024-09-20 15:34:13.414,428.4156770061719,996
2024-09-20 15:34:13.453,428.3687017593292,1002
2024-09-20 15:34:13.462,428.38848688024166,6
2024-09-20 15:34:13.504,428.3869007998693,105
2024-09-20 15:34:13.505,428.4356158312078,8
2024-09-20 15:34:13.529,428.4229644456994,9
2024-09-20 15:34:13.563,428.38918429241096,102
2024-09-20 15:34:13.694,428.3857283506021,8
2024-09-20 15:34:13.735,428.42840454441216,12
2024-09-20 15:34:13.824,428.41525826203554,1005
2024-09-20 15:34:13.839,428.3953107742086,998
2024-09-20 15:34:13.858,428.4116249377876,1000
2024-09-20 15:34:13.897,428.4147724866231,15
2024-09-20 15:34:13.918,428.39006502454856,97
2024-09-20 15:34:13.964,,997
2024-09-20 15:34:14.053,428.4592043856617,1005
2024-09-20 15:34:14.072,428.4196488068594,1004
2024-09-20 15:34:14.073,428.4003346293734,15
2024-09-20 15:34:14.194,428.4657521891227,1004
2024-09-20 15:34:14.210,428.3936424197695,995
2024-09-20 15:34:14.262,428.43399000684633,996
2024-09-20 15:34:14.310,428.4505719592872,5
2024-09-20 15:34:14.407,428.4056780787194,95
2024-09-20 15:34:14.564,428.4456253710047,995
2024-09-20 15:34:14.575,428.41899391508974,14
2024-09-20 15:34:14.646,428.3973809261813,105
2024-09-20 15:34:14.907,428.4511603533507,98
2024-09-20 15:34:14.985,428.400539762513,997
2024-09-20 15:34:15.019,428.4536343752518,12
2024-09-20 15:34:15.022,428.4662300007933,99
2024-09-20 15:34:15.036,428.4474377449015,15
2024-09-20 15:34:15.041,428.4381106467925,996
2024-09-20 15:34:15.046,428.4510273527327,101
2024-09-20 15:34:15.087,428.4474741453244,101
2024-09-20 15:34:15.304,428.44150595944825,96
2024-09-20 15:34:15.466,428.4230892142255,11
2024-09-20 15:34:15.491,428.4377770842591,996
2024-09-20 15:34:15.531,428.4238507314477,8
2024-09-20 15:34:15.565,428.453701450417,995
2024-09-20 15:34:15.568,428.4565271008065,997
2024-09-20 15:34:15.600,428.4213980690652,102
2024-09-20 15:34:15.609,428.4703518162311,6
2024-09-20 15:34:15.664,428.4346673898842,1003
2024-09-20 15:34:15.683,428.4440591931553,97
2024-09-20 15:34:15.883,428.4595038445202,1002
2024-09-20 15:34:15.928,428.4410155507513,9
2024-09-20 15:34:17.045,428.4260578506326,95
2024-09-20 15:34:17.081,428.4103072831565,999
2024-09-20 15:34:17.114,428.45427719712274,999
2024-09-20 15:34:17.149,428.4477034599501,1004
2024-09-20 15:34:17.205,428.3589765478555,98
2024-09-20 15:34:17.236,428.4311319764181,104
2024-09-20 15:34:17.278,428.39500354467896,997
2024-09-20 15:34:17.314,428.3977928080698,100
2024-09-20 15:34:17.328,428.4003678224407,96
2024-09-20 15:34:17.333,428.43152316874006,1000
2024-09-20 15:34:17.362,428.4284182705494,12
2024-09-20 15:34:17.390,42.84296199100173,103
2024-09-20 15:34:17.486,428.4129941399048,1002
2024-09-20 15:34:17.497,428.43102046758594,999
2024-09-20 15:34:17.511,428.4387231499263,14
2024-09-20 15:34:17.525,428.4322488716358,6
2024-09-20 15:34:17.539,428.4430123537465,102
2024-09-20 15:34:17.592,428.361725239415,1004
2024-09-20 15:34:17.731,428.431422693975,1002
2024-09-20 15:34:17.738,428.4320015036382,1000
2024-09-20 15:34:17.786,428.46034824708687,105
2024-09-20 15:34:17.824,428.4357653620128,100
2024-09-20 15:34:17.848,428.4117698614433,11
2024-09-20 15:34:17.874,428.36185062064754,14
2024-09-20 15:34:17.900,428.36895818177226,997
2024-09-20 15:34:17.908,428.36252890664906,5
2024-09-20 15:34:17.940,428.3489275514816,104
2024-09-20 15:34:17.941,428.4293794404111,97
2024-09-20 15:34:18.107,428.3492923269893,103
2024-09-20 15:34:18.169,428.32408939300575,103
2024-09-20 15:34:18.215,428.34596282199385,5
2024-09-20 15:34:18.258,428.33576569981904,996
2024-09-20 15:34:18.435,428.3369019203107,15
2024-09-20 15:34:18.506,428.3301561882464,996
2024-09-20 15:34:18.718,428.3544663569661,9
2024-09-20 15:34:18.749,428.3556464691184,997
2024-09-20 15:34:18.902,428.3394143628769,996
2024-09-20 15:34:19.032,,102
2024-09-20 15:34:19.257,428.3353932207936,13
2024-09-20 15:34:19.860,-428.3333804188268,1001
2024-09-20 15:34:20.023,428.3651478007397,105
2024-09-20 15:34:20.029,428.3044042455571,9
2024-09-20 15:34:20.172,428.328920363172,7
2024-09-20 15:34:20.194,428.40534714813873,1005
2024-09-20 15:34:20.283,428.3519941047965,997
2024-09-20 15:34:20.296,428.3633583986806,99
2024-09-20 15:34:20.368,428.43113787174417,999
2024-09-20 15:34:20.371,428.4064957156993,1004
2024-09-20 15:34:20.388,428.3324216632022,103
2024-09-20 15:34:20.441,428.3278854325984,104
2024-09-20 15:34:20.503,428.343796526701,1001
2024-09-20 15:34:20.517,428.3539515028294,999
2024-09-20 15:34:20.518,422.5971664368019,10
2024-09-20 15:34:20.538,428.4133488954595,1004
2024-09-20 15:34:20.546,428.3444144851898,100
2024-09-20 15:34:20.552,428.33710927231806,999
2024-09-20 15:34:20.666,428.4198486108762,98
2024-09-20 15:34:20.690,428.43276932974857,999
2024-09-20 15:34:20.698,428.3566606087917,8
2024-09-20 15:34:20.715,428.418242467088,10
2024-09-20 15:34:20.763,428.32360930505706,97
2024-09-20 15:34:20.860,428.3962750222171,13
2024-09-20 15:34:20.888,428.3589594950984,103
2024-09-20 15:34:21.042,428.4586367999327,995
2024-09-20 15:34:21.104,428.4258190589408,1005
2024-09-20 15:34:21.130,428.4163879247299,1005
2024-09-20 15:34:21.218,428.42945504091176,1003
2024-09-20 15:34:21.280,428.4195585187208,5
2024-09-20 15:34:21.334,428.4446594833644,1003
2024-09-20 15:34:21.384,428.4253114748913,104
2024-09-20 15:34:21.394,428.438730507998,1000
2024-09-20 15:34:21.503,428.42831427529177,7
2024-09-20 15:34:21.516,428.4216911110528,998
2024-09-20 15:34:21.585,428.4219800003902,6
2024-09-20 15:34:21.600,428.4402377863717,997
2024-09-20 15:34:21.741,428.4285218678799,102
2024-09-20 15:34:21.867,428.436076604055,102
2024-09-20 15:34:21.873,428.4566450142766,15
2024-09-20 15:34:21.969,428.42537947180926,98
2024-09-20 15:34:22.010,428.4535113169097,996
2024-09-20 15:34:22.012,428.4089892699449,1001
2024-09-20 15:34:22.045,428.34874902392,997
2024-09-20 15:34:22.065,428.4048090178986,100
2024-09-20 15:34:22.178,428.4360037659925,1003
2024-09-20 15:34:22.214,,103
2024-09-20 15:34:22.240,428.4369293553609,100
2024-09-20 15:34:22.241,428.3838541821461,1005
2024-09-20 15:34:22.243,428.4091162868238,95
2024-09-20 15:34:22.253,428.36469427848544,103
2024-09-20 15:34:22.254,428.4012744605216,13
2024-09-20 15:34:22.341,428.3897911331932,7
2024-09-20 15:34:22.346,428.4400291703291,5
2024-09-20 15:34:22.405,428.3766920544881,995
2024-09-20 15:34:22.560,428.4252822335912,997
2024-09-20 15:34:22.586,428.3638823190943,999
2024-09-20 15:34:22.655,428.4066085075232,14
2024-09-20 15:34:22.710,428.4290618724189,100
2024-09-20 15:34:22.717,428.41571513722414,15
2024-09-20 15:34:22.722,428.359398145613,99
2024-09-20 15:34:22.763,428.4120768563816,1001
2024-09-20 15:34:22.787,428.4129762182522,1005
2024-09-20 15:34:22.813,428.4563525064842,98
2024-09-20 15:34:22.951,428.4189535574491,6
2024-09-20 15:34:22.976,428.4383425495509,11
2024-09-20 15:34:22.979,428.4189555630754,7
2024-09-20 15:34:22.983,428.37208860624537,99
2024-09-20 15:34:22.991,428.4224735218404,98
2024-09-20 15:34:23.037,428.3703162988385,7
2024-09-20 15:34:23.073,428.38368221070107,8
2024-09-20 15:34:23.080,428.3800907429848,99
2024-09-20 15:34:23.269,428.325707644446,104
2024-09-20 15:34:23.308,428.3643932197633,6
2024-09-20 15:34:23.365,428.38755682672047,999
2024-09-20 15:34:23.420,428.3780574186613,104
2024-09-20 15:34:23.468,428.3191874441527,13
2024-09-20 15:34:23.470,422.5621078426082,10
2024-09-20 15:34:23.518,428.3772843821901,12
2024-09-20 15:34:23.565,428.3208119113832,12
2024-09-20 15:34:23.619,428.3259209994413,9
2024-09-20 15:34:23.624,428.3382488890866,1000
2024-09-20 15:34:23.644,428.35116875478326,1005
2024-09-20 15:34:23.650,428.3895949472945,995
2024-09-20 15:34:23.657,428.3380601460916,98
2024-09-20 15:34:23.689,428.3427014804512,8
2024-09-20 15:34:23.727,428.3387381163419,104
2024-09-20 15:34:23.727,428.33485840837375,1002
2024-09-20 15:34:23.754,428.381142264467,105
2024-09-20 15:34:23.758,428.36528993305205,8
2024-09-20 15:34:23.767,428.3567436024509,103
2024-09-20 15:34:23.769,428.3582090730689,100
2024-09-20 15:34:23.770,428.3403991134461,996
2024-09-20 15:34:23.833,428.326565828128,1002
2024-09-20 15:34:23.896,428.330656639024,98
2024-09-20 15:34:23.942,428.3321833884896,1003
2024-09-20 15:34:24.023,428.39826463052776,1005
2024-09-20 15:34:24.091,428.392245638523,13
2024-09-20 15:34:24.120,428.37545842317405,997
2024-09-20 15:34:24.143,428.4027752319423,104
2024-09-20 15:34:24.155,428.37560388966,99
2024-09-20 15:34:24.176,428.3740633699528,997
2024-09-20 15:34:24.323,428.3727449012057,10
2024-09-20 15:34:24.366,428.3962880605079,1003
2024-09-20 15:34:24.770,428.3681400891656,1005
2024-09-20 15:34:24.857,428.3580422975177,13
2024-09-20 15:34:24.970,428.3907475162586,1001
2024-09-20 15:34:25.030,428.2751527606815,9
2024-09-20 15:34:25.071,428.2710944092018,12
2024-09-20 15:34:25.072,428.364326662422,98
2024-09-20 15:34:25.175,428.2886048821248,11
2024-09-20 15:34:25.181,428.27670807317486,95
2024-09-20 15:34:25.201,428.335532555762,8
2024-09-20 15:34:25.246,428.29069772320383,1005
2024-09-20 15:34:25.255,428.2962238711066,6
2024-09-20 15:34:25.271,428.2602486121477,996
2024-09-20 15:34:25.323,428.3769622640535,1004
2024-09-20 15:34:25.355,428.31230944248273,995
2024-09-20 15:34:25.373,428.2800124433053,96
2024-09-20 15:34:25.403,428.2692285947118,9
2024-09-20 15:34:25.408,428.2705925476756,14
2024-09-20 15:34:25.445,428.28926520132296,5
2024-09-20 15:34:25.446,428.2727870001907,996
2024-09-20 15:34:25.501,428.3081074170567,10
2024-09-20 15:34:25.510,428.2716935085446,5
2024-09-20 15:34:25.539,428.2671215441797,99
2024-09-20 15:34:25.569,428.3687718132319,997
2024-09-20 15:34:25.596,428.3398288883578,10
2024-09-20 15:34:25.629,428.280667998823,10
2024-09-20 15:34:25.744,428.2787185944471,1001
2024-09-20 15:34:25.789,428.2778418145577,8
2024-09-20 15:34:25.796,428.375937689965,10
2024-09-20 15:34:25.807,428.3173279715192,1004
2024-09-20 15:34:25.878,428.2978675847448,103
2024-09-20 15:34:25.941,428.27210384768017,14
2024-09-20 15:34:25.995,428.29240744807805,997
2024-09-20 15:34:26.207,428.2996343857301,102
2024-09-20 15:34:26.258,428.2806247357092,9
2024-09-20 15:34:26.455,428.29332096779314,995
2024-09-20 15:34:26.461,428.2911447130151,13
2024-09-20 15:34:26.600,428.288783662746,10
2024-09-20 15:34:26.817,,104
2024-09-20 15:34:27.055,428.2914421251992,999
2024-09-20 15:34:27.066,428.307965524873,10
2024-09-20 15:34:27.092,428.2708145952277,103
2024-09-20 15:34:27.095,428.3241089523854,13
2024-09-20 15:34:27.142,428.2963072902232,9
2024-09-20 15:34:27.145,428.2589677946977,999
2024-09-20 15:34:27.157,428.2693985514284,14
2024-09-20 15:34:27.188,428.2961476826256,96
2024-09-20 15:34:27.203,428.2745379871371,96
2024-09-20 15:34:27.242,428.2538011418301,104
2024-09-20 15:34:27.247,428.3024860631234,1005
2024-09-20 15:34:27.275,428.2871245243811,996
2024-09-20 15:34:27.286,428.31128839836015,96
2024-09-20 15:34:27.465,428.3129604564478,100
2024-09-20 15:34:27.510,428.2923290959226,11
2024-09-20 15:34:27.530,428.3018590403207,1002
2024-09-20 15:34:27.605,428.2569780052796,101
2024-09-20 15:34:27.644,428.2857654532999,15
2024-09-20 15:34:27.653,428.29304010197154,11
2024-09-20 15:34:27.694,428.3090430004412,15
2024-09-20 15:34:27.703,428.287817911269,103
2024-09-20 15:34:27.743,428.31251663100073,10
2024-09-20 15:34:27.826,428.320832206604,105
2024-09-20 15:34:27.890,428.3228062400857,99
2024-09-20 15:34:27.906,428.24619671461465,1002
2024-09-20 15:34:27.944,428.2838815262657,1001
2024-09-20 15:34:27.955,428.2728797238223,99
2024-09-20 15:34:27.988,428.3265880047487,103
2024-09-20 15:34:28.303,428.3100848614296,13
2024-09-20 15:34:28.325,428.3409571414512,996
2024-09-20 15:34:28.594,428.32617042473737,1005
2024-09-20 15:34:28.679,428.3179956713217,102
2024-09-20 15:34:28.727,428.3082581539891,999
2024-09-20 15:34:29.056,428.3481144783573,997
2024-09-20 15:34:29.072,428.3460843951821,6
2024-09-20 15:34:29.135,428.3365134621739,6
2024-09-20 15:34:29.357,428.3244851073893,1003
2024-09-20 15:34:29.580,428.3625448210148,5
2024-09-20 15:34:29.728,428.3429342591016,104
2024-09-20 15:34:29.882,428.3295850803015,7
2024-09-20 15:34:29.944,428.3491725787619,1004
2024-09-20 15:34:30.024,428.3364340613642,97
2024-09-20 15:34:30.148,428.3042081053597,98
2024-09-20 15:34:30.154,428.36130881951726,1005
2024-09-20 15:34:30.246,428.34510895353446,998
2024-09-20 15:34:30.310,428.3386544715722,7
2024-09-20 15:34:30.327,428.3362290362713,104
2024-09-20 15:34:30.337,428.3374474568392,96
2024-09-20 15:34:30.345,428.35565899586857,6
2024-09-20 15:34:30.383,428.3155994598014,1004
2024-09-20 15:34:30.387,428.3522546657501,99
2024-09-20 15:34:30.399,428.3388651071247,100
2024-09-20 15:34:30.448,428.3454734579619,96
2024-09-20 15:34:30.525,428.3378722155052,98
2024-09-20 15:34:30.586,428.326253087131,15
2024-09-20 15:34:30.597,428.3382544025318,99
2024-09-20 15:34:30.655,428.3616216272105,8
2024-09-20 15:34:30.667,428.3402968085647,103
2024-09-20 15:34:30.703,428.3816764970342,96
2024-09-20 15:34:30.761,428.3464358619575,997
2024-09-20 15:34:30.773,428.34122842322313,97
2024-09-20 15:34:30.778,428.3589184962363,10
2024-09-20 15:34:30.807,428.37315645221406,101
2024-09-20 15:34:30.821,428.33861917247305,15
2024-09-20 15:34:30.822,428.3481770296143,11
2024-09-20 15:34:30.857,428.3743853211027,7
2024-09-20 15:34:30.858,428.3445899797897,1001
2024-09-20 15:34:31.902,428.2962141746143,1000
2024-09-20 15:34:32.001,428.2814250488424,10
2024-09-20 15:34:32.010,428.3517235440369,1004
2024-09-20 15:34:32.119,428.406870953558,103
2024-09-20 15:34:32.128,428.404532308504,101
2024-09-20 15:34:32.173,428.4090761681367,11
2024-09-20 15:34:32.190,428.3571112747757,1003
2024-09-20 15:34:32.235,428.3449139215859,15
2024-09-20 15:34:32.243,428.3456599685625,15
2024-09-20 15:34:32.254,428.41814168890704,95
2024-09-20 15:34:32.262,428.3103840715643,10
2024-09-20 15:34:32.291,428.3454355174413,1005
2024-09-20 15:34:32.315,428.3862215814429,1002
2024-09-20 15:34:32.330,428.3008737069212,7
2024-09-20 15:34:32.341,-428.27092744817867,101
2024-09-20 15:34:32.435,428.2889692572341,105
2024-09-20 15:34:32.506,428.2769026861643,1003
2024-09-20 15:34:32.520,428.3645592679763,998
2024-09-20 15:34:32.540,428.3378476889935,1005
2024-09-20 15:34:32.663,428.26904978566375,15
2024-09-20 15:34:32.771,428.2795718311603,99
2024-09-20 15:34:32.790,428.3828744937528,999
2024-09-20 15:34:32.801,428.3573106436236,102
2024-09-20 15:34:32.820,428.2815900192971,102
2024-09-20 15:34:32.853,428.3414610411375,12
2024-09-20 15:34:32.895,428.3782864928888,97
2024-09-20 15:34:32.927,428.386767656024,98
2024-09-20 15:34:32.932,428.323193882509,12
2024-09-20 15:34:32.942,428.2962285674735,997
2024-09-20 15:34:32.958,428.4057552649319,1002
2024-09-20 15:34:33.010,428.4417739701093,100
2024-09-20 15:34:33.073,428.4282984338378,11
2024-09-20 15:34:33.087,428.4335595168217,7
2024-09-20 15:34:33.133,428.42015514291126,1005
2024-09-20 15:34:33.149,428.4145896804248,103
2024-09-20 15:34:33.246,428.4243125027372,998
2024-09-20 15:34:33.301,428.4290843197013,105
2024-09-20 15:34:33.436,428.428796569172,104
2024-09-20 15:34:33.464,428.4204611609139,1002
2024-09-20 15:34:33.620,428.4041251457781,8
2024-09-20 15:34:33.780,428.4210976318896,13
2024-09-20 15:34:33.793,428.4302952748695,1000
2024-09-20 15:34:33.921,428.42293934084535,14
2024-09-20 15:34:33.978,428.4248580021589,104
2024-09-20 15:34:34.087,428.3802939865079,98
2024-09-20 15:34:34.095,428.37851902208985,1005
2024-09-20 15:34:34.215,428.3843487581765,100
2024-09-20 15:34:34.219,428.3590961798026,105
2024-09-20 15:34:34.236,428.30318933028906,98
2024-09-20 15:34:34.369,428.3403427770564,999
2024-09-20 15:34:34.473,428.3971336960659,98
2024-09-20 15:34:34.485,428.3834118508319,10
2024-09-20 15:34:34.487,428.3702198617049,997
2024-09-20 15:34:34.515,428.3762935464648,95
2024-09-20 15:34:34.524,428.32441090651486,102
2024-09-20 15:34:34.583,428.3591575339362,7
2024-09-20 15:34:34.603,428.3689977509323,997
2024-09-20 15:34:34.607,428.3672632885312,104
2024-09-20 15:34:34.627,428.3968592800573,102
2024-09-20 15:34:34.655,428.3382876766524,11
2024-09-20 15:34:34.716,428.37769837477896,98
2024-09-20 15:34:34.720,428.33696918128976,11
2024-09-20 15:34:34.851,428.3206852215581,1002
2024-09-20 15:34:34.857,428.3840118418503,8
2024-09-20 15:34:34.973,428.3328638370408,97
2024-09-20 15:34:35.047,428.3611470437186,11
2024-09-20 15:34:35.056,428.38072891434,95
2024-09-20 15:34:35.111,428.3490103482405,101
2024-09-20 15:34:35.189,428.3747835332944,105
2024-09-20 15:34:35.228,428.3820091879622,998
2024-09-20 15:34:35.311,428.3742884990649,8
2024-09-20 15:34:35.382,428.3671829416278,12
2024-09-20 15:34:35.621,428.3634848981437,100
2024-09-20 15:34:35.628,428.3622361493032,1000
2024-09-20 15:34:35.792,,13
2024-09-20 15:34:35.858,428.3656661330227,105
2024-09-20 15:34:35.929,428.3808839793201,5
2024-09-20 15:34:36.004,-428.3787647659028,100
2024-09-20 15:34:36.007,428.371952574262,8
2024-09-20 15:34:36.120,428.37854819235554,9
2024-09-20 15:34:36.137,428.3526202633083,1004
2024-09-20 15:34:36.183,428.36466480719525,5
2024-09-20 15:34:36.319,428.3577205088389,11
2024-09-20 15:34:36.381,428.4017502490763,8
2024-09-20 15:34:36.445,428.3691586865576,12
2024-09-20 15:34:36.490,428.36487260527934,995
2024-09-20 15:34:36.708,428.3388654161725,95
2024-09-20 15:34:37.081,428.359407801403,996
2024-09-20 15:34:37.100,428.3438158051816,11
2024-09-20 15:34:37.126,428.3455834807559,15
2024-09-20 15:34:37.262,428.36570888267136,15
2024-09-20 15:34:37.291,428.3453073246136,5
2024-09-20 15:34:37.386,428.3236016421637,13
2024-09-20 15:34:37.389,428.3503469909534,105
2024-09-20 15:34:37.400,428.3527877161141,97
2024-09-20 15:34:37.413,428.35982850698207,98
2024-09-20 15:34:37.447,428.3703829018305,8
2024-09-20 15:34:37.507,428.3510845074918,95
2024-09-20 15:34:37.527,428.35515842332944,14
2024-09-20 15:34:37.593,428.3742922168421,15
2024-09-20 15:34:37.730,428.3600509290402,101
2024-09-20 15:34:37.814,428.34987024875454,105
2024-09-20 15:34:37.854,428.36039806498127,103
2024-09-20 15:34:37.856,428.3555937071319,95
2024-09-20 15:34:37.863,428.3575787722546,6
2024-09-20 15:34:37.886,428.3452594061618,999
2024-09-20 15:34:37.926,428.3294244151118,1005
2024-09-20 15:34:38.034,428.32096000844496,998
2024-09-20 15:34:38.092,428.3549870955552,997
2024-09-20 15:34:38.133,428.3497526076885,11
2024-09-20 15:34:38.170,428.3333463820841,12
2024-09-20 15:34:38.199,428.3304004796125,996
2024-09-20 15:34:38.201,428.3332021203209,998
2024-09-20 15:34:38.211,428.3291616272747,103
2024-09-20 15:34:38.217,428.3612852391369,14
2024-09-20 15:34:38.338,428.3278307944725,100
2024-09-20 15:34:38.401,428.339983123317,95
2024-09-20 15:34:38.414,428.35634682574056,5
2024-09-20 15:34:38.456,428.3473232463945,101
2024-09-20 15:34:38.467,422.3730684690088,100
2024-09-20 15:34:38.514,-428.3366301386882,100
2024-09-20 15:34:38.618,428.3358958389969,102
2024-09-20 15:34:38.620,42.83170220799095,1001
2024-09-20 15:34:38.678,428.357023436478,1002
2024-09-20 15:34:38.703,428.3445586390683,105
2024-09-20 15:34:38.849,428.3427919953049,15
2024-09-20 15:34:38.899,428.3519812277679,5
2024-09-20 15:34:38.930,428.3541681774021,99
2024-09-20 15:34:38.939,428.3299933882534,100
2024-09-20 15:34:39.044,428.32853278359767,1004
2024-09-20 15:34:39.084,428.3423078651749,97
2024-09-20 15:34:39.247,428.32316951004856,98
2024-09-20 15:34:39.250,428.361791077557,99
2024-09-20 15:34:39.361,428.3342102834398,14
2024-09-20 15:34:39.478,428.33903136124906,9
2024-09-20 15:34:39.483,428.3345887156474,11
2024-09-20 15:34:39.608,428.3178017487352,11
2024-09-20 15:34:39.633,428.3086549473251,13
2024-09-20 15:34:39.672,428.3181081787641,7
2024-09-20 15:34:39.690,428.3293035969123,12
2024-09-20 15:34:39.708,428.3562332387396,104
2024-09-20 15:34:39.733,428.3410130162741,102
2024-09-20 15:34:39.741,428.3354537773306,105
2024-09-20 15:34:39.751,428.347942873262,99
2024-09-20 15:34:39.809,428.35746233926,96
2024-09-20 15:34:39.815,428.3308020363372,95
2024-09-20 15:34:39.970,428.3164887031716,102
2024-09-20 15:34:40.067,428.3539930982801,98
2024-09-20 15:34:40.158,428.3599785970049,96
2024-09-20 15:34:40.229,428.37876210777273,998
2024-09-20 15:34:40.769,-428.3664464119333,11
2024-09-20 15:34:40.998,,101
2024-09-20 15:34:41.126,428.3878367608298,99
2024-09-20 15:34:41.244,428.3707133165193,1001
2024-09-20 15:34:41.616,428.3792189635032,5
2024-09-20 15:34:41.729,428.3844433094157,13
2024-09-20 15:34:41.768,428.37067992897954,10
2024-09-20 15:34:41.869,428.3672113764439,995
2024-09-20 15:34:41.902,428.3532284018251,96
2024-09-20 15:34:42.081,428.3838817929246,103
2024-09-20 15:34:42.100,428.3379644578847,1002
2024-09-20 15:34:42.117,428.30978447177023,95
2024-09-20 15:34:42.130,428.36440807571785,996
2024-09-20 15:34:42.151,428.2791513185015,1002
2024-09-20 15:34:42.177,428.2936177057708,98
2024-09-20 15:34:42.218,428.3158729807992,1002
2024-09-20 15:34:42.348,428.2846081423937,995
2024-09-20 15:34:42.388,428.27565073175685,998
2024-09-20 15:34:42.391,428.35596260469134,1000
2024-09-20 15:34:42.402,-428.3623931418848,99
2024-09-20 15:34:42.446,428.25981799377456,5
2024-09-20 15:34:42.456,428.3104173383924,97
2024-09-20 15:34:42.509,428.2728846958898,1000
2024-09-20 15:34:42.557,428.3533330576604,8
2024-09-20 15:34:42.636,428.255255985328,15
2024-09-20 15:34:42.641,428.33763573071246,1001
2024-09-20 15:34:42.669,428.2749989226617,998
2024-09-20 15:34:42.701,428.3268799022148,95
2024-09-20 15:34:42.736,428.3703751700307,97
2024-09-20 15:34:42.742,428.2800357022427,996
2024-09-20 15:34:42.745,428.3821300391709,5
2024-09-20 15:34:42.791,42.835391130180106,98
2024-09-20 15:34:42.836,,7
2024-09-20 15:34:42.918,428.3312276651469,11
2024-09-20 15:34:42.938,428.297233297134,1001
2024-09-20 15:34:42.951,428.3506841523098,13
2024-09-20 15:34:42.959,428.2935876436218,14
2024-09-20 15:34:42.964,428.338447411906,14
2024-09-20 15:34:43.157,428.3321647174311,999
2024-09-20 15:34:43.238,428.3208247166669,100
2024-09-20 15:34:43.412,428.30753370994057,11
2024-09-20 15:34:43.517,428.31214204459656,999
2024-09-20 15:34:43.543,428.3294053474266,14
2024-09-20 15:34:43.623,428.3246785697239,1002
2024-09-20 15:34:43.722,,97
2024-09-20 15:34:43.749,422.3508473636296,6
2024-09-20 15:34:43.769,428.31488115919694,999
2024-09-20 15:34:43.795,422.3549387662097,1002
2024-09-20 15:34:43.856,428.33766645430745,104
2024-09-20 15:34:43.937,428.3059867809142,14
2024-09-20 15:34:43.996,428.3125172839252,96
2024-09-20 15:34:44.022,428.2856552829599,1003
2024-09-20 15:34:44.023,428.2859358151984,999
2024-09-20 15:34:44.047,428.3369491809423,1002
2024-09-20 15:34:44.098,428.2862685860852,100
2024-09-20 15:34:44.132,428.2886155658656,1001
2024-09-20 15:34:44.194,428.29779773938594,98
2024-09-20 15:34:44.216,428.3301746907337,100
2024-09-20 15:34:44.228,428.2921195898535,5
2024-09-20 15:34:44.275,428.3018618474863,15
2024-09-20 15:34:44.275,428.2960336691938,1003
2024-09-20 15:34:44.292,428.35013540795086,995
2024-09-20 15:34:44.327,428.324182317767,7
2024-09-20 15:34:44.381,428.3039162231622,100
2024-09-20 15:34:44.415,428.3392311415592,100
2024-09-20 15:34:44.466,428.3321714442023,9
2024-09-20 15:34:44.546,42.83502411545777,100
2024-09-20 15:34:44.596,428.2999856377523,13
2024-09-20 15:34:44.638,428.3064337494614,97
2024-09-20 15:34:44.683,428.3010792898112,7
2024-09-20 15:34:44.686,428.29059728098304,97
2024-09-20 15:34:44.708,428.2834281248392,995
2024-09-20 15:34:44.843,428.3539991665948,11
2024-09-20 15:34:44.866,428.3365218849486,1000
2024-09-20 15:34:44.922,428.3336876539736,5
2024-09-20 15:34:44.923,428.284366679026,104
2024-09-20 15:34:44.924,428.2943479342685,998
2024-09-20 15:34:44.972,428.29885348361177,1004
2024-09-20 15:34:44.991,428.331063891179,5
2024-09-20 15:34:45.106,428.3515808656956,95
2024-09-20 15:34:45.131,428.3645588377129,99
2024-09-20 15:34:45.228,428.3576742347136,8
2024-09-20 15:34:45.268,428.3261570700509,1002
2024-09-20 15:34:45.469,428.3718737552649,95
2024-09-20 15:34:45.522,428.34887582608656,11
2024-09-20 15:34:45.623,428.3669848223178,104
2024-09-20 15:34:45.834,428.3698934819056,1000
2024-09-20 15:34:45.904,428.338062464672,1005
2024-09-20 15:34:45.966,428.36792812471816,10
2024-09-20 15:34:46.130,428.3457401144228,1002
2024-09-20 15:34:46.170,428.33060963751177,1000
2024-09-20 15:34:47.016,428.3544701182632,997
2024-09-20 15:34:47.021,428.3284835711291,6
2024-09-20 15:34:47.092,428.3485744514661,12
2024-09-20 15:34:47.478,428.3219825399754,10
2024-09-20 15:34:47.488,428.3551881099722,1005
2024-09-20 15:34:47.503,428.3321820877854,15
2024-09-20 15:34:47.543,428.36744614964135,996
2024-09-20 15:34:47.584,428.3512826607598,104
2024-09-20 15:34:47.584,428.3531472635344,97
2024-09-20 15:34:47.592,428.3498029912623,100
2024-09-20 15:34:47.648,428.3159546741417,101
2024-09-20 15:34:47.653,-428.3588982468919,7
2024-09-20 15:34:47.689,428.3495220998232,997
2024-09-20 15:34:47.759,428.33396891950525,98
2024-09-20 15:34:47.956,428.3461283319634,995
2024-09-20 15:34:47.995,428.3534666620062,101
2024-09-20 15:34:48.053,428.3539009643951,11
2024-09-20 15:34:48.055,,998
2024-09-20 15:34:48.114,428.3406608576851,11
2024-09-20 15:34:48.168,,96
2024-09-20 15:34:48.202,428.3499804476846,995
2024-09-20 15:34:48.278,,105
2024-09-20 15:34:48.307,428.2709713511444,100
2024-09-20 15:34:48.324,428.3108632879064,997
2024-09-20 15:34:48.385,428.3273757623896,1004
2024-09-20 15:34:48.475,428.364857985165,12
2024-09-20 15:34:48.525,428.3262695484449,14
2024-09-20 15:34:48.543,428.326445401309,9
2024-09-20 15:34:48.644,428.3019153320678,7
2024-09-20 15:34:48.744,428.3522032207789,9
2024-09-20 15:34:48.798,428.3644503652612,12
2024-09-20 15:34:48.824,428.3158993806303,1003
2024-09-20 15:34:48.863,428.3257925160114,996
2024-09-20 15:34:48.900,428.36312883209774,100
2024-09-20 15:34:48.948,428.2911615794654,1002
2024-09-20 15:34:48.961,428.32022207810576,11
2024-09-20 15:34:48.963,428.35892476007655,101
2024-09-20 15:34:48.996,428.32903567943,998
2024-09-20 15:34:49.022,428.30370279353946,99
2024-09-20 15:34:49.163,428.3192395216327,9
2024-09-20 15:34:49.196,428.3204402297797,102
2024-09-20 15:34:49.205,428.3112450761121,15
2024-09-20 15:34:49.359,428.3282766521529,15
2024-09-20 15:34:49.368,428.3248285742032,8
2024-09-20 15:34:49.368,428.3247838165573,997
2024-09-20 15:34:49.499,428.2955480695631,103
2024-09-20 15:34:49.572,428.2944930573802,1001
2024-09-20 15:34:49.577,428.3058221580578,8
2024-09-20 15:34:49.782,428.3183901368857,12
2024-09-20 15:34:49.888,428.2868099410858,997
2024-09-20 15:34:50.021,428.2472226825199,99
2024-09-20 15:34:50.037,428.3191430919592,97
2024-09-20 15:34:50.121,428.2860082247069,99
2024-09-20 15:34:50.174,428.3246171563082,95
2024-09-20 15:34:50.217,428.2936261586772,1003
2024-09-20 15:34:50.250,428.3040299701211,95
2024-09-20 15:34:50.326,428.3070135027482,1000
2024-09-20 15:34:50.358,428.3171122826433,1005
2024-09-20 15:34:50.369,428.3101767843197,1003
2024-09-20 15:34:50.382,428.2591778539249,1003
2024-09-20 15:34:50.385,428.3309284669055,98
2024-09-20 15:34:50.395,428.30891009982514,1001
2024-09-20 15:34:50.462,428.2681176442794,1005
2024-09-20 15:34:50.471,428.3376039802116,9
2024-09-20 15:34:50.480,428.3368607141674,1001
2024-09-20 15:34:50.525,428.3321480811011,98
2024-09-20 15:34:50.561,428.319380158595,11
2024-09-20 15:34:50.592,428.3058470178907,102
2024-09-20 15:34:50.617,428.2940421592292,1001
2024-09-20 15:34:50.619,428.28450623662496,5
2024-09-20 15:34:50.639,428.3357910773075,7
2024-09-20 15:34:50.658,428.28386599843657,100
2024-09-20 15:34:50.678,428.3470242556041,99
2024-09-20 15:34:50.743,428.2786484212119,102
2024-09-20 15:34:50.771,428.3047708465251,999
2024-09-20 15:34:50.779,428.2673592193756,9
2024-09-20 15:34:50.809,428.3011354193019,5
2024-09-20 15:34:50.839,428.3180649660058,995
2024-09-20 15:34:50.841,428.2817387159005,99
2024-09-20 15:34:51.077,,999
2024-09-20 15:34:51.146,428.269068635069,99
2024-09-20 15:34:51.173,428.3005383067368,13
2024-09-20 15:34:51.220,428.2887547700059,1004
2024-09-20 15:34:51.488,428.2772223915422,5
2024-09-20 15:34:51.599,428.2755647262025,98
2024-09-20 15:34:51.645,428.2769001499468,999
2024-09-20 15:34:51.677,428.2757046089636,96
2024-09-20 15:34:51.685,428.300224666472,1003
2024-09-20 15:34:51.698,428.2744473556528,1001
2024-09-20 15:34:51.845,428.266415326421,98
2024-09-20 15:34:51.863,428.26222769953904,14
2024-09-20 15:34:52.057,428.2419604090488,1002
2024-09-20 15:34:52.059,428.2625004598648,5
2024-09-20 15:34:52.126,428.3024172859404,12
2024-09-20 15:34:52.170,428.3003406254824,96
2024-09-20 15:34:52.173,428.3180087122569,1001
2024-09-20 15:34:52.191,428.2220716196045,103
2024-09-20 15:34:52.352,428.2454067090381,1000
2024-09-20 15:34:52.608,428.2111106225482,1000
2024-09-20 15:34:52.618,428.27839798242326,13
2024-09-20 15:34:52.756,428.2195202099833,1000
2024-09-20 15:34:52.803,428.2998200364704,103
2024-09-20 15:34:52.871,428.2204187035587,995
2024-09-20 15:34:52.897,428.2469560875663,97
2024-09-20 15:34:52.929,428.2482050972996,8
2024-09-20 15:34:53.032,428.3069247580466,1000
2024-09-20 15:34:53.038,428.2976637609471,1001
2024-09-20 15:34:53.110,428.3161148541217,996
2024-09-20 15:34:53.115,428.3077723198582,15
2024-09-20 15:34:53.128,428.27700998640967,997
2024-09-20 15:34:53.222,428.3226461927847,14
2024-09-20 15:34:53.273,428.3038323583883,10
2024-09-20 15:34:53.343,428.3059587265352,7
2024-09-20 15:34:53.407,428.30751016895744,1003
2024-09-20 15:34:53.464,428.29958889640193,6
2024-09-20 15:34:53.504,428.2879747050826,102
2024-09-20 15:34:53.515,428.3140407408788,96
2024-09-20 15:34:53.549,428.3241169014137,12
2024-09-20 15:34:53.570,422.3078074511123,11
2024-09-20 15:34:53.654,428.25699541965736,1001
2024-09-20 15:34:53.712,-428.3141045524701,13
2024-09-20 15:34:53.766,428.2990044076956,104
2024-09-20 15:34:53.788,428.31495368354285,996
2024-09-20 15:34:54.034,428.2636659154046,104
2024-09-20 15:34:54.107,428.2464975211906,100
2024-09-20 15:34:54.124,428.2749828282282,99
2024-09-20 15:34:54.294,428.2540677477369,1004
2024-09-20 15:34:54.325,428.2530979904494,1000
2024-09-20 15:34:54.367,428.2778897351305,10
2024-09-20 15:34:54.501,428.2629471876672,101
2024-09-20 15:34:54.575,428.3009363194441,1001
2024-09-20 15:34:54.678,428.2652330195259,12
2024-09-20 15:34:54.715,428.2681826140623,98
2024-09-20 15:34:54.820,428.2819200955007,15
2024-09-20 15:34:54.906,428.2483353849381,103
2024-09-20 15:34:54.971,428.2598073722304,98
2024-09-20 15:34:54.995,428.2718417858392,102
2024-09-20 15:34:55.044,428.3281242326328,12
2024-09-20 15:34:55.131,428.3187125306493,7
2024-09-20 15:34:55.148,428.3118667173288,101
2024-09-20 15:34:55.195,428.3028383041432,13
2024-09-20 15:34:55.242,428.30489515574425,95
2024-09-20 15:34:55.298,428.3228999842728,97
2024-09-20 15:34:55.312,428.319482583473,1001
2024-09-20 15:34:55.388,428.3311271437354,13
2024-09-20 15:34:55.411,428.33108632884256,1003
2024-09-20 15:34:55.427,428.3297628591481,998
2024-09-20 15:34:55.492,428.3432873846544,1000
2024-09-20 15:34:55.559,428.3493611583724,100
2024-09-20 15:34:55.605,428.33582644006106,11
2024-09-20 15:34:55.696,428.3187849913135,96
2024-09-20 15:34:55.700,428.2979808360838,996
2024-09-20 15:34:55.721,428.2923094985407,10
2024-09-20 15:34:55.735,428.2924505799412,1001
2024-09-20 15:34:55.743,428.307341227165,101
2024-09-20 15:34:55.772,428.3108513264042,100
2024-09-20 15:34:55.773,428.3371001773784,998
2024-09-20 15:34:55.808,428.30410595558345,1005
2024-09-20 15:34:55.821,428.3153751189682,11
2024-09-20 15:34:55.870,428.29709489767953,1003
2024-09-20 15:34:55.913,428.33663202243935,5
2024-09-20 15:34:55.914,428.3310562865087,96
2024-09-20 15:34:55.948,428.3106913124109,105
2024-09-20 15:34:55.961,428.3327796686631,103
2024-09-20 15:34:56.049,428.3630434514782,1000
2024-09-20 15:34:56.098,428.37408866018535,15
2024-09-20 15:34:56.107,428.3618344401646,13
2024-09-20 15:34:56.120,428.3860518430663,96
2024-09-20 15:34:56.346,428.3678350167316,105
2024-09-20 15:34:56.386,428.3630125558563,6
2024-09-20 15:34:56.454,428.3760644415808,102
2024-09-20 15:34:56.625,428.3456881870264,99
2024-09-20 15:34:56.635,428.33376523178896,99
2024-09-20 15:34:56.695,428.360927673385,101
2024-09-20 15:34:56.748,428.3601045214218,103
2024-09-20 15:34:56.770,428.3653269535858,14
2024-09-20 15:34:56.874,428.3508924773364,15
2024-09-20 15:34:56.927,428.3583085364618,100
2024-09-20 15:34:57.332,428.39219149553577,96
2024-09-20 15:34:57.528,428.39495321561327,103
2024-09-20 15:34:57.674,428.38542517319416,8
2024-09-20 15:34:57.962,428.3688259291737,95
2024-09-20 15:34:58.519,428.3676284890569,101
2024-09-20 15:34:58.549,428.4029189635668,97
2024-09-20 15:34:58.672,428.3932688928909,99
2024-09-20 15:34:58.964,428.360682192882,102
2024-09-20 15:34:59.062,428.347591514865,996
