Timestamp,Price,Size
2024-09-17 10:09:00.144,,10
2024-09-17 10:09:00.326,-414.0716877220259,999
2024-09-17 10:09:00.513,414.0552151334069,96
2024-09-17 10:09:01.017,414.0357384827165,1002
2024-09-17 10:09:01.063,414.0399188842823,101
2024-09-17 10:09:01.107,414.04507136100847,95
2024-09-17 10:09:01.122,414.0576814521684,999
2024-09-17 10:09:01.179,414.0501401563705,98
2024-09-17 10:09:01.222,414.0663396092818,98
2024-09-17 10:09:01.235,414.0404395802119,8
2024-09-17 10:09:01.275,414.038392160529,97
2024-09-17 10:09:01.291,414.031212421921,13
2024-09-17 10:09:01.358,414.06195115785664,11
2024-09-17 10:09:01.427,414.0178397982527,99
2024-09-17 10:09:01.451,414.0366198460771,8
2024-09-17 10:09:01.460,414.0394301675592,13
2024-09-17 10:09:01.473,414.0462729285561,13
2024-09-17 10:09:01.519,414.05369992562623,996
2024-09-17 10:09:01.553,414.04923686240414,100
2024-09-17 10:09:01.553,414.0508425853214,102
2024-09-17 10:09:01.569,414.0481858079098,100
2024-09-17 10:09:01.573,414.0186942187274,1002
2024-09-17 10:09:01.585,414.0456491934068,98
2024-09-17 10:09:01.592,414.0455245781412,102
2024-09-17 10:09:01.600,414.050011945405,9
2024-09-17 10:09:01.669,414.0401379887742,998
2024-09-17 10:09:01.701,414.0402994764468,5
2024-09-17 10:09:01.724,414.0621438501199,6
2024-09-17 10:09:01.936,414.0586147480011,97
2024-09-17 10:09:01.970,414.0602951693507,9
2024-09-17 10:09:02.018,414.0252382223279,12
2024-09-17 10:09:02.148,414.0363518525831,12
2024-09-17 10:09:02.187,414.0480578048592,98
2024-09-17 10:09:02.190,414.05017893831706,7
2024-09-17 10:09:02.253,414.0271527875983,995
2024-09-17 10:09:02.381,414.0416406025159,14
2024-09-17 10:09:02.446,414.0326193068072,100
2024-09-17 10:09:02.461,414.0139144794756,14
2024-09-17 10:09:02.666,414.0345790452279,98
2024-09-17 10:09:02.788,414.0338270728839,995
2024-09-17 10:09:02.843,414.0415701940161,998
2024-09-17 10:09:02.877,414.0302845985439,7
2024-09-17 10:09:03.002,414.0082617184732,99
2024-09-17 10:09:03.086,414.0140003845689,996
2024-09-17 10:09:03.169,414.0020816640387,98
2024-09-17 10:09:03.181,414.0411942964277,102
2024-09-17 10:09:03.225,414.0141586191664,14
2024-09-17 10:09:03.255,414.0244944124428,996
2024-09-17 10:09:03.277,414.0661770494791,995
2024-09-17 10:09:03.331,414.0151652387791,12
2024-09-17 10:09:03.363,414.0962001826574,101
2024-09-17 10:09:03.372,414.069734448039,7
2024-09-17 10:09:03.569,414.06654029095125,996
2024-09-17 10:09:03.576,414.0113464200684,1004
2024-09-17 10:09:03.607,414.0366479700657,1003
2024-09-17 10:09:03.646,414.0614563778968,102
2024-09-17 10:09:03.665,414.04046108351895,99
2024-09-17 10:09:03.688,414.0385953885464,7
2024-09-17 10:09:03.750,414.05894042962615,996
2024-09-17 10:09:03.753,414.0112231829694,103
2024-09-17 10:09:03.765,414.0229591293926,7
2024-09-17 10:09:03.780,414.0547843907364,8
2024-09-17 10:09:03.823,414.0502254602197,105
2024-09-17 10:09:03.855,414.0520875655361,1003
2024-09-17 10:09:03.856,414.0160500314648,12
2024-09-17 10:09:03.877,414.0076828788938,95
2024-09-17 10:09:03.886,414.014275022172,100
2024-09-17 10:09:03.905,414.1057566302536,998
2024-09-17 10:09:03.935,414.0357094580933,98
2024-09-17 10:09:03.979,414.0231962837112,8
2024-09-17 10:09:03.996,414.07207303697743,995
2024-09-17 10:09:04.034,414.1114665657704,996
2024-09-17 10:09:04.044,414.06204064925146,6
2024-09-17 10:09:04.108,414.0917517359055,1000
2024-09-17 10:09:04.129,414.1133234865448,7
2024-09-17 10:09:04.159,414.0628764460727,97
2024-09-17 10:09:04.160,414.09671714746224,10
2024-09-17 10:09:04.169,414.1204019845509,98
2024-09-17 10:09:04.176,414.1080614953301,1000
2024-09-17 10:09:04.179,414.1213210818031,12
2024-09-17 10:09:04.229,414.10686960350574,100
2024-09-17 10:09:04.272,-414.0923487298485,104
2024-09-17 10:09:04.349,414.1022030195787,6
2024-09-17 10:09:04.373,414.0812391118215,1000
2024-09-17 10:09:04.434,414.08708897663365,12
2024-09-17 10:09:04.526,414.0909114085504,999
2024-09-17 10:09:04.565,414.1205192004311,1002
2024-09-17 10:09:04.595,414.0986170281795,100
2024-09-17 10:09:04.631,-414.092820645747,6
2024-09-17 10:09:04.657,414.0939894270114,9
2024-09-17 10:09:04.658,414.1013955478449,1005
2024-09-17 10:09:04.684,414.0514428164098,98
2024-09-17 10:09:04.740,414.1017111899824,100
2024-09-17 10:09:04.758,414.0553394165434,12
2024-09-17 10:09:04.774,414.0996834337131,1002
2024-09-17 10:09:04.831,414.0958685508349,999
2024-09-17 10:09:04.885,414.1253630729396,1003
2024-09-17 10:09:04.893,414.1030732420864,100
2024-09-17 10:09:04.923,414.1188930598696,96
2024-09-17 10:09:05.159,414.13236301758377,1001
2024-09-17 10:09:05.168,414.12109172974,96
2024-09-17 10:09:05.698,414.1397010594162,11
2024-09-17 10:09:05.766,414.12225889894313,998
2024-09-17 10:09:06.050,414.19409400834894,96
2024-09-17 10:09:06.078,414.1328901308303,1005
2024-09-17 10:09:06.095,414.2511813548215,96
2024-09-17 10:09:06.104,414.2527228114034,97
2024-09-17 10:09:06.138,414.1559651528867,6
2024-09-17 10:09:06.150,414.2616205222694,14
2024-09-17 10:09:06.157,414.22522849438303,15
2024-09-17 10:09:06.165,414.13008665757786,15
2024-09-17 10:09:06.212,414.1439558102093,103
2024-09-17 10:09:06.266,414.2483897957844,997
2024-09-17 10:09:06.289,414.2298601040493,13
2024-09-17 10:09:06.305,414.24920326466986,98
2024-09-17 10:09:06.307,414.1669521045075,1000
2024-09-17 10:09:06.330,414.1486217361492,8
2024-09-17 10:09:06.369,414.1494344171461,7
2024-09-17 10:09:06.386,414.16509761667896,1005
2024-09-17 10:09:06.422,414.20325428834775,103
2024-09-17 10:09:06.443,414.1804601573579,995
2024-09-17 10:09:06.642,414.1365789428824,8
2024-09-17 10:09:06.674,414.2260699421476,997
2024-09-17 10:09:06.758,414.1498881141079,104
2024-09-17 10:09:06.838,414.1661834624841,96
2024-09-17 10:09:06.852,414.2233018032768,999
2024-09-17 10:09:06.925,414.2477052640555,995
2024-09-17 10:09:06.949,414.18045925563536,14
2024-09-17 10:09:06.975,414.217981867703,999
2024-09-17 10:09:07.007,414.1979551443725,99
2024-09-17 10:09:07.021,414.2243154328542,1002
2024-09-17 10:09:07.103,414.24210498217775,1001
2024-09-17 10:09:07.126,414.2299135941231,1005
2024-09-17 10:09:07.162,414.1593749819158,996
2024-09-17 10:09:07.192,414.2136267973027,15
2024-09-17 10:09:07.212,414.1572823081737,99
2024-09-17 10:09:07.239,414.1943757713532,10
2024-09-17 10:09:07.245,414.1523468469987,995
2024-09-17 10:09:07.281,414.2217098874983,1000
2024-09-17 10:09:07.355,414.168710617413,999
2024-09-17 10:09:07.411,414.20852606785695,103
2024-09-17 10:09:07.485,414.208443842852,995
2024-09-17 10:09:07.553,414.23212510277926,97
2024-09-17 10:09:07.652,414.2110624265288,10
2024-09-17 10:09:07.794,414.2280511140673,1003
2024-09-17 10:09:07.834,414.1582732963663,99
2024-09-17 10:09:07.874,414.2127704705675,997
2024-09-17 10:09:07.887,414.2293113323644,95
2024-09-17 10:09:07.909,414.1899451893424,11
2024-09-17 10:09:08.002,414.1717670078433,997
2024-09-17 10:09:08.204,414.1738273094609,1004
2024-09-17 10:09:08.260,414.1530415335086,97
2024-09-17 10:09:08.320,414.1299319937968,95
2024-09-17 10:09:08.534,414.1368998561346,1005
2024-09-17 10:09:08.558,414.1458501636436,101
2024-09-17 10:09:08.770,414.1559882889104,99
2024-09-17 10:09:08.882,414.1357742031171,15
2024-09-17 10:09:08.886,414.15739031787456,103
2024-09-17 10:09:08.901,414.141136570729,105
2024-09-17 10:09:08.921,414.1643732528236,101
2024-09-17 10:09:08.930,414.11351767088127,1004
2024-09-17 10:09:09.028,414.1771669532373,7
2024-09-17 10:09:09.061,414.1836833059711,7
2024-09-17 10:09:09.080,414.1650341534082,101
2024-09-17 10:09:09.217,414.1674425129219,105
2024-09-17 10:09:09.237,414.183784159837,996
2024-09-17 10:09:09.351,414.1706271129598,13
2024-09-17 10:09:09.450,414.1992772652734,7
2024-09-17 10:09:09.491,414.18792366169953,103
2024-09-17 10:09:09.510,414.18488084720025,100
2024-09-17 10:09:09.515,414.1725289054163,5
2024-09-17 10:09:09.559,414.1753182955617,105
2024-09-17 10:09:09.574,414.170663899822,1001
2024-09-17 10:09:09.604,414.2133021610244,8
2024-09-17 10:09:09.657,414.1749262370402,9
2024-09-17 10:09:09.694,414.18808826358406,999
2024-09-17 10:09:09.733,414.1952707545592,100
2024-09-17 10:09:09.755,414.1861358327671,13
2024-09-17 10:09:09.759,414.165039421213,1004
2024-09-17 10:09:09.784,414.1829257368261,996
2024-09-17 10:09:09.802,414.1772207934402,1000
2024-09-17 10:09:09.803,414.1986378503636,98
2024-09-17 10:09:09.842,414.1770785387407,100
2024-09-17 10:09:09.860,414.19042431296174,100
2024-09-17 10:09:10.014,414.1855145325519,13
2024-09-17 10:09:10.061,414.1694587016886,995
2024-09-17 10:09:10.169,414.1680563102172,101
2024-09-17 10:09:10.187,414.1633546392078,996
2024-09-17 10:09:10.215,414.1840142465087,14
2024-09-17 10:09:10.244,414.1675543507048,997
2024-09-17 10:09:10.256,414.19714750690673,98
2024-09-17 10:09:10.301,414.1560971321569,10
2024-09-17 10:09:10.315,414.1993313825322,1000
2024-09-17 10:09:10.316,414.1589582601704,995
2024-09-17 10:09:10.344,414.18784712230826,997
2024-09-17 10:09:10.356,414.17758942968135,100
2024-09-17 10:09:10.362,414.2178365827227,96
2024-09-17 10:09:10.362,414.173387559112,99
2024-09-17 10:09:10.393,414.1618032093787,96
2024-09-17 10:09:10.475,414.1797192893118,6
2024-09-17 10:09:10.508,-414.1753788514378,105
2024-09-17 10:09:10.512,414.1802449140832,9
2024-09-17 10:09:10.676,414.1918531356643,103
2024-09-17 10:09:10.683,414.1756082889178,98
2024-09-17 10:09:10.698,414.1837803213107,12
2024-09-17 10:09:10.841,414.18129874448505,995
2024-09-17 10:09:10.848,414.1865644674683,998
2024-09-17 10:09:10.886,414.1524218324839,1001
2024-09-17 10:09:10.911,414.1808575189736,14
2024-09-17 10:09:11.005,414.2681063330358,15
2024-09-17 10:09:11.018,414.2627696986572,1004
2024-09-17 10:09:11.032,414.2324150283239,100
2024-09-17 10:09:11.148,414.2465309674556,1001
2024-09-17 10:09:11.174,414.2334108093349,95
2024-09-17 10:09:11.219,414.2327953357939,7
2024-09-17 10:09:11.351,414.2503225698599,14
2024-09-17 10:09:11.366,414.2613771869218,999
2024-09-17 10:09:11.376,414.256064465438,101
2024-09-17 10:09:11.396,414.2447322527642,1000
2024-09-17 10:09:11.413,414.2512890658979,6
2024-09-17 10:09:11.499,414.2501038274947,10
2024-09-17 10:09:11.555,414.2712488842555,10
2024-09-17 10:09:11.697,414.24658902728186,1000
2024-09-17 10:09:11.735,414.2463914348697,101
2024-09-17 10:09:11.750,414.2608346896404,96
2024-09-17 10:09:11.816,414.24298781255743,999
2024-09-17 10:09:11.817,414.2336693992399,997
2024-09-17 10:09:11.965,414.2456637008327,5
2024-09-17 10:09:12.178,414.2972957333995,1003
2024-09-17 10:09:12.255,414.2873527136821,9
2024-09-17 10:09:12.677,414.2734489019076,95
2024-09-17 10:09:12.897,414.2974783383008,7
2024-09-17 10:09:13.003,414.3311715213649,998
2024-09-17 10:09:13.048,414.30527497694914,1000
2024-09-17 10:09:13.062,414.3287283436619,14
2024-09-17 10:09:13.084,414.3862962279877,998
2024-09-17 10:09:13.108,414.3115162892311,7
2024-09-17 10:09:13.332,414.3667790698866,999
2024-09-17 10:09:13.389,414.4015152669131,997
2024-09-17 10:09:13.434,414.3133785217413,102
2024-09-17 10:09:13.460,414.3631181380582,5
2024-09-17 10:09:13.516,414.34238249312887,96
2024-09-17 10:09:13.637,414.33328157727647,13
2024-09-17 10:09:13.685,414.31110756913273,102
2024-09-17 10:09:13.712,414.3913831038886,96
2024-09-17 10:09:13.743,414.38084133655343,8
2024-09-17 10:09:13.765,414.368552810937,8
2024-09-17 10:09:13.797,414.3751123789913,97
2024-09-17 10:09:13.873,414.33763041852006,1005
2024-09-17 10:09:13.877,414.35750903531823,12
2024-09-17 10:09:14.082,414.40108018137977,1000
2024-09-17 10:09:14.123,414.39578993958247,15
2024-09-17 10:09:14.123,414.4086988357543,1003
2024-09-17 10:09:14.180,414.3746709014611,98
2024-09-17 10:09:14.402,414.4094412243359,8
2024-09-17 10:09:14.421,414.3901714803388,997
2024-09-17 10:09:14.485,414.3935908198126,998
2024-09-17 10:09:14.498,414.3719838063879,99
2024-09-17 10:09:14.540,414.4040587876344,9
2024-09-17 10:09:14.540,414.3717540381557,9
2024-09-17 10:09:14.649,414.4230296142059,995
2024-09-17 10:09:14.827,414.4040920530705,1000
2024-09-17 10:09:14.937,414.4103122900044,10
2024-09-17 10:09:15.044,414.3510962350443,105
2024-09-17 10:09:15.203,414.35027874854114,11
2024-09-17 10:09:15.253,414.3767880293222,10
2024-09-17 10:09:15.316,414.34200694548144,9
2024-09-17 10:09:15.351,414.35614831499714,14
2024-09-17 10:09:15.388,414.3220074982712,15
2024-09-17 10:09:15.413,414.3829514554992,8
2024-09-17 10:09:15.672,414.3391003740617,102
2024-09-17 10:09:15.691,414.3510966106663,8
2024-09-17 10:09:15.725,414.35334179268506,1001
2024-09-17 10:09:15.755,414.3681228002501,95
2024-09-17 10:09:15.916,414.3526910522268,9
2024-09-17 10:09:16.061,414.3672775642222,1004
2024-09-17 10:09:16.094,414.3718679317129,8
2024-09-17 10:09:16.181,414.37923965865184,7
2024-09-17 10:09:16.241,414.38471983708655,13
2024-09-17 10:09:16.245,414.3893330913197,95
2024-09-17 10:09:16.345,414.343107482333,104
2024-09-17 10:09:16.441,414.3442872683141,997
2024-09-17 10:09:16.510,414.3489648792875,6
2024-09-17 10:09:16.655,414.3473295756093,9
2024-09-17 10:09:16.750,414.37811889332,103
2024-09-17 10:09:16.813,414.39536456104224,105
2024-09-17 10:09:16.881,414.35505277981497,1005
2024-09-17 10:09:16.885,414.39257580018347,102
2024-09-17 10:09:17.019,414.3794450252804,1004
2024-09-17 10:09:17.087,414.3728918467194,10
2024-09-17 10:09:17.126,414.3820132159828,1004
2024-09-17 10:09:17.240,414.3742150930436,104
2024-09-17 10:09:17.338,414.3703075232224,11
2024-09-17 10:09:17.441,414.3799461000468,105
2024-09-17 10:09:17.482,414.3810390532343,101
2024-09-17 10:09:18.027,-414.3956639851902,1001
2024-09-17 10:09:18.066,414.371405667984,5
2024-09-17 10:09:18.144,414.40248711153873,999
2024-09-17 10:09:18.145,414.379717633244,98
2024-09-17 10:09:18.219,414.381335774823,97
2024-09-17 10:09:18.223,414.37757341706,1003
2024-09-17 10:09:18.241,414.4186999457946,101
2024-09-17 10:09:18.245,414.38512309357645,1005
2024-09-17 10:09:18.259,414.37588912791057,999
2024-09-17 10:09:18.404,414.3826003153271,9
2024-09-17 10:09:18.428,41.44028049698997,15
2024-09-17 10:09:18.486,414.38977745148617,7
2024-09-17 10:09:18.527,414.397189279622,1003
2024-09-17 10:09:18.732,414.3936438023061,1000
2024-09-17 10:09:18.991,414.3626625319528,5
2024-09-17 10:09:19.022,414.41999823158034,1004
2024-09-17 10:09:19.084,414.4369591462352,12
2024-09-17 10:09:19.090,414.4384589067648,1005
2024-09-17 10:09:19.105,414.4468246236416,9
2024-09-17 10:09:19.299,414.4401234453015,6
2024-09-17 10:09:19.494,414.44255855139465,1001
2024-09-17 10:09:19.537,414.4177917480932,13
2024-09-17 10:09:19.604,414.4398677838079,100
2024-09-17 10:09:19.666,414.44934535027727,1005
2024-09-17 10:09:19.759,414.4451430676248,8
2024-09-17 10:09:19.835,414.4498904073829,100
2024-09-17 10:09:20.052,414.4933468065366,997
2024-09-17 10:09:20.091,,14
2024-09-17 10:09:20.155,414.5209471935047,10
2024-09-17 10:09:20.157,414.5253275103194,996
2024-09-17 10:09:20.188,414.5320041875548,98
2024-09-17 10:09:20.258,414.5512954256547,95
2024-09-17 10:09:20.280,414.51607389806,995
2024-09-17 10:09:20.330,414.4762027121279,1000
2024-09-17 10:09:20.387,414.4769610338073,103
2024-09-17 10:09:20.388,414.48947712017866,101
2024-09-17 10:09:20.429,414.48433121367424,1002
2024-09-17 10:09:20.430,414.5284339729135,8
2024-09-17 10:09:20.626,414.537808407337,99
2024-09-17 10:09:20.646,,105
2024-09-17 10:09:20.649,414.5003434371064,7
2024-09-17 10:09:20.656,414.4969904169996,996
2024-09-17 10:09:20.663,414.4970235699855,15
2024-09-17 10:09:20.686,41.44699326340959,995
2024-09-17 10:09:20.703,414.47780201766847,104
2024-09-17 10:09:20.792,414.5341732317604,10
2024-09-17 10:09:20.902,414.51821449537726,5
2024-09-17 10:09:20.955,414.4968818076433,98
2024-09-17 10:09:21.117,414.4925673634791,999
2024-09-17 10:09:21.207,41.44381201320212,103
2024-09-17 10:09:21.244,414.4765163483541,13
2024-09-17 10:09:21.394,414.4422869890181,997
2024-09-17 10:09:21.420,414.4897846947218,98
2024-09-17 10:09:21.446,414.4911756137474,99
2024-09-17 10:09:21.541,414.4887770809801,105
2024-09-17 10:09:21.609,414.4475186569757,995
2024-09-17 10:09:21.641,414.4834785836178,10
2024-09-17 10:09:21.643,414.4884399912137,6
2024-09-17 10:09:21.673,414.4947432178644,97
2024-09-17 10:09:21.717,414.46804807462513,99
2024-09-17 10:09:21.790,414.4853504839683,1002
2024-09-17 10:09:21.986,414.4418903825303,1000
2024-09-17 10:09:22.007,414.3908338545021,6
2024-09-17 10:09:22.029,414.44308029449417,6
2024-09-17 10:09:22.064,414.41375559360887,12
2024-09-17 10:09:22.188,414.4120034081681,96
2024-09-17 10:09:22.228,414.4148556457658,104
2024-09-17 10:09:22.291,414.4307766105452,11
2024-09-17 10:09:22.334,414.4098089101587,1002
2024-09-17 10:09:22.427,414.39969457313055,15
2024-09-17 10:09:22.475,414.4274518807137,103
2024-09-17 10:09:22.488,414.4003897354026,14
2024-09-17 10:09:22.506,414.4310108562058,1001
2024-09-17 10:09:22.601,414.3925003167584,97
2024-09-17 10:09:22.637,414.4255716497988,998
2024-09-17 10:09:22.821,414.3896802517385,103
2024-09-17 10:09:22.837,414.4333302440942,7
2024-09-17 10:09:22.903,414.4615941514006,6
2024-09-17 10:09:22.944,414.4562792791035,95
2024-09-17 10:09:24.125,414.4464136762561,7
2024-09-17 10:09:24.225,414.4157847773034,100
2024-09-17 10:09:24.304,414.4557343139784,998
2024-09-17 10:09:24.305,414.45427280060414,97
2024-09-17 10:09:24.345,414.4400425313523,1003
2024-09-17 10:09:24.382,414.4308056197666,97
2024-09-17 10:09:24.388,414.43032964770254,7
2024-09-17 10:09:24.449,414.4382460114334,15
2024-09-17 10:09:24.478,414.384564310907,101
2024-09-17 10:09:24.482,414.4538111335506,95
2024-09-17 10:09:24.491,414.41541247066704,8
2024-09-17 10:09:24.700,414.45074505418734,1002
2024-09-17 10:09:24.728,414.43187681590814,998
2024-09-17 10:09:24.729,414.3845954393431,1002
2024-09-17 10:09:24.736,414.4358775187136,997
2024-09-17 10:09:24.859,414.3962183109695,999
2024-09-17 10:09:24.861,414.4335595824649,6
2024-09-17 10:09:24.876,414.4553434469096,12
2024-09-17 10:09:24.940,414.4149039620828,995
2024-09-17 10:09:24.949,414.3905990802087,95
2024-09-17 10:09:24.975,414.47089181629,102
2024-09-17 10:09:25.748,414.3976736274274,999
2024-09-17 10:09:26.039,414.3669076955879,6
2024-09-17 10:09:26.153,414.34790182428446,99
2024-09-17 10:09:26.180,-414.3699238172061,15
2024-09-17 10:09:26.216,414.40564110864153,6
2024-09-17 10:09:26.335,414.37071341243984,13
2024-09-17 10:09:26.391,414.3490507827916,96
2024-09-17 10:09:26.441,414.3432459926334,1001
2024-09-17 10:09:26.529,414.3503310874209,103
2024-09-17 10:09:26.532,-414.3647195061052,105
2024-09-17 10:09:26.549,414.3771164028995,12
2024-09-17 10:09:26.616,414.37494290637744,6
2024-09-17 10:09:26.617,414.389791489355,8
2024-09-17 10:09:26.645,414.3820818726656,1002
2024-09-17 10:09:26.676,414.3815965995611,998
2024-09-17 10:09:26.739,414.357626733153,13
2024-09-17 10:09:26.928,414.3639238819808,10
2024-09-17 10:09:26.949,414.3611381463084,1001
2024-09-17 10:09:27.005,414.3351841176072,13
2024-09-17 10:09:27.006,414.3444329245542,7
2024-09-17 10:09:27.037,414.3476479524302,997
2024-09-17 10:09:27.079,414.3360049233351,998
2024-09-17 10:09:27.085,414.3762405789107,97
2024-09-17 10:09:27.100,414.3306688616756,998
2024-09-17 10:09:27.169,414.3512384063628,997
2024-09-17 10:09:27.196,414.356678442721,12
2024-09-17 10:09:27.264,414.3270350175016,15
2024-09-17 10:09:27.532,414.3563227166383,95
2024-09-17 10:09:27.585,414.34124938719714,1002
2024-09-17 10:09:27.600,414.3372656895043,100
2024-09-17 10:09:27.631,414.3377531036246,105
2024-09-17 10:09:27.726,414.3358149232533,6
2024-09-17 10:09:27.788,414.3570629350485,100
2024-09-17 10:09:27.789,414.3348419267929,998
2024-09-17 10:09:27.896,414.3424190101904,104
2024-09-17 10:09:27.990,,103
2024-09-17 10:09:28.178,414.3254181635072,11
2024-09-17 10:09:28.207,414.3333600879464,1002
2024-09-17 10:09:28.326,414.3285238012516,6
2024-09-17 10:09:28.351,414.3140885968355,1000
2024-09-17 10:09:28.683,414.3382096344033,98
2024-09-17 10:09:28.712,414.3135858945588,97
2024-09-17 10:09:29.499,414.30463219832046,999
2024-09-17 10:09:29.589,,103
2024-09-17 10:09:30.022,414.2993557934347,8
2024-09-17 10:09:30.037,414.270496715712,96
2024-09-17 10:09:30.102,414.3068918828012,1003
2024-09-17 10:09:30.139,414.2854674832216,1001
2024-09-17 10:09:30.160,414.29373619522767,1001
2024-09-17 10:09:30.216,414.3021074604635,105
2024-09-17 10:09:30.217,414.3072425754076,12
2024-09-17 10:09:30.272,414.302669372269,8
2024-09-17 10:09:30.276,414.299172749018,1002
2024-09-17 10:09:30.324,414.3202832163576,15
2024-09-17 10:09:30.415,414.31511540632863,13
2024-09-17 10:09:30.418,414.2893716320637,1003
2024-09-17 10:09:30.429,414.3019419091122,104
2024-09-17 10:09:30.714,414.309133596842,15
2024-09-17 10:09:30.774,414.2787331204272,10
2024-09-17 10:09:30.837,414.2825858231177,100
2024-09-17 10:09:30.862,414.2872927683512,8
2024-09-17 10:09:30.939,414.3137961931589,105
2024-09-17 10:09:30.964,414.3048657186694,14
2024-09-17 10:09:30.971,414.3036122256702,98
2024-09-17 10:09:30.979,414.30190667862905,96
2024-09-17 10:09:30.989,414.3125651642598,997
2024-09-17 10:09:31.047,-414.29538772241705,995
2024-09-17 10:09:31.084,414.2586674983847,99
2024-09-17 10:09:31.133,414.2732486819381,11
2024-09-17 10:09:31.142,414.2909835321955,1002
2024-09-17 10:09:31.143,414.31284117119367,995
2024-09-17 10:09:31.181,414.3149635974244,15
2024-09-17 10:09:31.215,414.2460743376914,103
2024-09-17 10:09:31.294,414.28305409051706,95
2024-09-17 10:09:31.322,414.24626886596144,1004
2024-09-17 10:09:31.384,414.24143512727227,10
2024-09-17 10:09:31.420,414.2457325343016,1000
2024-09-17 10:09:31.454,414.2606878369941,5
2024-09-17 10:09:31.459,414.2694361025368,1005
2024-09-17 10:09:31.573,414.2530408963151,1001
2024-09-17 10:09:31.601,414.2487950765019,12
2024-09-17 10:09:31.662,414.2660185403769,8
2024-09-17 10:09:31.726,414.26794463947925,1003
2024-09-17 10:09:31.856,414.307772077574,102
2024-09-17 10:09:31.886,414.2531760088468,998
2024-09-17 10:09:31.892,414.2626596621583,996
2024-09-17 10:09:31.898,414.26928873779104,996
2024-09-17 10:09:31.909,414.30585058286886,14
2024-09-17 10:09:31.950,414.2772660966659,5
2024-09-17 10:09:31.951,414.2521954431024,9
2024-09-17 10:09:31.995,414.3113694185012,7
2024-09-17 10:09:32.032,414.3065242205067,10
2024-09-17 10:09:32.049,414.3004984381108,12
2024-09-17 10:09:32.210,414.30708182765744,1005
2024-09-17 10:09:32.265,414.27883492621066,15
2024-09-17 10:09:32.329,414.246285070863,1005
2024-09-17 10:09:32.353,414.294172162212,999
2024-09-17 10:09:32.443,414.2838563279067,103
2024-09-17 10:09:32.454,414.2741106317073,1003
2024-09-17 10:09:32.559,414.3157599372321,1003
2024-09-17 10:09:32.602,414.2910986434592,13
2024-09-17 10:09:32.616,414.290104618663,101
2024-09-17 10:09:32.658,414.30158473541314,12
2024-09-17 10:09:32.787,414.2968183853224,1005
2024-09-17 10:09:33.130,41.43139621700512,101
2024-09-17 10:09:33.181,414.3332389927692,5
2024-09-17 10:09:33.230,414.2874327102503,14
2024-09-17 10:09:33.231,414.2553427431829,1004
2024-09-17 10:09:33.251,414.2968176785418,1000
2024-09-17 10:09:33.331,414.2811158761024,98
2024-09-17 10:09:33.339,414.3364429393548,5
2024-09-17 10:09:33.400,414.3364287173418,101
2024-09-17 10:09:33.451,414.3350635775351,6
2024-09-17 10:09:33.485,414.3329917131932,99
2024-09-17 10:09:33.506,414.29351262131786,7
2024-09-17 10:09:33.570,414.294571469574,5
2024-09-17 10:09:33.581,414.2998011100449,7
2024-09-17 10:09:33.590,414.3179107603266,96
2024-09-17 10:09:33.618,414.3118231205127,10
2024-09-17 10:09:33.640,414.2808125067581,1001
2024-09-17 10:09:33.674,414.2645933820569,5
2024-09-17 10:09:33.771,,6
2024-09-17 10:09:33.817,414.324270520238,100
2024-09-17 10:09:33.835,414.2811883812182,9
2024-09-17 10:09:33.851,414.289567752289,99
2024-09-17 10:09:33.942,414.283009289283,998
2024-09-17 10:09:33.945,414.3213419853892,97
2024-09-17 10:09:33.981,414.27609005309534,999
2024-09-17 10:09:33.983,414.3254689287393,9
2024-09-17 10:09:34.135,414.2814805347774,13
2024-09-17 10:09:34.141,414.30002131658,104
2024-09-17 10:09:34.217,414.2655495344208,13
2024-09-17 10:09:34.375,414.28527745792536,105
2024-09-17 10:09:34.455,414.2933036732962,1005
2024-09-17 10:09:34.623,414.3055271115486,100
2024-09-17 10:09:34.756,414.3028146928551,102
2024-09-17 10:09:34.973,414.30009601923786,104
2024-09-17 10:09:35.024,414.2592708580017,1000
2024-09-17 10:09:35.093,414.32325416759375,998
2024-09-17 10:09:35.105,414.2520159995792,1000
2024-09-17 10:09:35.108,414.3353166035755,1001
2024-09-17 10:09:35.197,414.2389641434262,95
2024-09-17 10:09:35.219,414.2570344590504,11
2024-09-17 10:09:35.249,414.3328331286767,12
2024-09-17 10:09:35.310,414.2909344742579,11
2024-09-17 10:09:35.314,414.3250727093586,1005
2024-09-17 10:09:35.367,414.2645311263938,998
2024-09-17 10:09:35.399,414.2921417655369,6
2024-09-17 10:09:35.481,414.2956373410236,13
2024-09-17 10:09:35.481,414.24953147706486,7
2024-09-17 10:09:35.509,414.2479944193701,105
2024-09-17 10:09:35.523,414.28260160340295,998
2024-09-17 10:09:35.530,414.2728206825501,98
2024-09-17 10:09:35.564,414.2929655161871,104
2024-09-17 10:09:35.568,414.2577242849327,102
2024-09-17 10:09:35.572,414.2585071173097,11
2024-09-17 10:09:35.733,414.2580493873738,99
2024-09-17 10:09:35.739,414.2597570380247,99
2024-09-17 10:09:35.796,414.2601358179516,102
2024-09-17 10:09:35.810,414.2372516930895,998
2024-09-17 10:09:35.813,414.3053484549851,999
2024-09-17 10:09:35.894,414.2734795175411,8
2024-09-17 10:09:35.921,414.312772185508,96
2024-09-17 10:09:35.933,414.319406030841,14
2024-09-17 10:09:35.938,414.2563913334216,13
2024-09-17 10:09:36.014,414.26170927100895,999
2024-09-17 10:09:36.173,414.2484643524272,102
2024-09-17 10:09:36.457,414.2445387969292,7
2024-09-17 10:09:36.480,414.2578563397058,15
2024-09-17 10:09:36.520,414.2577727222222,102
2024-09-17 10:09:36.680,414.2603124380968,104
2024-09-17 10:09:36.906,414.243481363475,6
2024-09-17 10:09:37.060,414.16342227385167,1004
2024-09-17 10:09:37.104,414.2116908880379,1001
2024-09-17 10:09:37.248,414.2364519365964,9
2024-09-17 10:09:37.258,414.165003555634,103
2024-09-17 10:09:37.330,414.16837472138366,12
2024-09-17 10:09:37.398,414.18359845889,103
2024-09-17 10:09:37.597,414.20411635047645,997
2024-09-17 10:09:37.620,414.1722805390994,1003
2024-09-17 10:09:37.629,414.1968028756555,1004
2024-09-17 10:09:37.640,414.1986897097514,7
2024-09-17 10:09:37.677,414.2092580625095,13
2024-09-17 10:09:37.698,414.1868709924866,10
2024-09-17 10:09:37.802,414.21569107772336,1001
2024-09-17 10:09:37.864,414.1931911951924,101
2024-09-17 10:09:37.943,414.2006950556335,104
2024-09-17 10:09:37.963,414.1900716688846,1002
2024-09-17 10:09:38.011,414.1699653261973,8
2024-09-17 10:09:38.020,,96
2024-09-17 10:09:38.076,414.2625892162712,15
2024-09-17 10:09:38.095,414.1725543287799,10
2024-09-17 10:09:38.115,414.2231935357726,6
2024-09-17 10:09:38.288,414.2687185621567,104
2024-09-17 10:09:38.313,414.237803984284,96
2024-09-17 10:09:38.333,414.2293666032058,98
2024-09-17 10:09:38.356,414.2248498323856,99
2024-09-17 10:09:38.501,414.2111215469911,998
2024-09-17 10:09:38.539,414.227279695054,12
2024-09-17 10:09:38.642,414.2477426807304,8
2024-09-17 10:09:38.646,414.1779894471902,105
2024-09-17 10:09:38.672,414.2293279952297,103
2024-09-17 10:09:38.726,414.25141044160114,98
2024-09-17 10:09:38.754,414.1727211404721,996
2024-09-17 10:09:38.816,414.1627165876658,998
2024-09-17 10:09:38.851,414.1552221375366,14
2024-09-17 10:09:38.885,414.2510520542393,7
2024-09-17 10:09:38.899,414.23130150122176,9
2024-09-17 10:09:38.906,414.21508613984287,97
2024-09-17 10:09:39.127,414.2230689607125,14
2024-09-17 10:09:39.145,414.1608221567391,997
2024-09-17 10:09:39.163,414.19187794242464,5
2024-09-17 10:09:39.245,414.2212879807784,103
2024-09-17 10:09:39.315,414.1868720040679,98
2024-09-17 10:09:39.319,414.1956606178565,1000
2024-09-17 10:09:39.383,414.2087654331469,1001
2024-09-17 10:09:39.483,414.1866031657409,100
2024-09-17 10:09:39.528,414.1991543256512,97
2024-09-17 10:09:39.589,-414.1798513035121,96
2024-09-17 10:09:39.640,414.2205015126646,998
2024-09-17 10:09:39.733,414.19538547784265,9
2024-09-17 10:09:39.859,414.1999260513544,11
2024-09-17 10:09:39.893,414.20130674298593,101
2024-09-17 10:09:39.914,414.1964055475651,999
2024-09-17 10:09:39.933,414.21486933412814,1004
2024-09-17 10:09:39.934,-414.1640968276111,10
2024-09-17 10:09:39.959,414.2109420042051,1001
2024-09-17 10:09:39.960,414.1947897295749,10
2024-09-17 10:09:39.992,414.2246060233261,99
2024-09-17 10:09:39.994,414.1984058509608,100
2024-09-17 10:09:40.013,414.1809738656945,999
2024-09-17 10:09:40.153,414.16867529084135,1001
2024-09-17 10:09:40.189,414.2014369726048,15
2024-09-17 10:09:40.208,414.1782785973177,11
2024-09-17 10:09:40.220,414.1769415290981,99
2024-09-17 10:09:40.226,414.1800561815908,97
2024-09-17 10:09:40.229,414.1768665642225,996
2024-09-17 10:09:40.305,414.15623319506017,1004
2024-09-17 10:09:40.401,414.2017861697744,15
2024-09-17 10:09:40.423,414.16160652137467,1004
2024-09-17 10:09:40.446,414.1961036549136,8
2024-09-17 10:09:40.532,414.1670398747024,996
2024-09-17 10:09:40.557,414.2039413173136,8
2024-09-17 10:09:40.630,414.1843957176596,9
2024-09-17 10:09:40.657,414.1604117717811,96
2024-09-17 10:09:40.716,414.1509688560185,995
2024-09-17 10:09:40.739,414.13649321537343,11
2024-09-17 10:09:40.769,414.1648614571499,96
2024-09-17 10:09:40.835,414.18946627292274,98
2024-09-17 10:09:40.847,414.1795491697674,11
2024-09-17 10:09:40.862,414.1773107851018,13
2024-09-17 10:09:40.936,414.1643123679351,1004
2024-09-17 10:09:41.014,414.1791024695279,9
2024-09-17 10:09:41.016,414.1667836084246,9
2024-09-17 10:09:41.069,414.1831117357535,1001
2024-09-17 10:09:41.344,414.1721690342816,103
2024-09-17 10:09:41.354,414.1662695403789,100
2024-09-17 10:09:41.355,414.1753926983203,11
2024-09-17 10:09:41.423,414.1909258456654,995
2024-09-17 10:09:41.561,414.1854438909719,996
2024-09-17 10:09:41.565,,100
2024-09-17 10:09:41.571,414.1705717750141,12
2024-09-17 10:09:41.573,414.1996149126009,997
2024-09-17 10:09:41.611,414.1899735892968,102
2024-09-17 10:09:41.640,414.1726579889869,6
2024-09-17 10:09:41.699,414.162274589727,95
2024-09-17 10:09:41.962,414.178942692531,9
2024-09-17 10:09:42.141,414.1950319946967,998
2024-09-17 10:09:42.186,414.1920883729584,13
2024-09-17 10:09:42.300,414.1246379511958,997
2024-09-17 10:09:42.303,414.1254393570384,101
2024-09-17 10:09:42.377,414.1952304045456,1002
2024-09-17 10:09:42.415,414.158337947033,999
2024-09-17 10:09:42.540,414.1722613806731,999
2024-09-17 10:09:42.573,414.1470586613551,104
2024-09-17 10:09:42.579,414.1968892575569,98
2024-09-17 10:09:43.016,414.12602437324585,102
2024-09-17 10:09:43.115,414.1054228152173,995
2024-09-17 10:09:43.132,414.1007771111044,98
2024-09-17 10:09:43.202,414.1283504327897,1004
2024-09-17 10:09:43.271,414.1246380576276,1005
2024-09-17 10:09:43.306,414.1210566257184,1005
2024-09-17 10:09:43.417,414.11572676498815,1004
2024-09-17 10:09:43.440,414.1166111131377,8
2024-09-17 10:09:43.486,414.116615861004,11
2024-09-17 10:09:43.489,414.1128676719721,9
2024-09-17 10:09:43.498,414.11464575263614,8
2024-09-17 10:09:43.555,414.1155476671607,103
2024-09-17 10:09:43.639,414.1082555676549,12
2024-09-17 10:09:43.651,414.1252774960437,11
2024-09-17 10:09:43.663,414.1184395025493,97
2024-09-17 10:09:43.700,414.1289536699325,105
2024-09-17 10:09:43.747,414.13118668283335,999
2024-09-17 10:09:43.768,414.1037067284413,1000
2024-09-17 10:09:43.793,414.1296337840839,100
2024-09-17 10:09:43.909,414.1228993995265,9
2024-09-17 10:09:44.124,414.1126561962689,999
2024-09-17 10:09:44.225,-414.1444044941792,11
2024-09-17 10:09:44.284,414.089730752728,998
2024-09-17 10:09:44.327,414.105202639336,101
2024-09-17 10:09:44.502,414.1082440627051,1001
2024-09-17 10:09:44.733,414.1151747850757,10
2024-09-17 10:09:44.868,414.1074971636752,1005
2024-09-17 10:09:44.956,414.1368543798996,1000
2024-09-17 10:09:45.013,414.1000671288638,98
2024-09-17 10:09:45.048,414.07733913718863,103
2024-09-17 10:09:45.048,414.1278677453829,105
2024-09-17 10:09:45.143,414.0593862999055,11
2024-09-17 10:09:45.182,414.07096002102105,103
2024-09-17 10:09:45.241,414.0909758522471,999
2024-09-17 10:09:45.273,414.0925041353908,98
2024-09-17 10:09:45.288,414.101181485757,105
2024-09-17 10:09:45.332,414.076876661134,100
2024-09-17 10:09:45.361,414.0914940455036,98
2024-09-17 10:09:45.370,414.09354561935015,15
2024-09-17 10:09:45.438,414.0808009656091,998
2024-09-17 10:09:45.441,414.1245589870655,6
2024-09-17 10:09:45.508,414.09533888103385,104
2024-09-17 10:09:45.550,414.059573821572,1004
2024-09-17 10:09:45.580,414.1066104449816,8
2024-09-17 10:09:45.673,414.1057289800404,11
2024-09-17 10:09:45.706,414.0685982014007,14
2024-09-17 10:09:45.717,414.1054811027401,5
2024-09-17 10:09:45.795,414.0847319688434,13
2024-09-17 10:09:45.827,414.09619048321247,996
2024-09-17 10:09:45.831,414.0905531354703,105
2024-09-17 10:09:45.908,414.0695167662566,105
2024-09-17 10:09:45.976,414.1097891339603,1005
2024-09-17 10:09:46.036,414.0811719181942,15
2024-09-17 10:09:46.046,414.15590046619,1000
2024-09-17 10:09:46.049,-414.1005910284418,1004
2024-09-17 10:09:46.078,414.07487007461214,14
2024-09-17 10:09:46.084,414.1260272139135,9
2024-09-17 10:09:46.127,414.127971357291,99
2024-09-17 10:09:46.209,414.1149714270992,95
2024-09-17 10:09:46.274,414.1073594700512,5
2024-09-17 10:09:46.418,414.1437118730008,101
2024-09-17 10:09:46.463,414.157329776073,1002
2024-09-17 10:09:46.466,414.107376423054,1005
2024-09-17 10:09:46.481,414.1270485644524,995
2024-09-17 10:09:46.497,414.11158276160666,1001
2024-09-17 10:09:46.570,414.1190659470712,995
2024-09-17 10:09:46.650,414.07402998470445,996
2024-09-17 10:09:46.687,414.1025792856579,101
2024-09-17 10:09:46.687,414.1305429224733,9
2024-09-17 10:09:46.689,414.0811903836372,6
2024-09-17 10:09:46.704,414.1202646599156,100
2024-09-17 10:09:46.801,414.1014627532806,12
2024-09-17 10:09:46.825,414.1075303679014,99
2024-09-17 10:09:46.841,414.0851409684231,14
2024-09-17 10:09:46.862,414.09242289265455,105
2024-09-17 10:09:46.915,414.1448392325236,997
2024-09-17 10:09:47.029,414.1214784404325,10
2024-09-17 10:09:47.033,414.1213691798223,1003
2024-09-17 10:09:47.039,414.118825671567,12
2024-09-17 10:09:47.137,414.16906711319984,103
2024-09-17 10:09:47.178,414.1310915242714,1002
2024-09-17 10:09:47.233,414.1476805350952,6
2024-09-17 10:09:47.315,414.1177907355866,7
2024-09-17 10:09:47.362,414.1377986411417,99
2024-09-17 10:09:47.401,414.1116196234187,100
2024-09-17 10:09:47.465,414.1431734910704,99
2024-09-17 10:09:47.469,414.1526257438616,100
2024-09-17 10:09:47.506,41.40868346239168,1002
2024-09-17 10:09:47.622,414.1371260528485,95
2024-09-17 10:09:47.636,414.1316166143354,998
2024-09-17 10:09:47.681,414.1549569330695,1002
2024-09-17 10:09:47.851,414.1151382678186,10
2024-09-17 10:09:47.868,414.1435151279088,998
2024-09-17 10:09:47.875,414.1303499182426,6
2024-09-17 10:09:47.909,414.1481309290351,96
2024-09-17 10:09:47.931,414.10346339517633,1001
2024-09-17 10:09:47.958,414.1224884711693,101
2024-09-17 10:09:47.993,414.1251073801801,99
2024-09-17 10:09:48.445,414.1594772293472,99
2024-09-17 10:09:48.834,414.1743955774775,996
2024-09-17 10:09:48.876,414.1656562214258,9
2024-09-17 10:09:48.938,414.1633334873685,98
2024-09-17 10:09:48.955,414.1687667297149,95
2024-09-17 10:09:49.069,414.1757578302378,997
2024-09-17 10:09:49.092,414.1937143903186,96
2024-09-17 10:09:49.115,414.1704732467722,998
2024-09-17 10:09:49.160,414.19734272255806,95
2024-09-17 10:09:49.174,414.2022773231221,1003
2024-09-17 10:09:49.321,414.1904377645628,6
2024-09-17 10:09:49.353,414.1606895059071,1003
2024-09-17 10:09:49.435,414.17593461158646,999
2024-09-17 10:09:49.440,414.1889462540187,14
2024-09-17 10:09:49.494,414.188101139544,996
2024-09-17 10:09:49.554,414.1697339042231,98
2024-09-17 10:09:49.593,414.1824446986687,98
2024-09-17 10:09:49.665,414.1876637863806,104
2024-09-17 10:09:49.685,414.1823931614721,104
2024-09-17 10:09:49.740,414.1837979031665,1005
2024-09-17 10:09:49.856,414.19084194052,8
2024-09-17 10:09:49.859,414.172015785593,105
2024-09-17 10:09:49.863,414.19022419132415,995
2024-09-17 10:09:49.915,414.1807714934457,1003
2024-09-17 10:09:49.936,41.41874406410492,8
2024-09-17 10:09:49.992,-414.1559015674372,96
2024-09-17 10:09:50.227,414.1892871027538,998
2024-09-17 10:09:50.233,41.41791342302668,1003
2024-09-17 10:09:50.305,414.1699605812379,96
2024-09-17 10:09:50.320,414.1762507542065,95
2024-09-17 10:09:50.321,414.2060734460574,999
2024-09-17 10:09:50.351,414.1878927443088,15
2024-09-17 10:09:50.671,414.21935517751785,999
2024-09-17 10:09:50.702,414.1968352744794,10
2024-09-17 10:09:50.713,414.1771614960856,102
2024-09-17 10:09:50.725,-414.1560026009289,96
2024-09-17 10:09:50.760,414.1655853106943,998
2024-09-17 10:09:50.828,414.2030059525284,96
2024-09-17 10:09:50.930,41.41725412293306,96
2024-09-17 10:09:50.944,414.2149706355892,1003
2024-09-17 10:09:50.961,414.1736240981972,100
2024-09-17 10:09:50.990,414.185276888654,104
2024-09-17 10:09:51.113,414.1001078426566,13
2024-09-17 10:09:51.170,414.15576147434416,1000
2024-09-17 10:09:51.231,414.1165122739559,1004
2024-09-17 10:09:51.257,414.1639663001738,7
2024-09-17 10:09:51.275,414.1164280694932,1005
2024-09-17 10:09:51.294,414.10557617568304,9
2024-09-17 10:09:51.309,414.1818439895941,103
2024-09-17 10:09:51.341,414.130181529676,8
2024-09-17 10:09:51.410,414.1481165718529,1002
2024-09-17 10:09:51.413,414.1139180227127,1000
2024-09-17 10:09:51.516,414.1017742182543,1000
2024-09-17 10:09:51.610,414.16243032671895,99
2024-09-17 10:09:51.709,414.1625309882048,1001
2024-09-17 10:09:51.729,414.1207160459315,1000
2024-09-17 10:09:51.731,414.1346997493084,98
2024-09-17 10:09:51.737,414.1815379319205,14
2024-09-17 10:09:51.749,414.1128891594751,997
2024-09-17 10:09:51.750,414.1762442216016,995
2024-09-17 10:09:51.767,,1003
2024-09-17 10:09:51.793,414.09059509637024,96
2024-09-17 10:09:51.801,414.0967730900327,103
2024-09-17 10:09:51.871,414.1652284445368,10
2024-09-17 10:09:51.886,414.0900679725357,1001
2024-09-17 10:09:51.904,414.1064340269148,7
2024-09-17 10:09:51.921,414.1612117710055,15
2024-09-17 10:09:51.951,414.10854413752105,995
2024-09-17 10:09:51.965,414.13067381433046,102
2024-09-17 10:09:51.966,414.1008045263032,996
2024-09-17 10:09:52.011,414.1160566211238,95
2024-09-17 10:09:52.023,414.08593945549154,1000
2024-09-17 10:09:52.054,414.114310465034,7
2024-09-17 10:09:52.107,414.090670920312,5
2024-09-17 10:09:52.174,-414.0711826475725,7
2024-09-17 10:09:52.184,414.0948382432955,997
2024-09-17 10:09:52.196,414.0705743236777,99
2024-09-17 10:09:52.355,414.0986380720969,1002
2024-09-17 10:09:52.449,414.0735842567476,105
2024-09-17 10:09:52.545,414.0499119737827,997
2024-09-17 10:09:52.635,414.0887098500624,97
2024-09-17 10:09:52.706,414.0875472346823,96
2024-09-17 10:09:52.727,414.1262750390938,15
2024-09-17 10:09:52.892,414.0956215273178,100
2024-09-17 10:09:52.959,414.1084287072633,13
2024-09-17 10:09:53.050,414.1021489961845,7
2024-09-17 10:09:53.060,414.08937370055867,14
2024-09-17 10:09:53.088,414.0362648736678,14
2024-09-17 10:09:53.145,414.09456725542736,996
2024-09-17 10:09:53.159,414.1066385032239,103
2024-09-17 10:09:53.193,414.1110956140468,11
2024-09-17 10:09:53.266,414.09378033462,999
2024-09-17 10:09:53.446,414.0995340429481,996
2024-09-17 10:09:53.692,414.0621410845396,103
2024-09-17 10:09:53.738,414.0289367135227,8
2024-09-17 10:09:53.862,41.41069056353805,6
2024-09-17 10:09:53.908,414.0254531563137,1001
2024-09-17 10:09:53.912,414.0657444261811,1001
2024-09-17 10:09:53.995,414.0829776765822,99
2024-09-17 10:09:54.020,414.0672597478013,104
2024-09-17 10:09:54.092,,105
2024-09-17 10:09:54.125,414.0744246394135,1004
2024-09-17 10:09:54.126,414.0604023876626,102
2024-09-17 10:09:54.136,414.0533232034119,97
2024-09-17 10:09:54.155,414.0771938581588,100
2024-09-17 10:09:54.173,414.0648051454643,995
2024-09-17 10:09:54.196,414.0494409540737,98
2024-09-17 10:09:54.332,414.0415757600572,95
2024-09-17 10:09:54.377,414.0324145899333,1001
2024-09-17 10:09:54.507,414.0594539442157,99
2024-09-17 10:09:54.514,414.0207357760037,105
2024-09-17 10:09:54.692,414.06103347589993,102
2024-09-17 10:09:54.722,414.05114263851925,102
2024-09-17 10:09:54.729,414.053166167209,103
2024-09-17 10:09:54.757,414.0428473044218,105
2024-09-17 10:09:54.768,414.0677596700787,1001
2024-09-17 10:09:54.808,414.0452786264176,10
2024-09-17 10:09:54.836,414.0533411363469,1003
2024-09-17 10:09:54.961,414.0626654216945,7
2024-09-17 10:09:54.996,414.0727051998024,1002
2024-09-17 10:09:55.039,414.0515871992209,95
2024-09-17 10:09:55.053,414.0824294218131,104
2024-09-17 10:09:55.170,414.0695549499619,14
2024-09-17 10:09:55.202,414.0570436875721,996
2024-09-17 10:09:55.224,414.04846115406167,10
2024-09-17 10:09:55.266,414.07270051426127,103
2024-09-17 10:09:55.282,414.0618850695028,10
2024-09-17 10:09:55.346,414.0798457830744,104
2024-09-17 10:09:55.379,414.0555460099703,13
2024-09-17 10:09:55.417,414.0795416208165,9
2024-09-17 10:09:55.442,414.052577895499,104
2024-09-17 10:09:55.631,414.053729463904,97
2024-09-17 10:09:55.682,414.069139023212,98
2024-09-17 10:09:56.038,414.0386665152342,1003
2024-09-17 10:09:56.223,414.0423297500183,1003
2024-09-17 10:09:56.775,414.04761255813696,99
2024-09-17 10:09:57.337,414.0357795659744,11
2024-09-17 10:09:57.425,414.0461038540123,97
2024-09-17 10:09:57.810,414.0352061299657,104
2024-09-17 10:09:58.060,414.0080745057583,102
2024-09-17 10:09:58.061,413.98563629179984,995
2024-09-17 10:09:58.107,413.9651000686131,9
2024-09-17 10:09:58.117,414.0049540797225,15
2024-09-17 10:09:58.166,413.9812759711628,105
2024-09-17 10:09:58.182,413.9913236459186,1001
2024-09-17 10:09:58.227,414.02793961865257,9
2024-09-17 10:09:58.231,414.02014322178144,997
2024-09-17 10:09:58.299,414.0283690827266,12
2024-09-17 10:09:58.396,414.01369387902696,997
2024-09-17 10:09:58.480,413.9525850521324,104
2024-09-17 10:09:58.539,413.9880876191693,10
2024-09-17 10:09:58.547,414.0088208350452,95
2024-09-17 10:09:58.554,413.9514864372921,103
2024-09-17 10:09:58.564,414.0015724500824,1004
2024-09-17 10:09:58.583,413.9782863248104,103
2024-09-17 10:09:58.635,413.9763672162425,96
2024-09-17 10:09:58.638,414.0132937851725,13
2024-09-17 10:09:58.642,413.99712880651714,104
2024-09-17 10:09:58.648,413.9626177689739,96
2024-09-17 10:09:58.673,414.02896848120696,12
2024-09-17 10:09:58.716,414.01178992666473,1002
2024-09-17 10:09:58.802,413.9353804746467,104
2024-09-17 10:09:58.868,414.00650211601777,6
2024-09-17 10:09:58.869,414.0001222570008,996
2024-09-17 10:09:58.873,413.9405518422156,998
2024-09-17 10:09:58.875,414.0036843088928,996
2024-09-17 10:09:58.878,413.9342452408581,8
2024-09-17 10:09:59.379,413.9274399581235,1005
