Timestamp,Price,Size
2024-09-19 15:42:00.017,418.9466369205088,5
2024-09-19 15:42:00.032,418.9545773780199,1004
2024-09-19 15:42:00.076,418.9547328572492,96
2024-09-19 15:42:00.099,418.93178859492247,12
2024-09-19 15:42:00.175,418.958017368708,15
2024-09-19 15:42:00.329,418.8845366787467,8
2024-09-19 15:42:00.343,418.9401244118577,101
2024-09-19 15:42:00.488,418.9155397859389,1004
2024-09-19 15:42:00.509,418.952600054764,5
2024-09-19 15:42:00.526,418.8886274924095,6
2024-09-19 15:42:00.557,418.9501499851706,997
2024-09-19 15:42:00.563,418.9618690191919,104
2024-09-19 15:42:00.572,418.8831195625826,8
2024-09-19 15:42:00.595,418.9061704147346,7
2024-09-19 15:42:00.597,418.9119717512987,1002
2024-09-19 15:42:00.617,418.9516863129189,15
2024-09-19 15:42:00.629,418.8781096509925,101
2024-09-19 15:42:00.674,418.9542263207072,15
2024-09-19 15:42:00.728,418.9046107541448,7
2024-09-19 15:42:00.734,418.8925586411716,5
2024-09-19 15:42:00.741,418.95635231077415,7
2024-09-19 15:42:00.872,418.912179574184,104
2024-09-19 15:42:00.889,418.9054742797294,1002
2024-09-19 15:42:00.921,418.9756606371175,1004
2024-09-19 15:42:01.082,418.9575184050221,1002
2024-09-19 15:42:01.420,418.9618446697932,97
2024-09-19 15:42:01.541,418.9607417958704,98
2024-09-19 15:42:01.648,418.97453849143113,100
2024-09-19 15:42:01.698,418.9644341883298,103
2024-09-19 15:42:01.838,418.9625396960952,101
2024-09-19 15:42:01.866,41.89646714377392,997
2024-09-19 15:42:02.028,418.997726925043,12
2024-09-19 15:42:02.042,418.9637367080008,1000
2024-09-19 15:42:02.052,418.94873385601977,15
2024-09-19 15:42:02.166,418.9683168199062,997
2024-09-19 15:42:02.169,419.007842646116,6
2024-09-19 15:42:02.314,418.9744174516171,96
2024-09-19 15:42:02.555,419.0308254537134,1002
2024-09-19 15:42:02.618,418.9959868621153,9
2024-09-19 15:42:02.664,41.89645225557072,9
2024-09-19 15:42:02.675,418.9827113111746,11
2024-09-19 15:42:02.675,419.0009055963929,1001
2024-09-19 15:42:02.676,418.9691593934515,15
2024-09-19 15:42:02.754,418.9764908983676,997
2024-09-19 15:42:02.804,419.0031764385323,15
2024-09-19 15:42:02.907,418.9698194033511,15
2024-09-19 15:42:02.982,418.9973744886576,995
2024-09-19 15:42:03.004,419.0274197630603,1000
2024-09-19 15:42:03.012,419.0747765200924,10
2024-09-19 15:42:03.015,419.0157246494516,995
2024-09-19 15:42:03.024,419.0959513051969,996
2024-09-19 15:42:03.039,419.0765549597468,997
2024-09-19 15:42:03.176,419.076506122972,97
2024-09-19 15:42:03.177,419.0138471536219,98
2024-09-19 15:42:03.199,419.0840908101227,100
2024-09-19 15:42:03.218,419.100680675147,12
2024-09-19 15:42:03.230,419.0897225592116,105
2024-09-19 15:42:03.246,419.10857582006815,15
2024-09-19 15:42:03.295,419.0084273980438,1003
2024-09-19 15:42:03.342,418.9727228080107,100
2024-09-19 15:42:03.378,418.9752440117692,9
2024-09-19 15:42:03.380,419.08997321840144,10
2024-09-19 15:42:03.454,419.0788076653158,12
2024-09-19 15:42:03.506,419.0309559237768,1000
2024-09-19 15:42:03.552,419.09834750587424,10
2024-09-19 15:42:03.636,419.0605499345709,1002
2024-09-19 15:42:03.662,419.0937959162724,998
2024-09-19 15:42:03.713,418.9928778058402,1004
2024-09-19 15:42:03.715,419.0197790840242,105
2024-09-19 15:42:03.742,419.0290974876314,97
2024-09-19 15:42:03.743,418.985555939441,996
2024-09-19 15:42:03.821,419.06536981151385,995
2024-09-19 15:42:03.835,419.07442159815565,8
2024-09-19 15:42:03.868,419.0895935551477,5
2024-09-19 15:42:03.888,419.0105562139644,7
2024-09-19 15:42:03.936,419.1061700276184,10
2024-09-19 15:42:04.096,419.0939949417288,98
2024-09-19 15:42:04.161,419.09513594958577,999
2024-09-19 15:42:04.326,419.06798747203374,98
2024-09-19 15:42:04.487,419.0871277363136,1001
2024-09-19 15:42:04.515,419.0922517465182,10
2024-09-19 15:42:04.634,419.0980815076664,7
2024-09-19 15:42:04.740,419.0904088095058,995
2024-09-19 15:42:04.788,419.0863985611501,1004
2024-09-19 15:42:04.837,419.0934576913262,1005
2024-09-19 15:42:04.880,419.0860750625793,1001
2024-09-19 15:42:04.957,419.1001853263795,6
2024-09-19 15:42:04.958,419.09242314908994,101
2024-09-19 15:42:05.099,419.1059999679314,5
2024-09-19 15:42:05.102,419.11029838532096,14
2024-09-19 15:42:05.218,419.0717759362972,12
2024-09-19 15:42:05.359,419.1160848673365,104
2024-09-19 15:42:05.398,419.0862577361695,997
2024-09-19 15:42:05.516,419.11526869094047,1000
2024-09-19 15:42:05.523,419.1315386365032,105
2024-09-19 15:42:05.667,419.11235530623793,98
2024-09-19 15:42:05.677,419.1234871556561,96
2024-09-19 15:42:05.707,419.1222005430746,996
2024-09-19 15:42:05.770,419.1256994723526,999
2024-09-19 15:42:05.778,419.1279430777323,12
2024-09-19 15:42:05.846,419.1177040660274,105
2024-09-19 15:42:05.899,419.1290638018032,8
2024-09-19 15:42:05.979,419.0991044216679,95
2024-09-19 15:42:06.024,419.1161658285429,11
2024-09-19 15:42:06.259,419.0908780307759,8
2024-09-19 15:42:06.286,419.09524674353145,999
2024-09-19 15:42:06.292,419.0887448836099,998
2024-09-19 15:42:06.348,419.0897889154613,6
2024-09-19 15:42:06.418,419.09268875367104,98
2024-09-19 15:42:06.568,419.1212256439709,15
2024-09-19 15:42:06.769,419.1260688739226,998
2024-09-19 15:42:06.773,419.08876691912303,104
2024-09-19 15:42:06.810,419.0983063603468,13
2024-09-19 15:42:06.832,419.1023831375425,7
2024-09-19 15:42:07.031,419.1075790684672,95
2024-09-19 15:42:07.099,419.1859461648276,12
2024-09-19 15:42:07.135,419.16340175296654,101
2024-09-19 15:42:07.217,419.1407907964088,1005
2024-09-19 15:42:07.269,419.1625455503312,95
2024-09-19 15:42:07.344,419.15623710193694,98
2024-09-19 15:42:07.377,419.1527909420319,998
2024-09-19 15:42:07.473,419.1488531537145,1002
2024-09-19 15:42:07.477,419.15441889818254,14
2024-09-19 15:42:07.619,419.1556972283527,8
2024-09-19 15:42:07.663,419.14281109795394,104
2024-09-19 15:42:07.703,419.1717148353793,999
2024-09-19 15:42:07.743,419.146737127996,7
2024-09-19 15:42:07.801,419.1268188651108,11
2024-09-19 15:42:07.824,419.1550635830892,103
2024-09-19 15:42:07.874,419.1389627117258,5
2024-09-19 15:42:07.931,419.1388549598872,101
2024-09-19 15:42:09.041,419.21078587021714,14
2024-09-19 15:42:09.064,419.2640320267338,7
2024-09-19 15:42:09.071,419.2028826064126,14
2024-09-19 15:42:09.079,419.2096246714193,10
2024-09-19 15:42:09.106,,1003
2024-09-19 15:42:09.122,419.2159631401167,1004
2024-09-19 15:42:09.144,419.1853970161505,13
2024-09-19 15:42:09.252,419.1951263297633,104
2024-09-19 15:42:09.289,419.1837257080187,95
2024-09-19 15:42:09.298,419.1860238116383,14
2024-09-19 15:42:09.372,419.1859498085781,7
2024-09-19 15:42:09.391,419.1882885268548,101
2024-09-19 15:42:09.415,419.2079398990769,98
2024-09-19 15:42:09.445,419.2186069363699,996
2024-09-19 15:42:09.553,419.18729297820767,1000
2024-09-19 15:42:09.576,419.20329733378986,1002
2024-09-19 15:42:09.657,419.1955161379696,104
2024-09-19 15:42:09.664,419.1868545823037,7
2024-09-19 15:42:09.772,419.2345875273889,7
2024-09-19 15:42:09.842,419.2577627116484,997
2024-09-19 15:42:09.860,419.22859875351327,100
2024-09-19 15:42:09.896,419.1867544304194,14
2024-09-19 15:42:09.903,419.19356540591593,101
2024-09-19 15:42:10.123,419.2843969293537,999
2024-09-19 15:42:10.381,419.2431809255632,103
2024-09-19 15:42:10.619,419.2834114564753,1001
2024-09-19 15:42:10.750,419.2631828016962,105
2024-09-19 15:42:10.895,419.2492889381108,1004
2024-09-19 15:42:10.963,419.25634474148615,102
2024-09-19 15:42:11.428,419.28201242445454,9
2024-09-19 15:42:11.447,419.2942086672396,995
2024-09-19 15:42:11.508,419.27510537576825,105
2024-09-19 15:42:11.539,419.29202743117673,99
2024-09-19 15:42:11.664,419.2825749414084,1001
2024-09-19 15:42:12.173,419.25910667666574,997
2024-09-19 15:42:12.190,-419.267583952338,13
2024-09-19 15:42:12.362,419.25945980427497,104
2024-09-19 15:42:12.430,419.26820616278974,999
2024-09-19 15:42:12.512,419.2410879369806,100
2024-09-19 15:42:12.539,419.26432362770856,1001
2024-09-19 15:42:12.551,419.2733013911544,105
2024-09-19 15:42:12.733,419.2537303223528,996
2024-09-19 15:42:12.815,419.28056459295794,13
2024-09-19 15:42:12.901,419.25540389344746,97
2024-09-19 15:42:12.908,419.2543187695632,996
2024-09-19 15:42:12.937,419.2635155559989,9
2024-09-19 15:42:12.974,419.2806215294263,1004
2024-09-19 15:42:12.976,419.2682900591868,1002
2024-09-19 15:42:13.009,419.2677034679487,100
2024-09-19 15:42:13.074,419.28958085581735,996
2024-09-19 15:42:13.155,419.2624700447223,995
2024-09-19 15:42:13.218,419.2721058757301,999
2024-09-19 15:42:13.311,419.496828067081,1002
2024-09-19 15:42:13.353,419.2644202291942,7
2024-09-19 15:42:13.376,419.2666959231343,7
2024-09-19 15:42:13.532,419.26422984228446,10
2024-09-19 15:42:13.659,419.26136876393554,5
2024-09-19 15:42:13.677,419.2708420576561,12
2024-09-19 15:42:13.685,419.2738649383885,1005
2024-09-19 15:42:13.697,419.2761861224772,1005
2024-09-19 15:42:13.738,-419.4991456844711,6
2024-09-19 15:42:13.742,419.25118147571067,97
2024-09-19 15:42:13.817,419.2881913804691,15
2024-09-19 15:42:13.831,419.24640362719737,103
2024-09-19 15:42:13.949,419.26748823041777,11
2024-09-19 15:42:13.965,419.2607353521134,97
2024-09-19 15:42:14.165,419.3000560744965,5
2024-09-19 15:42:14.395,419.3175753060903,96
2024-09-19 15:42:14.448,419.3147980471216,13
2024-09-19 15:42:14.514,419.3013715461922,1005
2024-09-19 15:42:14.570,419.2725688738684,99
2024-09-19 15:42:14.605,419.30264272440047,9
2024-09-19 15:42:14.744,419.31853680567855,15
2024-09-19 15:42:14.831,419.3008346857386,12
2024-09-19 15:42:14.944,41.931614015318814,1001
2024-09-19 15:42:14.997,419.3168387578869,7
2024-09-19 15:42:15.076,419.32605977670624,997
2024-09-19 15:42:15.153,419.35448301976334,11
2024-09-19 15:42:15.175,419.3571008516885,12
2024-09-19 15:42:15.177,419.3585235199057,997
2024-09-19 15:42:15.181,419.3511284738472,99
2024-09-19 15:42:15.193,419.3679005740539,11
2024-09-19 15:42:15.197,419.3897234902293,995
2024-09-19 15:42:15.235,419.32895881879887,1003
2024-09-19 15:42:15.253,419.3254519431537,98
2024-09-19 15:42:15.317,419.3233772111179,1001
2024-09-19 15:42:15.335,419.4040016704571,105
2024-09-19 15:42:15.370,,105
2024-09-19 15:42:15.379,419.325862633252,12
2024-09-19 15:42:15.395,419.3771516909429,5
2024-09-19 15:42:15.411,419.3701570602301,105
2024-09-19 15:42:15.474,419.3633080818038,998
2024-09-19 15:42:15.542,419.3967123461813,101
2024-09-19 15:42:15.573,419.35539558345823,97
2024-09-19 15:42:15.614,419.3804987105209,96
2024-09-19 15:42:15.809,419.4043063843724,105
2024-09-19 15:42:15.862,419.3328185536251,998
2024-09-19 15:42:15.934,41.93339506593309,1004
2024-09-19 15:42:15.979,419.3731663809476,105
2024-09-19 15:42:15.993,419.33754727066577,98
2024-09-19 15:42:16.074,419.29826986366993,1001
2024-09-19 15:42:16.113,419.2856430310391,5
2024-09-19 15:42:16.213,419.19987422848,1000
2024-09-19 15:42:16.251,419.3045146987529,15
2024-09-19 15:42:16.310,419.2293911488596,95
2024-09-19 15:42:16.334,419.2648490143002,1005
2024-09-19 15:42:16.334,419.2665098930376,5
2024-09-19 15:42:16.346,419.1983842146523,12
2024-09-19 15:42:16.437,419.2792736568204,96
2024-09-19 15:42:16.461,419.2570141333561,8
2024-09-19 15:42:16.473,419.2694273635039,999
2024-09-19 15:42:16.482,419.24968248212286,1004
2024-09-19 15:42:16.605,419.2936039352825,14
2024-09-19 15:42:16.675,419.2826513980111,1000
2024-09-19 15:42:16.710,419.28677578500486,1005
2024-09-19 15:42:16.722,419.1950032669956,14
2024-09-19 15:42:16.745,419.2862735441493,5
2024-09-19 15:42:16.757,419.2854055948044,104
2024-09-19 15:42:16.887,419.2562784161926,9
2024-09-19 15:42:16.893,419.2858088704252,996
2024-09-19 15:42:16.906,419.21022843259175,6
2024-09-19 15:42:16.928,419.29293450308535,1001
2024-09-19 15:42:16.932,419.2988477231624,1005
2024-09-19 15:42:16.941,419.3057753842031,101
2024-09-19 15:42:16.964,419.27648805857785,1000
2024-09-19 15:42:16.971,419.2893900125175,11
2024-09-19 15:42:16.977,419.2903165721847,1005
2024-09-19 15:42:16.995,419.2779715167821,101
2024-09-19 15:42:17.060,419.20663154535663,1000
2024-09-19 15:42:17.156,419.20546343275424,15
2024-09-19 15:42:17.197,419.19627945186267,1002
2024-09-19 15:42:17.236,419.1852322822607,101
2024-09-19 15:42:17.311,419.1887129169236,14
2024-09-19 15:42:17.353,419.1965372437661,996
2024-09-19 15:42:17.432,419.1997558946314,96
2024-09-19 15:42:17.489,419.2193090783767,998
2024-09-19 15:42:17.583,419.2099121955284,998
2024-09-19 15:42:17.596,419.17507507523976,995
2024-09-19 15:42:17.631,419.2019365087655,12
2024-09-19 15:42:17.683,419.1916569315451,11
2024-09-19 15:42:17.693,419.2076408813003,15
2024-09-19 15:42:17.732,419.1797007665468,7
2024-09-19 15:42:17.771,419.1861347158459,98
2024-09-19 15:42:17.783,419.208957679648,995
2024-09-19 15:42:19.044,419.1836842729145,5
2024-09-19 15:42:19.058,419.4277808841581,5
2024-09-19 15:42:20.105,419.1526873128836,998
2024-09-19 15:42:20.206,419.1897054401133,1000
2024-09-19 15:42:20.236,419.16514987449074,104
2024-09-19 15:42:20.423,419.20579580935214,98
2024-09-19 15:42:20.526,419.1854653883957,12
2024-09-19 15:42:20.537,41.91808246417443,1002
2024-09-19 15:42:21.070,419.1592931861116,5
2024-09-19 15:42:21.079,419.1519416653183,12
2024-09-19 15:42:21.221,,997
2024-09-19 15:42:21.390,419.1485146227701,102
2024-09-19 15:42:21.631,419.1751748785365,98
2024-09-19 15:42:21.668,419.1526718557441,998
2024-09-19 15:42:21.720,419.17687513508446,997
2024-09-19 15:42:21.888,419.1579262180687,96
2024-09-19 15:42:21.983,419.16241658077183,996
2024-09-19 15:42:22.114,419.1524730341537,1002
2024-09-19 15:42:22.179,419.1780914070113,997
2024-09-19 15:42:22.195,419.1778149842492,996
2024-09-19 15:42:22.379,419.1671675137112,105
2024-09-19 15:42:22.415,419.1620293795558,997
2024-09-19 15:42:22.439,419.1829983040959,98
2024-09-19 15:42:22.595,419.1613673228341,11
2024-09-19 15:42:22.616,419.1685031393899,1003
2024-09-19 15:42:22.623,419.16106874188216,1000
2024-09-19 15:42:22.736,419.1606356099513,97
2024-09-19 15:42:22.754,419.18907106253096,1004
2024-09-19 15:42:22.789,419.1600539368847,6
2024-09-19 15:42:23.020,419.1532856423577,99
2024-09-19 15:42:23.025,419.15965932499057,1000
2024-09-19 15:42:23.255,419.14308194179046,13
2024-09-19 15:42:23.418,419.13437530391616,95
2024-09-19 15:42:23.552,419.13764917316615,1001
2024-09-19 15:42:23.605,419.1620980538973,1000
2024-09-19 15:42:23.646,419.134564788094,1002
2024-09-19 15:42:23.716,419.1448485836508,1004
2024-09-19 15:42:23.909,419.1390307530973,14
2024-09-19 15:42:23.941,419.1337829435578,1000
2024-09-19 15:42:23.962,419.1222317912497,1005
2024-09-19 15:42:24.007,419.1287647716159,997
2024-09-19 15:42:24.041,419.13446826305176,14
2024-09-19 15:42:24.135,419.1412774141804,1004
2024-09-19 15:42:24.205,41.91375754786089,1004
2024-09-19 15:42:24.271,419.1400434299716,11
2024-09-19 15:42:24.302,419.1499044151333,8
2024-09-19 15:42:24.324,419.15610836409655,101
2024-09-19 15:42:24.494,419.14850271760656,12
2024-09-19 15:42:24.502,419.1155768861161,1000
2024-09-19 15:42:24.548,419.14370559623416,997
2024-09-19 15:42:24.633,419.1279900091793,6
2024-09-19 15:42:24.798,419.1477838711577,13
2024-09-19 15:42:24.813,419.1174701057998,105
2024-09-19 15:42:24.817,419.1612360864076,100
2024-09-19 15:42:24.822,419.1382026044244,102
2024-09-19 15:42:24.965,419.1368592459023,1001
2024-09-19 15:42:25.020,419.2189410503251,105
2024-09-19 15:42:25.120,,1002
2024-09-19 15:42:25.127,419.1808020443452,996
2024-09-19 15:42:25.194,419.196265822484,10
2024-09-19 15:42:25.214,419.1704287661052,7
2024-09-19 15:42:25.316,419.2091956127799,1000
2024-09-19 15:42:25.330,419.21111779024193,998
2024-09-19 15:42:25.375,419.2015074213898,14
2024-09-19 15:42:25.476,419.2114776982561,5
2024-09-19 15:42:25.567,419.203018583294,97
2024-09-19 15:42:25.573,419.1928042576649,100
2024-09-19 15:42:25.929,419.1767850149429,996
2024-09-19 15:42:25.985,419.200378333518,8
2024-09-19 15:42:26.064,419.24837537216,8
2024-09-19 15:42:26.159,419.2045484654059,100
2024-09-19 15:42:26.201,419.210147042324,102
2024-09-19 15:42:26.387,419.2225703258606,102
2024-09-19 15:42:26.469,419.2692143547709,997
2024-09-19 15:42:26.471,419.2810947298126,10
2024-09-19 15:42:26.524,419.2734448731272,998
2024-09-19 15:42:26.527,419.2744622937447,998
2024-09-19 15:42:26.554,419.2890997636058,104
2024-09-19 15:42:26.672,419.2277228954485,1005
2024-09-19 15:42:26.711,419.199996049117,9
2024-09-19 15:42:26.780,419.1960120896173,997
2024-09-19 15:42:26.782,419.2100533240753,6
2024-09-19 15:42:26.812,419.2861242135588,105
2024-09-19 15:42:26.836,419.1846642917209,9
2024-09-19 15:42:26.853,419.6584034760668,10
2024-09-19 15:42:26.869,419.2579151349135,998
2024-09-19 15:42:26.884,419.270963539468,1004
2024-09-19 15:42:26.994,419.2217145566104,1001
2024-09-19 15:42:27.016,419.233409354711,999
2024-09-19 15:42:27.050,419.24849926787886,99
2024-09-19 15:42:27.115,419.24788853466106,7
2024-09-19 15:42:27.125,419.2564088621256,13
2024-09-19 15:42:27.230,419.2559046068872,98
2024-09-19 15:42:27.241,419.2696122234357,97
2024-09-19 15:42:27.384,419.2198531795464,98
2024-09-19 15:42:27.604,419.2387051379503,97
2024-09-19 15:42:27.629,419.2156382796842,10
2024-09-19 15:42:28.028,419.226928802309,105
2024-09-19 15:42:28.048,419.226551072062,96
2024-09-19 15:42:28.263,419.23391949093815,11
2024-09-19 15:42:28.314,419.2434364543013,1005
2024-09-19 15:42:28.356,419.2310212392509,9
2024-09-19 15:42:28.358,419.2345959482242,1000
2024-09-19 15:42:28.371,419.22977853475993,995
2024-09-19 15:42:28.376,419.23434575925296,101
2024-09-19 15:42:28.400,419.24452959369466,100
2024-09-19 15:42:28.474,419.22917889053326,11
2024-09-19 15:42:28.475,419.21393227490194,15
2024-09-19 15:42:28.572,419.2315029085983,1004
2024-09-19 15:42:28.615,419.2352564761928,100
2024-09-19 15:42:28.634,419.2326650517035,1004
2024-09-19 15:42:28.641,419.2152768167368,105
2024-09-19 15:42:28.666,419.2224373690791,10
2024-09-19 15:42:28.692,419.2406410272607,1000
2024-09-19 15:42:28.811,419.2356027183935,1001
2024-09-19 15:42:28.813,419.2416348479845,11
2024-09-19 15:42:28.820,419.2407229949253,96
2024-09-19 15:42:28.905,-419.224519425897,98
2024-09-19 15:42:28.910,419.2092396987625,1001
2024-09-19 15:42:28.961,419.25462517119,995
2024-09-19 15:42:29.041,419.2451326838856,14
2024-09-19 15:42:29.098,419.229938601341,5
2024-09-19 15:42:29.113,419.2402303251215,99
2024-09-19 15:42:29.224,419.27567996948375,103
2024-09-19 15:42:29.328,419.2434473965264,995
2024-09-19 15:42:29.348,419.2381951701162,96
2024-09-19 15:42:29.406,419.2556060732715,996
2024-09-19 15:42:29.479,419.2366103363959,13
2024-09-19 15:42:29.481,419.22544545164754,100
2024-09-19 15:42:29.783,419.2210325768813,7
2024-09-19 15:42:29.935,419.259590837363,1003
2024-09-19 15:42:30.121,419.2180517786349,103
2024-09-19 15:42:30.166,419.2247490421025,97
2024-09-19 15:42:30.441,419.2307751805338,1000
2024-09-19 15:42:30.493,419.2331911922845,11
2024-09-19 15:42:30.806,419.2303369372512,5
2024-09-19 15:42:30.994,-419.22743854978944,97
2024-09-19 15:42:31.105,419.2059924745204,97
2024-09-19 15:42:31.257,-419.21223499377766,10
2024-09-19 15:42:31.335,419.1722200153091,9
2024-09-19 15:42:31.452,419.1655210292207,1001
2024-09-19 15:42:31.676,419.1762528185699,6
2024-09-19 15:42:31.823,419.1765853423794,11
2024-09-19 15:42:31.853,419.16794530932543,996
2024-09-19 15:42:32.001,419.2299061248049,11
2024-09-19 15:42:32.025,419.1828259927056,15
2024-09-19 15:42:32.037,419.2107382016463,5
2024-09-19 15:42:32.048,419.2339337278533,1004
2024-09-19 15:42:32.120,419.2136697222938,13
2024-09-19 15:42:32.132,419.2016975429655,1004
2024-09-19 15:42:32.152,419.1869710118957,99
2024-09-19 15:42:32.232,419.190488264636,997
2024-09-19 15:42:32.263,419.2289432832201,98
2024-09-19 15:42:32.282,419.1832284323585,5
2024-09-19 15:42:32.373,419.1929770844316,103
2024-09-19 15:42:32.375,419.2489867238957,1001
2024-09-19 15:42:32.411,419.2504592361521,11
2024-09-19 15:42:32.506,419.1947754093157,15
2024-09-19 15:42:32.509,419.1716034194808,1002
2024-09-19 15:42:32.561,419.2491793166621,104
2024-09-19 15:42:32.584,419.250158404979,105
2024-09-19 15:42:32.619,419.15192063426485,997
2024-09-19 15:42:32.622,419.1491506709633,99
2024-09-19 15:42:32.702,419.244212388744,10
2024-09-19 15:42:32.714,419.17708777015326,1001
2024-09-19 15:42:32.742,419.210832271819,104
2024-09-19 15:42:32.759,419.206348344232,101
2024-09-19 15:42:32.831,419.2282121538141,1001
2024-09-19 15:42:32.902,419.1886626826324,12
2024-09-19 15:42:32.926,419.20535148256187,6
2024-09-19 15:42:32.943,419.2363587843764,101
2024-09-19 15:42:32.968,419.244903757209,100
2024-09-19 15:42:33.109,,99
2024-09-19 15:42:33.274,419.17554327586544,1000
2024-09-19 15:42:33.372,419.14964397008464,14
2024-09-19 15:42:33.554,419.1389372804528,5
2024-09-19 15:42:33.622,419.1632612277532,13
2024-09-19 15:42:33.690,419.1664371157033,1004
2024-09-19 15:42:33.726,419.1432594940133,998
2024-09-19 15:42:33.740,419.1898858461041,103
2024-09-19 15:42:33.749,41.9186483676388,9
2024-09-19 15:42:33.755,419.1641928184581,6
2024-09-19 15:42:33.791,419.159780171961,1004
2024-09-19 15:42:33.992,419.1523177186685,10
2024-09-19 15:42:34.214,419.1728264404184,999
2024-09-19 15:42:34.276,419.1119368122119,9
2024-09-19 15:42:34.290,419.1838060069297,997
2024-09-19 15:42:34.394,419.0896030297244,996
2024-09-19 15:42:34.395,419.17174150672014,1005
2024-09-19 15:42:34.407,419.086834633226,995
2024-09-19 15:42:34.494,419.06575450955467,998
2024-09-19 15:42:34.588,419.18264547789033,14
2024-09-19 15:42:34.654,419.1865304750436,11
2024-09-19 15:42:34.659,419.0948890647133,95
2024-09-19 15:42:34.669,419.0708844602884,103
2024-09-19 15:42:34.676,419.12505312503,998
2024-09-19 15:42:34.704,419.0778492790784,7
2024-09-19 15:42:34.706,419.0788746922821,99
2024-09-19 15:42:34.712,419.1675171430985,996
2024-09-19 15:42:34.729,419.10294245733365,995
2024-09-19 15:42:34.738,419.1082223337894,99
2024-09-19 15:42:34.771,419.1194985875732,995
2024-09-19 15:42:34.804,419.105628698112,14
2024-09-19 15:42:34.822,419.15139918820125,1001
2024-09-19 15:42:34.847,419.1866360788744,99
2024-09-19 15:42:34.866,419.1329315320004,6
2024-09-19 15:42:34.897,419.097196224772,1004
2024-09-19 15:42:34.912,419.0837522752642,999
2024-09-19 15:42:34.974,419.08710737588655,105
2024-09-19 15:42:34.975,419.1419882613653,13
2024-09-19 15:42:34.976,419.1796118159549,96
2024-09-19 15:42:35.179,419.13245227095706,102
2024-09-19 15:42:35.345,419.0967677772501,998
2024-09-19 15:42:35.466,419.0908777333811,102
2024-09-19 15:42:35.478,419.1160281302017,103
2024-09-19 15:42:35.735,419.1071030690192,12
2024-09-19 15:42:36.010,419.10951023326686,13
2024-09-19 15:42:36.065,419.6007936856864,12
2024-09-19 15:42:36.217,419.09853095666654,99
2024-09-19 15:42:36.246,419.0991640028691,8
2024-09-19 15:42:36.336,419.1065521130844,997
2024-09-19 15:42:36.347,419.6313857667694,996
2024-09-19 15:42:36.576,419.111782112438,96
2024-09-19 15:42:36.614,419.1165765218199,10
2024-09-19 15:42:36.915,419.64041105521,995
2024-09-19 15:42:36.968,419.1226147125643,14
2024-09-19 15:42:37.097,419.0583445105576,995
2024-09-19 15:42:37.105,419.1447480253909,97
2024-09-19 15:42:37.107,419.1163340961506,98
2024-09-19 15:42:37.127,419.1150436909589,103
2024-09-19 15:42:37.150,419.15487027299406,12
2024-09-19 15:42:37.165,419.10396729389873,1002
2024-09-19 15:42:37.172,419.0644444801286,12
2024-09-19 15:42:37.205,419.1492323659133,995
2024-09-19 15:42:37.218,419.1480118159001,95
2024-09-19 15:42:37.246,419.1290338001254,11
2024-09-19 15:42:37.249,419.1179600525121,999
2024-09-19 15:42:37.250,419.0912720762525,999
2024-09-19 15:42:37.294,419.06128576684137,9
2024-09-19 15:42:37.334,419.0617273480901,97
2024-09-19 15:42:37.346,419.1474687826833,104
2024-09-19 15:42:37.388,419.0737890270298,104
2024-09-19 15:42:37.433,419.069605381493,999
2024-09-19 15:42:37.433,419.1146729673694,1005
2024-09-19 15:42:37.465,419.0891393213896,998
2024-09-19 15:42:37.558,419.14632669235874,105
2024-09-19 15:42:37.580,419.10970661216,1003
2024-09-19 15:42:37.593,419.0599089755342,1000
2024-09-19 15:42:37.604,419.1415712702087,1004
2024-09-19 15:42:37.635,419.1140113733401,8
2024-09-19 15:42:37.662,419.137165435731,100
2024-09-19 15:42:37.668,419.1678705633851,95
2024-09-19 15:42:37.737,419.0677810041352,11
2024-09-19 15:42:37.784,419.1057045774669,1001
2024-09-19 15:42:37.940,419.13531718660704,997
2024-09-19 15:42:37.944,419.1137678225273,96
2024-09-19 15:42:38.141,419.1246183024141,996
2024-09-19 15:42:38.299,419.11743385148594,11
2024-09-19 15:42:38.344,419.1172402237704,1002
2024-09-19 15:42:38.678,419.1070344678614,15
2024-09-19 15:42:39.123,419.60164736152296,7
2024-09-19 15:42:39.183,419.2060573617103,105
2024-09-19 15:42:39.258,419.1260544007423,98
2024-09-19 15:42:39.480,419.16337692847134,102
2024-09-19 15:42:39.582,419.1464169800727,1001
2024-09-19 15:42:39.733,419.138438269084,1003
2024-09-19 15:42:39.769,419.145540010504,8
2024-09-19 15:42:39.920,419.1830187035798,101
2024-09-19 15:42:39.970,419.2049224086235,998
2024-09-19 15:42:39.986,419.6172483431829,102
2024-09-19 15:42:40.071,419.2322176348376,9
2024-09-19 15:42:40.080,419.2137108528698,97
2024-09-19 15:42:40.081,419.17965132751647,999
2024-09-19 15:42:40.106,419.257199605036,12
2024-09-19 15:42:40.111,419.2586618027916,13
2024-09-19 15:42:40.124,419.2096660869605,996
2024-09-19 15:42:40.186,419.2653050378277,999
2024-09-19 15:42:40.284,419.2142012727109,98
2024-09-19 15:42:40.322,419.1782541225572,999
2024-09-19 15:42:40.407,419.2414256297232,1001
2024-09-19 15:42:40.461,419.2538832283063,996
2024-09-19 15:42:40.473,419.2237474224951,997
2024-09-19 15:42:40.476,419.2677665176397,1001
2024-09-19 15:42:40.481,419.1917678365506,1005
2024-09-19 15:42:40.535,419.20068223868446,1002
2024-09-19 15:42:40.598,419.2283184219167,1000
2024-09-19 15:42:40.651,419.2248168543866,1001
2024-09-19 15:42:40.657,41.92141790021236,998
2024-09-19 15:42:40.719,419.2637937134924,999
2024-09-19 15:42:40.741,419.2087411939744,14
2024-09-19 15:42:40.826,419.2047536116962,103
2024-09-19 15:42:40.872,419.2196898013817,97
2024-09-19 15:42:40.880,419.2090345559638,1004
2024-09-19 15:42:40.891,419.2607375479408,15
2024-09-19 15:42:41.025,419.2027097825141,10
2024-09-19 15:42:41.042,419.2112270182535,100
2024-09-19 15:42:41.084,419.2051533682037,100
2024-09-19 15:42:41.206,419.2315029618169,997
2024-09-19 15:42:41.338,419.2177587837961,99
2024-09-19 15:42:41.715,419.2228741964584,11
2024-09-19 15:42:41.724,419.21296377454127,96
2024-09-19 15:42:41.741,419.2488408824081,97
2024-09-19 15:42:41.784,419.2085356944,14
2024-09-19 15:42:41.795,419.1963336783196,98
2024-09-19 15:42:42.193,419.1669969569309,5
2024-09-19 15:42:42.207,419.2114276687765,14
2024-09-19 15:42:42.507,419.1277474944875,998
2024-09-19 15:42:42.557,419.16949180506646,5
2024-09-19 15:42:42.570,419.1522017294562,15
2024-09-19 15:42:42.582,419.2150677872384,101
2024-09-19 15:42:42.648,419.1933732118878,10
2024-09-19 15:42:42.653,419.1849270804652,12
2024-09-19 15:42:42.673,419.1571082915585,8
2024-09-19 15:42:42.731,419.188561548379,97
2024-09-19 15:42:42.795,419.21233119588425,13
2024-09-19 15:42:42.994,419.22316312741214,97
2024-09-19 15:42:44.025,419.1320485985353,15
2024-09-19 15:42:44.241,419.084835533518,1004
2024-09-19 15:42:44.483,419.0614999003468,1001
2024-09-19 15:42:44.625,419.0884541385322,1005
2024-09-19 15:42:44.719,419.1184294498874,1005
2024-09-19 15:42:44.922,419.0897180546456,99
2024-09-19 15:42:45.139,419.08190181813546,15
2024-09-19 15:42:45.221,419.0590628346877,5
2024-09-19 15:42:45.379,419.0850972551662,14
2024-09-19 15:42:45.492,419.0802543727502,1000
2024-09-19 15:42:45.876,419.0857319747244,11
2024-09-19 15:42:46.123,419.058754239269,999
2024-09-19 15:42:46.386,419.0618453745803,1005
2024-09-19 15:42:46.386,419.0657867097384,998
2024-09-19 15:42:46.420,419.0689661291892,100
2024-09-19 15:42:46.502,419.087389736145,7
2024-09-19 15:42:46.543,419.0693530688354,97
2024-09-19 15:42:46.767,419.084034995628,1000
2024-09-19 15:42:47.764,419.0922771887735,6
2024-09-19 15:42:48.109,419.1178347390648,1005
2024-09-19 15:42:48.109,419.07075145651504,7
2024-09-19 15:42:48.171,419.1233014407825,10
2024-09-19 15:42:48.258,419.1090652743101,998
2024-09-19 15:42:48.271,419.12001600233657,95
2024-09-19 15:42:48.308,419.1219519558166,15
2024-09-19 15:42:48.458,419.1078649691295,9
2024-09-19 15:42:48.462,419.0798586730557,1002
2024-09-19 15:42:48.502,419.0713400924672,11
2024-09-19 15:42:48.533,419.0843589024715,101
2024-09-19 15:42:48.564,419.0603638697986,5
2024-09-19 15:42:48.584,419.0871014699631,1001
2024-09-19 15:42:48.585,419.0821852981514,1004
2024-09-19 15:42:48.942,419.1194974591399,104
2024-09-19 15:42:48.944,419.12746284338937,999
2024-09-19 15:42:49.063,419.06961235901895,14
2024-09-19 15:42:49.087,419.0891027146722,100
2024-09-19 15:42:49.145,419.0918643697378,95
2024-09-19 15:42:49.203,419.0664758638807,9
2024-09-19 15:42:49.409,419.0874991582033,997
2024-09-19 15:42:49.410,419.0901990242184,96
2024-09-19 15:42:49.432,419.0924184401644,105
2024-09-19 15:42:49.477,419.0766613626537,10
2024-09-19 15:42:49.520,419.06346801422535,10
2024-09-19 15:42:49.628,419.09201523741245,999
2024-09-19 15:42:49.686,419.0918371119448,1003
2024-09-19 15:42:49.704,419.06958040602575,995
2024-09-19 15:42:49.886,419.05675018258006,9
2024-09-19 15:42:49.913,419.0878921339361,997
2024-09-19 15:42:49.959,419.0681976982775,104
2024-09-19 15:42:49.984,419.0525980011061,997
2024-09-19 15:42:50.026,419.0352576884025,100
2024-09-19 15:42:50.095,419.0167907677456,1005
2024-09-19 15:42:50.149,419.05326239532695,9
2024-09-19 15:42:50.166,419.0133050400264,1005
2024-09-19 15:42:50.219,419.009040004968,1000
2024-09-19 15:42:50.235,418.9761210697865,105
2024-09-19 15:42:50.252,418.9920611234353,1005
2024-09-19 15:42:50.274,419.00305665620033,997
2024-09-19 15:42:50.313,419.0496954367578,6
2024-09-19 15:42:50.324,419.0524131265842,995
2024-09-19 15:42:50.335,419.0688986089246,996
2024-09-19 15:42:50.350,418.9854444785293,997
2024-09-19 15:42:50.359,419.0564372246069,995
2024-09-19 15:42:50.391,419.0536737444676,95
2024-09-19 15:42:50.463,419.04563629721525,10
2024-09-19 15:42:50.583,419.0246936635381,998
2024-09-19 15:42:50.777,419.01660961730033,996
2024-09-19 15:42:50.792,419.0711047444718,9
2024-09-19 15:42:50.793,418.9944994526189,12
2024-09-19 15:42:50.795,419.0137785209668,105
2024-09-19 15:42:50.795,419.0574882850638,99
2024-09-19 15:42:50.862,419.0450425075967,9
2024-09-19 15:42:50.873,419.0489020303386,100
2024-09-19 15:42:50.884,419.05827076520967,998
2024-09-19 15:42:50.890,418.99449095117495,5
2024-09-19 15:42:50.896,419.05307308728106,104
2024-09-19 15:42:50.919,419.0024557616526,1000
2024-09-19 15:42:50.968,41.90254578341458,1005
2024-09-19 15:42:50.994,419.0346356573972,101
2024-09-19 15:42:51.030,419.0031901837901,999
2024-09-19 15:42:51.234,419.0062785406101,97
2024-09-19 15:42:51.294,419.0247422033033,7
2024-09-19 15:42:51.308,419.00582067527495,1002
2024-09-19 15:42:51.338,418.9986444986865,100
2024-09-19 15:42:51.357,419.0046137888444,15
2024-09-19 15:42:51.380,418.987768917788,998
2024-09-19 15:42:51.485,41.90046971979695,15
2024-09-19 15:42:51.517,419.0157145778795,5
2024-09-19 15:42:51.571,419.0103537160432,996
2024-09-19 15:42:51.627,418.98950982270895,9
2024-09-19 15:42:51.782,418.9966160783917,995
2024-09-19 15:42:51.798,418.99979834488414,8
2024-09-19 15:42:51.832,418.9929863667813,98
2024-09-19 15:42:51.845,418.9968946150007,96
2024-09-19 15:42:51.874,418.9900883163388,1002
2024-09-19 15:42:51.896,418.9998367798786,7
2024-09-19 15:42:52.079,418.9871077032964,105
2024-09-19 15:42:52.082,419.0114586736688,100
2024-09-19 15:42:52.176,419.05939287217,995
2024-09-19 15:42:52.201,419.0396245414456,103
2024-09-19 15:42:52.228,419.0059082713041,100
2024-09-19 15:42:52.257,419.04231660398,101
2024-09-19 15:42:52.356,418.9916612577968,99
2024-09-19 15:42:52.361,419.0035593105828,101
2024-09-19 15:42:52.571,418.9856570287885,999
2024-09-19 15:42:52.593,418.9957433134472,101
2024-09-19 15:42:52.635,418.9932472382532,7
2024-09-19 15:42:52.653,41.89686275946335,99
2024-09-19 15:42:52.760,418.97577281469154,1002
2024-09-19 15:42:52.761,418.96990943988345,9
2024-09-19 15:42:52.768,419.0549961597478,99
2024-09-19 15:42:52.943,419.0194991747585,15
2024-09-19 15:42:52.967,419.058007460996,14
2024-09-19 15:42:52.980,419.0417601938445,104
2024-09-19 15:42:52.998,419.05048404573154,1003
2024-09-19 15:42:53.052,419.05816858840336,100
2024-09-19 15:42:53.237,419.0544111568862,11
2024-09-19 15:42:53.301,419.0474785501607,1001
2024-09-19 15:42:53.427,419.0346698420682,1002
2024-09-19 15:42:53.636,419.0558396933348,105
2024-09-19 15:42:53.815,-419.048018867112,99
2024-09-19 15:42:54.037,418.9957506844305,1001
2024-09-19 15:42:54.140,,14
2024-09-19 15:42:54.292,419.0236455757017,12
2024-09-19 15:42:54.323,419.01301169938006,99
2024-09-19 15:42:54.369,419.0119620776135,103
2024-09-19 15:42:54.388,418.9897045581644,99
2024-09-19 15:42:54.448,419.01497908584935,5
2024-09-19 15:42:54.452,418.9950449299194,11
2024-09-19 15:42:54.609,418.9997313937976,103
2024-09-19 15:42:54.634,419.001546585682,997
2024-09-19 15:42:54.737,418.9807388144511,996
2024-09-19 15:42:54.844,418.9961156858066,5
2024-09-19 15:42:54.881,419.0202987521949,6
2024-09-19 15:42:54.970,419.0007427335605,97
2024-09-19 15:42:55.013,418.960425011135,998
2024-09-19 15:42:55.019,418.9611306099963,99
2024-09-19 15:42:55.186,418.9606732069691,14
2024-09-19 15:42:55.196,-418.977026442278,6
2024-09-19 15:42:55.278,418.9742374227197,12
2024-09-19 15:42:55.376,418.9727948425098,14
2024-09-19 15:42:55.437,418.9830930992229,98
2024-09-19 15:42:55.555,418.9439700613513,97
2024-09-19 15:42:55.656,418.9540592505583,96
2024-09-19 15:42:55.756,419.5483611565611,8
2024-09-19 15:42:55.941,418.97384945406776,14
2024-09-19 15:42:55.950,418.98462680488456,101
2024-09-19 15:42:55.993,418.9428659831934,102
2024-09-19 15:42:56.044,419.01773921325247,15
2024-09-19 15:42:56.112,419.0148133027517,11
2024-09-19 15:42:56.185,419.0282606421251,99
2024-09-19 15:42:56.232,418.9708307483111,1002
2024-09-19 15:42:56.312,418.9750902451132,97
2024-09-19 15:42:56.319,418.974901802002,105
2024-09-19 15:42:56.364,419.03413547467545,97
2024-09-19 15:42:56.372,419.000572656058,11
2024-09-19 15:42:56.533,418.9360880888734,12
2024-09-19 15:42:56.540,418.98718910502816,96
2024-09-19 15:42:56.593,418.9759743683725,15
2024-09-19 15:42:56.609,419.009812503379,99
2024-09-19 15:42:56.628,419.0212499663559,1005
2024-09-19 15:42:56.631,419.0380275088946,9
2024-09-19 15:42:56.657,418.93749839290496,9
2024-09-19 15:42:56.688,418.9747262204526,1000
2024-09-19 15:42:56.710,418.95253914283103,100
2024-09-19 15:42:56.711,419.0259167070505,98
2024-09-19 15:42:56.733,418.9654958503892,103
2024-09-19 15:42:56.753,419.0066290697266,9
2024-09-19 15:42:56.774,418.99052989785895,999
2024-09-19 15:42:56.800,419.0082313757205,1003
2024-09-19 15:42:56.902,419.01195754410566,101
2024-09-19 15:42:56.907,418.93777850577766,99
2024-09-19 15:42:57.008,419.073735464888,998
2024-09-19 15:42:57.040,419.0368383708137,997
2024-09-19 15:42:57.119,419.05881011739353,1000
2024-09-19 15:42:57.167,419.0036858592478,96
2024-09-19 15:42:57.177,419.07493416090085,105
2024-09-19 15:42:57.269,419.02588985654575,7
2024-09-19 15:42:57.302,419.0165196109653,11
2024-09-19 15:42:57.368,419.0887817420696,105
2024-09-19 15:42:57.401,419.01947212436426,100
2024-09-19 15:42:57.407,419.1201610954769,105
2024-09-19 15:42:57.441,419.0183904463337,997
2024-09-19 15:42:57.534,419.10921041097583,101
2024-09-19 15:42:57.565,419.0282428744379,104
2024-09-19 15:42:57.645,419.01792890253375,1000
2024-09-19 15:42:57.654,419.0720882239549,6
2024-09-19 15:42:57.677,419.0349641458806,8
2024-09-19 15:42:57.731,419.10818179742233,96
2024-09-19 15:42:57.876,419.0595595680295,1002
2024-09-19 15:42:57.931,419.0275797402869,996
2024-09-19 15:42:58.047,419.1225065271533,13
2024-09-19 15:42:58.131,419.080023216308,13
2024-09-19 15:42:58.139,419.156298930948,97
2024-09-19 15:42:58.172,419.1115993415719,101
2024-09-19 15:42:58.264,419.0262636584728,103
2024-09-19 15:42:58.287,419.04245073147337,1001
2024-09-19 15:42:58.295,419.03719260491033,5
2024-09-19 15:42:58.315,41.91580102475942,998
2024-09-19 15:42:58.331,419.13403715410834,1000
2024-09-19 15:42:58.369,419.1382397832084,97
2024-09-19 15:42:58.457,419.0389598395788,6
2024-09-19 15:42:58.483,419.1286703529434,14
2024-09-19 15:42:58.485,419.0231735048346,1001
2024-09-19 15:42:58.570,419.0378027516476,997
2024-09-19 15:42:58.588,419.1040117949504,102
2024-09-19 15:42:58.598,419.1533269837236,14
2024-09-19 15:42:58.616,419.01917111167177,15
2024-09-19 15:42:58.638,419.08631121670953,995
2024-09-19 15:42:58.701,419.1234122705935,10
2024-09-19 15:42:58.710,-419.149992589109,1003
2024-09-19 15:42:58.719,419.1471171705276,97
2024-09-19 15:42:58.770,419.0441154117989,101
2024-09-19 15:42:58.845,419.0254182995008,100
2024-09-19 15:42:58.891,419.0711780312233,12
2024-09-19 15:42:58.893,419.1574668359332,12
2024-09-19 15:42:58.909,419.1080248347197,10
2024-09-19 15:42:58.955,419.02829375710695,14
2024-09-19 15:42:58.966,419.1099292528422,995
2024-09-19 15:42:59.009,419.0236371176708,99
2024-09-19 15:42:59.033,419.0525880634762,103
2024-09-19 15:42:59.068,419.0277153965819,97
2024-09-19 15:42:59.118,419.0439289528411,1003
2024-09-19 15:42:59.155,419.02815564242735,13
2024-09-19 15:42:59.204,419.0480714296259,7
2024-09-19 15:42:59.223,419.0662261869863,1003
2024-09-19 15:42:59.260,419.01502779392337,14
2024-09-19 15:42:59.329,419.0351088712758,11
2024-09-19 15:42:59.477,419.0220452325275,104
2024-09-19 15:42:59.504,419.0507351037859,12
2024-09-19 15:42:59.516,419.0244356340058,996
2024-09-19 15:42:59.573,419.02406660507313,7
2024-09-19 15:42:59.598,419.02424517578754,15
2024-09-19 15:42:59.692,419.0510255763367,1004
2024-09-19 15:42:59.714,419.0684588991519,14
2024-09-19 15:42:59.729,419.028168516209,101
2024-09-19 15:42:59.754,419.0428737502469,8
2024-09-19 15:42:59.771,419.0259725144356,101
2024-09-19 15:42:59.858,41.905387094557966,105
2024-09-19 15:42:59.862,419.0437051119562,1002
2024-09-19 15:42:59.874,419.0091532668056,8
2024-09-19 15:42:59.986,418.9997415706737,10
2024-09-19 15:42:59.987,419.0069258314683,13
