Timestamp,Price,Size
2024-09-18 13:30:00.115,415.8512981779938,998
2024-09-18 13:30:00.204,415.9449954987456,1004
2024-09-18 13:30:00.306,415.8554444550634,996
2024-09-18 13:30:00.385,415.932048981502,100
2024-09-18 13:30:00.397,415.9323690352568,997
2024-09-18 13:30:00.599,415.938250859565,103
2024-09-18 13:30:00.632,415.9168527429723,98
2024-09-18 13:30:00.649,415.86380009064845,11
2024-09-18 13:30:00.766,415.9309552973267,14
2024-09-18 13:30:00.901,415.9303989656404,95
2024-09-18 13:30:00.954,415.8974657985648,997
2024-09-18 13:30:00.972,415.8993051869146,95
2024-09-18 13:30:01.028,415.9296797640165,1003
2024-09-18 13:30:01.536,415.9264927589221,103
2024-09-18 13:30:01.933,415.9454946952768,104
2024-09-18 13:30:02.081,415.9761700418608,101
2024-09-18 13:30:02.105,415.97094637941024,102
2024-09-18 13:30:02.144,415.93505358521566,9
2024-09-18 13:30:02.193,415.937050237634,105
2024-09-18 13:30:02.197,415.963680928549,104
2024-09-18 13:30:02.223,415.9219193829777,1000
2024-09-18 13:30:02.246,415.9406182834786,1000
2024-09-18 13:30:02.254,415.9407198399937,10
2024-09-18 13:30:02.313,415.8640600078631,1005
2024-09-18 13:30:02.324,415.9362226130063,99
2024-09-18 13:30:02.337,415.982452961657,14
2024-09-18 13:30:02.346,415.9445716927481,12
2024-09-18 13:30:02.353,415.9226905540416,996
2024-09-18 13:30:02.405,415.9418992979652,5
2024-09-18 13:30:02.422,415.86833005614494,98
2024-09-18 13:30:02.510,415.8919032363745,10
2024-09-18 13:30:02.514,415.9425543889735,1002
2024-09-18 13:30:02.520,415.9473701077768,997
2024-09-18 13:30:02.619,415.9171961977855,102
2024-09-18 13:30:02.655,415.9552485007849,102
2024-09-18 13:30:02.694,415.89592155464726,11
2024-09-18 13:30:02.699,415.94530944595687,1005
2024-09-18 13:30:02.712,415.9035089051478,95
2024-09-18 13:30:02.777,415.9564241360702,995
2024-09-18 13:30:02.785,415.893216125545,6
2024-09-18 13:30:02.826,415.9539089029997,102
2024-09-18 13:30:02.848,415.95183587185386,1002
2024-09-18 13:30:02.953,415.9256682185364,1002
2024-09-18 13:30:02.984,415.9454868849159,995
2024-09-18 13:30:02.990,415.9554731463032,10
2024-09-18 13:30:03.162,415.8936294003958,99
2024-09-18 13:30:03.259,415.91587957728177,98
2024-09-18 13:30:03.432,415.87362769249467,103
2024-09-18 13:30:03.700,415.8887020169418,97
2024-09-18 13:30:03.776,415.8994146718256,9
2024-09-18 13:30:03.860,415.8827985804716,96
2024-09-18 13:30:03.878,415.87177533931447,1003
2024-09-18 13:30:04.042,415.88825518024754,103
2024-09-18 13:30:04.117,415.8956917479582,100
2024-09-18 13:30:04.201,415.92072884633615,101
2024-09-18 13:30:04.203,415.91824377743706,96
2024-09-18 13:30:04.324,415.93387224474833,1003
2024-09-18 13:30:04.602,415.8933089617775,995
2024-09-18 13:30:04.646,415.93652517390734,5
2024-09-18 13:30:04.713,415.9222977469898,995
2024-09-18 13:30:04.746,415.91764783626434,97
2024-09-18 13:30:04.780,415.9021986433685,12
2024-09-18 13:30:04.780,415.90214107032136,7
2024-09-18 13:30:04.810,415.9112025282013,99
2024-09-18 13:30:04.975,415.9006511529994,14
2024-09-18 13:30:04.977,415.90714066906185,997
2024-09-18 13:30:04.980,415.90103245681945,11
2024-09-18 13:30:05.214,415.8971161260612,5
2024-09-18 13:30:05.440,415.9402932726794,995
2024-09-18 13:30:05.790,415.9092112314252,95
2024-09-18 13:30:06.031,415.966821565434,1001
2024-09-18 13:30:06.036,415.9126810870554,100
2024-09-18 13:30:06.049,415.9651306407658,105
2024-09-18 13:30:06.060,415.9125428402655,999
2024-09-18 13:30:06.111,415.94985549593736,8
2024-09-18 13:30:06.226,415.9379600797908,96
2024-09-18 13:30:06.227,415.9252638070488,105
2024-09-18 13:30:06.228,415.9202615745066,998
2024-09-18 13:30:06.259,415.90476494235423,98
2024-09-18 13:30:06.262,415.9485747642082,13
2024-09-18 13:30:06.339,415.9306356559298,14
2024-09-18 13:30:06.387,41.59477761110898,14
2024-09-18 13:30:06.395,415.9212507581199,1003
2024-09-18 13:30:06.450,415.9348153946198,100
2024-09-18 13:30:06.456,415.946471831692,99
2024-09-18 13:30:06.471,415.9259362781031,14
2024-09-18 13:30:06.509,415.9396826890169,97
2024-09-18 13:30:06.523,415.9605174911587,102
2024-09-18 13:30:06.556,415.9175360071737,103
2024-09-18 13:30:06.614,415.94065068175416,104
2024-09-18 13:30:06.638,415.9380577907112,102
2024-09-18 13:30:06.672,415.9406980193363,5
2024-09-18 13:30:06.681,415.9349631276303,102
2024-09-18 13:30:06.728,415.9467841541487,12
2024-09-18 13:30:06.928,415.9335170333488,1003
2024-09-18 13:30:06.935,415.9350648027411,15
2024-09-18 13:30:06.991,415.9383439735668,1000
2024-09-18 13:30:07.026,415.95265306672223,6
2024-09-18 13:30:07.057,415.95691236959385,8
2024-09-18 13:30:07.092,415.9344288733228,102
2024-09-18 13:30:07.136,415.9551746865333,95
2024-09-18 13:30:07.136,415.94644690065377,7
2024-09-18 13:30:07.136,415.9411832424531,1001
2024-09-18 13:30:07.169,,97
2024-09-18 13:30:07.183,415.9396934737045,95
2024-09-18 13:30:07.196,415.9517360480992,1005
2024-09-18 13:30:07.324,415.9540221531736,10
2024-09-18 13:30:07.336,415.9445455665012,995
2024-09-18 13:30:07.390,415.9694784360575,1002
2024-09-18 13:30:07.433,415.9479539084861,103
2024-09-18 13:30:07.484,415.9315015613491,1002
2024-09-18 13:30:07.657,415.937159699422,95
2024-09-18 13:30:07.668,415.9547735302593,1002
2024-09-18 13:30:07.848,415.9474180253919,105
2024-09-18 13:30:07.855,415.9515075999735,15
2024-09-18 13:30:08.026,415.8929432334477,95
2024-09-18 13:30:08.034,415.89612414376114,999
2024-09-18 13:30:08.055,415.8376682474458,1000
2024-09-18 13:30:08.090,415.8249459703172,98
2024-09-18 13:30:08.111,415.85240320494455,99
2024-09-18 13:30:08.132,415.7906713009979,100
2024-09-18 13:30:08.151,415.8972225229657,99
2024-09-18 13:30:08.209,415.8647009506797,14
2024-09-18 13:30:08.212,415.8490580126372,99
2024-09-18 13:30:08.247,415.8589425875091,995
2024-09-18 13:30:08.291,415.9210284205931,7
2024-09-18 13:30:08.371,415.8228727027394,11
2024-09-18 13:30:08.407,415.9428995610867,11
2024-09-18 13:30:08.410,415.8616607910464,12
2024-09-18 13:30:08.484,415.9412264696097,995
2024-09-18 13:30:08.587,415.90660636511376,105
2024-09-18 13:30:08.588,415.79712453874544,95
2024-09-18 13:30:08.591,415.8977864101756,103
2024-09-18 13:30:08.662,415.8287229156711,1002
2024-09-18 13:30:08.742,415.7866956373578,6
2024-09-18 13:30:08.746,415.9083951557269,9
2024-09-18 13:30:08.825,415.9061041317312,5
2024-09-18 13:30:08.849,415.8662312085742,1002
2024-09-18 13:30:08.878,415.8881416194584,102
2024-09-18 13:30:08.928,415.8759220094989,11
2024-09-18 13:30:08.997,415.8419283997689,6
2024-09-18 13:30:08.997,415.8103027007781,1000
2024-09-18 13:30:09.009,415.80141205271406,1002
2024-09-18 13:30:09.040,415.7627256106787,14
2024-09-18 13:30:09.081,415.7738016824049,8
2024-09-18 13:30:09.127,415.7653458196688,1003
2024-09-18 13:30:09.163,-415.8227151875018,996
2024-09-18 13:30:09.167,415.8160427496147,1004
2024-09-18 13:30:09.187,-415.77971404299166,1000
2024-09-18 13:30:09.270,415.80485893102446,1003
2024-09-18 13:30:09.290,415.7567404676639,5
2024-09-18 13:30:09.292,415.7795745029592,95
2024-09-18 13:30:09.328,415.76657887235245,98
2024-09-18 13:30:09.466,415.766711319967,97
2024-09-18 13:30:09.490,415.7624289839079,102
2024-09-18 13:30:09.496,415.7610319584056,1005
2024-09-18 13:30:09.517,415.78315984451626,104
2024-09-18 13:30:09.550,415.75741379866906,1002
2024-09-18 13:30:09.586,415.778138937936,97
2024-09-18 13:30:09.614,415.7673792155834,1003
2024-09-18 13:30:09.639,415.809396972562,15
2024-09-18 13:30:09.717,415.8099128490065,13
2024-09-18 13:30:09.718,415.7767072227686,105
2024-09-18 13:30:09.823,415.7646646625849,1000
2024-09-18 13:30:09.850,415.776929438285,105
2024-09-18 13:30:09.917,415.76614306045855,9
2024-09-18 13:30:09.922,415.7845138516816,104
2024-09-18 13:30:10.239,415.7703161219805,15
2024-09-18 13:30:10.515,415.7610694718952,15
2024-09-18 13:30:10.686,415.7935569719703,96
2024-09-18 13:30:10.863,415.7749775950098,6
2024-09-18 13:30:10.962,415.7778885255033,14
2024-09-18 13:30:11.030,415.8533100225825,1001
2024-09-18 13:30:11.214,415.8015466550421,5
2024-09-18 13:30:11.320,415.7942460624566,102
2024-09-18 13:30:11.420,415.8571649348885,5
2024-09-18 13:30:11.420,415.8399592791215,9
2024-09-18 13:30:11.435,415.8401766069409,998
2024-09-18 13:30:11.453,415.77694663161145,6
2024-09-18 13:30:11.462,415.79755522920703,12
2024-09-18 13:30:11.499,415.86472137659496,998
2024-09-18 13:30:11.520,415.84564826187545,95
2024-09-18 13:30:11.523,415.84466303095775,1001
2024-09-18 13:30:11.541,415.88121070270313,105
2024-09-18 13:30:11.561,415.8696834559275,998
2024-09-18 13:30:11.672,415.8735128443885,1000
2024-09-18 13:30:11.739,415.828758800381,102
2024-09-18 13:30:11.794,415.8516284304391,10
2024-09-18 13:30:11.820,415.79034182994985,100
2024-09-18 13:30:11.854,415.8041552255791,10
2024-09-18 13:30:12.006,415.869474939764,5
2024-09-18 13:30:12.078,415.8637266023659,1001
2024-09-18 13:30:12.120,415.9107691685463,15
2024-09-18 13:30:12.136,415.8584458402904,103
2024-09-18 13:30:12.140,415.86299315773874,6
2024-09-18 13:30:12.166,415.8998659060507,7
2024-09-18 13:30:12.238,415.8826971924405,14
2024-09-18 13:30:12.270,415.897899639844,6
2024-09-18 13:30:12.518,415.8747415188614,1004
2024-09-18 13:30:12.725,415.9225474972727,1001
2024-09-18 13:30:12.796,415.87835003353865,998
2024-09-18 13:30:12.887,415.8610538069685,100
2024-09-18 13:30:12.892,415.8733669217111,15
2024-09-18 13:30:12.918,415.862013967199,97
2024-09-18 13:30:13.015,415.9472570503655,10
2024-09-18 13:30:13.026,415.9412271947776,1003
2024-09-18 13:30:13.030,415.96098186087687,1003
2024-09-18 13:30:13.032,415.939229490645,98
2024-09-18 13:30:13.188,415.9556953826674,1000
2024-09-18 13:30:13.196,415.9404047892233,1004
2024-09-18 13:30:13.208,415.9481042246006,1001
2024-09-18 13:30:13.287,415.9288540253482,1005
2024-09-18 13:30:13.477,415.9444239386495,105
2024-09-18 13:30:13.538,415.93745447327774,1003
2024-09-18 13:30:13.954,415.957064028272,1000
2024-09-18 13:30:14.050,415.9391745861128,100
2024-09-18 13:30:14.060,415.961659887842,103
2024-09-18 13:30:14.137,415.93935245449376,7
2024-09-18 13:30:14.141,415.95077986373815,104
2024-09-18 13:30:14.232,415.9625508835737,98
2024-09-18 13:30:14.244,415.9550332364776,996
2024-09-18 13:30:14.302,415.9289914474859,103
2024-09-18 13:30:14.365,415.9289633666272,6
2024-09-18 13:30:14.384,415.93044215576174,104
2024-09-18 13:30:14.441,415.9463571089119,996
2024-09-18 13:30:14.473,416.0050074530883,997
2024-09-18 13:30:14.493,415.9343356630921,104
2024-09-18 13:30:14.502,415.9564401592624,995
2024-09-18 13:30:14.558,416.013340818596,1000
2024-09-18 13:30:14.562,415.9575077023133,9
2024-09-18 13:30:14.590,41.59259218867141,8
2024-09-18 13:30:14.703,415.9118727829999,1003
2024-09-18 13:30:14.703,415.9664722018308,10
2024-09-18 13:30:14.703,415.9486811042189,1001
2024-09-18 13:30:14.710,415.9321687770074,1002
2024-09-18 13:30:14.791,415.9199271414987,13
2024-09-18 13:30:14.846,415.90975768385306,1004
2024-09-18 13:30:14.897,415.96153377995694,12
2024-09-18 13:30:14.899,416.00371695180513,105
2024-09-18 13:30:14.930,415.92168391093423,996
2024-09-18 13:30:14.991,415.9326001187976,1002
2024-09-18 13:30:14.994,416.0067341745231,995
2024-09-18 13:30:15.142,416.0313231687223,101
2024-09-18 13:30:15.194,416.0273198000294,10
2024-09-18 13:30:15.428,416.0262536790224,15
2024-09-18 13:30:15.529,416.0336867854482,102
2024-09-18 13:30:15.626,416.04202883067273,1002
2024-09-18 13:30:15.629,416.0248405001391,11
2024-09-18 13:30:15.720,416.0053446680185,9
2024-09-18 13:30:15.764,416.03926379881335,11
2024-09-18 13:30:15.779,416.034082453264,9
2024-09-18 13:30:15.883,416.0387302721584,95
2024-09-18 13:30:15.917,416.0091054482676,96
2024-09-18 13:30:16.299,416.0132174056251,1003
2024-09-18 13:30:17.271,416.0308057941701,102
2024-09-18 13:30:17.277,416.0959951939312,995
2024-09-18 13:30:17.367,416.0663278460611,12
2024-09-18 13:30:17.529,416.0968613730896,104
2024-09-18 13:30:17.563,416.0142939202688,997
2024-09-18 13:30:17.624,416.07842482252414,105
2024-09-18 13:30:17.808,416.0826422698031,7
2024-09-18 13:30:17.902,416.0592709115157,97
2024-09-18 13:30:18.266,41.60936293420461,9
2024-09-18 13:30:18.760,416.0960903304068,5
2024-09-18 13:30:20.061,416.0919165215,101
2024-09-18 13:30:20.151,416.12879821198646,102
2024-09-18 13:30:20.151,416.12278816895554,999
2024-09-18 13:30:20.207,416.1326871757242,104
2024-09-18 13:30:20.238,416.0907794656672,98
2024-09-18 13:30:20.365,416.11076002002847,999
2024-09-18 13:30:20.419,416.1040718404325,98
2024-09-18 13:30:20.557,416.11244393869305,98
2024-09-18 13:30:20.669,416.1336700940983,12
2024-09-18 13:30:20.736,416.105811973729,98
2024-09-18 13:30:20.885,416.12461169120206,1003
2024-09-18 13:30:20.911,416.1218523689452,1004
2024-09-18 13:30:20.963,416.1174769556672,102
2024-09-18 13:30:21.053,416.18515482918633,98
2024-09-18 13:30:21.067,416.1467593943877,11
2024-09-18 13:30:21.085,416.22275735401536,10
2024-09-18 13:30:21.134,416.1641104817173,15
2024-09-18 13:30:21.178,416.1788502123815,96
2024-09-18 13:30:21.186,416.2668087777535,9
2024-09-18 13:30:21.192,-416.20057912379787,9
2024-09-18 13:30:21.341,416.2375121082963,98
2024-09-18 13:30:21.383,416.1661404256517,102
2024-09-18 13:30:21.404,416.17190674085504,995
2024-09-18 13:30:21.466,416.2556760722297,96
2024-09-18 13:30:21.498,416.2579559756321,97
2024-09-18 13:30:21.509,416.2637894549146,996
2024-09-18 13:30:21.536,416.22941464401606,6
2024-09-18 13:30:21.556,416.2384561960827,1003
2024-09-18 13:30:21.568,416.23606297066976,105
2024-09-18 13:30:21.593,416.2475666497773,104
2024-09-18 13:30:21.638,416.24126769620176,103
2024-09-18 13:30:21.697,416.1309863829122,95
2024-09-18 13:30:21.711,416.1997016910244,1005
2024-09-18 13:30:21.751,416.15903167098327,97
2024-09-18 13:30:21.758,416.2703540579293,101
2024-09-18 13:30:21.859,416.21131372317217,1003
2024-09-18 13:30:21.888,416.1558298826928,14
2024-09-18 13:30:21.917,416.2726632092963,1001
2024-09-18 13:30:21.921,416.10993166490607,98
2024-09-18 13:30:21.933,416.2793191543169,97
2024-09-18 13:30:22.089,416.2847384271657,14
2024-09-18 13:30:22.169,416.2617504698942,96
2024-09-18 13:30:22.236,416.35948555979934,12
2024-09-18 13:30:22.239,416.250652094152,6
2024-09-18 13:30:22.341,416.2731365622311,100
2024-09-18 13:30:22.374,416.3630882435549,7
2024-09-18 13:30:22.387,416.3042499088155,1003
2024-09-18 13:30:22.395,416.326385109202,9
2024-09-18 13:30:22.400,416.26253958907023,105
2024-09-18 13:30:22.425,416.2377450185047,1001
2024-09-18 13:30:22.429,416.28163980672014,1004
2024-09-18 13:30:22.434,416.25881270603537,995
2024-09-18 13:30:22.477,416.29818225846657,105
2024-09-18 13:30:22.481,416.3218540210117,105
2024-09-18 13:30:22.495,416.24725027642006,103
2024-09-18 13:30:22.519,416.346483540929,1002
2024-09-18 13:30:22.590,416.2683032794443,103
2024-09-18 13:30:22.658,416.3804567577864,96
2024-09-18 13:30:22.701,416.2809197916756,11
2024-09-18 13:30:22.773,416.2504407035564,13
2024-09-18 13:30:22.821,416.2862865500732,996
2024-09-18 13:30:22.824,416.2853895403049,100
2024-09-18 13:30:22.841,-416.2754560143853,6
2024-09-18 13:30:22.883,416.3078508223944,996
2024-09-18 13:30:22.895,416.2653810305852,99
2024-09-18 13:30:22.973,416.28939043820594,8
2024-09-18 13:30:22.979,416.3771330556234,1000
2024-09-18 13:30:22.979,416.38332452502834,999
2024-09-18 13:30:22.995,416.33639441054,103
2024-09-18 13:30:23.001,416.2921114922058,5
2024-09-18 13:30:23.005,416.3696053190885,1005
2024-09-18 13:30:23.026,416.34184468118,1000
2024-09-18 13:30:23.068,416.2889183248941,11
2024-09-18 13:30:23.069,416.31554994593375,95
2024-09-18 13:30:23.091,416.358882610402,1004
2024-09-18 13:30:23.302,416.3268930566103,99
2024-09-18 13:30:23.329,416.32084328391926,101
2024-09-18 13:30:23.332,416.3121313186519,5
2024-09-18 13:30:23.345,416.29270815341886,999
2024-09-18 13:30:23.377,416.3400898847602,95
2024-09-18 13:30:23.377,416.29915373986233,1002
2024-09-18 13:30:23.380,416.2921774188813,999
2024-09-18 13:30:23.464,41.63732994732936,12
2024-09-18 13:30:23.501,416.3178200609106,1000
2024-09-18 13:30:23.502,416.3046519256321,101
2024-09-18 13:30:23.509,416.3261911651239,12
2024-09-18 13:30:23.538,416.29349585054064,6
2024-09-18 13:30:23.587,416.3370989484236,10
2024-09-18 13:30:23.602,416.2992823342464,7
2024-09-18 13:30:23.611,416.29508579654544,100
2024-09-18 13:30:23.669,416.3045488349272,999
2024-09-18 13:30:23.746,416.3098597549456,103
2024-09-18 13:30:23.779,416.3354081684048,1000
2024-09-18 13:30:23.784,416.3169118231679,999
2024-09-18 13:30:23.796,416.2888809478075,997
2024-09-18 13:30:23.812,416.3215056736847,997
2024-09-18 13:30:23.899,,996
2024-09-18 13:30:23.946,416.325879750346,102
2024-09-18 13:30:23.990,416.29064595381976,13
2024-09-18 13:30:24.058,416.2921824097331,1002
2024-09-18 13:30:24.088,416.2968928269348,995
2024-09-18 13:30:24.099,416.1889891412658,1005
2024-09-18 13:30:24.107,416.3027339205562,13
2024-09-18 13:30:24.108,416.1826780718481,14
2024-09-18 13:30:24.108,416.2097638521416,1002
2024-09-18 13:30:24.123,416.3009751193081,99
2024-09-18 13:30:24.184,416.288180004659,104
2024-09-18 13:30:24.229,416.3135481702439,5
2024-09-18 13:30:24.280,416.279135629565,13
2024-09-18 13:30:24.292,416.29726545117416,101
2024-09-18 13:30:24.308,416.2777784045446,1004
2024-09-18 13:30:24.413,416.282426362448,1003
2024-09-18 13:30:24.427,416.2980285547072,1000
2024-09-18 13:30:24.625,416.20232127766826,11
2024-09-18 13:30:24.631,416.30756762805873,1000
2024-09-18 13:30:24.645,416.288558774642,12
2024-09-18 13:30:24.665,416.3029049116994,14
2024-09-18 13:30:24.721,416.2087507925648,99
2024-09-18 13:30:24.733,416.303510802781,995
2024-09-18 13:30:24.751,41.62398532638065,95
2024-09-18 13:30:24.752,416.28639665790905,13
2024-09-18 13:30:24.769,416.1838593589344,5
2024-09-18 13:30:24.792,416.1964882659103,1002
2024-09-18 13:30:24.797,416.18976507693503,12
2024-09-18 13:30:24.840,416.2359776908497,5
2024-09-18 13:30:25.067,416.151775875583,101
2024-09-18 13:30:25.520,416.1696612925711,1001
2024-09-18 13:30:25.564,416.1683240919665,999
2024-09-18 13:30:25.602,416.18557119145447,1000
2024-09-18 13:30:25.697,416.16997410616585,15
2024-09-18 13:30:25.737,416.1597763430618,12
2024-09-18 13:30:25.787,416.1554450094885,1002
2024-09-18 13:30:25.811,416.167887693279,999
2024-09-18 13:30:25.834,416.1765549538413,995
2024-09-18 13:30:25.842,416.14646690387457,7
2024-09-18 13:30:25.864,416.1890672969308,7
2024-09-18 13:30:26.024,416.1827409896636,96
2024-09-18 13:30:26.031,416.28351123914695,999
2024-09-18 13:30:26.171,416.193032078865,15
2024-09-18 13:30:26.197,416.197488156248,97
2024-09-18 13:30:26.227,416.1998522443524,102
2024-09-18 13:30:26.276,416.180886191892,99
2024-09-18 13:30:26.354,416.1709961194641,1001
2024-09-18 13:30:26.439,416.2392588123427,105
2024-09-18 13:30:26.448,416.1681970464694,1004
2024-09-18 13:30:26.454,416.1847296757341,101
2024-09-18 13:30:26.481,416.2776875553516,95
2024-09-18 13:30:26.524,416.1587554783978,100
2024-09-18 13:30:26.545,416.1892194226442,998
2024-09-18 13:30:26.560,416.22005093073193,97
2024-09-18 13:30:26.562,416.1765800222825,101
2024-09-18 13:30:26.617,416.20395497247824,96
2024-09-18 13:30:26.634,416.20663165482233,1004
2024-09-18 13:30:26.641,416.19501096190345,15
2024-09-18 13:30:26.655,416.1838357152399,104
2024-09-18 13:30:26.695,416.1838237931047,999
2024-09-18 13:30:26.712,416.20603419851983,9
2024-09-18 13:30:26.714,416.19132591281925,98
2024-09-18 13:30:26.781,416.2912541069914,9
2024-09-18 13:30:26.868,416.1818871939808,96
2024-09-18 13:30:26.915,416.1976170641817,1002
2024-09-18 13:30:26.922,416.18175880626126,15
2024-09-18 13:30:26.940,416.17701294799497,1002
2024-09-18 13:30:26.976,416.25725105596746,104
2024-09-18 13:30:27.052,416.2435250355977,1002
2024-09-18 13:30:27.071,416.2883372524703,102
2024-09-18 13:30:27.118,416.2501459470658,96
2024-09-18 13:30:27.137,416.287088537014,995
2024-09-18 13:30:27.184,416.2863583309765,999
2024-09-18 13:30:27.237,416.2458896477956,102
2024-09-18 13:30:27.292,416.2987267858906,1003
2024-09-18 13:30:27.325,416.2788528965593,98
2024-09-18 13:30:27.335,416.302644731886,99
2024-09-18 13:30:27.381,416.2760916767803,103
2024-09-18 13:30:27.381,416.2919994600727,1004
2024-09-18 13:30:27.454,416.2655404083692,996
2024-09-18 13:30:27.469,416.2990343322728,14
2024-09-18 13:30:27.482,416.2912859532405,13
2024-09-18 13:30:27.542,416.2604165223312,8
2024-09-18 13:30:27.596,416.2790240393396,996
2024-09-18 13:30:27.631,416.2690281513934,103
2024-09-18 13:30:27.636,416.28135700304966,1002
2024-09-18 13:30:27.696,416.2835581616637,101
2024-09-18 13:30:27.769,416.2373511131341,1004
2024-09-18 13:30:27.776,416.2546152477122,103
2024-09-18 13:30:27.799,416.24499940309374,105
2024-09-18 13:30:27.836,416.27409916631103,8
2024-09-18 13:30:27.885,416.2585744463431,999
2024-09-18 13:30:28.017,416.25654484971767,5
2024-09-18 13:30:28.531,416.2227216449709,1001
2024-09-18 13:30:28.685,416.2209093548957,1001
2024-09-18 13:30:28.983,416.2337450023352,97
2024-09-18 13:30:29.040,416.235369749786,1000
2024-09-18 13:30:29.093,416.1874974318194,999
2024-09-18 13:30:29.368,416.2033403194043,995
2024-09-18 13:30:29.473,416.2275618624183,14
2024-09-18 13:30:29.566,416.21742774392106,1001
2024-09-18 13:30:29.606,416.2151642323199,7
2024-09-18 13:30:30.016,416.2055502424733,7
2024-09-18 13:30:30.162,416.2087792456932,8
2024-09-18 13:30:30.205,416.2004374478343,8
2024-09-18 13:30:30.238,41.61893770067258,1002
2024-09-18 13:30:30.378,416.2067346617932,96
2024-09-18 13:30:30.553,416.198765738884,13
2024-09-18 13:30:30.614,416.2076875058373,996
2024-09-18 13:30:30.617,416.2156390982648,1000
2024-09-18 13:30:30.620,416.1902461430453,95
2024-09-18 13:30:30.684,416.1914911599823,105
2024-09-18 13:30:30.721,416.19092462958935,15
2024-09-18 13:30:30.748,416.18257180647606,13
2024-09-18 13:30:30.885,416.1934593667031,9
2024-09-18 13:30:31.042,416.1670307055514,1003
2024-09-18 13:30:31.082,416.1724514244879,15
2024-09-18 13:30:31.248,416.1911863291922,5
2024-09-18 13:30:31.256,416.16778339359024,14
2024-09-18 13:30:31.325,416.1736766226224,95
2024-09-18 13:30:31.339,,105
2024-09-18 13:30:31.594,416.201053550154,96
2024-09-18 13:30:31.618,416.1833013393296,1002
2024-09-18 13:30:31.766,416.1989973889999,11
2024-09-18 13:30:31.772,416.1979952948763,12
2024-09-18 13:30:31.786,416.1925757575086,15
2024-09-18 13:30:31.806,416.1992690379,7
2024-09-18 13:30:31.826,41.61572710902152,105
2024-09-18 13:30:31.906,416.1801863060484,11
2024-09-18 13:30:32.045,416.2326007953277,1005
2024-09-18 13:30:32.059,416.2672749348761,101
2024-09-18 13:30:32.061,416.2040113837009,13
2024-09-18 13:30:32.080,416.3007687543442,6
2024-09-18 13:30:32.208,416.2935939130878,997
2024-09-18 13:30:32.243,416.2363468288424,1005
2024-09-18 13:30:32.245,416.2155493892198,1002
2024-09-18 13:30:32.375,,102
2024-09-18 13:30:32.400,416.17274095581536,1004
2024-09-18 13:30:32.511,416.18631706960826,15
2024-09-18 13:30:32.721,416.2347485160584,98
2024-09-18 13:30:32.779,-416.2482553007508,14
2024-09-18 13:30:32.800,416.2700135970173,9
2024-09-18 13:30:32.909,416.2638808543105,96
2024-09-18 13:30:32.975,416.278769428598,12
2024-09-18 13:30:33.021,416.2417328552709,101
2024-09-18 13:30:33.081,416.2566490061629,15
2024-09-18 13:30:33.123,416.2455999648782,999
2024-09-18 13:30:33.382,416.2375483209132,8
2024-09-18 13:30:33.416,416.2105413832293,7
2024-09-18 13:30:33.431,416.2101335914962,1000
2024-09-18 13:30:33.692,416.2096048786222,12
2024-09-18 13:30:33.703,416.2523411977985,1005
2024-09-18 13:30:33.743,-416.2312732638028,103
2024-09-18 13:30:33.755,,995
2024-09-18 13:30:33.756,416.2221989087199,12
2024-09-18 13:30:33.858,416.2479048197079,105
2024-09-18 13:30:33.892,416.2570154805852,96
2024-09-18 13:30:35.050,416.23897097864943,9
2024-09-18 13:30:35.208,416.21970690986166,998
2024-09-18 13:30:35.219,41.62582347155581,9
2024-09-18 13:30:35.369,416.2260914184925,11
2024-09-18 13:30:35.960,416.20430275045305,998
2024-09-18 13:30:36.034,416.2632763718514,14
2024-09-18 13:30:36.065,416.2178299973304,1002
2024-09-18 13:30:36.112,416.2306344476866,96
2024-09-18 13:30:36.127,416.2730756215437,7
2024-09-18 13:30:36.169,416.2260405462248,10
2024-09-18 13:30:36.218,416.263468714851,98
2024-09-18 13:30:36.242,416.2916506869688,97
2024-09-18 13:30:36.251,416.2551725449634,101
2024-09-18 13:30:36.318,416.29248437286543,1002
2024-09-18 13:30:36.331,41.6225155218798,95
2024-09-18 13:30:36.333,,96
2024-09-18 13:30:36.369,416.2869425846696,98
2024-09-18 13:30:36.426,416.2215808605762,13
2024-09-18 13:30:36.472,416.235471648274,102
2024-09-18 13:30:36.480,416.253745457667,99
2024-09-18 13:30:36.538,416.269276243704,105
2024-09-18 13:30:36.546,416.2535282069034,998
2024-09-18 13:30:36.570,416.2329400281241,98
2024-09-18 13:30:36.635,416.2764515393444,998
2024-09-18 13:30:36.654,416.2917662341157,13
2024-09-18 13:30:36.681,416.2768896781023,6
2024-09-18 13:30:36.697,416.2262375354422,995
2024-09-18 13:30:36.700,416.22264578991377,103
2024-09-18 13:30:36.725,416.2796505766362,1003
2024-09-18 13:30:36.878,416.2264588277341,10
2024-09-18 13:30:36.891,416.2898992466721,1005
2024-09-18 13:30:36.932,416.24140053501856,15
2024-09-18 13:30:36.957,416.2912395470109,1002
2024-09-18 13:30:37.144,416.2581086407453,14
2024-09-18 13:30:37.188,416.20320715441727,104
2024-09-18 13:30:37.265,416.2413656843935,99
2024-09-18 13:30:37.330,416.2597629725236,14
2024-09-18 13:30:37.343,416.24365613066846,99
2024-09-18 13:30:37.401,416.22183229040303,11
2024-09-18 13:30:37.414,416.2132989159881,1004
2024-09-18 13:30:37.448,416.1972772105881,1001
2024-09-18 13:30:37.531,416.2451362763757,6
2024-09-18 13:30:37.536,416.23283629227706,98
2024-09-18 13:30:37.592,416.2425622361956,9
2024-09-18 13:30:37.622,416.2492810166248,97
2024-09-18 13:30:37.654,416.2657234996526,102
2024-09-18 13:30:37.663,416.2253998828277,105
2024-09-18 13:30:37.686,416.2227847378784,98
2024-09-18 13:30:37.686,416.2330335854047,1003
2024-09-18 13:30:37.817,416.2378032928764,1001
2024-09-18 13:30:37.848,416.2248355319809,997
2024-09-18 13:30:37.883,416.2358410155968,15
2024-09-18 13:30:37.899,416.2324448874907,9
2024-09-18 13:30:38.085,416.2438818153165,99
2024-09-18 13:30:38.223,416.2722531448812,995
2024-09-18 13:30:38.259,416.239307626557,8
2024-09-18 13:30:38.599,416.2384003807398,11
2024-09-18 13:30:38.703,416.2566914896251,1004
2024-09-18 13:30:38.733,416.2288656305607,1002
2024-09-18 13:30:38.922,416.2289153708367,1001
2024-09-18 13:30:38.923,416.2487135974736,103
2024-09-18 13:30:38.946,416.24042727059,101
2024-09-18 13:30:39.171,416.2720868311825,99
2024-09-18 13:30:39.288,41.62571970956007,999
2024-09-18 13:30:39.298,416.2579744972304,999
2024-09-18 13:30:39.790,416.2663897505079,1005
2024-09-18 13:30:39.948,416.26552090602047,6
2024-09-18 13:30:40.941,416.259003630894,97
2024-09-18 13:30:41.500,416.23274156871565,95
2024-09-18 13:30:41.619,416.2345238583715,14
2024-09-18 13:30:41.682,416.2427330909088,995
2024-09-18 13:30:41.826,416.2415561987592,995
2024-09-18 13:30:41.920,416.22240158556406,9
2024-09-18 13:30:41.959,416.25883459375024,7
2024-09-18 13:30:42.033,416.2603032564526,100
2024-09-18 13:30:42.153,416.2547218579328,96
2024-09-18 13:30:42.187,416.2777147098831,105
2024-09-18 13:30:42.286,416.2449888271802,1004
2024-09-18 13:30:42.567,416.28746400023306,102
2024-09-18 13:30:42.587,416.2771243933561,101
2024-09-18 13:30:42.607,416.22385431684745,996
2024-09-18 13:30:42.636,416.2341437403085,101
2024-09-18 13:30:42.641,416.2744637985396,101
2024-09-18 13:30:42.696,416.2612653821656,7
2024-09-18 13:30:42.731,41.624796821297664,15
2024-09-18 13:30:42.813,416.2844696766191,99
2024-09-18 13:30:42.850,416.253180709579,101
2024-09-18 13:30:42.865,416.2878012605057,10
2024-09-18 13:30:42.897,416.2619842466735,1003
2024-09-18 13:30:42.976,416.2772313854835,1001
2024-09-18 13:30:43.119,416.3153167821238,1002
2024-09-18 13:30:43.206,416.2931242937418,10
2024-09-18 13:30:43.206,416.3088739449869,14
2024-09-18 13:30:43.262,416.2931818232494,11
2024-09-18 13:30:43.268,416.3026935868158,13
2024-09-18 13:30:43.292,416.2878861942074,1000
2024-09-18 13:30:43.304,416.3299843135671,7
2024-09-18 13:30:43.327,416.2505268589078,9
2024-09-18 13:30:43.352,416.3177531575419,12
2024-09-18 13:30:43.379,416.31012412408097,101
2024-09-18 13:30:43.491,416.3030073379799,999
2024-09-18 13:30:43.509,416.2374945001396,1000
2024-09-18 13:30:43.576,416.27626615973,104
2024-09-18 13:30:43.642,416.3042135693674,996
2024-09-18 13:30:43.668,416.2611758777293,12
2024-09-18 13:30:43.757,416.3176304520754,1002
2024-09-18 13:30:43.762,416.295451300653,7
2024-09-18 13:30:43.766,416.3273946728072,1000
2024-09-18 13:30:43.812,416.2838114499163,15
2024-09-18 13:30:43.844,416.2893137540565,14
2024-09-18 13:30:43.905,416.26658685011273,1001
2024-09-18 13:30:43.923,416.2943520107971,5
2024-09-18 13:30:43.990,416.271735201619,14
2024-09-18 13:30:43.991,416.32294915947614,99
2024-09-18 13:30:43.994,416.3052843781092,10
2024-09-18 13:30:44.022,416.343369791648,100
2024-09-18 13:30:44.083,416.3203430297317,15
2024-09-18 13:30:44.129,416.3403553801019,997
2024-09-18 13:30:44.157,416.342138376341,102
2024-09-18 13:30:44.164,416.3515129273105,95
2024-09-18 13:30:44.236,416.3084628203586,96
2024-09-18 13:30:44.274,416.33964730362646,100
2024-09-18 13:30:44.347,416.3219769853173,98
2024-09-18 13:30:44.364,416.3762598107304,998
2024-09-18 13:30:44.464,416.3166756983383,14
2024-09-18 13:30:44.464,416.3305807411351,5
2024-09-18 13:30:44.470,416.3805758602973,12
2024-09-18 13:30:44.483,416.3509646033041,996
2024-09-18 13:30:44.493,416.3460148705758,95
2024-09-18 13:30:44.644,416.3109961521504,95
2024-09-18 13:30:44.732,416.347604807578,1000
2024-09-18 13:30:44.737,416.3264245067666,15
2024-09-18 13:30:44.753,416.38429928969055,95
2024-09-18 13:30:44.841,416.33112859105887,1000
2024-09-18 13:30:44.850,416.3256320581172,1000
2024-09-18 13:30:44.886,416.3066816547012,1004
2024-09-18 13:30:44.977,416.3721800091236,5
2024-09-18 13:30:44.990,416.3460229779083,102
2024-09-18 13:30:45.315,416.3747832589884,15
2024-09-18 13:30:45.327,416.3722365604685,99
2024-09-18 13:30:45.341,416.3574534958614,13
2024-09-18 13:30:45.353,416.3591715641247,13
2024-09-18 13:30:45.448,416.35088624874624,100
2024-09-18 13:30:45.684,416.3545721715,95
2024-09-18 13:30:45.746,416.3771057721144,1000
2024-09-18 13:30:45.757,416.365493318817,105
2024-09-18 13:30:45.779,416.34815031613977,1004
2024-09-18 13:30:45.780,416.3633297871712,101
2024-09-18 13:30:45.804,416.3665085275298,1003
2024-09-18 13:30:45.808,416.3773475600908,1002
2024-09-18 13:30:45.986,416.3557903821904,1005
2024-09-18 13:30:46.011,416.3490258298352,999
2024-09-18 13:30:46.017,416.3771857986774,1003
2024-09-18 13:30:46.020,416.3562359921549,12
2024-09-18 13:30:46.129,416.32945161306014,996
2024-09-18 13:30:46.146,416.35688081868864,997
2024-09-18 13:30:46.195,416.377363872841,15
2024-09-18 13:30:46.203,416.3388720929832,9
2024-09-18 13:30:46.231,416.3672307551071,12
2024-09-18 13:30:46.238,416.3376853276848,995
2024-09-18 13:30:46.245,416.3678195663384,11
2024-09-18 13:30:46.263,416.3495142589209,999
2024-09-18 13:30:46.374,416.3680631251157,6
2024-09-18 13:30:46.478,416.3589830212422,5
2024-09-18 13:30:46.534,416.3770329569203,998
2024-09-18 13:30:46.538,416.34339005822784,96
2024-09-18 13:30:46.538,416.3778334508418,8
2024-09-18 13:30:46.588,416.3349031552178,102
2024-09-18 13:30:46.591,416.33175116853886,996
2024-09-18 13:30:46.600,416.37090796445216,12
2024-09-18 13:30:46.815,416.384750170088,104
2024-09-18 13:30:46.860,416.3759244355535,14
2024-09-18 13:30:46.869,416.3428510626569,102
2024-09-18 13:30:47.022,416.38678343632256,101
2024-09-18 13:30:47.185,416.379555975173,1000
2024-09-18 13:30:47.229,416.3648556070473,97
2024-09-18 13:30:47.347,416.37238269310046,8
2024-09-18 13:30:47.831,41.63931690532749,98
2024-09-18 13:30:47.920,416.3819656293182,12
2024-09-18 13:30:48.036,-416.3999811057672,95
2024-09-18 13:30:48.070,416.41163206272375,995
2024-09-18 13:30:48.202,416.3780998431019,1005
2024-09-18 13:30:48.210,416.399585107423,99
2024-09-18 13:30:48.325,416.37966942647216,1003
2024-09-18 13:30:48.331,416.3741503617457,102
2024-09-18 13:30:48.400,416.3830556786117,6
2024-09-18 13:30:48.458,416.4159207813912,102
2024-09-18 13:30:48.489,416.41738583464473,7
2024-09-18 13:30:48.504,416.3834313954788,6
2024-09-18 13:30:48.512,416.4080778551503,98
2024-09-18 13:30:48.516,416.41538510095455,10
2024-09-18 13:30:48.683,416.3864184532578,1002
2024-09-18 13:30:48.746,416.3812575521719,102
2024-09-18 13:30:48.756,416.4071233726266,104
2024-09-18 13:30:48.791,416.4033239537932,105
2024-09-18 13:30:48.857,416.39825256644673,1000
2024-09-18 13:30:48.866,416.382876553398,105
2024-09-18 13:30:48.883,416.3793402955647,98
2024-09-18 13:30:48.959,416.370648616472,95
2024-09-18 13:30:48.973,416.4089296437409,14
2024-09-18 13:30:49.029,416.3651400283078,13
2024-09-18 13:30:49.083,416.4158276557723,105
2024-09-18 13:30:49.115,416.4156924025119,1000
2024-09-18 13:30:49.214,416.4225219481865,97
2024-09-18 13:30:49.422,416.3977455767141,998
2024-09-18 13:30:49.439,416.3950227270689,10
2024-09-18 13:30:49.490,416.3979355605794,104
2024-09-18 13:30:49.508,,11
2024-09-18 13:30:49.510,416.3987317614457,1005
2024-09-18 13:30:49.553,416.4054209193265,101
2024-09-18 13:30:49.566,416.3974490643963,96
2024-09-18 13:30:49.573,416.38860870909696,14
2024-09-18 13:30:49.577,416.40653923833946,8
2024-09-18 13:30:49.588,416.4239410645472,995
2024-09-18 13:30:49.635,416.3780835090605,1003
2024-09-18 13:30:49.654,416.37483268829743,997
2024-09-18 13:30:49.676,416.4106660436329,105
2024-09-18 13:30:49.753,416.41537837446384,100
2024-09-18 13:30:49.767,416.3941563607732,100
2024-09-18 13:30:49.793,416.3907821384832,98
2024-09-18 13:30:49.856,416.3648582348706,105
2024-09-18 13:30:49.958,416.3659858387487,1003
2024-09-18 13:30:49.966,416.3886806829632,1002
2024-09-18 13:30:49.979,416.3837894843623,1003
2024-09-18 13:30:49.995,416.43012324397296,13
2024-09-18 13:30:50.105,416.4766921027252,11
2024-09-18 13:30:50.142,416.42558799560953,1000
2024-09-18 13:30:50.153,416.4429198335999,15
2024-09-18 13:30:50.159,416.42283571851976,9
2024-09-18 13:30:50.208,416.4934248547104,99
2024-09-18 13:30:50.218,,15
2024-09-18 13:30:50.238,416.4450090608755,1001
2024-09-18 13:30:50.262,416.4332197108285,5
2024-09-18 13:30:50.313,416.4397968175309,10
2024-09-18 13:30:50.382,416.4879205390435,1001
2024-09-18 13:30:50.426,416.48294313127616,102
2024-09-18 13:30:50.469,416.4836635002314,95
2024-09-18 13:30:50.676,416.48782055628016,100
2024-09-18 13:30:50.752,416.4911461468376,5
2024-09-18 13:30:50.842,416.4704826869591,9
2024-09-18 13:30:50.856,416.4708479846637,15
2024-09-18 13:30:50.863,416.43266128096985,6
2024-09-18 13:30:50.887,416.4932659500813,997
2024-09-18 13:30:50.966,416.4276771877806,1000
2024-09-18 13:30:50.998,416.4296089076544,10
2024-09-18 13:30:51.024,416.4284152932354,995
2024-09-18 13:30:51.123,416.4113696201897,996
2024-09-18 13:30:51.207,416.4028012700519,8
2024-09-18 13:30:51.659,416.42960447077286,95
2024-09-18 13:30:51.694,416.3879658155221,15
2024-09-18 13:30:51.756,416.3995743407227,103
2024-09-18 13:30:51.830,416.4140960172412,1004
2024-09-18 13:30:51.898,416.4033425325072,97
2024-09-18 13:30:52.067,416.3528083301264,10
2024-09-18 13:30:52.157,416.3615953180593,95
2024-09-18 13:30:52.178,416.3493759906258,1003
2024-09-18 13:30:52.267,416.3299835861303,10
2024-09-18 13:30:52.331,416.3859933531807,1000
2024-09-18 13:30:52.373,416.3574790027306,998
2024-09-18 13:30:52.396,416.3492820044439,1002
2024-09-18 13:30:52.457,416.3553956091297,1004
2024-09-18 13:30:52.553,416.3483725527396,14
2024-09-18 13:30:52.558,416.40920740412537,15
2024-09-18 13:30:52.597,416.3731222052436,9
2024-09-18 13:30:52.611,416.38608271234233,1002
2024-09-18 13:30:52.612,416.40106628813214,10
2024-09-18 13:30:52.720,416.35597190533184,95
2024-09-18 13:30:52.740,416.3851042856829,97
2024-09-18 13:30:52.806,416.39850105010566,1004
2024-09-18 13:30:52.855,416.3628697553012,95
2024-09-18 13:30:52.955,416.41757538947206,7
2024-09-18 13:30:53.026,416.5052001573222,103
2024-09-18 13:30:53.027,416.462854107212,996
2024-09-18 13:30:53.097,416.4993251113496,1003
2024-09-18 13:30:53.111,416.4858716646156,999
2024-09-18 13:30:53.140,416.5098740671109,100
2024-09-18 13:30:53.181,416.45615834542906,1003
2024-09-18 13:30:53.345,416.5066413175661,1004
2024-09-18 13:30:53.346,416.39813731386926,10
2024-09-18 13:30:53.402,416.4129293515597,103
2024-09-18 13:30:53.439,416.5033451096072,13
2024-09-18 13:30:53.454,416.50543681724105,996
2024-09-18 13:30:53.544,416.4829975728399,15
2024-09-18 13:30:53.631,416.5011720579217,12
2024-09-18 13:30:53.648,416.4882944404861,104
2024-09-18 13:30:53.663,416.5084440650917,99
2024-09-18 13:30:53.666,416.3651698602173,14
2024-09-18 13:30:53.696,416.4146193130034,1000
2024-09-18 13:30:53.725,416.39712927343504,999
2024-09-18 13:30:53.735,416.5184970475088,13
2024-09-18 13:30:53.821,416.4764423296122,12
2024-09-18 13:30:53.880,416.4824117488175,995
2024-09-18 13:30:53.902,416.4392737978269,97
2024-09-18 13:30:53.913,416.4324631375314,95
2024-09-18 13:30:53.931,416.47059235488376,5
2024-09-18 13:30:53.937,416.4011969000956,95
2024-09-18 13:30:53.941,416.3713902197239,95
2024-09-18 13:30:53.960,-416.4845216362239,105
2024-09-18 13:30:53.976,416.5042950246389,998
2024-09-18 13:30:53.988,416.4492554115687,99
2024-09-18 13:30:54.001,,11
2024-09-18 13:30:54.035,416.4171175378768,15
2024-09-18 13:30:54.133,416.4399515789324,11
2024-09-18 13:30:54.136,416.47145191475886,102
2024-09-18 13:30:54.142,416.50165577489815,98
2024-09-18 13:30:54.167,416.4268481501037,5
2024-09-18 13:30:54.182,416.4410375475308,103
2024-09-18 13:30:54.208,416.47866552283193,105
2024-09-18 13:30:54.239,416.50240303819936,97
2024-09-18 13:30:54.325,416.4586776946591,1002
2024-09-18 13:30:54.343,416.4366403283237,999
2024-09-18 13:30:54.377,41.64283007997528,12
2024-09-18 13:30:54.402,416.4228796361225,96
2024-09-18 13:30:54.435,416.41914910497496,9
2024-09-18 13:30:54.445,416.4545015180127,1003
2024-09-18 13:30:54.454,416.4344552694523,15
2024-09-18 13:30:54.576,41.647637134866926,8
2024-09-18 13:30:54.593,416.4424857058439,97
2024-09-18 13:30:54.658,416.429075920182,1002
2024-09-18 13:30:54.686,416.4770004408959,96
2024-09-18 13:30:54.708,416.42625713366334,96
2024-09-18 13:30:54.727,416.4055038480987,8
2024-09-18 13:30:54.899,416.4217273216852,97
2024-09-18 13:30:54.999,416.46788412594793,9
2024-09-18 13:30:55.078,416.4551330661172,1004
2024-09-18 13:30:55.202,416.4247257899588,999
2024-09-18 13:30:55.218,416.4604991280365,996
2024-09-18 13:30:55.250,416.4424532059614,95
2024-09-18 13:30:55.279,416.47476907128606,96
2024-09-18 13:30:55.283,416.46961974784585,6
2024-09-18 13:30:55.357,416.4770590279796,14
2024-09-18 13:30:55.379,416.459733511854,1005
2024-09-18 13:30:55.388,416.4434000013376,103
2024-09-18 13:30:55.407,416.4603865699229,12
2024-09-18 13:30:55.605,416.4284266639318,1002
2024-09-18 13:30:55.640,416.4347155019292,13
2024-09-18 13:30:55.651,416.45184230090734,14
2024-09-18 13:30:55.738,416.4557530022495,103
2024-09-18 13:30:55.781,416.4595627124824,100
2024-09-18 13:30:55.786,416.4592787152872,999
2024-09-18 13:30:55.826,416.46920712918126,99
2024-09-18 13:30:55.861,-416.4557160230328,98
2024-09-18 13:30:55.936,416.4653465452139,99
2024-09-18 13:30:55.947,416.45945200312497,1000
2024-09-18 13:30:56.196,416.439313783644,997
2024-09-18 13:30:56.201,416.4943053427055,15
2024-09-18 13:30:56.205,416.4702271633112,97
2024-09-18 13:30:56.232,416.4780345383012,101
2024-09-18 13:30:56.280,416.4331593168808,10
2024-09-18 13:30:56.286,416.4600880126128,12
2024-09-18 13:30:56.327,416.45216410894295,104
2024-09-18 13:30:56.328,,98
2024-09-18 13:30:56.336,416.4472882529389,104
2024-09-18 13:30:56.341,416.4486887845288,97
2024-09-18 13:30:56.398,416.4587743580397,98
2024-09-18 13:30:56.415,416.4571168415776,8
2024-09-18 13:30:56.415,416.4533052732914,1002
2024-09-18 13:30:56.441,416.4795054854649,102
2024-09-18 13:30:56.485,416.4698771971537,12
2024-09-18 13:30:56.525,416.43993707188025,1003
2024-09-18 13:30:56.660,416.471902385961,98
2024-09-18 13:30:56.679,416.4510187722809,1000
2024-09-18 13:30:56.696,416.4434841012833,998
2024-09-18 13:30:56.707,416.47273000340255,999
2024-09-18 13:30:56.832,416.4464704411627,99
2024-09-18 13:30:56.943,416.4742190229524,9
2024-09-18 13:30:56.949,416.4524122012939,5
2024-09-18 13:30:57.352,416.4783271804753,995
2024-09-18 13:30:57.389,416.47172804053343,1005
2024-09-18 13:30:57.422,416.47179553732593,1004
2024-09-18 13:30:57.540,416.48084683373753,1000
2024-09-18 13:30:57.644,416.4745956698026,999
2024-09-18 13:30:57.657,416.46209821730713,97
2024-09-18 13:30:57.702,416.460295280934,99
2024-09-18 13:30:57.707,416.4676418257486,999
2024-09-18 13:30:57.742,416.4716325526684,998
2024-09-18 13:30:57.831,416.4834855633366,97
2024-09-18 13:30:58.483,416.4943814258812,10
2024-09-18 13:30:58.803,416.4852243352395,1002
2024-09-18 13:30:59.046,416.5480157586065,998
2024-09-18 13:30:59.188,416.5346834388264,11
2024-09-18 13:30:59.208,416.52987121817296,995
2024-09-18 13:30:59.209,416.5360676686428,99
2024-09-18 13:30:59.228,416.5169489459504,1005
2024-09-18 13:30:59.288,416.51128658888,995
2024-09-18 13:30:59.314,416.5322037314994,995
2024-09-18 13:30:59.337,416.5256145200509,96
2024-09-18 13:30:59.385,416.54856391362085,9
2024-09-18 13:30:59.446,416.5195247137975,9
2024-09-18 13:30:59.515,416.5153714533654,8
2024-09-18 13:30:59.603,416.53978525574536,997
2024-09-18 13:30:59.638,416.5258739809735,96
2024-09-18 13:30:59.738,416.5064666056194,103
2024-09-18 13:30:59.829,416.53778811135294,6
2024-09-18 13:30:59.841,416.4963963589678,105
2024-09-18 13:30:59.848,416.5217134388841,14
2024-09-18 13:30:59.856,416.5179976682169,1002
2024-09-18 13:30:59.900,416.5448934557483,97
2024-09-18 13:30:59.958,416.5235869837083,14
2024-09-18 13:30:59.966,416.537506122196,997
2024-09-18 13:30:59.986,416.5161546030564,105
