Timestamp,Price,Size
2024-09-19 13:17:00.048,422.5122248638723,8
2024-09-19 13:17:00.689,422.50592432890113,101
2024-09-19 13:17:01.011,,997
2024-09-19 13:17:01.071,422.5272318317262,999
2024-09-19 13:17:01.430,422.5126495481829,1004
2024-09-19 13:17:01.530,422.5009255033761,8
2024-09-19 13:17:01.544,422.5018153059135,98
2024-09-19 13:17:01.603,422.50598847024304,1005
2024-09-19 13:17:01.769,422.5253143771279,995
2024-09-19 13:17:02.069,422.5143314802529,6
2024-09-19 13:17:02.275,422.5206582994555,1001
2024-09-19 13:17:02.349,422.5014644124336,13
2024-09-19 13:17:02.388,422.51323551990095,104
2024-09-19 13:17:02.425,422.51702272066575,9
2024-09-19 13:17:02.535,422.5130901864754,999
2024-09-19 13:17:03.115,422.4984957498599,996
2024-09-19 13:17:03.249,422.5513408973716,1001
2024-09-19 13:17:03.264,422.58225037183774,997
2024-09-19 13:17:03.277,422.5151687834558,96
2024-09-19 13:17:03.376,422.568768876265,100
2024-09-19 13:17:03.389,422.515857052023,97
2024-09-19 13:17:03.463,422.581548366418,996
2024-09-19 13:17:03.474,422.4990292474701,6
2024-09-19 13:17:03.483,422.50034023717626,101
2024-09-19 13:17:03.539,422.51141715855584,15
2024-09-19 13:17:03.570,422.5324631133667,103
2024-09-19 13:17:03.602,422.5956828419101,6
2024-09-19 13:17:03.603,422.54953261727616,13
2024-09-19 13:17:03.644,422.5168226157613,15
2024-09-19 13:17:03.795,422.55869081238177,995
2024-09-19 13:17:03.842,422.4813307274015,1002
2024-09-19 13:17:03.857,422.56668689367416,99
2024-09-19 13:17:03.962,422.54432039945857,15
2024-09-19 13:17:03.964,422.4870723655933,9
2024-09-19 13:17:04.481,422.5113731959639,8
2024-09-19 13:17:04.533,422.5439988595842,99
2024-09-19 13:17:05.056,422.4811768556445,1003
2024-09-19 13:17:05.201,422.4718475001224,1002
2024-09-19 13:17:05.493,422.4862782363683,999
2024-09-19 13:17:05.629,422.4961106783495,995
2024-09-19 13:17:05.904,422.4802816482297,104
2024-09-19 13:17:05.979,422.4940161097088,102
2024-09-19 13:17:06.284,422.49380132646064,999
2024-09-19 13:17:06.319,422.48176190998527,998
2024-09-19 13:17:06.625,422.485693133133,14
2024-09-19 13:17:06.905,422.48054745780126,98
2024-09-19 13:17:08.057,422.47890963590623,15
2024-09-19 13:17:08.651,422.4645641586338,1001
2024-09-19 13:17:08.652,422.47583738761807,10
2024-09-19 13:17:08.955,422.4803938131973,9
2024-09-19 13:17:09.031,422.4710846958474,99
2024-09-19 13:17:09.395,422.4706826779641,1001
2024-09-19 13:17:10.124,422.4731888552118,101
2024-09-19 13:17:10.212,422.4401938792146,1003
2024-09-19 13:17:10.222,422.4563170213783,5
2024-09-19 13:17:10.257,422.4806977173811,1004
2024-09-19 13:17:10.388,422.4669885559383,99
2024-09-19 13:17:10.402,422.436270939146,11
2024-09-19 13:17:10.420,422.4488937645799,1001
2024-09-19 13:17:10.465,422.4578153442106,1001
2024-09-19 13:17:10.481,422.4486765137147,996
2024-09-19 13:17:10.529,422.4656512693178,104
2024-09-19 13:17:10.590,422.4415531197727,97
2024-09-19 13:17:10.658,422.4601605807755,1003
2024-09-19 13:17:10.713,,99
2024-09-19 13:17:10.812,422.4707024172537,1004
2024-09-19 13:17:10.866,422.451746245425,14
2024-09-19 13:17:10.944,422.4732516800736,13
2024-09-19 13:17:10.973,422.4628041898981,97
2024-09-19 13:17:11.025,422.44970472340185,104
2024-09-19 13:17:11.049,422.4760421979229,999
2024-09-19 13:17:11.108,422.4942778900461,98
2024-09-19 13:17:11.118,422.4608074408707,12
2024-09-19 13:17:11.336,422.4630970158828,7
2024-09-19 13:17:11.361,422.4504409105735,996
2024-09-19 13:17:11.379,422.43858835642766,9
2024-09-19 13:17:11.390,422.4628194709811,1003
2024-09-19 13:17:11.439,422.4425860694093,102
2024-09-19 13:17:11.479,422.4435058151511,6
2024-09-19 13:17:11.482,422.4492362750258,7
2024-09-19 13:17:11.489,422.4747771009048,97
2024-09-19 13:17:11.527,422.4471804426148,997
2024-09-19 13:17:11.625,422.4762257750574,995
2024-09-19 13:17:11.715,422.4610255126576,998
2024-09-19 13:17:11.718,422.44453396343744,14
2024-09-19 13:17:11.721,422.44157571476615,95
2024-09-19 13:17:11.776,422.4443107243678,1005
2024-09-19 13:17:11.817,422.4839680360347,998
2024-09-19 13:17:11.855,422.4603514922116,101
2024-09-19 13:17:11.855,422.4792925306431,1004
2024-09-19 13:17:11.857,422.4697977682656,101
2024-09-19 13:17:11.885,422.4565252825242,7
2024-09-19 13:17:11.890,422.4661327398744,10
2024-09-19 13:17:11.921,422.47800110253246,105
2024-09-19 13:17:11.937,422.5002387447997,6
2024-09-19 13:17:11.938,422.44302299088827,6
2024-09-19 13:17:12.083,422.450187290334,102
2024-09-19 13:17:12.146,422.42297641327065,13
2024-09-19 13:17:12.195,422.4643212964996,9
2024-09-19 13:17:12.391,422.4311108664769,997
2024-09-19 13:17:12.438,422.4614683521641,97
2024-09-19 13:17:12.478,422.4813892578806,15
2024-09-19 13:17:12.519,-422.47556770833455,1005
2024-09-19 13:17:12.600,422.4602359906692,1000
2024-09-19 13:17:12.611,422.4735928476721,8
2024-09-19 13:17:12.677,422.4743573701194,98
2024-09-19 13:17:12.712,422.4669676691512,1002
2024-09-19 13:17:12.713,422.4581999994521,12
2024-09-19 13:17:12.845,422.4534095428045,995
2024-09-19 13:17:12.848,422.4526302962452,97
2024-09-19 13:17:12.874,422.4835051910848,1001
2024-09-19 13:17:12.962,422.4574219766969,1002
2024-09-19 13:17:12.994,422.4429926506646,998
2024-09-19 13:17:13.163,422.45874908505976,6
2024-09-19 13:17:13.526,422.49145512881125,101
2024-09-19 13:17:13.555,422.4867189693575,998
2024-09-19 13:17:13.636,422.46335082330006,1004
2024-09-19 13:17:13.636,422.4659351892719,9
2024-09-19 13:17:13.741,422.4695214231978,99
2024-09-19 13:17:13.833,422.4896054299453,1005
2024-09-19 13:17:13.903,422.4653387869219,14
2024-09-19 13:17:13.987,422.47280938140375,105
2024-09-19 13:17:14.006,422.4920867158149,1003
2024-09-19 13:17:14.567,422.496454821933,12
2024-09-19 13:17:14.742,422.50726302055546,103
2024-09-19 13:17:15.039,422.6107854381541,12
2024-09-19 13:17:15.069,422.52967322807615,12
2024-09-19 13:17:15.089,422.59339065741,12
2024-09-19 13:17:15.128,422.5726632172481,99
2024-09-19 13:17:15.133,422.5359664847295,103
2024-09-19 13:17:15.137,422.5361192838515,11
2024-09-19 13:17:15.214,422.6117976732264,13
2024-09-19 13:17:15.214,422.6174185690994,5
2024-09-19 13:17:15.230,422.6182307743396,96
2024-09-19 13:17:15.256,422.5003094697664,996
2024-09-19 13:17:15.312,422.5694569961245,96
2024-09-19 13:17:15.321,422.5262656336615,97
2024-09-19 13:17:15.385,422.5758384797373,8
2024-09-19 13:17:15.408,422.5227380424504,1004
2024-09-19 13:17:15.420,422.583248388125,9
2024-09-19 13:17:15.484,422.5134637512549,1005
2024-09-19 13:17:15.520,422.5552721191903,96
2024-09-19 13:17:15.547,422.5174360151199,1001
2024-09-19 13:17:15.577,422.5218565117288,7
2024-09-19 13:17:15.582,422.5476725322021,97
2024-09-19 13:17:15.669,422.48965286573423,13
2024-09-19 13:17:15.751,422.5829125606657,103
2024-09-19 13:17:15.752,422.61799022041504,1002
2024-09-19 13:17:15.753,422.61108054521554,1001
2024-09-19 13:17:15.810,422.5304450017244,98
2024-09-19 13:17:15.854,422.53042762156,99
2024-09-19 13:17:15.979,422.51124269103735,104
2024-09-19 13:17:16.044,422.5165999428036,1002
2024-09-19 13:17:16.083,422.5247033864163,10
2024-09-19 13:17:16.143,422.57297630415513,98
2024-09-19 13:17:16.277,422.50462197408814,15
2024-09-19 13:17:16.325,422.4978975427217,98
2024-09-19 13:17:16.357,422.5337282484649,1003
2024-09-19 13:17:16.402,422.5639285273236,14
2024-09-19 13:17:16.455,422.55201298403904,14
2024-09-19 13:17:16.469,422.563440558969,95
2024-09-19 13:17:16.513,422.5271845041613,95
2024-09-19 13:17:16.660,422.5422564465752,104
2024-09-19 13:17:16.660,422.5198894806442,1000
2024-09-19 13:17:17.017,422.5354354331826,11
2024-09-19 13:17:17.066,422.56730891858285,11
2024-09-19 13:17:17.072,422.5219969084799,1002
2024-09-19 13:17:17.074,422.5533956950417,1002
2024-09-19 13:17:17.108,422.5300409171605,98
2024-09-19 13:17:17.119,422.51079823552686,1000
2024-09-19 13:17:17.268,422.5681327599383,997
2024-09-19 13:17:17.285,422.5734753426625,996
2024-09-19 13:17:17.337,422.543542916178,101
2024-09-19 13:17:17.364,422.5567110497878,96
2024-09-19 13:17:17.447,422.5072309400648,95
2024-09-19 13:17:17.448,-422.5406016094085,1002
2024-09-19 13:17:17.472,422.51991218728807,7
2024-09-19 13:17:17.478,422.56735535172834,6
2024-09-19 13:17:17.521,422.5620134889447,97
2024-09-19 13:17:17.593,422.5756246503773,99
2024-09-19 13:17:17.596,422.5388412726426,995
2024-09-19 13:17:17.638,422.5271755624825,1004
2024-09-19 13:17:17.646,422.5630104361785,999
2024-09-19 13:17:17.684,422.54182559985327,95
2024-09-19 13:17:17.773,422.5790209416143,1005
2024-09-19 13:17:17.781,422.52711942101655,1005
2024-09-19 13:17:17.797,422.509002894799,998
2024-09-19 13:17:17.904,422.5249487800602,995
2024-09-19 13:17:17.943,422.5801160112208,6
2024-09-19 13:17:17.963,422.57047849226586,995
2024-09-19 13:17:17.971,422.53302446565294,13
2024-09-19 13:17:19.037,422.5903029009475,103
2024-09-19 13:17:19.583,422.5898265782519,998
2024-09-19 13:17:19.824,422.5857710524052,1004
2024-09-19 13:17:20.003,422.5983242550595,99
2024-09-19 13:17:20.102,,105
2024-09-19 13:17:20.174,422.5809125366599,101
2024-09-19 13:17:20.332,422.6315184522997,99
2024-09-19 13:17:20.687,422.5577329675537,97
2024-09-19 13:17:20.804,422.6064826370104,1003
2024-09-19 13:17:20.850,422.58059702934247,998
2024-09-19 13:17:20.987,422.5732459001269,997
2024-09-19 13:17:21.003,422.644346495517,11
2024-09-19 13:17:21.029,422.5828918396303,6
2024-09-19 13:17:21.040,422.57631273017626,103
2024-09-19 13:17:21.233,422.6358632010788,5
2024-09-19 13:17:21.286,422.6257824941293,95
2024-09-19 13:17:21.344,422.6589633914938,6
2024-09-19 13:17:21.471,422.6115620675433,998
2024-09-19 13:17:21.490,422.6646644939258,14
2024-09-19 13:17:21.559,422.57735594994006,104
2024-09-19 13:17:21.560,422.5891112042335,995
2024-09-19 13:17:21.705,422.5798720202504,11
2024-09-19 13:17:21.723,422.5853955038137,104
2024-09-19 13:17:21.850,422.5956379411292,103
2024-09-19 13:17:21.889,422.5986419793645,104
2024-09-19 13:17:21.936,422.6338447008444,14
2024-09-19 13:17:21.950,422.6426229275622,96
2024-09-19 13:17:22.087,422.5659131027887,12
2024-09-19 13:17:22.197,422.5452155325468,104
2024-09-19 13:17:22.281,422.5296717311251,95
2024-09-19 13:17:22.285,422.5496540171638,12
2024-09-19 13:17:22.336,422.5346208114655,5
2024-09-19 13:17:22.461,422.5790864657083,995
2024-09-19 13:17:22.607,422.5196467123197,8
2024-09-19 13:17:22.779,422.5305118388578,1002
2024-09-19 13:17:22.847,422.5196185913018,998
2024-09-19 13:17:22.927,422.5534269819904,100
2024-09-19 13:17:23.064,422.5596429721457,96
2024-09-19 13:17:23.127,422.5256987095664,7
2024-09-19 13:17:23.182,422.52676152738894,9
2024-09-19 13:17:23.432,422.5296193070322,95
2024-09-19 13:17:23.453,422.5413109506546,101
2024-09-19 13:17:23.603,422.5518453782127,95
2024-09-19 13:17:24.036,422.5733156480946,997
2024-09-19 13:17:24.109,422.57463160178185,95
2024-09-19 13:17:24.165,422.57203348105327,9
2024-09-19 13:17:24.170,422.5763807004745,7
2024-09-19 13:17:24.186,422.5800372761544,997
2024-09-19 13:17:24.342,422.55957878634,11
2024-09-19 13:17:24.363,422.5701476425359,105
2024-09-19 13:17:24.368,422.568391602951,13
2024-09-19 13:17:24.371,422.5787531381949,1002
2024-09-19 13:17:24.393,422.5660723172529,10
2024-09-19 13:17:24.399,422.5906357936408,103
2024-09-19 13:17:24.427,422.5725233889496,1002
2024-09-19 13:17:24.442,422.57781825250464,1000
2024-09-19 13:17:24.467,422.58071565953753,8
2024-09-19 13:17:24.556,422.5754092081512,96
2024-09-19 13:17:24.629,422.56550508469786,96
2024-09-19 13:17:24.641,422.59023136295406,997
2024-09-19 13:17:24.646,422.5813826911209,1005
2024-09-19 13:17:24.662,422.5715657284752,996
2024-09-19 13:17:24.708,422.5763570376876,996
2024-09-19 13:17:24.715,422.5861174850907,102
2024-09-19 13:17:24.802,422.5693853058492,998
2024-09-19 13:17:24.879,422.5732237187536,105
2024-09-19 13:17:25.065,422.5588262068919,10
2024-09-19 13:17:25.227,422.55883466640006,1001
2024-09-19 13:17:25.255,422.54074483329794,1005
2024-09-19 13:17:25.270,422.5355348632133,996
2024-09-19 13:17:25.292,422.6001176772165,5
2024-09-19 13:17:25.295,422.5543237294401,8
2024-09-19 13:17:25.350,422.5166204378952,995
2024-09-19 13:17:25.421,422.57451392786953,9
2024-09-19 13:17:25.479,422.5934189620836,11
2024-09-19 13:17:25.544,422.6079714234432,104
2024-09-19 13:17:25.565,422.5681518466906,997
2024-09-19 13:17:25.583,422.5661801966318,97
2024-09-19 13:17:25.588,422.5636647213553,1002
2024-09-19 13:17:25.599,422.5580780137647,95
2024-09-19 13:17:25.626,422.5645844841399,104
2024-09-19 13:17:25.631,422.5277406363878,1005
2024-09-19 13:17:25.641,,103
2024-09-19 13:17:25.675,422.5689553920375,10
2024-09-19 13:17:25.677,422.56428866992735,12
2024-09-19 13:17:25.692,422.6214715629742,5
2024-09-19 13:17:25.730,422.6193249154168,103
2024-09-19 13:17:25.834,422.5346816329638,7
2024-09-19 13:17:25.904,422.62578351299805,10
2024-09-19 13:17:26.199,422.5885424687229,12
2024-09-19 13:17:26.375,422.5842654482124,96
2024-09-19 13:17:26.693,422.5956864008072,99
2024-09-19 13:17:26.839,422.6077296405651,9
2024-09-19 13:17:26.848,422.5967871239503,103
2024-09-19 13:17:26.867,422.6014827884084,12
2024-09-19 13:17:27.058,422.61922364678304,105
2024-09-19 13:17:27.089,422.6091718203669,96
2024-09-19 13:17:27.235,422.58435649554815,103
2024-09-19 13:17:27.283,422.58459122525176,13
2024-09-19 13:17:27.296,422.5868315438927,99
2024-09-19 13:17:27.337,422.604073519138,100
2024-09-19 13:17:27.363,422.5976963243204,98
2024-09-19 13:17:27.397,422.59347194770095,100
2024-09-19 13:17:27.464,422.6236223751925,7
2024-09-19 13:17:27.514,422.59744781426616,105
2024-09-19 13:17:27.764,422.6023125984346,7
2024-09-19 13:17:27.798,-422.6119147759845,96
2024-09-19 13:17:28.023,422.6883905031117,13
2024-09-19 13:17:28.038,422.618583454224,996
2024-09-19 13:17:28.053,422.64814423265,103
2024-09-19 13:17:28.090,422.627313065936,6
2024-09-19 13:17:28.129,422.6850273898998,14
2024-09-19 13:17:28.143,422.68126617543527,13
2024-09-19 13:17:28.145,422.6443711229393,997
2024-09-19 13:17:28.194,422.6158562866744,5
2024-09-19 13:17:28.250,422.6273054643411,1000
2024-09-19 13:17:28.392,422.639714082066,97
2024-09-19 13:17:28.450,422.63639645512274,104
2024-09-19 13:17:28.492,422.623092707291,7
2024-09-19 13:17:28.512,422.6215397559301,996
2024-09-19 13:17:28.533,422.6097327808998,10
2024-09-19 13:17:28.618,422.63853021738726,15
2024-09-19 13:17:28.722,422.6418627957629,95
2024-09-19 13:17:28.723,422.67359038770593,996
2024-09-19 13:17:28.769,422.6513293590758,102
2024-09-19 13:17:28.828,422.6338321966807,9
2024-09-19 13:17:28.850,422.6680020732018,997
2024-09-19 13:17:28.888,422.6339906897374,1003
2024-09-19 13:17:28.891,422.6496102299008,98
2024-09-19 13:17:28.907,422.6290512306494,105
2024-09-19 13:17:28.995,422.6437247319069,5
2024-09-19 13:17:29.062,422.7233035087344,1003
2024-09-19 13:17:29.118,422.6906888637338,103
2024-09-19 13:17:29.159,422.7015642124557,11
2024-09-19 13:17:29.233,422.7236415547436,13
2024-09-19 13:17:29.330,42.271797788325394,96
2024-09-19 13:17:29.370,422.7279774413565,14
2024-09-19 13:17:29.394,422.75255064461055,103
2024-09-19 13:17:29.424,,10
2024-09-19 13:17:29.459,422.73090046879867,7
2024-09-19 13:17:29.483,422.7256247871754,6
2024-09-19 13:17:29.490,422.7214410440024,1003
2024-09-19 13:17:29.520,422.725701935126,1003
2024-09-19 13:17:29.527,422.7347901466076,104
2024-09-19 13:17:29.534,422.73745381078953,95
2024-09-19 13:17:29.593,422.72511280558376,7
2024-09-19 13:17:29.633,422.7521695453154,1000
2024-09-19 13:17:29.638,422.75286993986833,105
2024-09-19 13:17:29.714,422.7156863024896,1002
2024-09-19 13:17:29.717,422.6994417552133,995
2024-09-19 13:17:29.748,422.7502937980871,10
2024-09-19 13:17:29.760,422.7680542955552,1000
2024-09-19 13:17:29.830,422.7509041833874,104
2024-09-19 13:17:29.847,422.7503620819334,12
2024-09-19 13:17:29.870,422.7511441873437,7
2024-09-19 13:17:29.877,422.6801937316623,6
2024-09-19 13:17:30.047,422.7317367301976,9
2024-09-19 13:17:30.075,422.7144243504821,997
2024-09-19 13:17:30.085,422.6834548872829,11
2024-09-19 13:17:30.135,422.6942972666389,1005
2024-09-19 13:17:30.145,422.711346283538,6
2024-09-19 13:17:30.172,422.71798360815006,100
2024-09-19 13:17:30.189,422.7136645318747,6
2024-09-19 13:17:30.325,422.7369541047297,12
2024-09-19 13:17:30.326,422.7099530161835,8
2024-09-19 13:17:30.396,422.6899608528721,12
2024-09-19 13:17:30.420,422.6593896052986,11
2024-09-19 13:17:30.435,,1000
2024-09-19 13:17:30.473,422.660244720744,996
2024-09-19 13:17:30.522,422.6800103277351,1003
2024-09-19 13:17:30.527,422.7392750579046,6
2024-09-19 13:17:30.534,422.6894425645912,95
2024-09-19 13:17:30.535,422.7365736833394,1002
2024-09-19 13:17:30.548,422.70676711790856,998
2024-09-19 13:17:30.591,422.67086013565535,1002
2024-09-19 13:17:30.667,422.67605586300505,96
2024-09-19 13:17:30.679,422.7354086064388,104
2024-09-19 13:17:30.792,422.71305126994383,12
2024-09-19 13:17:30.824,422.7010134720483,102
2024-09-19 13:17:30.869,422.6793979557176,995
2024-09-19 13:17:30.892,422.734308718451,105
2024-09-19 13:17:30.913,422.7282349559,995
2024-09-19 13:17:30.995,422.6483520445488,1005
2024-09-19 13:17:31.036,422.6919972441255,12
2024-09-19 13:17:31.136,422.6970073038248,6
2024-09-19 13:17:31.162,422.6978181297137,1001
2024-09-19 13:17:31.165,422.6640064592551,1002
2024-09-19 13:17:31.179,422.7095800076575,8
2024-09-19 13:17:31.249,422.7048215707189,1000
2024-09-19 13:17:31.258,422.67966120163294,101
2024-09-19 13:17:31.267,422.67966951617103,8
2024-09-19 13:17:31.269,422.6896510793391,9
2024-09-19 13:17:31.270,422.6892225277807,999
2024-09-19 13:17:31.273,422.7064343787878,998
2024-09-19 13:17:31.301,422.7098368108006,6
2024-09-19 13:17:31.348,422.7249632577543,1003
2024-09-19 13:17:31.398,422.7083345082306,101
2024-09-19 13:17:31.510,422.6770553004719,95
2024-09-19 13:17:31.526,422.65701982789375,996
2024-09-19 13:17:31.532,422.6663753295456,1001
2024-09-19 13:17:31.578,422.6788975240027,6
2024-09-19 13:17:31.612,422.7047517938448,103
2024-09-19 13:17:31.721,422.70497838559606,6
2024-09-19 13:17:31.727,422.70386079208754,1001
2024-09-19 13:17:31.753,422.7121930170393,1001
2024-09-19 13:17:31.868,422.6682245075743,14
2024-09-19 13:17:31.912,422.6803854683884,9
2024-09-19 13:17:31.916,422.7065395155959,995
2024-09-19 13:17:31.951,422.6799523063632,100
2024-09-19 13:17:31.959,422.7056538551937,95
2024-09-19 13:17:31.977,422.70497649112406,102
2024-09-19 13:17:31.995,422.6700188103436,1004
2024-09-19 13:17:32.117,422.61827864852376,8
2024-09-19 13:17:32.153,422.6310672184979,12
2024-09-19 13:17:32.285,422.6583488294506,999
2024-09-19 13:17:32.347,422.6676723684934,15
2024-09-19 13:17:32.425,422.70459232673846,96
2024-09-19 13:17:32.475,422.68999404629096,104
2024-09-19 13:17:32.609,422.62743781995937,98
2024-09-19 13:17:32.666,422.70265083595774,999
2024-09-19 13:17:32.675,422.63203960004415,997
2024-09-19 13:17:32.695,422.6504388847506,1004
2024-09-19 13:17:32.722,422.6322489450966,98
2024-09-19 13:17:32.755,422.6254650960427,1000
2024-09-19 13:17:32.834,422.67129984705616,11
2024-09-19 13:17:32.850,422.632023828615,995
2024-09-19 13:17:32.856,422.61026865891614,1000
2024-09-19 13:17:32.918,422.635501289984,104
2024-09-19 13:17:32.960,422.6159865119912,14
2024-09-19 13:17:32.962,422.6352990932074,10
2024-09-19 13:17:33.130,422.6265602267346,1003
2024-09-19 13:17:33.156,422.63795074312014,7
2024-09-19 13:17:33.245,422.5904642654037,1003
2024-09-19 13:17:33.378,422.6025494667277,10
2024-09-19 13:17:33.391,422.6135270301375,99
2024-09-19 13:17:33.413,422.64654046245766,101
2024-09-19 13:17:33.446,422.6283118011487,1000
2024-09-19 13:17:33.526,422.6400774714208,7
2024-09-19 13:17:33.543,422.65755255414246,1004
2024-09-19 13:17:33.645,422.64169341593794,9
2024-09-19 13:17:33.657,422.6186440984735,96
2024-09-19 13:17:33.703,422.6365221440265,999
2024-09-19 13:17:33.705,422.6084498924102,103
2024-09-19 13:17:33.809,422.58601072660986,101
2024-09-19 13:17:33.812,422.58987208419,10
2024-09-19 13:17:33.965,422.6287744558543,1004
2024-09-19 13:17:34.057,422.56780606190654,997
2024-09-19 13:17:34.135,422.5898535854196,95
2024-09-19 13:17:34.164,422.5751637278077,1001
2024-09-19 13:17:34.219,422.5743189852918,998
2024-09-19 13:17:34.250,422.5889784577319,8
2024-09-19 13:17:34.259,422.5759964140341,5
2024-09-19 13:17:34.278,422.5766503073216,998
2024-09-19 13:17:34.308,422.57185777936496,104
2024-09-19 13:17:34.489,422.5764564463304,105
2024-09-19 13:17:34.612,422.5938815777952,104
2024-09-19 13:17:34.661,422.5671674320211,996
2024-09-19 13:17:34.710,422.5839620208024,9
2024-09-19 13:17:34.761,422.58693985351726,998
2024-09-19 13:17:34.780,422.5905053058681,103
2024-09-19 13:17:34.876,422.5828690447429,15
2024-09-19 13:17:34.923,422.57621454738495,103
2024-09-19 13:17:34.993,422.5793531851079,1002
2024-09-19 13:17:35.058,422.6262985603703,103
2024-09-19 13:17:35.062,422.6244040182099,1004
2024-09-19 13:17:35.067,422.6303106755166,13
2024-09-19 13:17:35.084,422.6511656607221,1002
2024-09-19 13:17:35.238,422.695667137088,15
2024-09-19 13:17:35.266,422.5937160500786,104
2024-09-19 13:17:35.296,422.6690715767203,10
2024-09-19 13:17:35.349,422.5924032476289,99
2024-09-19 13:17:35.387,422.6751282322616,6
2024-09-19 13:17:35.395,422.6180697482553,998
2024-09-19 13:17:35.417,422.6060126938297,11
2024-09-19 13:17:35.454,422.5942422973489,15
2024-09-19 13:17:35.456,422.62894604075086,997
2024-09-19 13:17:35.513,422.5869580032531,1004
2024-09-19 13:17:35.536,422.6541888226263,100
2024-09-19 13:17:35.543,422.6321706119297,9
2024-09-19 13:17:35.550,422.67022460111787,14
2024-09-19 13:17:35.585,422.5753004741797,1005
2024-09-19 13:17:35.688,422.64912639917947,98
2024-09-19 13:17:35.692,422.649242195716,96
2024-09-19 13:17:35.707,422.6347124585288,99
2024-09-19 13:17:35.708,422.6509302619154,1000
2024-09-19 13:17:35.714,422.6886863752855,98
2024-09-19 13:17:35.724,422.62767575304713,9
2024-09-19 13:17:35.778,422.6963638739761,999
2024-09-19 13:17:35.860,422.6627565818149,99
2024-09-19 13:17:35.924,422.68484695776016,1002
2024-09-19 13:17:35.951,422.6266456127955,997
2024-09-19 13:17:35.963,422.63576517478185,8
2024-09-19 13:17:36.008,422.62350702564027,96
2024-09-19 13:17:36.030,422.6452119340827,100
2024-09-19 13:17:36.031,422.6241194817841,995
2024-09-19 13:17:36.110,422.6592355214843,103
2024-09-19 13:17:36.115,422.6146890824385,14
2024-09-19 13:17:36.135,422.617815034755,1004
2024-09-19 13:17:36.185,422.6366991767202,8
2024-09-19 13:17:36.203,422.6065200702049,997
2024-09-19 13:17:36.232,422.6367580944812,995
2024-09-19 13:17:36.238,422.6416255215681,7
2024-09-19 13:17:36.265,422.6405064303354,995
2024-09-19 13:17:36.272,422.6096961596017,14
2024-09-19 13:17:36.345,422.660161136582,10
2024-09-19 13:17:36.345,422.6303362546439,998
2024-09-19 13:17:36.350,422.6102365558562,1004
2024-09-19 13:17:36.412,422.6280171057462,103
2024-09-19 13:17:36.445,422.6056901591938,999
2024-09-19 13:17:36.456,422.6454747850424,997
2024-09-19 13:17:36.475,422.6378008622321,995
2024-09-19 13:17:36.526,422.6420998358336,11
2024-09-19 13:17:36.557,422.65998010243726,103
2024-09-19 13:17:36.709,422.646836864828,99
2024-09-19 13:17:36.734,422.65461439821934,15
2024-09-19 13:17:36.774,422.62369026765145,1003
2024-09-19 13:17:36.833,422.65064008884895,10
2024-09-19 13:17:36.874,422.61502122875936,105
2024-09-19 13:17:36.893,422.6318618498171,7
2024-09-19 13:17:36.905,422.6422679049512,7
2024-09-19 13:17:36.909,422.6352656929103,15
2024-09-19 13:17:36.969,422.5894229531143,1002
2024-09-19 13:17:37.011,422.5277358716774,10
2024-09-19 13:17:37.052,422.5332231533813,10
2024-09-19 13:17:37.115,422.5343020443405,1001
2024-09-19 13:17:37.136,422.5859641407092,9
2024-09-19 13:17:37.163,422.6115524753345,998
2024-09-19 13:17:37.183,422.5785377042628,998
2024-09-19 13:17:37.197,422.5229150959725,100
2024-09-19 13:17:37.213,422.6283567505126,96
2024-09-19 13:17:37.270,422.57544577970685,5
2024-09-19 13:17:37.271,422.5982874265332,10
2024-09-19 13:17:37.375,422.56000594940025,96
2024-09-19 13:17:37.379,422.5424987945337,996
2024-09-19 13:17:37.414,422.5074577586946,7
2024-09-19 13:17:37.588,422.5123653391024,97
2024-09-19 13:17:37.621,422.5562929109278,8
2024-09-19 13:17:37.647,422.5186038280079,98
2024-09-19 13:17:37.720,422.63028540734246,98
2024-09-19 13:17:37.787,422.56301047411216,8
2024-09-19 13:17:37.787,422.5856818851079,100
2024-09-19 13:17:37.828,422.6276904072615,5
2024-09-19 13:17:37.858,422.6241845830725,1001
2024-09-19 13:17:37.874,422.600002532624,99
2024-09-19 13:17:37.898,422.5331851770584,99
2024-09-19 13:17:38.089,422.4913806583988,104
2024-09-19 13:17:38.148,422.49525070649287,1005
2024-09-19 13:17:38.276,422.4988451843935,1004
2024-09-19 13:17:38.469,422.5037679621769,6
2024-09-19 13:17:38.532,422.4805927892178,1001
2024-09-19 13:17:38.623,422.47170395876185,99
2024-09-19 13:17:38.631,,1002
2024-09-19 13:17:38.657,422.4844605431445,95
2024-09-19 13:17:38.695,422.5085900192875,11
2024-09-19 13:17:38.757,422.4742977019208,8
2024-09-19 13:17:38.924,422.4875935682928,97
2024-09-19 13:17:38.979,422.4626823545785,96
2024-09-19 13:17:39.020,422.4563663239352,999
2024-09-19 13:17:39.041,422.48411551625,7
2024-09-19 13:17:39.160,422.5199780178465,997
2024-09-19 13:17:39.212,422.4824274661651,10
2024-09-19 13:17:39.218,422.5025963627452,104
2024-09-19 13:17:39.281,422.47187108667305,998
2024-09-19 13:17:39.347,422.50787857889935,998
2024-09-19 13:17:39.408,422.4928528581356,98
2024-09-19 13:17:39.466,422.4358033419098,998
2024-09-19 13:17:39.508,422.4423735455986,9
2024-09-19 13:17:39.593,422.48752793475086,997
2024-09-19 13:17:39.638,422.4891812129609,105
2024-09-19 13:17:39.678,422.4873640245621,95
2024-09-19 13:17:39.750,422.4507126739164,995
2024-09-19 13:17:39.836,422.4967192022581,101
2024-09-19 13:17:39.903,422.470974106957,996
2024-09-19 13:17:40.038,422.39259994212375,1001
2024-09-19 13:17:40.077,422.4206094816538,1004
2024-09-19 13:17:40.088,422.3429800703583,99
2024-09-19 13:17:40.184,422.40978499767886,1003
2024-09-19 13:17:40.216,422.42441119398666,13
2024-09-19 13:17:40.373,422.4252633779989,5
2024-09-19 13:17:40.376,422.3326406965172,14
2024-09-19 13:17:40.400,422.3954505622759,104
2024-09-19 13:17:40.452,422.4339016643755,13
2024-09-19 13:17:40.483,422.35408582370286,1003
2024-09-19 13:17:40.484,422.3711896816094,103
2024-09-19 13:17:40.591,422.3431218779416,997
2024-09-19 13:17:40.754,422.35164353912427,1005
2024-09-19 13:17:40.786,422.4374321822247,996
2024-09-19 13:17:40.796,-422.3567875539918,13
2024-09-19 13:17:40.890,422.3532614937589,996
2024-09-19 13:17:40.997,422.4305102939059,101
2024-09-19 13:17:41.015,422.3348226011538,14
2024-09-19 13:17:41.025,-422.315397913901,995
2024-09-19 13:17:41.091,422.3621609328527,6
2024-09-19 13:17:41.150,422.3466037080535,1000
2024-09-19 13:17:41.168,422.3227753550014,999
2024-09-19 13:17:41.196,422.3317024374783,996
2024-09-19 13:17:41.197,422.3309210488594,999
2024-09-19 13:17:41.200,422.33800146224695,1000
2024-09-19 13:17:41.282,422.3298639247345,95
2024-09-19 13:17:41.362,422.3265475194757,10
2024-09-19 13:17:41.450,422.3393297738605,1000
2024-09-19 13:17:41.524,422.3234622367093,98
2024-09-19 13:17:41.535,422.3287913976668,102
2024-09-19 13:17:41.549,422.3273435347424,10
2024-09-19 13:17:41.568,422.35510535435697,6
2024-09-19 13:17:41.578,422.3270049752408,999
2024-09-19 13:17:41.612,422.3340505748752,98
2024-09-19 13:17:41.652,422.3349707609816,6
2024-09-19 13:17:41.665,422.3292006874685,102
2024-09-19 13:17:41.690,422.3292883391051,99
2024-09-19 13:17:41.706,422.3509030467081,105
2024-09-19 13:17:41.713,422.3495428911095,997
2024-09-19 13:17:41.799,422.33503069249,13
2024-09-19 13:17:41.863,-422.30189193555,95
2024-09-19 13:17:42.021,422.30209227132815,7
2024-09-19 13:17:42.033,422.1927189679973,13
2024-09-19 13:17:42.110,422.2205913663526,98
2024-09-19 13:17:42.154,422.27096728110376,13
2024-09-19 13:17:42.155,422.20884232033313,7
2024-09-19 13:17:42.214,422.18623695053054,9
2024-09-19 13:17:42.313,422.2506800630565,10
2024-09-19 13:17:42.411,422.2298403302447,10
2024-09-19 13:17:42.414,422.1794387833567,1002
2024-09-19 13:17:42.415,422.1433529737105,96
2024-09-19 13:17:42.427,422.1677209617994,96
2024-09-19 13:17:42.671,422.1933546938182,15
2024-09-19 13:17:42.676,422.2391431232807,102
2024-09-19 13:17:42.776,422.2347202933195,102
2024-09-19 13:17:42.835,422.27679738900656,14
2024-09-19 13:17:42.870,422.1552288508954,102
2024-09-19 13:17:42.871,422.1801576625724,12
2024-09-19 13:17:42.925,422.2335826777377,8
2024-09-19 13:17:42.940,422.29720152695774,100
2024-09-19 13:17:42.987,422.2056112100384,996
2024-09-19 13:17:43.075,422.1772013501942,999
2024-09-19 13:17:43.153,422.2272577559632,1000
2024-09-19 13:17:43.196,422.1735297288501,5
2024-09-19 13:17:43.224,422.1757050239223,97
2024-09-19 13:17:43.224,422.2267868349384,100
2024-09-19 13:17:43.248,422.1786305297957,1002
2024-09-19 13:17:43.350,422.1889394968044,1000
2024-09-19 13:17:43.484,422.22693355981886,995
2024-09-19 13:17:43.543,422.2094163346909,999
2024-09-19 13:17:43.658,422.2080249172632,1003
2024-09-19 13:17:43.663,422.2247628287584,102
2024-09-19 13:17:43.676,422.1656050594989,1001
2024-09-19 13:17:43.692,422.1889443426418,997
2024-09-19 13:17:43.784,422.16855986773385,100
2024-09-19 13:17:43.848,422.2177692733165,102
2024-09-19 13:17:43.952,422.16942931385626,1004
2024-09-19 13:17:43.974,422.1481364323352,1000
2024-09-19 13:17:43.981,422.1731206449101,1003
2024-09-19 13:17:44.175,422.2283465144925,1004
2024-09-19 13:17:45.061,422.2249773777632,1003
2024-09-19 13:17:45.142,422.23075420670506,9
2024-09-19 13:17:45.212,422.2507091763937,1002
2024-09-19 13:17:45.234,422.2656289912776,97
2024-09-19 13:17:45.238,422.2945550084199,1002
2024-09-19 13:17:45.270,422.2612194107424,99
2024-09-19 13:17:45.330,422.2192919934971,11
2024-09-19 13:17:45.340,422.2264516217776,102
2024-09-19 13:17:45.384,422.27610789564727,10
2024-09-19 13:17:45.489,422.2804397832508,999
2024-09-19 13:17:45.499,422.2921222519032,1001
2024-09-19 13:17:45.606,422.28443169256974,100
2024-09-19 13:17:45.679,422.284645069895,15
2024-09-19 13:17:45.694,422.2347918291855,100
2024-09-19 13:17:45.785,422.2296535523191,105
2024-09-19 13:17:45.880,422.29218565831457,6
2024-09-19 13:17:45.929,422.25085656036015,997
2024-09-19 13:17:45.939,422.2742254506937,6
2024-09-19 13:17:46.003,422.2815202325017,1004
2024-09-19 13:17:46.113,422.27781647741847,997
2024-09-19 13:17:46.123,42.22981319236686,12
2024-09-19 13:17:46.298,422.26783715463085,1005
2024-09-19 13:17:46.320,422.2901453249748,9
2024-09-19 13:17:46.353,422.2812406469111,14
2024-09-19 13:17:46.404,422.2646546306073,999
2024-09-19 13:17:46.429,422.2822934114506,1003
2024-09-19 13:17:46.433,422.2759290458739,10
2024-09-19 13:17:46.459,422.292295978081,12
2024-09-19 13:17:46.574,422.2737408507626,7
2024-09-19 13:17:46.695,422.2870398604644,99
2024-09-19 13:17:46.884,422.2948000506753,8
2024-09-19 13:17:46.971,422.2798492211482,7
2024-09-19 13:17:47.021,422.2959888235989,1004
2024-09-19 13:17:47.027,,96
2024-09-19 13:17:47.295,422.3021228430125,98
2024-09-19 13:17:47.438,422.3106163044324,1002
2024-09-19 13:17:47.595,422.3027649953826,1002
2024-09-19 13:17:47.633,422.3148978147149,100
2024-09-19 13:17:47.673,422.310398972398,13
2024-09-19 13:17:47.849,422.3060437443402,8
2024-09-19 13:17:48.025,422.3568088317013,98
2024-09-19 13:17:48.072,422.3669250266747,97
2024-09-19 13:17:48.106,422.3029279633504,100
2024-09-19 13:17:48.133,422.3415122102051,1005
2024-09-19 13:17:48.136,422.3198223839164,995
2024-09-19 13:17:48.139,422.351820192337,103
2024-09-19 13:17:48.152,422.3422766102906,12
2024-09-19 13:17:48.179,422.34471314267967,101
2024-09-19 13:17:48.196,422.31820788014426,996
2024-09-19 13:17:48.232,422.36013168830567,12
2024-09-19 13:17:48.269,422.3495930291916,103
2024-09-19 13:17:48.399,422.3386169011251,98
2024-09-19 13:17:48.402,422.3514004561855,1001
2024-09-19 13:17:48.413,422.36886183997,10
2024-09-19 13:17:48.416,422.3080305599033,103
2024-09-19 13:17:48.510,422.3131520634335,998
2024-09-19 13:17:48.536,422.3583062948349,10
2024-09-19 13:17:48.541,422.3345199420822,8
2024-09-19 13:17:48.619,422.3495735713536,10
2024-09-19 13:17:48.651,422.30472169469374,103
2024-09-19 13:17:48.663,422.3516752040837,1001
2024-09-19 13:17:48.678,422.3630082244112,97
2024-09-19 13:17:48.788,422.33085509974177,103
2024-09-19 13:17:48.801,422.3442973503397,103
2024-09-19 13:17:48.804,422.3673615233645,1003
2024-09-19 13:17:48.827,422.3385246362987,996
2024-09-19 13:17:48.867,422.333889863948,103
2024-09-19 13:17:48.913,422.32495178245387,14
2024-09-19 13:17:48.982,422.35388142480014,5
2024-09-19 13:17:49.035,422.3661020303953,995
2024-09-19 13:17:49.087,422.3219370489766,1005
2024-09-19 13:17:49.089,422.3333689327584,97
2024-09-19 13:17:49.112,422.3451762745612,999
2024-09-19 13:17:49.151,422.33845228286873,999
2024-09-19 13:17:49.247,422.3388936286953,996
2024-09-19 13:17:49.247,422.3651644459477,997
2024-09-19 13:17:49.274,422.35701637436085,99
2024-09-19 13:17:49.289,422.34360861979343,1004
2024-09-19 13:17:49.318,422.3365080240508,12
2024-09-19 13:17:49.347,422.3735613618952,1004
2024-09-19 13:17:49.349,422.3342887372688,101
2024-09-19 13:17:49.371,422.3451114455617,997
2024-09-19 13:17:49.380,422.3454697744269,998
2024-09-19 13:17:49.383,422.33128257955406,13
2024-09-19 13:17:49.446,422.3424455424636,997
2024-09-19 13:17:49.539,422.32264098582766,995
2024-09-19 13:17:49.642,422.3680361433172,995
2024-09-19 13:17:49.659,422.3170220212511,1002
2024-09-19 13:17:49.678,422.3566186681326,97
2024-09-19 13:17:49.683,422.315046898802,999
2024-09-19 13:17:49.714,422.3316924982285,1001
2024-09-19 13:17:49.730,422.31796980076206,1001
2024-09-19 13:17:49.734,422.3341132473949,5
2024-09-19 13:17:49.783,422.3462758402348,5
2024-09-19 13:17:49.796,422.3102970996716,8
2024-09-19 13:17:49.821,422.3389643121039,1005
2024-09-19 13:17:49.837,422.3540443568056,1002
2024-09-19 13:17:50.063,-422.3277573288334,105
2024-09-19 13:17:50.133,422.3434617225412,9
2024-09-19 13:17:50.194,422.34952277594016,102
2024-09-19 13:17:50.213,422.3150908303832,101
2024-09-19 13:17:50.214,422.3369321103073,95
2024-09-19 13:17:50.225,422.2937361276787,98
2024-09-19 13:17:50.226,422.2694719104098,1004
2024-09-19 13:17:50.245,422.2872313049721,1001
2024-09-19 13:17:50.285,422.2893152261838,996
2024-09-19 13:17:50.286,422.32464971019937,999
2024-09-19 13:17:50.297,422.2838196771969,12
2024-09-19 13:17:50.320,422.30275869785424,98
2024-09-19 13:17:50.397,422.27913594809166,97
2024-09-19 13:17:50.476,422.2799140102329,997
2024-09-19 13:17:50.496,422.2830589601515,96
2024-09-19 13:17:50.562,422.33100063044105,1000
2024-09-19 13:17:50.564,422.3431179663035,97
2024-09-19 13:17:50.674,422.347527408983,103
2024-09-19 13:17:50.700,422.3247784681412,12
2024-09-19 13:17:50.762,422.3297347226055,101
2024-09-19 13:17:50.831,422.3484687242841,6
2024-09-19 13:17:50.856,,95
2024-09-19 13:17:50.866,422.3367519055199,1004
2024-09-19 13:17:50.868,422.3266131041792,7
2024-09-19 13:17:50.910,422.2840233210141,998
2024-09-19 13:17:50.932,422.284668092175,9
2024-09-19 13:17:50.974,422.3076385315417,995
2024-09-19 13:17:50.997,422.283436363465,5
2024-09-19 13:17:51.031,422.32256629508464,11
2024-09-19 13:17:51.395,422.3926058451943,96
2024-09-19 13:17:51.439,422.3930444837762,11
2024-09-19 13:17:51.439,422.2961199557749,1002
2024-09-19 13:17:51.448,422.3584615789478,1000
2024-09-19 13:17:51.501,422.3805936105616,96
2024-09-19 13:17:51.552,422.3362151861765,995
2024-09-19 13:17:51.559,422.3319006871474,9
2024-09-19 13:17:51.659,422.3647804178688,1002
2024-09-19 13:17:51.666,422.310611444511,998
2024-09-19 13:17:51.869,422.321596987817,999
2024-09-19 13:17:51.888,422.3069656665435,98
2024-09-19 13:17:51.994,422.3533012337781,102
2024-09-19 13:17:52.026,422.3837214923139,99
2024-09-19 13:17:52.033,422.3888315858606,997
2024-09-19 13:17:52.056,422.3886838672354,15
2024-09-19 13:17:52.145,422.37812896513714,999
2024-09-19 13:17:52.153,422.4287156826992,12
2024-09-19 13:17:52.304,422.4172818013221,105
2024-09-19 13:17:52.389,422.42300095125313,105
2024-09-19 13:17:52.490,422.4133438307673,11
2024-09-19 13:17:52.601,422.39140189664863,9
2024-09-19 13:17:52.612,422.3761797486112,100
2024-09-19 13:17:52.654,422.4172851814236,99
2024-09-19 13:17:52.691,422.4435264864268,105
2024-09-19 13:17:52.739,422.37927660841245,1005
2024-09-19 13:17:52.815,422.4157725314389,1003
2024-09-19 13:17:52.842,422.3995776676073,1003
2024-09-19 13:17:52.861,422.3868058808687,95
2024-09-19 13:17:52.868,422.3902521285358,996
2024-09-19 13:17:52.906,422.3880870737044,1002
2024-09-19 13:17:53.169,422.41412612251975,101
2024-09-19 13:17:53.414,422.3866639602727,13
2024-09-19 13:17:53.485,422.4033384042579,100
2024-09-19 13:17:53.497,422.3756175119148,11
2024-09-19 13:17:53.504,422.3948678209396,999
2024-09-19 13:17:53.518,422.3865984166622,15
2024-09-19 13:17:53.754,422.3603205616442,14
2024-09-19 13:17:54.171,422.4040129981985,12
2024-09-19 13:17:54.206,422.4028048576634,11
2024-09-19 13:17:54.258,422.3862839334287,13
2024-09-19 13:17:54.303,422.41687136301,1001
2024-09-19 13:17:54.443,422.4087178587639,13
2024-09-19 13:17:54.485,422.4109418744975,96
2024-09-19 13:17:54.680,422.4216333943683,101
2024-09-19 13:17:54.744,422.40690907023446,8
2024-09-19 13:17:54.761,422.38698632044566,5
2024-09-19 13:17:54.765,422.40007117552057,99
2024-09-19 13:17:54.949,422.406446090633,95
2024-09-19 13:17:55.141,422.3706262126734,10
2024-09-19 13:17:55.163,422.366543310088,15
2024-09-19 13:17:55.223,422.3931280293808,98
2024-09-19 13:17:55.238,422.39566701267614,10
2024-09-19 13:17:55.365,422.3382113437706,105
2024-09-19 13:17:55.379,422.3506566701511,1003
2024-09-19 13:17:55.383,422.3343182622072,1005
2024-09-19 13:17:55.419,422.3509031572604,95
2024-09-19 13:17:55.464,422.3944998632874,12
2024-09-19 13:17:55.466,422.41005089356815,15
2024-09-19 13:17:55.476,422.3628552950941,1000
2024-09-19 13:17:55.537,422.3817004991518,997
2024-09-19 13:17:55.731,422.33643421481867,104
2024-09-19 13:17:55.764,422.3730564454572,98
2024-09-19 13:17:55.919,422.3550590786952,998
2024-09-19 13:17:55.949,422.3450903138412,95
2024-09-19 13:17:56.050,422.3287103525027,10
2024-09-19 13:17:56.107,422.3315494574872,1002
2024-09-19 13:17:56.240,422.32452519731095,997
2024-09-19 13:17:56.240,422.3580976250436,10
2024-09-19 13:17:56.332,422.35932615424895,12
2024-09-19 13:17:56.406,422.3382568630335,8
2024-09-19 13:17:56.415,422.3372544611098,103
2024-09-19 13:17:56.629,422.34444731417096,1005
2024-09-19 13:17:56.668,422.3488863299695,7
2024-09-19 13:17:56.715,422.36501969329487,95
2024-09-19 13:17:56.894,422.33072441976793,999
2024-09-19 13:17:57.122,422.4379729866167,8
2024-09-19 13:17:57.128,422.3965302707743,1001
2024-09-19 13:17:57.289,422.3895764377873,102
2024-09-19 13:17:57.318,422.4228104796303,11
2024-09-19 13:17:57.321,422.4077989225974,105
2024-09-19 13:17:57.330,422.4386628849272,1000
2024-09-19 13:17:57.351,422.4281957434196,96
2024-09-19 13:17:57.434,422.4266933334013,1005
2024-09-19 13:17:57.518,422.4264402602778,97
2024-09-19 13:17:57.651,42.24226214762343,1004
2024-09-19 13:17:57.688,422.3816204775738,96
2024-09-19 13:17:57.787,422.422224982616,6
2024-09-19 13:17:57.861,422.41055881555457,9
2024-09-19 13:17:57.934,-422.4339135282735,9
2024-09-19 13:17:58.058,422.41325271132257,1004
2024-09-19 13:17:58.473,422.4273776546449,13
2024-09-19 13:17:58.745,422.4254353360154,1003
2024-09-19 13:17:58.907,422.4084215811582,9
2024-09-19 13:17:59.593,422.4388270659142,9
