Timestamp,Price,Size
2024-09-17 15:07:00.176,406.890473142057,14
2024-09-17 15:07:00.317,40.68694992571542,1000
2024-09-17 15:07:00.336,406.8564850162808,8
2024-09-17 15:07:01.086,406.85942356359936,99
2024-09-17 15:07:01.130,406.9131258605976,10
2024-09-17 15:07:01.161,406.8995116802375,96
2024-09-17 15:07:01.297,406.8869884430025,996
2024-09-17 15:07:01.397,406.88254333262137,5
2024-09-17 15:07:01.434,406.9023016327714,15
2024-09-17 15:07:01.650,406.854048712433,996
2024-09-17 15:07:01.725,406.8470130354157,1005
2024-09-17 15:07:01.816,406.9013045461704,97
2024-09-17 15:07:01.840,406.8766617434426,1001
2024-09-17 15:07:01.923,406.90340696357634,101
2024-09-17 15:07:01.953,-406.8906487111028,1000
2024-09-17 15:07:01.998,-406.8636985784588,996
2024-09-17 15:07:02.032,406.8929795772208,1004
2024-09-17 15:07:02.086,406.8943335081061,102
2024-09-17 15:07:02.096,406.9098058653424,14
2024-09-17 15:07:02.106,406.897842241102,14
2024-09-17 15:07:02.165,406.8813524813893,100
2024-09-17 15:07:02.182,406.92476766440274,96
2024-09-17 15:07:02.214,414.8140157637918,8
2024-09-17 15:07:02.234,406.8792853767644,12
2024-09-17 15:07:02.234,406.86330507934,100
2024-09-17 15:07:02.279,406.90398969745655,996
2024-09-17 15:07:02.307,406.8878022757652,103
2024-09-17 15:07:02.323,406.9064031290811,101
2024-09-17 15:07:02.428,406.88430473278544,15
2024-09-17 15:07:02.512,406.8798769051804,102
2024-09-17 15:07:02.551,-406.8753677940439,104
2024-09-17 15:07:02.620,406.8827060745098,12
2024-09-17 15:07:02.658,406.8670042963648,14
2024-09-17 15:07:02.687,406.8596121976361,99
2024-09-17 15:07:02.727,406.8749952942182,10
2024-09-17 15:07:02.729,406.8897410313401,1002
2024-09-17 15:07:02.746,406.8684462640435,15
2024-09-17 15:07:02.754,40.68755544626937,103
2024-09-17 15:07:02.777,406.887578210577,99
2024-09-17 15:07:02.866,406.8713740902117,101
2024-09-17 15:07:02.927,406.8702920931981,999
2024-09-17 15:07:02.984,406.878203458696,6
2024-09-17 15:07:03.094,406.87231315261806,15
2024-09-17 15:07:03.139,406.8694905603618,9
2024-09-17 15:07:03.236,406.8603462951329,104
2024-09-17 15:07:03.361,406.8697052174279,96
2024-09-17 15:07:03.380,406.86296647736185,1001
2024-09-17 15:07:03.413,406.863540771044,1002
2024-09-17 15:07:03.528,406.860855654642,5
2024-09-17 15:07:03.549,406.8615841404718,12
2024-09-17 15:07:03.557,406.8595829007161,7
2024-09-17 15:07:03.602,406.8519612538729,13
2024-09-17 15:07:03.710,406.8624759119827,1001
2024-09-17 15:07:04.086,406.8588234693972,1000
2024-09-17 15:07:04.137,406.8559162079012,8
2024-09-17 15:07:04.174,406.87542416663,99
2024-09-17 15:07:04.301,406.8602820867178,5
2024-09-17 15:07:04.390,406.8802821416116,103
2024-09-17 15:07:04.408,406.85450930344456,10
2024-09-17 15:07:04.462,406.8811550336099,105
2024-09-17 15:07:04.466,406.8677533101722,998
2024-09-17 15:07:04.524,406.8619366230709,1000
2024-09-17 15:07:04.539,406.8691883437119,100
2024-09-17 15:07:04.601,406.8868842554143,101
2024-09-17 15:07:04.615,406.875015901908,96
2024-09-17 15:07:04.664,406.8564206411144,995
2024-09-17 15:07:04.866,406.8686266555277,98
2024-09-17 15:07:04.883,406.8901033161552,12
2024-09-17 15:07:04.950,406.8781884491441,100
2024-09-17 15:07:04.969,406.8613664900332,7
2024-09-17 15:07:05.273,406.882990921797,14
2024-09-17 15:07:05.379,406.8955250674933,999
2024-09-17 15:07:05.652,406.8936151232527,9
2024-09-17 15:07:05.709,406.9175048635335,998
2024-09-17 15:07:05.827,406.8715201049777,997
2024-09-17 15:07:05.964,406.874546741906,95
2024-09-17 15:07:06.011,406.8431554237226,8
2024-09-17 15:07:06.037,-406.8801907361541,98
2024-09-17 15:07:06.092,406.883238956232,98
2024-09-17 15:07:06.126,406.8276174179416,97
2024-09-17 15:07:06.146,406.8399379652589,9
2024-09-17 15:07:06.225,406.84226716043935,97
2024-09-17 15:07:06.264,406.8266704664035,101
2024-09-17 15:07:06.320,406.80813958063504,1002
2024-09-17 15:07:06.371,406.8568929577898,104
2024-09-17 15:07:06.382,406.8409422806542,96
2024-09-17 15:07:06.385,406.8379031084148,98
2024-09-17 15:07:06.387,406.8853980401293,14
2024-09-17 15:07:06.396,406.8374902337544,8
2024-09-17 15:07:06.405,406.8773031231245,997
2024-09-17 15:07:06.501,406.8423866852026,1003
2024-09-17 15:07:06.610,406.84063011211,100
2024-09-17 15:07:06.640,406.8243152085802,12
2024-09-17 15:07:06.714,406.84175404958415,10
2024-09-17 15:07:06.730,406.83600670304025,99
2024-09-17 15:07:06.782,406.84625323426434,995
2024-09-17 15:07:06.784,406.8183611610365,1004
2024-09-17 15:07:06.814,406.8323305807564,95
2024-09-17 15:07:08.022,406.8321725691629,1001
2024-09-17 15:07:08.059,406.8566836018563,1000
2024-09-17 15:07:08.081,406.8569189761248,105
2024-09-17 15:07:08.186,406.8319857164735,98
2024-09-17 15:07:08.315,406.870378213578,1003
2024-09-17 15:07:08.355,406.8574773573321,11
2024-09-17 15:07:08.368,406.8459051814895,103
2024-09-17 15:07:08.394,406.8444705387947,14
2024-09-17 15:07:08.472,406.8582863602914,13
2024-09-17 15:07:08.528,406.84000026370177,99
2024-09-17 15:07:08.563,406.84163271702175,12
2024-09-17 15:07:08.567,406.8281321412084,102
2024-09-17 15:07:08.631,406.8321719761761,98
2024-09-17 15:07:08.637,406.82598358684703,96
2024-09-17 15:07:08.642,414.8462223718041,99
2024-09-17 15:07:08.656,406.86365040188,9
2024-09-17 15:07:08.658,406.8578692634324,95
2024-09-17 15:07:08.673,406.854029771512,99
2024-09-17 15:07:08.684,406.8639459610749,6
2024-09-17 15:07:08.711,406.8476528040984,1004
2024-09-17 15:07:08.784,406.8384484519677,9
2024-09-17 15:07:08.786,406.8585820461556,100
2024-09-17 15:07:08.791,406.8258128903315,97
2024-09-17 15:07:08.806,406.8376023662401,997
2024-09-17 15:07:08.847,406.8483999055607,15
2024-09-17 15:07:08.847,406.8474998193061,95
2024-09-17 15:07:08.932,406.858766861458,9
2024-09-17 15:07:09.065,406.89736628986657,1001
2024-09-17 15:07:09.095,406.9086317817989,95
2024-09-17 15:07:09.118,406.9222186772189,104
2024-09-17 15:07:09.119,406.88750823776985,100
2024-09-17 15:07:09.123,406.8757788402712,1001
2024-09-17 15:07:09.184,406.8934183677379,1002
2024-09-17 15:07:09.309,406.89778648630016,5
2024-09-17 15:07:09.321,406.9306396496478,102
2024-09-17 15:07:09.336,406.8702276414992,1002
2024-09-17 15:07:09.405,406.88800699785776,105
2024-09-17 15:07:09.492,406.8723884806618,95
2024-09-17 15:07:09.502,406.882164977444,997
2024-09-17 15:07:09.558,406.8774993362386,100
2024-09-17 15:07:09.600,406.8695569086213,10
2024-09-17 15:07:09.631,406.9102219474364,95
2024-09-17 15:07:09.652,406.91920336554256,103
2024-09-17 15:07:09.692,406.90777333411455,1001
2024-09-17 15:07:09.699,406.9109336230744,104
2024-09-17 15:07:09.731,406.8749817587051,96
2024-09-17 15:07:09.746,406.8997837564386,1001
2024-09-17 15:07:09.811,406.8783931723499,14
2024-09-17 15:07:09.850,406.88000523933454,98
2024-09-17 15:07:09.870,406.8703907873127,97
2024-09-17 15:07:09.871,406.9273243905363,11
2024-09-17 15:07:09.943,406.90378458289234,95
2024-09-17 15:07:09.949,406.9051042732918,101
2024-09-17 15:07:09.976,406.9110170864207,997
2024-09-17 15:07:09.976,406.88507506245065,1000
2024-09-17 15:07:09.991,406.9094976858484,95
2024-09-17 15:07:10.079,406.8737919884898,101
2024-09-17 15:07:10.157,406.8639730195279,1005
2024-09-17 15:07:10.185,406.9031520809836,105
2024-09-17 15:07:10.302,406.8632382366576,105
2024-09-17 15:07:10.331,-406.86006324866815,1005
2024-09-17 15:07:10.351,406.9036186587592,105
2024-09-17 15:07:10.390,406.8854378301683,14
2024-09-17 15:07:10.397,406.8630107638978,1000
2024-09-17 15:07:10.449,406.8657149904456,12
2024-09-17 15:07:10.704,406.8628693367096,105
2024-09-17 15:07:10.723,406.8729164899439,97
2024-09-17 15:07:10.949,406.9061971326231,15
2024-09-17 15:07:11.108,406.8897755478182,14
2024-09-17 15:07:11.120,406.8701250932479,103
2024-09-17 15:07:11.306,406.8871808055226,14
2024-09-17 15:07:11.418,406.8584022687255,1004
2024-09-17 15:07:11.438,406.8618656109506,995
2024-09-17 15:07:11.550,,6
2024-09-17 15:07:11.584,406.8718038012898,997
2024-09-17 15:07:11.589,406.8384649879135,1001
2024-09-17 15:07:11.707,406.8396551922108,7
2024-09-17 15:07:11.717,406.84419449394943,1003
2024-09-17 15:07:11.733,406.8598768481007,7
2024-09-17 15:07:11.742,406.8395950418565,7
2024-09-17 15:07:11.888,406.84152828124894,15
2024-09-17 15:07:11.940,406.8421016651004,9
2024-09-17 15:07:11.993,406.8353648024393,996
2024-09-17 15:07:12.326,406.8612822035753,104
2024-09-17 15:07:12.646,406.8683514708897,12
2024-09-17 15:07:12.665,406.846746048201,7
2024-09-17 15:07:12.696,406.86569412488734,104
2024-09-17 15:07:13.001,406.90792908526726,98
2024-09-17 15:07:13.014,406.9214697614424,105
2024-09-17 15:07:13.038,406.8943250770309,1003
2024-09-17 15:07:13.051,406.8978770722503,13
2024-09-17 15:07:13.164,406.9289710788522,102
2024-09-17 15:07:13.196,406.904193736316,1002
2024-09-17 15:07:13.199,406.89262940610206,95
2024-09-17 15:07:13.244,406.8845487912901,8
2024-09-17 15:07:13.257,406.8895809011297,10
2024-09-17 15:07:13.336,406.8870679347192,103
2024-09-17 15:07:13.357,414.7164479251133,102
2024-09-17 15:07:13.446,406.8898230381421,15
2024-09-17 15:07:13.515,406.9176619025951,100
2024-09-17 15:07:13.527,406.8864412360712,5
2024-09-17 15:07:13.540,406.93478523099776,13
2024-09-17 15:07:13.661,406.8855797210462,15
2024-09-17 15:07:13.742,406.9260979982043,1001
2024-09-17 15:07:13.900,406.8824559850053,5
2024-09-17 15:07:13.964,406.8959425014958,14
2024-09-17 15:07:14.031,406.9178398859935,15
2024-09-17 15:07:14.088,406.8847227051133,998
2024-09-17 15:07:14.093,406.9319546170229,997
2024-09-17 15:07:14.112,406.9074290890081,99
2024-09-17 15:07:14.159,406.95764931483336,97
2024-09-17 15:07:14.172,406.94490991795374,997
2024-09-17 15:07:14.352,406.90613595625416,9
2024-09-17 15:07:14.358,406.9449818346918,995
2024-09-17 15:07:14.388,406.9260843222675,1003
2024-09-17 15:07:14.393,406.9372167901424,10
2024-09-17 15:07:14.443,406.8933022474161,995
2024-09-17 15:07:14.502,406.9245605536441,97
2024-09-17 15:07:14.586,406.9568262134276,96
2024-09-17 15:07:14.586,406.9418977492029,102
2024-09-17 15:07:14.596,406.9457500936388,11
2024-09-17 15:07:14.601,406.8980998190886,1005
2024-09-17 15:07:14.683,406.9330393215795,95
2024-09-17 15:07:14.711,406.9485678307652,95
2024-09-17 15:07:14.770,406.9412190177839,6
2024-09-17 15:07:14.866,406.9295626671254,6
2024-09-17 15:07:14.904,406.8924943811258,97
2024-09-17 15:07:14.924,406.93827800727234,102
2024-09-17 15:07:14.984,406.9433139422747,104
2024-09-17 15:07:14.992,406.8943771825352,995
2024-09-17 15:07:15.175,406.8969529378575,99
2024-09-17 15:07:15.257,406.9005411577052,12
2024-09-17 15:07:15.283,406.88399533750464,999
2024-09-17 15:07:15.300,406.9025973400306,15
2024-09-17 15:07:15.310,406.8696511793296,11
2024-09-17 15:07:15.541,406.8885364056339,1001
2024-09-17 15:07:15.888,406.89733975739216,6
2024-09-17 15:07:15.931,406.9060147402788,15
2024-09-17 15:07:16.054,406.8663160229351,14
2024-09-17 15:07:16.261,406.9033390273341,99
2024-09-17 15:07:16.298,406.8703172197213,101
2024-09-17 15:07:16.347,406.9177928808773,99
2024-09-17 15:07:16.350,406.9176455132248,6
2024-09-17 15:07:16.352,406.85225944974735,11
2024-09-17 15:07:16.353,406.9098765917588,998
2024-09-17 15:07:16.357,406.9082063911593,997
2024-09-17 15:07:16.556,406.9108080194332,95
2024-09-17 15:07:16.590,406.887678780276,1005
2024-09-17 15:07:16.615,406.90579469953207,7
2024-09-17 15:07:16.625,406.8683641716553,999
2024-09-17 15:07:16.680,-406.8793990011623,995
2024-09-17 15:07:16.697,406.88829124176425,998
2024-09-17 15:07:16.742,406.90874192814994,14
2024-09-17 15:07:16.877,406.8636881182911,103
2024-09-17 15:07:16.892,406.8943285333852,96
2024-09-17 15:07:16.897,406.89304948725487,99
2024-09-17 15:07:16.931,406.89939241910673,8
2024-09-17 15:07:16.958,406.9105850946075,99
2024-09-17 15:07:16.981,406.86846264401066,8
2024-09-17 15:07:16.989,406.9104231311781,1002
2024-09-17 15:07:17.034,406.9070608174136,1000
2024-09-17 15:07:17.055,406.87448084058775,13
2024-09-17 15:07:17.056,406.8790311653378,9
2024-09-17 15:07:17.066,406.9347437795443,13
2024-09-17 15:07:17.190,406.91618138683657,100
2024-09-17 15:07:17.192,406.9329751940048,101
2024-09-17 15:07:17.206,406.956301317016,5
2024-09-17 15:07:17.247,,1004
2024-09-17 15:07:17.264,406.9458855116133,997
2024-09-17 15:07:17.269,406.9233707524109,96
2024-09-17 15:07:17.284,406.9438232024566,7
2024-09-17 15:07:17.323,406.9216601236591,14
2024-09-17 15:07:17.394,406.87817651770325,999
2024-09-17 15:07:17.450,406.88150983235727,1005
2024-09-17 15:07:17.455,406.9346423695224,95
2024-09-17 15:07:17.510,406.9171610999184,104
2024-09-17 15:07:17.600,406.9083912946109,1002
2024-09-17 15:07:17.614,406.8694297504461,97
2024-09-17 15:07:17.651,406.9492247027507,10
2024-09-17 15:07:17.659,406.9296175240282,105
2024-09-17 15:07:17.780,406.8708631027373,11
2024-09-17 15:07:17.815,406.9291350366519,96
2024-09-17 15:07:17.873,406.9229046695901,97
2024-09-17 15:07:17.882,406.9047358673282,7
2024-09-17 15:07:17.903,406.94174458613867,99
2024-09-17 15:07:17.924,406.9306582807445,1004
2024-09-17 15:07:17.934,406.9153642893685,8
2024-09-17 15:07:18.033,406.8964678352415,1005
2024-09-17 15:07:18.331,406.8908087772929,104
2024-09-17 15:07:18.364,406.87989224754926,95
2024-09-17 15:07:18.378,406.9041643898043,10
2024-09-17 15:07:18.433,406.878425766912,1004
2024-09-17 15:07:18.588,406.8738595185104,101
2024-09-17 15:07:18.801,406.87946466816607,10
2024-09-17 15:07:18.896,406.9155373578109,1003
2024-09-17 15:07:19.023,406.9550613806796,5
2024-09-17 15:07:19.036,406.9770386606575,105
2024-09-17 15:07:19.099,406.9768852492851,95
2024-09-17 15:07:19.335,406.9281297123178,1001
2024-09-17 15:07:19.369,406.9698429246816,96
2024-09-17 15:07:19.456,406.9755251550654,104
2024-09-17 15:07:19.481,406.93743821203776,1005
2024-09-17 15:07:19.748,406.89800628731257,97
2024-09-17 15:07:19.881,406.90010626677326,998
2024-09-17 15:07:19.930,406.9648690384079,8
2024-09-17 15:07:20.043,406.836280844828,6
2024-09-17 15:07:20.086,406.8350078547112,101
2024-09-17 15:07:20.089,406.852515752505,7
2024-09-17 15:07:20.132,406.8074246636669,1001
2024-09-17 15:07:20.162,406.8782020871535,101
2024-09-17 15:07:20.173,406.897345462618,7
2024-09-17 15:07:20.213,406.8632379574077,99
2024-09-17 15:07:20.304,406.8672940838759,1003
2024-09-17 15:07:20.311,406.87863613899054,997
2024-09-17 15:07:20.369,406.8651312573923,95
2024-09-17 15:07:20.483,406.8842290393108,9
2024-09-17 15:07:20.542,406.8656056498462,1004
2024-09-17 15:07:20.747,406.8613454122475,1005
2024-09-17 15:07:20.764,406.8907740675036,103
2024-09-17 15:07:20.785,406.87891225956,95
2024-09-17 15:07:20.857,406.82530148197833,999
2024-09-17 15:07:20.867,406.8718109197556,96
2024-09-17 15:07:21.013,406.8035126914341,997
2024-09-17 15:07:21.082,406.79788615854056,998
2024-09-17 15:07:21.126,406.8116377927099,1004
2024-09-17 15:07:21.180,406.780412206954,5
2024-09-17 15:07:21.208,406.83975660912233,10
2024-09-17 15:07:21.219,406.8537958234808,1004
2024-09-17 15:07:21.308,406.76918050089625,1005
2024-09-17 15:07:21.395,406.8198267514591,997
2024-09-17 15:07:21.415,406.8363616217663,6
2024-09-17 15:07:21.465,406.7855769587788,9
2024-09-17 15:07:21.484,406.8350547515191,1005
2024-09-17 15:07:21.484,406.7835663163981,14
2024-09-17 15:07:21.538,406.80700894749737,5
2024-09-17 15:07:21.555,406.7923562856368,96
2024-09-17 15:07:21.563,406.8016567981673,6
2024-09-17 15:07:21.581,406.7872047427508,97
2024-09-17 15:07:21.608,406.790740395813,104
2024-09-17 15:07:21.609,406.766340191008,997
2024-09-17 15:07:21.647,406.8287535803752,96
2024-09-17 15:07:21.665,406.82774653253966,1003
2024-09-17 15:07:21.680,406.84846677742775,9
2024-09-17 15:07:21.701,406.8662772569049,102
2024-09-17 15:07:21.753,406.7773323687261,5
2024-09-17 15:07:21.977,406.8097413199713,9
2024-09-17 15:07:21.978,406.85477999363,995
2024-09-17 15:07:22.010,406.7954316664558,996
2024-09-17 15:07:22.011,406.8525221548688,1000
2024-09-17 15:07:22.055,406.8147248643412,5
2024-09-17 15:07:22.056,406.8344106781258,996
2024-09-17 15:07:22.076,406.83330876576895,999
2024-09-17 15:07:22.091,406.8253795096009,999
2024-09-17 15:07:22.129,406.8142445958608,995
2024-09-17 15:07:22.229,406.8186566253849,10
2024-09-17 15:07:22.229,-406.80023493844055,995
2024-09-17 15:07:22.238,406.8238168046819,997
2024-09-17 15:07:22.318,406.7866174784104,15
2024-09-17 15:07:22.421,406.8241346509659,95
2024-09-17 15:07:22.428,406.8494927397268,15
2024-09-17 15:07:22.468,406.85327428027216,996
2024-09-17 15:07:22.475,406.7974614546951,101
2024-09-17 15:07:22.555,406.8147951589978,1004
2024-09-17 15:07:22.630,406.81697977269255,1004
2024-09-17 15:07:22.654,406.8125785893672,103
2024-09-17 15:07:22.678,406.816710180499,99
2024-09-17 15:07:22.687,406.8057370143791,15
2024-09-17 15:07:22.711,406.8211006601992,7
2024-09-17 15:07:22.826,406.8009374657702,15
2024-09-17 15:07:22.873,406.8541315280734,1002
2024-09-17 15:07:22.892,406.8390978709335,12
2024-09-17 15:07:22.966,406.80870862848553,1000
2024-09-17 15:07:23.023,406.8845341107312,10
2024-09-17 15:07:23.049,406.88486520260847,997
2024-09-17 15:07:23.054,406.8582860550155,103
2024-09-17 15:07:23.081,406.8644346480773,1000
2024-09-17 15:07:23.205,406.8944473030125,105
2024-09-17 15:07:23.408,406.8776018360503,11
2024-09-17 15:07:23.511,406.8839344084655,999
2024-09-17 15:07:23.625,406.8981589106704,104
2024-09-17 15:07:23.627,406.90045912586174,5
2024-09-17 15:07:23.681,406.8672817259054,7
2024-09-17 15:07:23.694,406.889445395269,96
2024-09-17 15:07:23.712,406.8947106577021,1003
2024-09-17 15:07:23.757,406.89477022969606,6
2024-09-17 15:07:23.784,406.87725826777023,100
2024-09-17 15:07:23.802,406.8955660114572,9
2024-09-17 15:07:23.819,406.8714327771091,1002
2024-09-17 15:07:23.837,406.8931972796197,8
2024-09-17 15:07:23.906,406.8800873006048,101
2024-09-17 15:07:23.909,406.886501045681,105
2024-09-17 15:07:23.951,406.87296811464944,1001
2024-09-17 15:07:23.959,406.8816048866963,9
2024-09-17 15:07:23.966,406.8884943383287,98
2024-09-17 15:07:23.973,406.8913780688937,98
2024-09-17 15:07:24.042,406.88704105100834,6
2024-09-17 15:07:24.097,406.96691019373736,100
2024-09-17 15:07:24.114,406.9423891214802,1000
2024-09-17 15:07:24.150,406.90210274207845,1002
2024-09-17 15:07:24.168,406.9375498044226,8
2024-09-17 15:07:24.169,406.89967545705787,999
2024-09-17 15:07:24.176,406.90840819996913,97
2024-09-17 15:07:24.205,406.97965606140735,101
2024-09-17 15:07:24.276,406.928123866578,100
2024-09-17 15:07:24.310,406.9571665152598,11
2024-09-17 15:07:24.310,406.9441497413185,99
2024-09-17 15:07:24.348,406.9078350350491,98
2024-09-17 15:07:24.443,-406.9217871376502,997
2024-09-17 15:07:24.581,406.9600452653845,15
2024-09-17 15:07:24.625,406.9229963371732,6
2024-09-17 15:07:24.651,406.96220441124046,105
2024-09-17 15:07:24.690,406.9200081989155,101
2024-09-17 15:07:24.725,406.9500293061563,1001
2024-09-17 15:07:24.756,406.8942982492194,7
2024-09-17 15:07:24.822,406.95587020374046,996
2024-09-17 15:07:24.822,406.8996958345997,1005
2024-09-17 15:07:24.906,406.9499873657065,995
2024-09-17 15:07:24.985,406.9576899959577,1004
2024-09-17 15:07:25.053,406.8924746242303,1003
2024-09-17 15:07:25.057,406.9413625703903,103
2024-09-17 15:07:25.093,406.9791268650494,96
2024-09-17 15:07:25.124,406.8957963754995,997
2024-09-17 15:07:25.155,406.9529393770196,999
2024-09-17 15:07:25.392,406.9436738324768,12
2024-09-17 15:07:25.494,-406.9300681745173,96
2024-09-17 15:07:25.783,406.9235230890035,1001
2024-09-17 15:07:25.856,414.5496385645088,96
2024-09-17 15:07:25.997,406.95598693322216,1003
2024-09-17 15:07:26.020,407.0411055435527,1005
2024-09-17 15:07:26.028,407.0366474173652,99
2024-09-17 15:07:26.118,406.9388985292582,1004
2024-09-17 15:07:26.157,407.0127690194445,9
2024-09-17 15:07:26.187,,999
2024-09-17 15:07:26.193,407.059421356177,9
2024-09-17 15:07:26.329,406.9954469327675,15
2024-09-17 15:07:26.332,406.9689158953435,10
2024-09-17 15:07:26.343,406.96967034066216,102
2024-09-17 15:07:26.402,407.0426587668295,101
2024-09-17 15:07:26.418,406.97917894405873,1004
2024-09-17 15:07:26.495,406.9716399869956,103
2024-09-17 15:07:26.508,407.01011235624975,1004
2024-09-17 15:07:26.512,406.9717676370364,1002
2024-09-17 15:07:26.575,406.9785095158066,96
2024-09-17 15:07:26.592,406.9592342155498,1004
2024-09-17 15:07:26.606,406.95241775999017,995
2024-09-17 15:07:26.619,406.9758336691396,997
2024-09-17 15:07:26.621,406.9839409174549,995
2024-09-17 15:07:26.643,414.5714788559102,8
2024-09-17 15:07:26.769,406.96268572019545,97
2024-09-17 15:07:26.776,406.95656940794646,102
2024-09-17 15:07:26.884,406.9815602648864,14
2024-09-17 15:07:26.915,407.0479827276421,998
2024-09-17 15:07:26.946,407.0116425202784,7
2024-09-17 15:07:26.968,406.9905033730354,15
2024-09-17 15:07:27.034,406.98252263713925,96
2024-09-17 15:07:27.042,407.04370406254367,96
2024-09-17 15:07:27.062,406.9582124564976,97
2024-09-17 15:07:27.105,407.0449709808348,996
2024-09-17 15:07:27.107,406.999727746495,97
2024-09-17 15:07:27.140,-407.0385609467569,102
2024-09-17 15:07:27.150,406.96933794762697,1004
2024-09-17 15:07:27.203,407.046281552517,8
2024-09-17 15:07:27.247,407.04564585835226,1002
2024-09-17 15:07:27.333,407.07127410058246,95
2024-09-17 15:07:27.378,407.0265753748888,996
2024-09-17 15:07:27.432,407.03769404363607,99
2024-09-17 15:07:27.464,407.06559040722266,95
2024-09-17 15:07:27.519,407.0447620113474,999
2024-09-17 15:07:27.540,407.0509864298828,7
2024-09-17 15:07:27.599,406.982210575836,1002
2024-09-17 15:07:27.610,407.031962181884,96
2024-09-17 15:07:27.703,407.0949011328968,1004
2024-09-17 15:07:27.708,406.9699517946062,1001
2024-09-17 15:07:27.736,407.03734798095184,999
2024-09-17 15:07:27.748,407.09825344656247,96
2024-09-17 15:07:27.786,407.049431456855,1001
2024-09-17 15:07:27.832,,1003
2024-09-17 15:07:27.837,407.0366972034831,8
2024-09-17 15:07:27.846,407.0399362998616,7
2024-09-17 15:07:27.862,406.99685759139606,1000
2024-09-17 15:07:27.864,407.02239383406106,999
2024-09-17 15:07:27.997,407.05032536123537,1005
2024-09-17 15:07:28.061,407.0313598253859,995
2024-09-17 15:07:28.178,407.07675125173535,1000
2024-09-17 15:07:28.295,407.0396929724199,100
2024-09-17 15:07:28.373,407.0598861912105,1001
2024-09-17 15:07:28.385,407.086178036181,1001
2024-09-17 15:07:28.444,407.0757123774684,101
2024-09-17 15:07:28.499,407.0636751553125,98
2024-09-17 15:07:28.598,407.0283954556674,104
2024-09-17 15:07:28.606,407.0544943359369,998
2024-09-17 15:07:28.703,407.0077220853192,101
2024-09-17 15:07:28.752,407.0679029388516,10
2024-09-17 15:07:28.827,407.03338942595815,98
2024-09-17 15:07:28.839,407.0317065234162,995
2024-09-17 15:07:28.856,407.089024751109,10
2024-09-17 15:07:28.882,407.0795098444198,8
2024-09-17 15:07:28.910,407.0413502736862,104
2024-09-17 15:07:29.017,406.9792754820454,105
2024-09-17 15:07:29.107,407.05768511313886,12
2024-09-17 15:07:29.123,407.04932647571695,995
2024-09-17 15:07:29.307,407.0373746629911,996
2024-09-17 15:07:29.342,407.0723153010832,11
2024-09-17 15:07:29.390,407.05512025499,99
2024-09-17 15:07:29.507,407.0468535225517,9
2024-09-17 15:07:29.528,407.0369639834609,8
2024-09-17 15:07:29.534,406.9848714480092,105
2024-09-17 15:07:29.699,406.973484444308,99
2024-09-17 15:07:29.740,407.0024088866992,998
2024-09-17 15:07:29.814,406.98466169685895,99
2024-09-17 15:07:29.818,407.0575888862095,103
2024-09-17 15:07:29.851,407.0405680379644,6
2024-09-17 15:07:29.862,407.0460034750058,13
2024-09-17 15:07:29.888,407.0210606262061,1005
2024-09-17 15:07:29.997,406.9776562382049,8
2024-09-17 15:07:30.006,406.9593211128845,1002
2024-09-17 15:07:30.035,406.99299345169726,9
2024-09-17 15:07:30.051,407.0256677194403,13
2024-09-17 15:07:30.057,406.9854213433836,104
2024-09-17 15:07:30.075,407.0094988981661,15
2024-09-17 15:07:30.087,406.97638347126747,1000
2024-09-17 15:07:30.210,406.9933869781721,99
2024-09-17 15:07:30.258,406.9985478317497,9
2024-09-17 15:07:30.273,407.0156875340829,96
2024-09-17 15:07:30.361,406.9642108197086,101
2024-09-17 15:07:30.423,406.9991146814827,998
2024-09-17 15:07:30.458,406.98695355387633,105
2024-09-17 15:07:30.476,406.9724533071435,995
2024-09-17 15:07:30.504,407.0122740733871,104
2024-09-17 15:07:30.519,407.0157490249524,8
2024-09-17 15:07:30.594,407.0002593401114,1001
2024-09-17 15:07:30.599,407.00292038470826,105
2024-09-17 15:07:30.602,406.99235378856633,996
2024-09-17 15:07:30.625,407.0115802932472,9
2024-09-17 15:07:30.628,406.9862118979181,1004
2024-09-17 15:07:30.648,406.9754275699852,1003
2024-09-17 15:07:30.812,407.001923230124,102
2024-09-17 15:07:30.955,406.9610852157445,103
2024-09-17 15:07:31.016,407.0258919912985,97
2024-09-17 15:07:31.049,407.0241988781334,15
2024-09-17 15:07:31.053,407.0190039584537,996
2024-09-17 15:07:31.224,407.0316061221543,5
2024-09-17 15:07:31.361,407.02330103688695,102
2024-09-17 15:07:31.617,407.0371360213424,5
2024-09-17 15:07:31.639,407.0169525747726,10
2024-09-17 15:07:31.880,407.0227170871855,97
2024-09-17 15:07:31.972,407.01605691317576,996
2024-09-17 15:07:31.972,407.0112293209584,96
2024-09-17 15:07:32.052,407.0150970421879,997
2024-09-17 15:07:32.135,407.0151753352768,9
2024-09-17 15:07:32.359,407.0075636832586,1001
2024-09-17 15:07:32.360,406.9874321153742,1005
2024-09-17 15:07:32.445,406.9966452621649,995
2024-09-17 15:07:32.472,407.0070242526528,998
2024-09-17 15:07:32.562,406.9984721453848,9
2024-09-17 15:07:32.577,407.0129925367737,10
2024-09-17 15:07:32.578,407.00915517495815,104
2024-09-17 15:07:32.724,407.0149454207132,997
2024-09-17 15:07:32.767,407.02269525857366,99
2024-09-17 15:07:32.790,407.022737377278,103
2024-09-17 15:07:32.854,407.0193835821121,995
2024-09-17 15:07:32.870,407.00936970618784,6
2024-09-17 15:07:32.881,407.01696349412526,1000
2024-09-17 15:07:33.244,407.0190128176868,9
2024-09-17 15:07:33.335,407.0167441163735,997
2024-09-17 15:07:33.604,407.0249313390252,12
2024-09-17 15:07:33.622,407.041102150057,96
2024-09-17 15:07:33.720,407.0348457919805,99
2024-09-17 15:07:33.822,407.0291355382898,11
2024-09-17 15:07:33.960,407.0427317561546,998
2024-09-17 15:07:34.006,40.700952146604266,1000
2024-09-17 15:07:34.038,406.9928161363416,998
2024-09-17 15:07:34.068,406.9988251969033,99
2024-09-17 15:07:34.072,407.0190171837735,103
2024-09-17 15:07:34.072,406.9029366012943,12
2024-09-17 15:07:34.080,406.86232041385415,10
2024-09-17 15:07:34.109,406.9181754241736,999
2024-09-17 15:07:34.123,406.9536093790945,99
2024-09-17 15:07:34.166,406.86681564097705,999
2024-09-17 15:07:34.186,406.9010958483829,9
2024-09-17 15:07:34.214,406.89969590268095,7
2024-09-17 15:07:34.226,406.86642506332464,1005
2024-09-17 15:07:34.264,406.8785929549506,5
2024-09-17 15:07:34.290,406.9011416453546,100
2024-09-17 15:07:34.307,406.9305867663049,1000
2024-09-17 15:07:34.310,406.8792078805847,96
2024-09-17 15:07:34.356,406.9323579081828,995
2024-09-17 15:07:34.377,406.9856804872291,6
2024-09-17 15:07:34.394,407.0173317690425,8
2024-09-17 15:07:34.395,406.9954892120867,104
2024-09-17 15:07:34.410,406.8657707199564,1000
2024-09-17 15:07:34.430,406.9076950943732,1005
2024-09-17 15:07:34.472,406.9199859050576,105
2024-09-17 15:07:34.483,406.8930564075928,995
2024-09-17 15:07:34.524,406.8857982461614,100
2024-09-17 15:07:34.803,407.0274839878906,995
2024-09-17 15:07:34.956,406.93929357376936,995
2024-09-17 15:07:34.960,406.91237841377887,996
2024-09-17 15:07:34.994,406.8696996885827,1000
2024-09-17 15:07:35.129,406.93548314311647,995
2024-09-17 15:07:35.150,406.885710988574,13
2024-09-17 15:07:35.172,406.9042967441116,102
2024-09-17 15:07:35.186,406.8790895275511,998
2024-09-17 15:07:35.254,406.9578573361456,98
2024-09-17 15:07:35.254,406.8768895559057,105
2024-09-17 15:07:35.256,406.92557656112274,102
2024-09-17 15:07:35.257,406.9269161361464,97
2024-09-17 15:07:35.382,406.9604161523207,10
2024-09-17 15:07:35.387,406.9620329601625,10
2024-09-17 15:07:35.420,406.9444412103264,10
2024-09-17 15:07:35.505,406.8837735125131,998
2024-09-17 15:07:35.533,406.9666129831579,1005
2024-09-17 15:07:35.577,406.9351263550405,5
2024-09-17 15:07:35.695,406.8867002441594,14
2024-09-17 15:07:35.696,406.9383221601311,1001
2024-09-17 15:07:35.717,406.8800765121168,105
2024-09-17 15:07:35.783,406.9412753486712,999
2024-09-17 15:07:35.804,406.9647985396727,10
2024-09-17 15:07:35.811,406.90207902412186,103
2024-09-17 15:07:35.838,406.8967056431761,95
2024-09-17 15:07:35.902,406.9576615106158,12
2024-09-17 15:07:35.936,406.96204664388586,98
2024-09-17 15:07:35.946,406.9291700745732,998
2024-09-17 15:07:36.077,406.8686457499679,995
2024-09-17 15:07:36.094,406.85548182386856,8
2024-09-17 15:07:36.148,406.86476347529225,1004
2024-09-17 15:07:36.162,406.8795692845322,103
2024-09-17 15:07:36.281,406.8742060878846,98
2024-09-17 15:07:36.334,406.9047937654044,104
2024-09-17 15:07:36.337,406.8719375303685,103
2024-09-17 15:07:36.375,406.9338727268725,8
2024-09-17 15:07:36.442,406.8599629494721,102
2024-09-17 15:07:36.450,406.8800045514468,1005
2024-09-17 15:07:36.515,406.8670769087045,102
2024-09-17 15:07:36.649,406.8718682541955,95
2024-09-17 15:07:36.657,406.88868344575263,102
2024-09-17 15:07:36.743,406.8758403055597,997
2024-09-17 15:07:36.753,406.8801392205686,6
2024-09-17 15:07:36.780,406.8724649045354,5
2024-09-17 15:07:36.797,406.8720426679793,7
2024-09-17 15:07:36.815,406.88376120547457,15
2024-09-17 15:07:36.818,406.925868267852,15
2024-09-17 15:07:36.873,406.9185821221779,996
2024-09-17 15:07:36.879,406.93850552716697,997
2024-09-17 15:07:36.888,406.87232632755325,102
2024-09-17 15:07:36.949,406.92484936242926,5
2024-09-17 15:07:37.018,406.852838663001,1001
2024-09-17 15:07:37.105,406.8975909775628,8
2024-09-17 15:07:37.132,406.8871059369047,104
2024-09-17 15:07:37.137,406.877785014914,14
2024-09-17 15:07:37.218,406.8770074430591,999
2024-09-17 15:07:37.255,406.8633863404755,15
2024-09-17 15:07:37.263,406.856860633342,13
2024-09-17 15:07:37.273,406.8564803194935,95
2024-09-17 15:07:37.288,406.8597590465498,105
2024-09-17 15:07:37.347,406.88728266110536,105
2024-09-17 15:07:37.464,406.8524972042032,5
2024-09-17 15:07:37.473,406.85312015209627,14
2024-09-17 15:07:37.511,406.88423569258265,98
2024-09-17 15:07:37.555,406.88270807481337,15
2024-09-17 15:07:37.590,406.8726215639465,995
2024-09-17 15:07:37.682,406.8741708489256,12
2024-09-17 15:07:37.699,406.85346693827154,11
2024-09-17 15:07:37.705,406.8791389629841,97
2024-09-17 15:07:37.716,406.8811492114082,103
2024-09-17 15:07:37.767,406.88777464460617,1000
2024-09-17 15:07:37.773,406.8760478612624,98
2024-09-17 15:07:37.803,406.9151834345913,5
2024-09-17 15:07:37.917,406.8932655308756,6
2024-09-17 15:07:37.944,406.8707189287354,1003
2024-09-17 15:07:37.958,406.8946288005238,105
2024-09-17 15:07:38.083,406.8364013295521,9
2024-09-17 15:07:38.089,406.74756712331606,104
2024-09-17 15:07:38.199,406.83130262428233,12
2024-09-17 15:07:38.244,406.80477400390527,95
2024-09-17 15:07:38.275,406.7538883529667,995
2024-09-17 15:07:38.382,406.7277017880358,15
2024-09-17 15:07:38.408,406.7599165562679,99
2024-09-17 15:07:38.451,406.7566921648896,998
2024-09-17 15:07:38.458,406.83965454714325,96
2024-09-17 15:07:38.464,406.8334172897477,5
2024-09-17 15:07:38.646,406.7490886488144,98
2024-09-17 15:07:38.711,406.84033407832806,95
2024-09-17 15:07:38.772,406.80446161054,13
2024-09-17 15:07:38.974,406.7734445147015,9
2024-09-17 15:07:39.032,406.798737470762,96
2024-09-17 15:07:39.067,406.8055125951871,999
2024-09-17 15:07:39.095,406.75756801757353,997
2024-09-17 15:07:39.165,406.7393555124349,99
2024-09-17 15:07:39.173,406.7665701968349,1001
2024-09-17 15:07:39.201,,9
2024-09-17 15:07:39.278,406.7990309177,1000
2024-09-17 15:07:39.293,406.819539583682,1005
2024-09-17 15:07:39.334,406.7369690440044,997
2024-09-17 15:07:39.390,406.806941580155,1005
2024-09-17 15:07:39.432,406.7366951336434,6
2024-09-17 15:07:39.481,406.7386349628409,8
2024-09-17 15:07:39.499,406.7510046144109,98
2024-09-17 15:07:39.509,406.7504637670365,102
2024-09-17 15:07:39.528,406.8394490870047,105
2024-09-17 15:07:39.555,406.8213482762749,101
2024-09-17 15:07:39.654,406.8148890027206,1001
2024-09-17 15:07:39.699,406.79667142948864,101
2024-09-17 15:07:39.753,406.8070686968813,102
2024-09-17 15:07:39.786,406.7364879553446,1000
2024-09-17 15:07:39.787,406.7427919820989,100
2024-09-17 15:07:39.815,406.7344339898947,1001
2024-09-17 15:07:39.830,406.793153819769,99
2024-09-17 15:07:39.860,406.7666404293405,98
2024-09-17 15:07:39.931,406.73675579465726,999
2024-09-17 15:07:39.969,406.7595201094848,996
2024-09-17 15:07:39.986,406.8180078894637,100
2024-09-17 15:07:40.025,406.7915277846052,1002
2024-09-17 15:07:40.106,406.78209570741336,7
2024-09-17 15:07:40.184,406.78159320525714,103
2024-09-17 15:07:40.319,406.777814448188,97
2024-09-17 15:07:40.418,406.8000972121911,13
2024-09-17 15:07:40.570,406.7764713973184,1000
2024-09-17 15:07:40.622,406.7869168035583,105
2024-09-17 15:07:40.631,406.7662751841032,11
2024-09-17 15:07:40.843,406.7692952743131,1001
2024-09-17 15:07:40.990,406.7904097357394,7
2024-09-17 15:07:41.164,406.793265933532,1000
2024-09-17 15:07:41.485,406.7826700833261,1002
2024-09-17 15:07:41.592,406.8023973503921,103
2024-09-17 15:07:41.605,406.7933715968293,13
2024-09-17 15:07:41.678,406.7791158725661,1005
2024-09-17 15:07:41.775,406.77053871932185,7
2024-09-17 15:07:42.582,406.7848223220957,95
2024-09-17 15:07:43.003,406.83246833257743,102
2024-09-17 15:07:43.016,406.8244175710362,100
2024-09-17 15:07:43.056,406.8429799692116,97
2024-09-17 15:07:43.118,406.8029091356056,105
2024-09-17 15:07:43.130,406.8216394944538,104
2024-09-17 15:07:43.204,406.8422975606148,1003
2024-09-17 15:07:43.318,406.8067917096664,1002
2024-09-17 15:07:43.324,406.8085483652832,8
2024-09-17 15:07:43.334,406.8067220473024,101
2024-09-17 15:07:43.338,406.80215951447576,7
2024-09-17 15:07:43.445,406.8553960852161,1003
2024-09-17 15:07:43.495,406.8578890030645,105
2024-09-17 15:07:43.658,406.8575952589487,103
2024-09-17 15:07:43.668,406.8369049274448,997
2024-09-17 15:07:43.690,406.81954430921,12
2024-09-17 15:07:43.797,406.8161274689084,7
2024-09-17 15:07:43.830,406.7962990173904,1005
2024-09-17 15:07:43.880,406.8240294511231,1005
2024-09-17 15:07:44.093,40.68115681072874,7
2024-09-17 15:07:44.122,406.8036413309692,13
2024-09-17 15:07:44.123,406.8078341036022,103
2024-09-17 15:07:44.236,406.8120274058084,13
2024-09-17 15:07:44.300,406.7954457199349,995
2024-09-17 15:07:44.313,406.8249935958042,1004
2024-09-17 15:07:44.602,406.8223387631295,8
2024-09-17 15:07:44.736,406.8016761563434,96
2024-09-17 15:07:45.039,406.78420798029936,10
2024-09-17 15:07:45.110,406.7995982469363,97
2024-09-17 15:07:45.118,406.7749103762758,99
2024-09-17 15:07:45.137,406.821842350336,14
2024-09-17 15:07:45.155,406.8315050019678,999
2024-09-17 15:07:45.241,406.8207912914557,6
2024-09-17 15:07:45.300,406.7907432036009,1000
2024-09-17 15:07:45.369,406.8232004156315,1000
2024-09-17 15:07:45.486,406.78855101530513,9
2024-09-17 15:07:45.572,406.8016811894637,995
2024-09-17 15:07:45.688,,96
2024-09-17 15:07:45.736,406.7967956173804,1004
2024-09-17 15:07:45.788,406.8339440549136,99
2024-09-17 15:07:45.827,406.8361416536229,14
2024-09-17 15:07:45.851,406.7988756732963,15
2024-09-17 15:07:45.973,406.7815829010325,6
2024-09-17 15:07:46.012,406.8022951411069,104
2024-09-17 15:07:46.081,406.80536556247256,1005
2024-09-17 15:07:46.203,406.80998066562967,995
2024-09-17 15:07:46.322,406.8177166749332,102
2024-09-17 15:07:46.372,406.8129538298066,1002
2024-09-17 15:07:46.470,406.8240513403327,104
2024-09-17 15:07:46.553,406.822942860714,105
2024-09-17 15:07:46.559,406.8298959010575,996
2024-09-17 15:07:46.632,406.80426092403854,8
2024-09-17 15:07:46.717,406.801837672133,1001
2024-09-17 15:07:46.782,406.8217097403378,13
2024-09-17 15:07:46.873,406.7984708113525,995
2024-09-17 15:07:47.099,406.8114634206455,999
2024-09-17 15:07:47.167,406.8101162670255,1001
2024-09-17 15:07:47.182,406.8023396992594,1000
2024-09-17 15:07:47.211,406.79298153250994,1004
2024-09-17 15:07:47.275,406.80963828460045,7
2024-09-17 15:07:47.281,406.79254517388136,15
2024-09-17 15:07:47.290,406.822640145326,12
2024-09-17 15:07:47.302,406.8385249216438,13
2024-09-17 15:07:47.373,406.7962792891571,997
2024-09-17 15:07:47.388,406.8128093655312,5
2024-09-17 15:07:47.462,406.8276246118325,102
2024-09-17 15:07:47.524,406.78747311917766,1005
2024-09-17 15:07:47.550,406.8242192314252,13
2024-09-17 15:07:47.596,406.80559556805525,102
2024-09-17 15:07:47.687,406.8267744660239,995
2024-09-17 15:07:47.714,406.804976851251,997
2024-09-17 15:07:47.729,406.8171003844568,8
2024-09-17 15:07:47.730,406.8308767088964,99
2024-09-17 15:07:47.759,406.81469896977865,12
2024-09-17 15:07:47.811,406.8106422789062,12
2024-09-17 15:07:47.892,406.813680945728,105
2024-09-17 15:07:47.979,406.8148000377706,102
2024-09-17 15:07:49.077,406.8026123443815,998
2024-09-17 15:07:49.140,406.7820017568175,1000
2024-09-17 15:07:49.155,406.782182024724,95
2024-09-17 15:07:49.161,406.7988533047851,997
2024-09-17 15:07:49.193,406.7890956229237,105
2024-09-17 15:07:49.255,406.8045141747007,96
2024-09-17 15:07:49.280,406.7869553299625,10
2024-09-17 15:07:49.299,406.79224320944655,6
2024-09-17 15:07:49.358,406.7910782355578,104
2024-09-17 15:07:49.449,406.7854424749151,101
2024-09-17 15:07:49.512,406.8250957426836,101
2024-09-17 15:07:49.518,406.7918254521073,103
2024-09-17 15:07:49.527,406.7953909705033,95
2024-09-17 15:07:49.668,406.8281455041275,10
2024-09-17 15:07:49.680,406.8019803569614,95
2024-09-17 15:07:49.722,406.8149411909122,9
2024-09-17 15:07:49.723,406.7813851060103,105
2024-09-17 15:07:49.827,406.81201093659513,5
2024-09-17 15:07:50.078,406.7254381484544,12
2024-09-17 15:07:50.115,406.7389069865928,15
2024-09-17 15:07:50.208,406.7468735187326,102
2024-09-17 15:07:50.285,406.727914608095,999
2024-09-17 15:07:50.430,406.72227531964666,9
2024-09-17 15:07:50.509,406.726246724635,999
2024-09-17 15:07:50.539,406.7339042248156,102
2024-09-17 15:07:50.596,406.75222852969455,1003
2024-09-17 15:07:50.749,406.7680803836933,101
2024-09-17 15:07:50.862,406.76499331443193,9
2024-09-17 15:07:50.870,406.7367850894965,6
2024-09-17 15:07:51.049,406.70892315470667,1004
2024-09-17 15:07:51.118,406.70567804432926,6
2024-09-17 15:07:51.146,406.70593637090906,5
2024-09-17 15:07:51.176,406.7225722963125,1000
2024-09-17 15:07:51.363,-406.72947844781646,996
2024-09-17 15:07:51.371,406.716254400788,998
2024-09-17 15:07:51.380,406.7369886251962,6
2024-09-17 15:07:51.386,406.7055713267583,105
2024-09-17 15:07:51.556,406.70798103728015,98
2024-09-17 15:07:51.738,406.7232018676728,15
2024-09-17 15:07:51.824,406.704049525618,997
2024-09-17 15:07:51.973,406.7022120926906,103
2024-09-17 15:07:51.974,406.7260135666117,11
2024-09-17 15:07:52.062,406.70770225967846,8
2024-09-17 15:07:52.090,406.70209335256055,99
2024-09-17 15:07:52.242,406.69467064707135,12
2024-09-17 15:07:52.268,414.8475399582544,98
2024-09-17 15:07:52.274,406.7094316034195,999
2024-09-17 15:07:52.313,406.6975904169844,97
2024-09-17 15:07:52.382,406.70654936853066,1003
2024-09-17 15:07:52.481,406.6976553405124,97
2024-09-17 15:07:52.525,406.7091722840737,1003
2024-09-17 15:07:52.551,406.7066071239329,14
2024-09-17 15:07:52.558,406.7063076649454,997
2024-09-17 15:07:52.573,406.7030109578234,999
2024-09-17 15:07:52.649,406.71196818727645,9
2024-09-17 15:07:52.720,406.6976941270048,997
2024-09-17 15:07:52.782,406.7018372806763,100
2024-09-17 15:07:52.889,406.703600176948,997
2024-09-17 15:07:52.891,406.7022432147789,9
2024-09-17 15:07:53.149,406.7226060492791,103
2024-09-17 15:07:53.217,406.739409537971,996
2024-09-17 15:07:53.339,406.6901836857559,98
2024-09-17 15:07:53.376,406.7114896706263,14
2024-09-17 15:07:53.404,406.7390892527924,998
2024-09-17 15:07:53.413,406.7001869085824,96
2024-09-17 15:07:53.414,406.68406860954497,1003
2024-09-17 15:07:53.427,406.7209274332915,12
2024-09-17 15:07:53.511,406.7430172003499,999
2024-09-17 15:07:53.654,406.7109815570917,1002
2024-09-17 15:07:53.735,406.7096276972555,14
2024-09-17 15:07:53.755,406.6490575408372,15
2024-09-17 15:07:53.788,406.7062895447146,102
2024-09-17 15:07:53.811,406.7374407372354,99
2024-09-17 15:07:53.910,406.73548319471735,97
2024-09-17 15:07:53.911,406.7283459419407,1002
2024-09-17 15:07:53.924,406.71632358449415,1004
2024-09-17 15:07:53.963,406.7272047838441,1004
2024-09-17 15:07:53.971,406.6838339847205,15
2024-09-17 15:07:53.973,406.7496348922798,1005
2024-09-17 15:07:53.981,406.7481728529686,95
2024-09-17 15:07:54.045,406.7828178345823,104
2024-09-17 15:07:54.153,406.7109764963155,104
2024-09-17 15:07:54.163,406.7936592252128,99
2024-09-17 15:07:54.184,40.67817874363777,103
2024-09-17 15:07:54.229,406.7913243599446,997
2024-09-17 15:07:54.372,406.72893685728826,15
2024-09-17 15:07:54.382,406.7484630509288,996
2024-09-17 15:07:54.480,406.8020632972236,7
2024-09-17 15:07:54.654,406.7637507888336,5
2024-09-17 15:07:54.667,406.7496198438176,1000
2024-09-17 15:07:54.675,406.7231793114149,99
2024-09-17 15:07:54.775,406.7213111257333,13
2024-09-17 15:07:54.874,406.7423157926673,99
2024-09-17 15:07:54.905,406.72727962127897,9
2024-09-17 15:07:54.916,406.72090957970977,104
2024-09-17 15:07:54.973,406.7108771763236,13
2024-09-17 15:07:54.981,406.77401967463067,1001
2024-09-17 15:07:54.985,406.7172407487485,6
2024-09-17 15:07:54.986,406.7497220093061,96
2024-09-17 15:07:56.438,406.7962540424531,13
2024-09-17 15:07:56.509,406.78977820398944,9
2024-09-17 15:07:56.634,406.8154663271702,8
2024-09-17 15:07:56.878,406.81197248636806,1000
2024-09-17 15:07:57.056,406.81307887828143,10
2024-09-17 15:07:57.080,406.7768218032972,6
2024-09-17 15:07:57.222,406.7610124822353,999
2024-09-17 15:07:57.224,406.7902688299079,95
2024-09-17 15:07:57.259,406.7927834038703,15
2024-09-17 15:07:57.286,406.7839762215358,1002
2024-09-17 15:07:57.304,406.7626870939629,10
2024-09-17 15:07:57.320,406.7690839659184,96
2024-09-17 15:07:57.337,406.8020484479948,1002
2024-09-17 15:07:57.344,406.7479471993886,13
2024-09-17 15:07:57.416,406.7874386418174,12
2024-09-17 15:07:57.427,406.7997691765917,101
2024-09-17 15:07:57.445,406.7993732591325,1005
2024-09-17 15:07:57.503,406.7670820413806,10
2024-09-17 15:07:57.513,406.80428890051655,12
2024-09-17 15:07:57.560,406.7779597599021,1002
2024-09-17 15:07:57.638,406.7666416732396,99
2024-09-17 15:07:57.681,406.8050173133846,1003
2024-09-17 15:07:57.690,406.81437837586657,1005
2024-09-17 15:07:57.749,406.7459725397746,102
2024-09-17 15:07:57.876,406.7962930352656,997
2024-09-17 15:07:57.896,414.7907913162762,99
2024-09-17 15:07:57.909,406.78242354202143,995
2024-09-17 15:07:57.910,406.7885986960599,15
2024-09-17 15:07:57.941,406.7936224199008,1000
2024-09-17 15:07:57.945,406.7774403592483,996
2024-09-17 15:07:57.945,406.8131751079703,104
2024-09-17 15:07:57.955,40.67718059089685,96
2024-09-17 15:07:57.964,406.7750219015313,998
2024-09-17 15:07:57.967,406.7588112173448,97
2024-09-17 15:07:58.069,406.7975675962809,1001
2024-09-17 15:07:58.210,406.80258099432666,997
2024-09-17 15:07:58.279,406.8323744841434,7
2024-09-17 15:07:58.283,406.82008559379193,999
2024-09-17 15:07:58.356,406.8177876793414,5
2024-09-17 15:07:58.372,406.8152879037975,101
2024-09-17 15:07:58.389,406.8154648238537,997
2024-09-17 15:07:58.399,406.8298396073717,100
2024-09-17 15:07:58.457,406.82162533264767,7
2024-09-17 15:07:58.560,406.8382227476694,15
2024-09-17 15:07:58.577,406.80603528764544,999
2024-09-17 15:07:58.628,406.8138984440905,14
2024-09-17 15:07:58.700,406.8257931239964,105
2024-09-17 15:07:58.730,406.8166204898997,9
2024-09-17 15:07:58.766,406.8155391995365,13
2024-09-17 15:07:58.791,406.8132386834389,9
2024-09-17 15:07:58.814,406.80856257322847,14
2024-09-17 15:07:58.965,406.7962083773663,999
2024-09-17 15:07:58.985,406.8137581158709,1002
2024-09-17 15:07:59.029,406.8375493985291,10
2024-09-17 15:07:59.187,406.8527225304008,98
2024-09-17 15:07:59.296,406.84598767855056,996
2024-09-17 15:07:59.321,406.8264895340248,10
2024-09-17 15:07:59.333,406.83293668725656,1000
2024-09-17 15:07:59.373,406.81156562555446,95
2024-09-17 15:07:59.430,406.808583483849,998
2024-09-17 15:07:59.591,406.7962509080457,11
2024-09-17 15:07:59.613,406.8577948143391,102
2024-09-17 15:07:59.768,406.8183272635093,999
2024-09-17 15:07:59.880,406.8110451927295,100
2024-09-17 15:07:59.902,406.80459913330736,1005
2024-09-17 15:07:59.944,-406.794610198915,98
