Timestamp,Price,Size
2024-09-16 12:44:00.117,418.3240930778306,13
2024-09-16 12:44:00.134,418.3211707367941,1005
2024-09-16 12:44:00.298,418.3555398206312,8
2024-09-16 12:44:00.351,418.3030970770229,96
2024-09-16 12:44:00.380,418.3547102923877,1001
2024-09-16 12:44:00.437,418.29985199811904,995
2024-09-16 12:44:00.444,418.349036600995,6
2024-09-16 12:44:00.643,418.3052962653872,100
2024-09-16 12:44:00.651,418.3214079830213,1004
2024-09-16 12:44:00.797,418.3568795786209,1002
2024-09-16 12:44:00.838,418.33721259969616,96
2024-09-16 12:44:00.980,418.3039725400317,105
2024-09-16 12:44:01.017,418.3123113033952,1004
2024-09-16 12:44:01.044,418.3565280920036,96
2024-09-16 12:44:01.075,418.3100970784757,1005
2024-09-16 12:44:01.096,418.3768323817752,12
2024-09-16 12:44:01.104,418.372608851212,1003
2024-09-16 12:44:01.188,418.2898999927063,105
2024-09-16 12:44:01.236,-418.30170887379927,15
2024-09-16 12:44:01.245,418.31726313161954,95
2024-09-16 12:44:01.281,418.30980125492505,102
2024-09-16 12:44:01.402,418.38240798593387,1004
2024-09-16 12:44:01.404,418.332086798379,996
2024-09-16 12:44:01.444,418.2771679536529,1004
2024-09-16 12:44:01.446,418.2941271299688,997
2024-09-16 12:44:01.459,418.3575695547573,11
2024-09-16 12:44:01.461,418.29216212326,1002
2024-09-16 12:44:01.491,418.3797741219601,999
2024-09-16 12:44:01.556,418.3067940604296,101
2024-09-16 12:44:01.562,418.3904919073604,5
2024-09-16 12:44:01.578,418.3154581871764,996
2024-09-16 12:44:01.790,418.2931202190422,1000
2024-09-16 12:44:01.796,418.3680514206335,95
2024-09-16 12:44:01.873,418.29275862905246,14
2024-09-16 12:44:01.888,418.32289873501895,1002
2024-09-16 12:44:01.982,418.3064008912119,102
2024-09-16 12:44:02.104,418.3315656147341,9
2024-09-16 12:44:02.231,418.3213838109033,7
2024-09-16 12:44:02.272,418.3308853667943,102
2024-09-16 12:44:02.366,418.3255771847986,98
2024-09-16 12:44:02.395,418.3370526536233,100
2024-09-16 12:44:02.492,418.34595472482965,105
2024-09-16 12:44:02.634,418.3342699417471,13
2024-09-16 12:44:02.646,418.32502265329214,1000
2024-09-16 12:44:02.680,418.3164610341384,1004
2024-09-16 12:44:02.736,418.3179201744106,12
2024-09-16 12:44:02.752,418.3393880794544,95
2024-09-16 12:44:02.784,418.3132276522831,99
2024-09-16 12:44:02.786,418.3248000641871,103
2024-09-16 12:44:02.968,418.3226672472046,98
2024-09-16 12:44:03.109,418.31836110897007,99
2024-09-16 12:44:03.149,418.3865689914357,5
2024-09-16 12:44:03.163,418.28346115516496,101
2024-09-16 12:44:03.193,418.32291983742846,995
2024-09-16 12:44:03.253,418.3357164868945,101
2024-09-16 12:44:03.278,418.29721382816615,104
2024-09-16 12:44:03.386,418.29769705542753,95
2024-09-16 12:44:03.452,418.30304547306736,995
2024-09-16 12:44:03.456,418.2888993763294,97
2024-09-16 12:44:03.501,418.3306321299252,997
2024-09-16 12:44:03.517,418.3175260034233,1002
2024-09-16 12:44:03.544,418.361073737058,105
2024-09-16 12:44:03.551,418.3031618297065,102
2024-09-16 12:44:03.638,418.3134333171263,101
2024-09-16 12:44:03.674,418.3464247071107,997
2024-09-16 12:44:03.693,418.2840516857716,1000
2024-09-16 12:44:03.754,418.288132480096,102
2024-09-16 12:44:03.820,418.3149505773295,1000
2024-09-16 12:44:03.936,418.3422795298199,15
2024-09-16 12:44:03.987,418.3593885881501,995
2024-09-16 12:44:04.131,418.3846431588317,104
2024-09-16 12:44:04.620,418.38143869023327,995
2024-09-16 12:44:05.012,418.2467816925232,103
2024-09-16 12:44:05.097,418.3347319027595,105
2024-09-16 12:44:05.098,418.35871626436256,12
2024-09-16 12:44:05.117,418.3184050916545,100
2024-09-16 12:44:05.187,418.3340393189055,102
2024-09-16 12:44:05.217,418.2651611207111,102
2024-09-16 12:44:05.264,418.3061347551735,95
2024-09-16 12:44:05.277,418.3373664040633,14
2024-09-16 12:44:05.291,418.366469746713,8
2024-09-16 12:44:05.298,418.2602370230799,9
2024-09-16 12:44:05.370,418.3798492047462,1003
2024-09-16 12:44:05.398,418.36315035552326,998
2024-09-16 12:44:05.402,418.24765882562696,1004
2024-09-16 12:44:05.403,418.3338729933336,997
2024-09-16 12:44:05.406,418.3461527690648,995
2024-09-16 12:44:05.505,418.3302668004456,996
2024-09-16 12:44:05.548,418.3465514240564,97
2024-09-16 12:44:05.569,418.36266946328345,13
2024-09-16 12:44:05.578,418.28763985165983,1000
2024-09-16 12:44:05.595,418.3475791925731,1003
2024-09-16 12:44:05.647,418.2933403821864,1000
2024-09-16 12:44:05.730,,1001
2024-09-16 12:44:05.736,418.3335390764671,999
2024-09-16 12:44:05.764,418.35966064047057,12
2024-09-16 12:44:05.799,418.3635800561705,100
2024-09-16 12:44:05.881,418.357312726039,101
2024-09-16 12:44:05.954,418.3621324475865,105
2024-09-16 12:44:06.093,418.3121417359273,10
2024-09-16 12:44:06.118,418.36277270218216,1005
2024-09-16 12:44:06.162,418.3551584438882,99
2024-09-16 12:44:06.172,418.3654957168805,15
2024-09-16 12:44:06.283,418.3219243406122,1003
2024-09-16 12:44:06.364,418.3368938388381,995
2024-09-16 12:44:06.507,418.361353907856,98
2024-09-16 12:44:06.536,418.3598571519676,995
2024-09-16 12:44:06.545,418.3636037790493,100
2024-09-16 12:44:06.598,418.3278690459232,6
2024-09-16 12:44:06.604,418.3597956786292,96
2024-09-16 12:44:06.629,418.28067600658704,12
2024-09-16 12:44:06.695,418.3628890005779,100
2024-09-16 12:44:06.721,418.3707151771509,995
2024-09-16 12:44:06.806,418.3090932717423,97
2024-09-16 12:44:06.831,418.3571490730126,97
2024-09-16 12:44:06.866,418.3598448626778,6
2024-09-16 12:44:06.874,418.3564072533416,8
2024-09-16 12:44:06.879,418.38661898995895,8
2024-09-16 12:44:06.954,418.3664438863496,5
2024-09-16 12:44:07.052,418.3699519784979,7
2024-09-16 12:44:07.077,418.3155378285339,101
2024-09-16 12:44:07.201,418.3461970959999,95
2024-09-16 12:44:07.262,418.3462708529922,11
2024-09-16 12:44:07.330,418.3687275084563,103
2024-09-16 12:44:07.371,-418.3709897220464,95
2024-09-16 12:44:07.376,418.3580229840167,1005
2024-09-16 12:44:07.399,418.3650130403059,100
2024-09-16 12:44:07.424,418.362963294366,999
2024-09-16 12:44:07.436,418.3394320480492,995
2024-09-16 12:44:07.549,418.3057386650042,11
2024-09-16 12:44:07.554,418.3294796027499,95
2024-09-16 12:44:07.555,418.3613325266929,96
2024-09-16 12:44:07.609,418.3606956872718,8
2024-09-16 12:44:07.667,418.366988382152,104
2024-09-16 12:44:07.782,418.32361791131024,1000
2024-09-16 12:44:07.892,418.3440331349317,101
2024-09-16 12:44:07.918,418.36124437206433,99
2024-09-16 12:44:07.979,418.32246585105577,1005
2024-09-16 12:44:08.088,418.2582099881659,7
2024-09-16 12:44:08.094,418.3343793576231,15
2024-09-16 12:44:08.199,418.2630414570643,7
2024-09-16 12:44:08.223,418.2627021312875,1003
2024-09-16 12:44:08.227,418.2469200138353,5
2024-09-16 12:44:08.236,418.151003318496,10
2024-09-16 12:44:08.293,418.2582093468088,105
2024-09-16 12:44:08.295,418.2465592616989,101
2024-09-16 12:44:08.307,418.3028954046603,100
2024-09-16 12:44:08.453,418.27936146637984,98
2024-09-16 12:44:08.464,418.2563831666181,102
2024-09-16 12:44:08.478,418.3335759006021,9
2024-09-16 12:44:08.482,418.22420775311394,101
2024-09-16 12:44:08.512,418.29551101502494,102
2024-09-16 12:44:08.519,418.2879120949223,101
2024-09-16 12:44:08.541,418.2877212797526,12
2024-09-16 12:44:08.576,418.1810884819669,99
2024-09-16 12:44:08.701,418.2104785927011,996
2024-09-16 12:44:08.755,418.1303129622773,100
2024-09-16 12:44:08.770,418.1322589386235,102
2024-09-16 12:44:08.772,418.20132374525554,14
2024-09-16 12:44:08.788,418.1975811735576,1003
2024-09-16 12:44:08.791,418.34166968400126,1001
2024-09-16 12:44:08.826,418.1807529300014,103
2024-09-16 12:44:08.857,418.25300152970783,997
2024-09-16 12:44:08.876,418.2401976002012,104
2024-09-16 12:44:08.946,418.31768530286905,99
2024-09-16 12:44:08.969,418.1514267449598,1000
2024-09-16 12:44:09.113,418.1388486177887,1005
2024-09-16 12:44:09.480,418.1375909093524,105
2024-09-16 12:44:09.726,418.1446388169759,997
2024-09-16 12:44:09.988,418.1432039311447,1001
2024-09-16 12:44:10.032,418.14092666630097,102
2024-09-16 12:44:10.071,418.12526425981457,8
2024-09-16 12:44:10.133,418.1605688207327,996
2024-09-16 12:44:10.133,418.12845142468615,1003
2024-09-16 12:44:10.260,418.1086221962552,101
2024-09-16 12:44:10.267,418.10239956781953,999
2024-09-16 12:44:10.289,41.811505898668365,997
2024-09-16 12:44:10.291,418.116106806904,15
2024-09-16 12:44:10.318,418.09807877784885,99
2024-09-16 12:44:10.359,418.163878618628,13
2024-09-16 12:44:10.480,418.1411895116617,10
2024-09-16 12:44:10.484,418.12233346217175,6
2024-09-16 12:44:10.573,418.1505190674522,1002
2024-09-16 12:44:10.697,418.115791688336,102
2024-09-16 12:44:10.731,418.1290596291717,995
2024-09-16 12:44:10.735,418.1049439697911,98
2024-09-16 12:44:10.736,418.1302327300684,996
2024-09-16 12:44:10.751,418.146149980262,15
2024-09-16 12:44:10.861,418.1513599732505,98
2024-09-16 12:44:10.877,418.1526016258815,1001
2024-09-16 12:44:10.889,418.085907713846,102
2024-09-16 12:44:10.923,418.1260831513798,103
2024-09-16 12:44:10.994,418.1593449546715,10
2024-09-16 12:44:11.095,418.107619675332,1005
2024-09-16 12:44:11.123,418.1294659009732,6
2024-09-16 12:44:11.160,-418.11377611041047,1000
2024-09-16 12:44:11.194,418.10896860793406,95
2024-09-16 12:44:11.631,418.1079634581214,1002
2024-09-16 12:44:11.833,418.138057303119,95
2024-09-16 12:44:11.861,418.1161462786374,100
2024-09-16 12:44:12.009,418.1155528798208,100
2024-09-16 12:44:12.023,418.10000436621647,5
2024-09-16 12:44:12.046,418.1797050861904,11
2024-09-16 12:44:12.073,418.18763579725055,101
2024-09-16 12:44:12.114,418.0801077441492,102
2024-09-16 12:44:12.142,418.1087148460355,15
2024-09-16 12:44:12.175,418.1856080773906,12
2024-09-16 12:44:12.217,418.0852026333836,96
2024-09-16 12:44:12.245,418.2079588531116,105
2024-09-16 12:44:12.374,418.1761365230975,103
2024-09-16 12:44:12.400,,102
2024-09-16 12:44:12.421,418.07871119080346,7
2024-09-16 12:44:12.458,418.1252217679212,105
2024-09-16 12:44:12.573,418.1111814546814,7
2024-09-16 12:44:12.595,418.1661580808847,6
2024-09-16 12:44:12.726,418.194117285994,11
2024-09-16 12:44:12.754,418.1495741940734,5
2024-09-16 12:44:12.789,41.80789433386142,1002
2024-09-16 12:44:12.859,418.0769400123712,99
2024-09-16 12:44:12.942,418.0698548115781,99
2024-09-16 12:44:12.965,418.0944288985112,95
2024-09-16 12:44:14.306,418.2279340076676,99
2024-09-16 12:44:14.314,418.25031180309367,102
2024-09-16 12:44:14.439,418.28502718985095,5
2024-09-16 12:44:14.467,418.2147471707141,1001
2024-09-16 12:44:14.542,418.2784449398211,101
2024-09-16 12:44:14.573,418.2072332444569,1005
2024-09-16 12:44:14.689,418.274159655111,103
2024-09-16 12:44:15.052,418.2838242524187,6
2024-09-16 12:44:15.088,418.3014246996206,15
2024-09-16 12:44:15.104,418.2682237270683,995
2024-09-16 12:44:15.129,418.2931680546592,105
2024-09-16 12:44:15.137,418.2441298305156,104
2024-09-16 12:44:15.185,418.2636450728948,14
2024-09-16 12:44:15.225,418.3312005502591,7
2024-09-16 12:44:15.230,-418.2608133839155,95
2024-09-16 12:44:15.251,418.2491717541071,100
2024-09-16 12:44:15.388,418.3289704400341,98
2024-09-16 12:44:15.464,,996
2024-09-16 12:44:15.544,418.27302995092566,1005
2024-09-16 12:44:15.573,418.2905847028192,101
2024-09-16 12:44:15.609,418.2945418708829,1003
2024-09-16 12:44:15.621,418.2626713229429,102
2024-09-16 12:44:15.671,418.272867606786,1004
2024-09-16 12:44:15.742,418.307487522716,98
2024-09-16 12:44:15.756,418.2765742805936,1002
2024-09-16 12:44:15.781,418.2894168999503,1005
2024-09-16 12:44:15.792,418.2635562474683,99
2024-09-16 12:44:15.840,418.3248649441547,14
2024-09-16 12:44:15.892,418.3077500324858,12
2024-09-16 12:44:15.986,418.2599762347082,1005
2024-09-16 12:44:16.020,418.2656528062304,1001
2024-09-16 12:44:16.152,418.2178782160105,998
2024-09-16 12:44:16.183,418.2227095635636,101
2024-09-16 12:44:16.306,418.226819528434,998
2024-09-16 12:44:16.334,418.218332290028,1003
2024-09-16 12:44:16.352,418.26744751739744,5
2024-09-16 12:44:16.438,418.2910906074999,104
2024-09-16 12:44:16.479,418.2488553815717,104
2024-09-16 12:44:16.511,418.2650308144144,7
2024-09-16 12:44:16.719,418.2732876339735,997
2024-09-16 12:44:16.727,418.25715920600607,995
2024-09-16 12:44:16.730,418.2142202878989,99
2024-09-16 12:44:16.752,418.26187480943935,998
2024-09-16 12:44:16.766,418.2259146763031,101
2024-09-16 12:44:16.775,418.26418482243673,104
2024-09-16 12:44:16.856,418.21751303544,99
2024-09-16 12:44:16.929,418.263549534256,6
2024-09-16 12:44:17.141,418.2021663621228,99
2024-09-16 12:44:17.157,418.2176957597145,104
2024-09-16 12:44:17.195,418.20627865315777,1003
2024-09-16 12:44:17.252,418.242026921124,1003
2024-09-16 12:44:17.260,418.2265195962089,1005
2024-09-16 12:44:17.382,418.21616343120735,1001
2024-09-16 12:44:17.394,418.1934020202418,95
2024-09-16 12:44:17.582,418.1936641218184,8
2024-09-16 12:44:17.674,418.2079660493342,12
2024-09-16 12:44:17.678,418.211173713759,12
2024-09-16 12:44:17.691,418.1962466687916,14
2024-09-16 12:44:17.718,418.2344784844778,995
2024-09-16 12:44:17.785,418.2356481029076,999
2024-09-16 12:44:17.795,418.24726549174966,6
2024-09-16 12:44:17.859,418.19932315979366,8
2024-09-16 12:44:17.867,418.20662047346025,14
2024-09-16 12:44:17.915,418.2197975239365,96
2024-09-16 12:44:17.933,418.2010769669244,97
2024-09-16 12:44:17.935,418.206570396451,10
2024-09-16 12:44:18.017,418.2491225928421,1002
2024-09-16 12:44:18.072,418.29198499438974,1000
2024-09-16 12:44:18.113,418.2038934380976,104
2024-09-16 12:44:18.154,418.2655637998,8
2024-09-16 12:44:18.165,418.2367195431119,9
2024-09-16 12:44:18.179,418.296394506042,995
2024-09-16 12:44:18.264,418.2476897973632,997
2024-09-16 12:44:18.313,418.20307256465424,999
2024-09-16 12:44:18.323,418.2381416752203,10
2024-09-16 12:44:18.393,418.2477282934355,5
2024-09-16 12:44:18.419,418.226756614682,1005
2024-09-16 12:44:18.427,418.2590566702832,101
2024-09-16 12:44:18.433,418.2805893065192,104
2024-09-16 12:44:18.473,418.2627530998488,997
2024-09-16 12:44:18.588,418.2876858011808,11
2024-09-16 12:44:18.590,418.3062294564938,95
2024-09-16 12:44:18.601,418.27663029545806,103
2024-09-16 12:44:18.603,418.2006573965516,10
2024-09-16 12:44:18.680,418.2098567500258,1000
2024-09-16 12:44:18.735,418.2453609590584,12
2024-09-16 12:44:18.771,418.225309843022,7
2024-09-16 12:44:18.778,418.205134305926,1002
2024-09-16 12:44:18.804,418.21021175001016,999
2024-09-16 12:44:18.805,418.2394969434722,5
2024-09-16 12:44:18.835,418.21411477922913,1000
2024-09-16 12:44:18.874,418.2768155661823,1002
2024-09-16 12:44:18.898,418.19080149635306,102
2024-09-16 12:44:19.009,418.2229364290509,104
2024-09-16 12:44:19.042,418.2007683533588,1002
2024-09-16 12:44:19.050,418.1596372295404,1005
2024-09-16 12:44:19.078,418.2091730989961,102
2024-09-16 12:44:19.138,418.2131853842883,1001
2024-09-16 12:44:19.159,418.16110069318455,12
2024-09-16 12:44:19.338,418.1750780051922,102
2024-09-16 12:44:19.424,418.1560805006719,105
2024-09-16 12:44:19.460,418.1580291988103,95
2024-09-16 12:44:19.583,418.16207742587454,1003
2024-09-16 12:44:19.646,418.2048842254648,997
2024-09-16 12:44:19.900,41.81743241238954,6
2024-09-16 12:44:19.905,418.1723707645547,14
2024-09-16 12:44:19.906,418.1650459340266,996
2024-09-16 12:44:20.173,418.1695664802588,14
2024-09-16 12:44:20.254,418.1434444998764,101
2024-09-16 12:44:20.426,41.81598210286168,97
2024-09-16 12:44:20.485,418.18752638512296,8
2024-09-16 12:44:20.486,418.1551282703946,11
2024-09-16 12:44:20.523,418.1162085502451,14
2024-09-16 12:44:20.556,,1000
2024-09-16 12:44:20.635,418.1341871128354,1005
2024-09-16 12:44:20.641,418.1772206548834,997
2024-09-16 12:44:20.685,418.1519405304993,10
2024-09-16 12:44:20.689,418.15844430301496,103
2024-09-16 12:44:20.715,418.14491332617246,103
2024-09-16 12:44:20.777,418.12823739096666,997
2024-09-16 12:44:20.803,418.17728413525714,104
2024-09-16 12:44:20.829,418.1333270931948,5
2024-09-16 12:44:20.912,418.1373559611808,8
2024-09-16 12:44:20.932,418.1822591088391,105
2024-09-16 12:44:21.014,418.13717493155104,1004
2024-09-16 12:44:21.018,418.1369675546035,15
2024-09-16 12:44:21.053,418.1513952881247,996
2024-09-16 12:44:21.087,418.1932298394485,10
2024-09-16 12:44:21.169,418.2098362562108,8
2024-09-16 12:44:21.351,418.18039546545,102
2024-09-16 12:44:21.388,418.19177657202,1000
2024-09-16 12:44:21.426,418.1852084350817,9
2024-09-16 12:44:21.584,418.1384904961721,103
2024-09-16 12:44:21.592,418.2135722463796,99
2024-09-16 12:44:21.627,418.1276846676252,12
2024-09-16 12:44:21.670,418.1285548522204,105
2024-09-16 12:44:21.675,418.20256756253207,13
2024-09-16 12:44:21.713,418.1432379908287,5
2024-09-16 12:44:21.852,418.1839756133157,100
2024-09-16 12:44:21.863,418.1902971421636,8
2024-09-16 12:44:21.916,418.1902360792948,15
2024-09-16 12:44:21.943,418.16294855134896,1001
2024-09-16 12:44:21.959,418.1455371050296,9
2024-09-16 12:44:22.151,418.06518747741865,11
2024-09-16 12:44:22.224,418.0792835661319,6
2024-09-16 12:44:22.303,418.06811009049846,15
2024-09-16 12:44:22.350,418.0644292008778,1001
2024-09-16 12:44:22.451,418.07693880841566,95
2024-09-16 12:44:22.573,418.0686376519354,95
2024-09-16 12:44:22.689,418.0719890963111,98
2024-09-16 12:44:22.773,418.0684623167713,1003
2024-09-16 12:44:22.833,418.0825961806478,103
2024-09-16 12:44:22.906,418.1068635173085,15
2024-09-16 12:44:22.919,418.0859149234664,1003
2024-09-16 12:44:23.288,418.0711010490821,101
2024-09-16 12:44:23.322,418.01391482576406,995
2024-09-16 12:44:23.505,418.02488495412223,98
2024-09-16 12:44:23.515,418.0079298687472,997
2024-09-16 12:44:23.562,418.0133169694296,1004
2024-09-16 12:44:23.672,417.9923054615116,998
2024-09-16 12:44:23.677,418.04425033500223,1004
2024-09-16 12:44:23.695,418.0355388170129,11
2024-09-16 12:44:23.761,418.0380090591208,5
2024-09-16 12:44:23.774,418.0450088082637,1002
2024-09-16 12:44:23.931,418.0164370420167,105
2024-09-16 12:44:23.983,418.0679594500479,1003
2024-09-16 12:44:24.071,418.0623135945471,1003
2024-09-16 12:44:24.138,418.0509829433212,13
2024-09-16 12:44:24.374,418.0478823013067,5
2024-09-16 12:44:24.453,418.03375056624856,15
2024-09-16 12:44:24.516,418.0406960114941,12
2024-09-16 12:44:24.552,418.04320292328674,995
2024-09-16 12:44:24.587,418.0439034726289,97
2024-09-16 12:44:24.630,418.0508866095524,96
2024-09-16 12:44:24.654,418.0330903619802,100
2024-09-16 12:44:24.670,418.0467418657668,1000
2024-09-16 12:44:24.851,418.056043231202,1000
2024-09-16 12:44:24.895,418.03613757037,101
2024-09-16 12:44:25.081,418.0367363851249,1001
2024-09-16 12:44:25.186,417.9880154275284,1000
2024-09-16 12:44:25.289,418.038181742452,1001
2024-09-16 12:44:25.320,418.0300243805991,95
2024-09-16 12:44:25.382,418.0312797110691,9
2024-09-16 12:44:25.389,418.0130120802532,10
2024-09-16 12:44:25.436,418.02123644341634,997
2024-09-16 12:44:25.598,418.0581002604897,99
2024-09-16 12:44:25.601,418.0451262682951,98
2024-09-16 12:44:26.069,418.0084416280561,8
2024-09-16 12:44:26.471,418.0086599850749,995
2024-09-16 12:44:26.555,418.0281925453403,1000
2024-09-16 12:44:26.598,417.9991693849286,1004
2024-09-16 12:44:26.806,418.0041928341013,15
2024-09-16 12:44:26.886,417.98809596405454,997
2024-09-16 12:44:27.002,417.9926268064481,14
2024-09-16 12:44:27.035,418.0285066397757,9
2024-09-16 12:44:27.176,418.01993422422106,105
2024-09-16 12:44:27.231,417.9857585531743,8
2024-09-16 12:44:27.273,418.0145241970898,1001
2024-09-16 12:44:27.373,418.0146493363044,14
2024-09-16 12:44:27.382,418.0015556515398,98
2024-09-16 12:44:27.428,,7
2024-09-16 12:44:27.432,418.0110761493914,95
2024-09-16 12:44:27.441,417.9802553675162,1005
2024-09-16 12:44:27.473,417.982100343154,8
2024-09-16 12:44:27.489,417.97999313672574,13
2024-09-16 12:44:27.491,417.9914188492859,1002
2024-09-16 12:44:27.505,418.0011483236947,14
2024-09-16 12:44:27.567,417.99877046636414,997
2024-09-16 12:44:27.656,418.00734229652346,5
2024-09-16 12:44:27.723,418.0111743872923,102
2024-09-16 12:44:27.811,417.9951823798365,8
2024-09-16 12:44:27.813,417.9954527693111,101
2024-09-16 12:44:27.822,418.0055863648752,97
2024-09-16 12:44:27.827,417.9958310036805,1002
2024-09-16 12:44:27.827,417.99093436289553,9
2024-09-16 12:44:27.881,417.98004479894365,1004
2024-09-16 12:44:27.945,418.0050204435232,105
2024-09-16 12:44:28.025,418.0125783468137,9
2024-09-16 12:44:28.067,417.9795070749211,1005
2024-09-16 12:44:28.140,417.9915477862277,1002
2024-09-16 12:44:28.195,417.9734509914013,999
2024-09-16 12:44:28.214,417.9926556559058,97
2024-09-16 12:44:28.336,418.01567323658014,7
2024-09-16 12:44:28.361,418.00793591321246,12
2024-09-16 12:44:28.519,417.98373144574697,995
2024-09-16 12:44:28.699,417.9704906335087,13
2024-09-16 12:44:28.711,417.94985168944953,1002
2024-09-16 12:44:28.734,417.9543497808052,14
2024-09-16 12:44:28.797,417.9816703070652,1005
2024-09-16 12:44:28.800,418.00109699430783,12
2024-09-16 12:44:29.003,417.932075780224,95
2024-09-16 12:44:29.004,417.9285556933788,96
2024-09-16 12:44:29.037,417.8724937263217,5
2024-09-16 12:44:29.078,417.9835598870594,13
2024-09-16 12:44:29.088,417.9594683355331,12
2024-09-16 12:44:29.110,417.95045135990574,1003
2024-09-16 12:44:29.123,417.910809895017,1004
2024-09-16 12:44:29.142,417.9061919543156,100
2024-09-16 12:44:29.197,417.9339822862416,104
2024-09-16 12:44:29.209,417.9776879498788,95
2024-09-16 12:44:29.379,417.9782430974044,98
2024-09-16 12:44:29.416,417.9814902141863,98
2024-09-16 12:44:29.441,417.9641117986699,997
2024-09-16 12:44:29.474,417.9796644857332,997
2024-09-16 12:44:29.474,417.9472575704907,10
2024-09-16 12:44:29.544,417.89485666993954,998
2024-09-16 12:44:29.552,417.9298114797951,102
2024-09-16 12:44:29.561,417.9692560122476,1000
2024-09-16 12:44:29.654,-417.9478788356844,1003
2024-09-16 12:44:29.679,-417.97533545708205,995
2024-09-16 12:44:29.689,417.9718188708901,102
2024-09-16 12:44:29.717,417.92632215173137,995
2024-09-16 12:44:29.756,417.9330401790693,99
2024-09-16 12:44:29.795,417.93344060677913,102
2024-09-16 12:44:29.801,41.79949796308595,95
2024-09-16 12:44:29.879,417.96830670372754,997
2024-09-16 12:44:29.948,417.9259640886313,96
2024-09-16 12:44:29.965,417.9163364095141,14
2024-09-16 12:44:30.070,417.8657410326173,11
2024-09-16 12:44:30.093,417.8989274621807,95
2024-09-16 12:44:30.142,417.987900155696,11
2024-09-16 12:44:30.173,417.907788891334,103
2024-09-16 12:44:30.195,417.879643198508,1004
2024-09-16 12:44:30.266,417.94426969086095,15
2024-09-16 12:44:30.308,417.8993878922475,999
2024-09-16 12:44:30.320,417.8674667206695,1003
2024-09-16 12:44:30.370,417.94419777603474,13
2024-09-16 12:44:30.392,417.9666008838427,1002
2024-09-16 12:44:30.405,417.9070847200107,9
2024-09-16 12:44:30.477,417.90639723137207,14
2024-09-16 12:44:30.587,417.9247730537937,5
2024-09-16 12:44:30.655,417.8593998986435,1003
2024-09-16 12:44:30.656,417.96141918186737,105
2024-09-16 12:44:30.687,417.90097517283647,99
2024-09-16 12:44:30.716,417.9154663543804,1003
2024-09-16 12:44:30.744,417.9404157195784,1000
2024-09-16 12:44:30.771,417.9297165669744,96
2024-09-16 12:44:30.838,418.0082847339729,1001
2024-09-16 12:44:30.858,417.8947098205168,104
2024-09-16 12:44:30.891,417.91759100747214,6
2024-09-16 12:44:30.900,417.99679447885,1000
2024-09-16 12:44:31.001,417.9370778344184,10
2024-09-16 12:44:31.067,417.97519859881055,100
2024-09-16 12:44:31.201,417.9935783428249,7
2024-09-16 12:44:31.460,417.9639101138052,999
2024-09-16 12:44:31.542,417.9759941427938,11
2024-09-16 12:44:31.657,417.95755112503286,15
2024-09-16 12:44:31.684,417.93830830754587,11
2024-09-16 12:44:31.694,417.990354317297,13
2024-09-16 12:44:31.736,417.9302595191128,1003
2024-09-16 12:44:31.749,417.9367347460176,9
2024-09-16 12:44:31.774,417.94445377252407,95
2024-09-16 12:44:31.799,417.97306803819913,1001
2024-09-16 12:44:31.809,417.972944977791,12
2024-09-16 12:44:31.889,41.79343857136463,95
2024-09-16 12:44:31.897,417.9686124443691,1000
2024-09-16 12:44:32.011,417.954647575392,1004
2024-09-16 12:44:32.023,417.97261617423567,998
2024-09-16 12:44:32.077,417.951665616077,95
2024-09-16 12:44:32.139,417.93998851544336,104
2024-09-16 12:44:32.164,417.9636930060289,5
2024-09-16 12:44:32.420,417.9707809960524,998
2024-09-16 12:44:32.429,417.98302047140135,99
2024-09-16 12:44:32.453,417.97555419574536,13
2024-09-16 12:44:32.563,417.967814669779,1001
2024-09-16 12:44:32.608,417.9583827290396,8
2024-09-16 12:44:32.613,417.95197054267663,102
2024-09-16 12:44:32.760,417.9721817622928,95
2024-09-16 12:44:32.774,417.9481336002413,11
2024-09-16 12:44:32.841,417.975641005997,12
2024-09-16 12:44:33.064,417.9572024739836,96
2024-09-16 12:44:33.092,417.97961376116825,8
2024-09-16 12:44:33.177,417.9754433828937,100
2024-09-16 12:44:33.283,417.94068005984735,996
2024-09-16 12:44:33.293,417.9570396414818,10
2024-09-16 12:44:33.295,417.987491629544,8
2024-09-16 12:44:33.485,417.9740317438559,1004
2024-09-16 12:44:33.500,417.9735463134391,6
2024-09-16 12:44:33.613,417.9818231934796,13
2024-09-16 12:44:33.642,417.9628387295285,999
2024-09-16 12:44:33.931,417.9620089367152,999
2024-09-16 12:44:34.061,417.9637988938216,13
2024-09-16 12:44:34.069,417.9663327549351,1003
2024-09-16 12:44:34.078,417.9699316225097,997
2024-09-16 12:44:34.259,417.9627596365379,96
2024-09-16 12:44:34.617,417.9580656774205,100
2024-09-16 12:44:34.621,417.9826877215443,998
2024-09-16 12:44:34.695,417.9792144791186,14
2024-09-16 12:44:34.945,417.9748602318329,99
2024-09-16 12:44:35.025,417.971092925757,97
2024-09-16 12:44:35.026,417.9879793331715,6
2024-09-16 12:44:35.203,417.95903574941417,97
2024-09-16 12:44:35.253,417.9818234287971,103
2024-09-16 12:44:35.631,417.96421266276303,10
2024-09-16 12:44:35.687,417.9695405347203,13
2024-09-16 12:44:35.794,417.9725298367093,95
2024-09-16 12:44:36.140,417.9515141947164,99
2024-09-16 12:44:36.287,417.9620173489569,97
2024-09-16 12:44:36.356,417.95329779547774,1001
2024-09-16 12:44:36.380,417.95821549581296,1005
2024-09-16 12:44:36.438,417.9438203614595,1001
2024-09-16 12:44:36.494,417.9455415400493,7
2024-09-16 12:44:36.500,417.943048261344,1002
2024-09-16 12:44:36.501,417.950745790626,9
2024-09-16 12:44:36.505,417.96876045264855,1003
2024-09-16 12:44:36.531,417.9559762919075,99
2024-09-16 12:44:36.717,417.9933069483759,15
2024-09-16 12:44:36.740,417.99096887791967,5
2024-09-16 12:44:36.847,-417.97589122668296,100
2024-09-16 12:44:36.868,417.92961245170585,6
2024-09-16 12:44:36.940,417.9642144128658,8
2024-09-16 12:44:36.951,417.97629639374736,6
2024-09-16 12:44:37.005,417.9453259011386,13
2024-09-16 12:44:37.110,417.9423056020853,15
2024-09-16 12:44:37.132,417.9060328035465,100
2024-09-16 12:44:37.150,417.92418786671857,95
2024-09-16 12:44:37.178,417.9268804938802,1000
2024-09-16 12:44:37.213,417.9233706462456,98
2024-09-16 12:44:37.264,417.9212586424507,995
2024-09-16 12:44:37.277,417.8911957403564,101
2024-09-16 12:44:37.290,-417.93634821527286,104
2024-09-16 12:44:37.296,417.9417789077995,997
2024-09-16 12:44:37.348,417.9313093300676,14
2024-09-16 12:44:37.381,417.9009888147059,104
2024-09-16 12:44:37.409,417.9181922590742,97
2024-09-16 12:44:37.550,417.9275878994492,995
2024-09-16 12:44:37.596,417.8927314519963,995
2024-09-16 12:44:37.698,417.914330768741,998
2024-09-16 12:44:37.709,417.8812377467359,1002
2024-09-16 12:44:37.755,417.9027036641247,14
2024-09-16 12:44:37.766,417.9062717357136,1001
2024-09-16 12:44:37.861,417.9469842029919,1004
2024-09-16 12:44:37.918,417.886525302669,13
2024-09-16 12:44:37.970,417.8977065651984,9
2024-09-16 12:44:38.038,417.9394083717418,7
2024-09-16 12:44:38.045,417.9343388624027,9
2024-09-16 12:44:38.145,417.92960450571576,1002
2024-09-16 12:44:38.221,417.90748432804446,103
2024-09-16 12:44:38.246,417.9366112833207,998
2024-09-16 12:44:38.401,417.93397066019566,997
2024-09-16 12:44:38.459,417.8666457192401,100
2024-09-16 12:44:38.672,417.90881120159816,1005
2024-09-16 12:44:38.676,417.8759062199738,999
2024-09-16 12:44:38.830,417.92848465372737,13
2024-09-16 12:44:38.835,417.8546847363609,95
2024-09-16 12:44:38.837,417.88776010058064,1001
2024-09-16 12:44:38.939,417.8738690753148,101
2024-09-16 12:44:38.971,417.87658124805296,99
2024-09-16 12:44:38.973,,9
2024-09-16 12:44:38.977,417.8841729300231,95
2024-09-16 12:44:38.978,417.89559648275207,100
2024-09-16 12:44:39.077,417.8922956761568,1005
2024-09-16 12:44:39.096,417.874483787233,104
2024-09-16 12:44:39.112,,11
2024-09-16 12:44:39.161,417.8785858340796,995
2024-09-16 12:44:39.318,41.78706383487357,8
2024-09-16 12:44:39.357,417.8677253057908,95
2024-09-16 12:44:39.428,417.8556249125269,1004
2024-09-16 12:44:39.500,417.8637683384745,105
2024-09-16 12:44:39.585,-417.87273975005576,104
2024-09-16 12:44:39.676,417.8608852350032,103
2024-09-16 12:44:39.766,417.8666646499592,11
2024-09-16 12:44:39.902,417.8646718746484,99
2024-09-16 12:44:40.047,417.7807061600625,13
2024-09-16 12:44:40.134,417.7921658719163,9
2024-09-16 12:44:40.179,417.7732388115717,998
2024-09-16 12:44:40.207,417.849239453156,14
2024-09-16 12:44:40.251,417.8597712277528,104
2024-09-16 12:44:40.269,417.8018477669183,100
2024-09-16 12:44:40.374,417.77285460855353,11
2024-09-16 12:44:40.392,417.837841050465,103
2024-09-16 12:44:40.404,417.8138259628871,11
2024-09-16 12:44:40.415,417.7815359372169,95
2024-09-16 12:44:40.418,417.7846031343472,11
2024-09-16 12:44:40.459,417.8441390775117,12
2024-09-16 12:44:40.503,417.81750937972606,999
2024-09-16 12:44:40.510,417.8479276923448,13
2024-09-16 12:44:40.510,417.8242290196459,12
2024-09-16 12:44:40.539,417.80232952124754,98
2024-09-16 12:44:40.632,417.8631128561192,97
2024-09-16 12:44:40.697,417.7756468157944,999
2024-09-16 12:44:40.708,417.8653465017755,102
2024-09-16 12:44:40.710,417.8446591548397,1001
2024-09-16 12:44:40.807,417.784439845432,6
2024-09-16 12:44:40.826,417.7829949364105,100
2024-09-16 12:44:40.845,417.8724884725068,9
2024-09-16 12:44:40.848,417.8161212077476,5
2024-09-16 12:44:40.934,417.8381702896501,10
2024-09-16 12:44:40.935,417.7872803833508,6
2024-09-16 12:44:40.953,417.7684635571725,998
2024-09-16 12:44:41.001,417.866179886981,15
2024-09-16 12:44:41.100,417.8476776217131,98
2024-09-16 12:44:41.113,417.8665673321745,999
2024-09-16 12:44:41.120,417.85739549752105,12
2024-09-16 12:44:41.161,417.8504136421624,99
2024-09-16 12:44:41.162,417.8675477672293,1005
2024-09-16 12:44:41.172,417.8489365780901,9
2024-09-16 12:44:41.179,417.90446061260906,997
2024-09-16 12:44:41.198,417.83659289443926,1005
2024-09-16 12:44:41.234,417.8380401460806,7
2024-09-16 12:44:41.439,417.805622978,997
2024-09-16 12:44:41.528,417.9077625521624,103
2024-09-16 12:44:41.549,417.8798303560853,999
2024-09-16 12:44:41.685,417.8249212875925,1002
2024-09-16 12:44:41.690,417.8341076064558,10
2024-09-16 12:44:41.698,417.8051699311868,1004
2024-09-16 12:44:41.787,417.84033549364784,996
2024-09-16 12:44:41.858,417.8736819447772,101
2024-09-16 12:44:41.860,417.8756873666977,100
2024-09-16 12:44:41.872,417.8451951168837,1004
2024-09-16 12:44:41.896,417.80595864762034,9
2024-09-16 12:44:41.923,417.8663763148882,13
2024-09-16 12:44:41.941,417.8640464703737,5
2024-09-16 12:44:41.991,417.82304779447486,95
2024-09-16 12:44:41.991,417.8669220410517,1004
2024-09-16 12:44:42.302,417.9279586120432,95
2024-09-16 12:44:42.346,417.90864788238287,101
2024-09-16 12:44:42.361,417.907635108668,1003
2024-09-16 12:44:42.414,417.90662425658985,1000
2024-09-16 12:44:42.415,417.89499812338266,10
2024-09-16 12:44:42.513,417.9174116528855,98
2024-09-16 12:44:42.521,417.8866481089981,1001
2024-09-16 12:44:42.527,417.9266992053416,95
2024-09-16 12:44:42.535,417.9121057570072,102
2024-09-16 12:44:42.579,417.9025387232144,8
2024-09-16 12:44:42.632,417.9180401950143,1002
2024-09-16 12:44:42.728,417.89729373947614,998
2024-09-16 12:44:42.751,417.9321054162029,14
2024-09-16 12:44:42.789,417.8961611563211,1005
2024-09-16 12:44:42.849,417.899163861584,96
2024-09-16 12:44:42.935,417.9112981830507,1001
2024-09-16 12:44:42.978,-417.90308302394567,1001
2024-09-16 12:44:43.088,417.8224865427181,5
2024-09-16 12:44:43.127,417.8574856931308,995
2024-09-16 12:44:43.170,417.8709368831668,100
2024-09-16 12:44:43.275,417.8859385647927,997
2024-09-16 12:44:43.284,417.8925747384411,10
2024-09-16 12:44:43.309,417.90373202749385,96
2024-09-16 12:44:43.488,417.829191019756,96
2024-09-16 12:44:43.592,417.8503339346516,9
2024-09-16 12:44:43.676,417.8389560368501,6
2024-09-16 12:44:43.701,417.8564553741195,104
2024-09-16 12:44:43.746,417.83139275006266,101
2024-09-16 12:44:43.864,417.86795256645166,7
2024-09-16 12:44:43.894,417.8258532287484,15
2024-09-16 12:44:43.906,417.88027848008977,13
2024-09-16 12:44:44.068,417.818898889249,13
2024-09-16 12:44:44.361,417.8219297920127,103
2024-09-16 12:44:44.587,417.82541633261417,7
2024-09-16 12:44:45.016,417.8020375185477,1003
2024-09-16 12:44:45.072,417.7524104065809,12
2024-09-16 12:44:45.091,417.7847934658499,97
2024-09-16 12:44:45.269,417.7633417342053,1005
2024-09-16 12:44:45.471,417.7365916835805,9
2024-09-16 12:44:45.528,417.7632714654371,12
2024-09-16 12:44:45.546,417.76132152342245,999
2024-09-16 12:44:45.594,417.7851077546282,998
2024-09-16 12:44:45.636,417.7897810936079,11
2024-09-16 12:44:45.672,417.7594092480225,11
2024-09-16 12:44:45.692,417.7866930147829,996
2024-09-16 12:44:45.745,417.78408156053086,104
2024-09-16 12:44:45.913,417.805632060171,999
2024-09-16 12:44:45.922,417.79141078242486,14
2024-09-16 12:44:45.969,417.75375445578,5
2024-09-16 12:44:45.992,417.7846655833712,12
2024-09-16 12:44:46.024,417.7267595337652,1001
2024-09-16 12:44:46.047,417.74893199794025,103
2024-09-16 12:44:46.051,417.7734100570247,1001
2024-09-16 12:44:46.070,417.737157978818,14
2024-09-16 12:44:46.137,417.7601825765136,997
2024-09-16 12:44:46.159,417.77410884671855,100
2024-09-16 12:44:46.188,417.7790371078513,1004
2024-09-16 12:44:46.205,417.8221736529458,8
2024-09-16 12:44:46.213,417.8034649611403,1000
2024-09-16 12:44:46.226,417.78874491502455,104
2024-09-16 12:44:46.248,417.7504995619882,10
2024-09-16 12:44:46.279,417.7431992294764,8
2024-09-16 12:44:46.327,417.7916716793366,101
2024-09-16 12:44:46.355,417.74064481299575,102
2024-09-16 12:44:46.371,417.7429007502826,5
2024-09-16 12:44:46.443,417.7943299212081,998
2024-09-16 12:44:46.447,417.8040337087857,1000
2024-09-16 12:44:46.465,417.7439701145802,1004
2024-09-16 12:44:46.475,-417.7982619779152,13
2024-09-16 12:44:46.518,417.7668568812478,1001
2024-09-16 12:44:46.519,417.8097151519168,995
2024-09-16 12:44:46.545,417.8028203652003,15
2024-09-16 12:44:46.565,417.7916103410759,95
2024-09-16 12:44:46.709,417.8054117714999,1000
2024-09-16 12:44:46.721,417.7726311493656,9
2024-09-16 12:44:46.799,417.7901668688946,13
2024-09-16 12:44:46.851,417.8082181765512,97
2024-09-16 12:44:46.914,417.7410526503303,998
2024-09-16 12:44:46.942,417.781564444393,5
2024-09-16 12:44:46.950,417.789704746215,996
2024-09-16 12:44:47.711,417.8184983632633,996
2024-09-16 12:44:47.754,417.8234268620717,9
2024-09-16 12:44:47.788,417.8300597060434,995
2024-09-16 12:44:47.959,41.78162283419641,999
2024-09-16 12:44:48.085,417.8634037019163,104
2024-09-16 12:44:48.187,417.812676544581,96
2024-09-16 12:44:48.242,417.8080567019522,8
2024-09-16 12:44:48.242,417.8375356540029,7
2024-09-16 12:44:48.266,417.83102437591856,1000
2024-09-16 12:44:48.298,417.8275682683608,103
2024-09-16 12:44:48.456,417.8614260368036,1002
2024-09-16 12:44:48.464,417.8194590118104,15
2024-09-16 12:44:48.503,417.8524712982618,7
2024-09-16 12:44:48.515,417.80920989812927,1004
2024-09-16 12:44:48.576,417.81057552329736,1000
2024-09-16 12:44:48.588,417.83152761131305,11
2024-09-16 12:44:48.660,41.783125367781736,6
2024-09-16 12:44:48.670,417.8137321817653,997
2024-09-16 12:44:48.721,417.85646614507095,8
2024-09-16 12:44:48.780,417.8318403989711,6
2024-09-16 12:44:48.793,417.832975882421,15
2024-09-16 12:44:48.846,417.8283142268805,1002
2024-09-16 12:44:48.867,417.8688017748058,6
2024-09-16 12:44:48.926,417.8586467071657,1001
2024-09-16 12:44:48.989,417.850547737387,11
2024-09-16 12:44:49.108,41.78178883722061,1002
2024-09-16 12:44:49.165,417.840018814582,998
2024-09-16 12:44:49.187,,98
2024-09-16 12:44:49.194,417.8317754076855,8
2024-09-16 12:44:49.227,417.8360747925208,998
2024-09-16 12:44:49.270,417.8492144433649,999
2024-09-16 12:44:49.296,417.8436428937258,10
2024-09-16 12:44:49.310,417.84170008987127,1001
2024-09-16 12:44:49.388,417.8274096527099,99
2024-09-16 12:44:49.530,417.8274146308262,105
2024-09-16 12:44:49.588,417.8553250422716,8
2024-09-16 12:44:49.687,417.8190530853294,98
2024-09-16 12:44:49.700,417.8460430316939,11
2024-09-16 12:44:49.703,417.8215732157068,1002
2024-09-16 12:44:49.794,-417.8378282083794,100
2024-09-16 12:44:50.016,417.8331267642742,103
2024-09-16 12:44:50.091,417.8261510754539,101
2024-09-16 12:44:50.105,417.82442735994266,11
2024-09-16 12:44:50.163,417.8189597165088,97
2024-09-16 12:44:50.230,417.8149151828718,995
2024-09-16 12:44:50.404,417.82933461108246,998
2024-09-16 12:44:50.562,417.8193659926986,97
2024-09-16 12:44:50.790,417.8298567797309,14
2024-09-16 12:44:51.118,417.8350703993602,103
2024-09-16 12:44:51.206,417.8156014901769,98
2024-09-16 12:44:51.244,417.7925331237508,1005
2024-09-16 12:44:51.303,417.7757538003714,1003
2024-09-16 12:44:51.337,417.8055001480082,95
2024-09-16 12:44:51.550,417.8013062368088,1005
2024-09-16 12:44:51.728,417.7883604056512,11
2024-09-16 12:44:51.958,417.844705603726,999
2024-09-16 12:44:51.959,417.8065196014666,98
2024-09-16 12:44:52.059,417.82233421869904,96
2024-09-16 12:44:52.125,417.8384940937808,96
2024-09-16 12:44:52.156,417.7982101411512,99
2024-09-16 12:44:52.162,417.85283027823294,15
2024-09-16 12:44:52.327,417.85307804873855,997
2024-09-16 12:44:52.366,417.7967638923242,99
2024-09-16 12:44:52.389,417.8213188807869,996
2024-09-16 12:44:52.434,417.83630925919965,995
2024-09-16 12:44:52.448,417.8313497519631,1002
2024-09-16 12:44:52.450,417.8340635974647,996
2024-09-16 12:44:52.471,417.8144626207615,14
2024-09-16 12:44:52.525,417.81228622689525,7
2024-09-16 12:44:52.537,417.8261496196942,998
2024-09-16 12:44:52.577,417.8357377407646,15
2024-09-16 12:44:52.592,417.8040787747543,98
2024-09-16 12:44:52.634,417.8269667763175,1004
2024-09-16 12:44:52.661,417.8354507480405,13
2024-09-16 12:44:52.748,417.8410139120103,999
2024-09-16 12:44:52.770,,102
2024-09-16 12:44:52.864,417.7861311205012,1005
2024-09-16 12:44:52.891,417.81245827255657,99
2024-09-16 12:44:52.912,417.83437056752587,105
2024-09-16 12:44:52.962,417.8511457748685,996
2024-09-16 12:44:53.119,417.8270566244952,998
2024-09-16 12:44:53.223,417.83074925757495,95
2024-09-16 12:44:53.227,417.8586042835184,103
2024-09-16 12:44:53.252,417.8326931959331,1001
2024-09-16 12:44:53.268,417.8392914676793,105
2024-09-16 12:44:53.486,417.8313713884038,1001
2024-09-16 12:44:53.544,417.8311961014422,102
2024-09-16 12:44:53.550,417.8697235217708,10
2024-09-16 12:44:53.649,417.8238724935811,995
2024-09-16 12:44:53.688,417.813186465921,999
2024-09-16 12:44:53.745,417.88561368776845,101
2024-09-16 12:44:53.764,417.8313931916791,97
2024-09-16 12:44:53.788,417.8463020663965,96
2024-09-16 12:44:53.883,417.8255912041853,8
2024-09-16 12:44:53.961,417.830473377916,9
2024-09-16 12:44:53.984,417.85238219324816,98
2024-09-16 12:44:54.029,417.823664773312,100
2024-09-16 12:44:54.035,417.8227166159095,11
2024-09-16 12:44:54.129,417.8344240104844,11
2024-09-16 12:44:54.129,417.8304950927342,1003
2024-09-16 12:44:54.163,417.8068069666237,98
2024-09-16 12:44:54.268,417.8250754721674,97
2024-09-16 12:44:54.497,417.8196152426138,1001
2024-09-16 12:44:54.545,417.8165501683471,11
2024-09-16 12:44:54.550,417.816759731699,12
2024-09-16 12:44:54.567,417.82652595357246,1001
2024-09-16 12:44:54.604,417.8461921432647,99
2024-09-16 12:44:54.630,417.8181357784741,998
2024-09-16 12:44:54.830,417.8132046513561,98
2024-09-16 12:44:54.921,417.81325097770326,1004
2024-09-16 12:44:54.968,417.8275517129866,997
2024-09-16 12:44:54.992,417.81732053911867,5
2024-09-16 12:44:55.051,417.8022903230712,1003
2024-09-16 12:44:55.108,417.8327252757634,1005
2024-09-16 12:44:55.155,417.7995812965258,1002
2024-09-16 12:44:55.218,417.7924554419579,96
2024-09-16 12:44:55.271,417.8241788921023,8
2024-09-16 12:44:55.364,417.8019180477359,15
2024-09-16 12:44:55.513,417.8211469160298,13
2024-09-16 12:44:55.527,417.8362682541064,12
2024-09-16 12:44:55.557,417.8096516689081,100
2024-09-16 12:44:55.586,417.8192318587001,1000
2024-09-16 12:44:55.603,417.81313289013326,1005
2024-09-16 12:44:55.631,417.8101679604775,10
2024-09-16 12:44:55.651,417.8108958960446,103
2024-09-16 12:44:55.705,417.80573728888834,7
2024-09-16 12:44:55.723,417.7808924549575,12
2024-09-16 12:44:55.732,417.83001548532,5
2024-09-16 12:44:55.927,417.8064358749867,1005
2024-09-16 12:44:56.166,417.83924498935306,996
2024-09-16 12:44:56.237,417.82784347794194,1002
2024-09-16 12:44:56.344,417.8400989502538,97
2024-09-16 12:44:56.653,417.8399151808373,14
2024-09-16 12:44:56.722,417.83390245358095,996
2024-09-16 12:44:56.969,417.8267091892519,1004
2024-09-16 12:44:57.095,417.8596120088823,102
2024-09-16 12:44:57.659,417.8476409759856,12
2024-09-16 12:44:57.926,417.8584846907336,11
2024-09-16 12:44:58.073,417.85270920893583,14
2024-09-16 12:44:58.085,417.8469729540137,1004
2024-09-16 12:44:58.085,417.8675745846188,95
2024-09-16 12:44:58.141,417.8362442772794,999
2024-09-16 12:44:58.144,417.8706414097961,14
2024-09-16 12:44:58.173,417.8745102019053,98
2024-09-16 12:44:58.184,417.8831395863141,1003
2024-09-16 12:44:58.213,417.8703406287897,1001
2024-09-16 12:44:58.231,417.9010384550383,999
2024-09-16 12:44:58.336,417.8446439688581,12
2024-09-16 12:44:58.393,417.886683442099,103
2024-09-16 12:44:58.405,417.9027847486126,104
2024-09-16 12:44:58.504,417.8764667947113,998
2024-09-16 12:44:58.610,417.9120496166674,1000
2024-09-16 12:44:58.619,417.8434304102138,95
2024-09-16 12:44:58.673,417.8719640574443,8
2024-09-16 12:44:58.689,417.8457857161976,95
2024-09-16 12:44:58.698,417.82541149552713,1005
2024-09-16 12:44:58.737,417.83494434584486,999
2024-09-16 12:44:58.738,417.8796686712816,100
2024-09-16 12:44:58.760,417.8741323196046,1005
2024-09-16 12:44:58.903,417.8742857509554,12
2024-09-16 12:44:58.923,417.886736040428,104
2024-09-16 12:44:58.936,417.8334037825523,100
2024-09-16 12:44:58.977,417.89284801183953,1005
2024-09-16 12:44:59.191,417.9342287420207,10
2024-09-16 12:44:59.481,417.9250007425493,9
2024-09-16 12:44:59.555,417.9437995361269,997
2024-09-16 12:44:59.995,417.9338944698682,1001
