Timestamp,Price,Size
2024-09-19 09:59:00.048,415.00137548755663,1002
2024-09-19 09:59:00.078,414.99599348335227,5
2024-09-19 09:59:00.205,414.9872584128893,102
2024-09-19 09:59:00.413,415.01865441102666,104
2024-09-19 09:59:00.523,415.0012640227742,1003
2024-09-19 09:59:00.626,-414.995242815075,998
2024-09-19 09:59:00.880,414.9914776285328,100
2024-09-19 09:59:00.975,415.00480941658566,95
2024-09-19 09:59:01.107,414.9992207151241,104
2024-09-19 09:59:02.069,414.9537518278787,95
2024-09-19 09:59:02.094,415.0148573851993,8
2024-09-19 09:59:02.137,414.9698834373672,11
2024-09-19 09:59:02.192,414.9861797969551,101
2024-09-19 09:59:02.236,414.9646692923968,98
2024-09-19 09:59:02.383,414.97482977655073,1005
2024-09-19 09:59:02.490,414.969919315232,105
2024-09-19 09:59:02.547,414.9975557821202,96
2024-09-19 09:59:02.735,414.9765389542735,12
2024-09-19 09:59:02.828,41.496113326720064,1003
2024-09-19 09:59:02.943,414.9488951248089,7
2024-09-19 09:59:02.962,414.9654034448246,98
2024-09-19 09:59:02.988,414.9708163694105,6
2024-09-19 09:59:03.078,414.9404189012102,6
2024-09-19 09:59:03.121,414.95440902358087,9
2024-09-19 09:59:03.159,414.9100801897191,13
2024-09-19 09:59:03.176,414.90066921716686,97
2024-09-19 09:59:03.211,414.9190883518511,997
2024-09-19 09:59:03.211,414.9104351425529,10
2024-09-19 09:59:03.216,,7
2024-09-19 09:59:03.394,414.90829266797465,104
2024-09-19 09:59:03.461,414.927592322772,998
2024-09-19 09:59:03.616,414.92460515445407,997
2024-09-19 09:59:03.700,414.977126049669,996
2024-09-19 09:59:03.705,414.9131880442271,13
2024-09-19 09:59:03.843,414.9068955912403,13
2024-09-19 09:59:03.844,414.9108779790617,8
2024-09-19 09:59:03.880,414.95922376522793,10
2024-09-19 09:59:03.948,414.8892316013468,95
2024-09-19 09:59:03.966,414.8973391919495,1003
2024-09-19 09:59:03.967,414.9689981316099,103
2024-09-19 09:59:04.285,-414.9183117232534,1001
2024-09-19 09:59:05.422,414.93289154363015,1003
2024-09-19 09:59:05.830,414.932002584188,96
2024-09-19 09:59:05.910,414.9444657593981,997
2024-09-19 09:59:06.151,414.91866089792046,995
2024-09-19 09:59:06.494,414.9005500012505,9
2024-09-19 09:59:07.012,414.8464298631555,99
2024-09-19 09:59:07.037,414.90302699031326,102
2024-09-19 09:59:07.081,414.8783140652324,103
2024-09-19 09:59:07.110,414.90730307133856,12
2024-09-19 09:59:07.164,414.92076759856985,13
2024-09-19 09:59:07.186,414.895924118712,1005
2024-09-19 09:59:07.234,414.8168217717232,98
2024-09-19 09:59:07.239,414.8265635951295,1000
2024-09-19 09:59:07.241,414.8553586996048,104
2024-09-19 09:59:07.262,414.8482327999173,1001
2024-09-19 09:59:07.265,414.9201260435913,102
2024-09-19 09:59:07.345,414.8032370757385,12
2024-09-19 09:59:07.419,414.8867431933752,101
2024-09-19 09:59:07.472,414.8700702613304,10
2024-09-19 09:59:07.526,414.8649914177043,96
2024-09-19 09:59:07.536,414.89839812379125,98
2024-09-19 09:59:07.541,414.9024328206849,95
2024-09-19 09:59:07.643,414.8505735783456,5
2024-09-19 09:59:07.667,414.8879107585772,999
2024-09-19 09:59:07.669,414.890711036632,1003
2024-09-19 09:59:07.816,414.8763966417916,1004
2024-09-19 09:59:07.877,414.793299414608,1000
2024-09-19 09:59:08.061,414.7923841558956,13
2024-09-19 09:59:08.277,414.78908755719925,104
2024-09-19 09:59:08.362,414.8039863759566,13
2024-09-19 09:59:08.369,414.8007126175351,1004
2024-09-19 09:59:08.398,414.8026046542866,11
2024-09-19 09:59:08.429,414.8004066536262,6
2024-09-19 09:59:08.452,414.8046843885759,8
2024-09-19 09:59:08.537,414.8062536114348,8
2024-09-19 09:59:08.667,414.7868351569148,15
2024-09-19 09:59:08.763,414.80051332976376,997
2024-09-19 09:59:08.795,414.7968919199074,12
2024-09-19 09:59:08.894,414.8062101778681,7
2024-09-19 09:59:08.961,414.7689087635797,96
2024-09-19 09:59:09.021,414.8198408778047,12
2024-09-19 09:59:09.039,414.817828328528,10
2024-09-19 09:59:09.075,414.8185186797122,997
2024-09-19 09:59:09.166,414.8287393592889,102
2024-09-19 09:59:09.200,414.8184100910887,7
2024-09-19 09:59:09.243,414.806358462882,1005
2024-09-19 09:59:09.436,414.8203965852613,100
2024-09-19 09:59:09.456,414.82605754452936,103
2024-09-19 09:59:09.582,414.8290044497313,15
2024-09-19 09:59:09.686,414.83072951059177,999
2024-09-19 09:59:09.729,414.8211373580012,13
2024-09-19 09:59:09.733,414.8407077745756,11
2024-09-19 09:59:09.741,414.8144109036241,1005
2024-09-19 09:59:09.783,414.8268420370296,1005
2024-09-19 09:59:09.892,414.82599219091935,104
2024-09-19 09:59:09.942,414.8143792593963,103
2024-09-19 09:59:09.945,414.8149081775664,9
2024-09-19 09:59:09.984,414.8042531970655,995
2024-09-19 09:59:09.988,414.801841586956,103
2024-09-19 09:59:10.096,414.7992951718755,997
2024-09-19 09:59:10.102,414.78382867255385,12
2024-09-19 09:59:10.231,414.7925503752544,103
2024-09-19 09:59:10.329,414.7705032006803,998
2024-09-19 09:59:10.343,414.8014122746292,14
2024-09-19 09:59:10.347,414.8019475174279,1004
2024-09-19 09:59:10.423,414.81138259998255,12
2024-09-19 09:59:10.512,414.7720365741324,9
2024-09-19 09:59:10.691,414.80023404998224,1001
2024-09-19 09:59:10.704,414.82744255658736,13
2024-09-19 09:59:10.790,414.78872841664446,104
2024-09-19 09:59:10.809,414.8034812901985,14
2024-09-19 09:59:10.815,414.80146724135886,102
2024-09-19 09:59:10.850,414.7900811568639,1004
2024-09-19 09:59:10.993,414.78690241360016,11
2024-09-19 09:59:11.102,414.7851151314687,101
2024-09-19 09:59:11.123,414.7910327430475,1000
2024-09-19 09:59:11.361,414.8158122118136,96
2024-09-19 09:59:11.362,414.79177527761465,99
2024-09-19 09:59:11.536,414.801549791179,12
2024-09-19 09:59:11.632,414.8155466523848,997
2024-09-19 09:59:11.639,414.79707557025534,10
2024-09-19 09:59:11.823,414.7975729891212,995
2024-09-19 09:59:11.903,414.8094220484262,1002
2024-09-19 09:59:11.916,414.7775157876746,104
2024-09-19 09:59:11.928,414.82054254923855,8
2024-09-19 09:59:11.934,414.8046908379704,8
2024-09-19 09:59:11.965,414.7909851798048,997
2024-09-19 09:59:11.966,414.7955778103878,998
2024-09-19 09:59:12.080,414.8070818172053,1002
2024-09-19 09:59:12.326,414.7865344560346,11
2024-09-19 09:59:12.462,414.806506137848,1004
2024-09-19 09:59:12.607,414.8152388283734,102
2024-09-19 09:59:12.610,414.7980930751661,999
2024-09-19 09:59:12.816,414.8093508011589,96
2024-09-19 09:59:13.008,414.8675387472911,11
2024-09-19 09:59:13.052,414.8193302413418,5
2024-09-19 09:59:13.155,414.8208516111546,7
2024-09-19 09:59:13.187,414.79979301385066,8
2024-09-19 09:59:13.265,414.8020360968187,99
2024-09-19 09:59:13.371,414.8036078198992,8
2024-09-19 09:59:13.428,414.8515314520997,997
2024-09-19 09:59:13.528,414.8464823999159,97
2024-09-19 09:59:13.655,414.82685813030696,12
2024-09-19 09:59:13.687,414.8258539734474,13
2024-09-19 09:59:13.690,414.8628735273843,95
2024-09-19 09:59:13.732,414.8329302047958,99
2024-09-19 09:59:13.751,414.8403913149493,14
2024-09-19 09:59:13.764,414.8575339965595,6
2024-09-19 09:59:13.777,414.8376611322472,104
2024-09-19 09:59:13.798,414.81405842473424,12
2024-09-19 09:59:13.890,414.84796063553546,1001
2024-09-19 09:59:14.145,414.7861416318089,1002
2024-09-19 09:59:14.257,414.8122863373354,97
2024-09-19 09:59:14.292,414.8211573734452,102
2024-09-19 09:59:14.309,414.7889952874594,9
2024-09-19 09:59:14.353,414.8101707074503,104
2024-09-19 09:59:14.353,414.825985599782,6
2024-09-19 09:59:14.394,414.815764093767,105
2024-09-19 09:59:14.497,414.8002116534658,5
2024-09-19 09:59:14.557,414.837490642212,6
2024-09-19 09:59:14.574,414.8428627110687,96
2024-09-19 09:59:14.583,414.8189826057748,101
2024-09-19 09:59:14.614,414.83909599480296,6
2024-09-19 09:59:14.629,414.8294802271124,1001
2024-09-19 09:59:14.693,414.8158904366496,14
2024-09-19 09:59:14.794,414.8260939057196,12
2024-09-19 09:59:14.883,414.8371952724872,1004
2024-09-19 09:59:14.897,414.80739308111686,1005
2024-09-19 09:59:14.909,414.7864327509052,995
2024-09-19 09:59:15.220,414.8062305963353,10
2024-09-19 09:59:15.244,414.79161895667465,1000
2024-09-19 09:59:15.406,414.79410368387,95
2024-09-19 09:59:15.496,414.7911392759587,102
2024-09-19 09:59:15.558,414.8249197379236,1001
2024-09-19 09:59:16.009,414.89153200036577,5
2024-09-19 09:59:16.080,414.87768804315687,998
2024-09-19 09:59:16.112,414.8782230655714,999
2024-09-19 09:59:16.142,414.8622456617481,1004
2024-09-19 09:59:16.151,414.8193601191024,11
2024-09-19 09:59:16.156,414.8166738716138,98
2024-09-19 09:59:16.174,,1001
2024-09-19 09:59:16.267,414.8506340425645,11
2024-09-19 09:59:16.301,414.8156014583448,98
2024-09-19 09:59:16.312,414.8761077170773,997
2024-09-19 09:59:16.327,414.845614987753,100
2024-09-19 09:59:16.376,414.8195403405175,11
2024-09-19 09:59:16.407,414.8579149473927,6
2024-09-19 09:59:16.469,414.8967742875412,997
2024-09-19 09:59:16.544,414.8206076070968,99
2024-09-19 09:59:16.611,414.8222251023864,95
2024-09-19 09:59:16.660,414.85670229269647,995
2024-09-19 09:59:16.662,414.88123781116616,102
2024-09-19 09:59:16.674,414.8375048425904,104
2024-09-19 09:59:16.736,414.8554030852434,99
2024-09-19 09:59:16.789,414.8691624745447,1003
2024-09-19 09:59:16.845,414.8970767739141,11
2024-09-19 09:59:16.902,414.8665036210948,11
2024-09-19 09:59:16.940,414.88185210469896,99
2024-09-19 09:59:16.966,414.90264080477687,102
2024-09-19 09:59:16.976,414.8702868373972,14
2024-09-19 09:59:16.994,414.81805389371976,12
2024-09-19 09:59:17.015,414.92963751190905,1004
2024-09-19 09:59:17.099,414.8768226214697,98
2024-09-19 09:59:17.183,414.929021437172,6
2024-09-19 09:59:17.194,414.8959719393555,999
2024-09-19 09:59:17.340,414.891210290996,95
2024-09-19 09:59:17.430,414.96375912472354,7
2024-09-19 09:59:17.439,414.9161087997963,100
2024-09-19 09:59:17.475,414.8982767160824,96
2024-09-19 09:59:17.508,414.9717595650661,12
2024-09-19 09:59:17.532,414.8930184780578,97
2024-09-19 09:59:17.552,414.9615157316748,6
2024-09-19 09:59:17.665,414.9492054416453,12
2024-09-19 09:59:17.699,414.9207058908156,95
2024-09-19 09:59:17.763,414.9242908622159,1005
2024-09-19 09:59:17.766,414.9152592505086,101
2024-09-19 09:59:17.880,414.9335098552071,13
2024-09-19 09:59:17.917,414.89384511877705,7
2024-09-19 09:59:17.927,414.931889233502,7
2024-09-19 09:59:17.980,414.9322178635727,98
2024-09-19 09:59:18.049,414.92328647284006,96
2024-09-19 09:59:18.058,414.9557370626972,998
2024-09-19 09:59:18.131,414.940656559936,99
2024-09-19 09:59:18.247,414.9362836618481,8
2024-09-19 09:59:18.391,414.9135482003719,98
2024-09-19 09:59:18.458,414.9857843413237,9
2024-09-19 09:59:18.524,414.9645605420059,1005
2024-09-19 09:59:18.548,414.95821988763134,5
2024-09-19 09:59:18.682,414.9532701145289,7
2024-09-19 09:59:18.712,,12
2024-09-19 09:59:18.732,414.9835716154787,96
2024-09-19 09:59:18.743,414.95471902528334,5
2024-09-19 09:59:18.779,414.96894680785226,15
2024-09-19 09:59:18.796,414.9395266665035,999
2024-09-19 09:59:18.969,414.9432564992411,11
2024-09-19 09:59:19.023,414.9984139257974,97
2024-09-19 09:59:19.156,415.0198369156898,10
2024-09-19 09:59:19.176,414.9905199754445,995
2024-09-19 09:59:19.200,415.01113819610185,95
2024-09-19 09:59:19.236,415.0099467805299,104
2024-09-19 09:59:19.296,415.0029683911939,100
2024-09-19 09:59:19.608,415.0090644302674,105
2024-09-19 09:59:19.781,414.9990063157124,102
2024-09-19 09:59:19.863,415.001876544715,12
2024-09-19 09:59:19.875,415.0049520412669,8
2024-09-19 09:59:20.400,415.0107398522811,10
2024-09-19 09:59:21.067,414.9230093602959,96
2024-09-19 09:59:21.164,414.9858704474116,8
2024-09-19 09:59:21.180,414.9315019941616,101
2024-09-19 09:59:21.249,415.02886985697154,998
2024-09-19 09:59:21.276,415.0173056722495,9
2024-09-19 09:59:21.333,415.0247412263383,13
2024-09-19 09:59:21.349,414.9278842598386,8
2024-09-19 09:59:21.364,415.0203115844368,999
2024-09-19 09:59:21.367,415.02386854901886,12
2024-09-19 09:59:21.374,414.95749265835553,104
2024-09-19 09:59:21.441,415.01145499024994,103
2024-09-19 09:59:21.445,414.9368882157384,96
2024-09-19 09:59:21.474,414.9229420777904,5
2024-09-19 09:59:21.478,41.4943504825761,100
2024-09-19 09:59:21.493,415.0106478130045,8
2024-09-19 09:59:21.655,415.020158371936,7
2024-09-19 09:59:21.665,415.0081855016229,1003
2024-09-19 09:59:21.728,415.0068606019638,104
2024-09-19 09:59:21.732,415.0089118601011,99
2024-09-19 09:59:21.750,414.9510821446272,13
2024-09-19 09:59:21.860,415.0136973556516,1005
2024-09-19 09:59:21.895,414.9870598218237,12
2024-09-19 09:59:21.901,414.91223953853984,1002
2024-09-19 09:59:21.906,414.99439466231007,96
2024-09-19 09:59:21.923,414.9569820582636,105
2024-09-19 09:59:21.943,415.0147849893009,996
2024-09-19 09:59:21.987,415.01871649373686,13
2024-09-19 09:59:22.022,414.8801675951949,15
2024-09-19 09:59:22.037,414.85801960517966,8
2024-09-19 09:59:22.049,414.8646168344611,12
2024-09-19 09:59:22.075,414.8399034174778,10
2024-09-19 09:59:22.121,414.85542424630165,96
2024-09-19 09:59:22.147,414.85355987239205,8
2024-09-19 09:59:22.148,414.9050327317463,105
2024-09-19 09:59:22.170,414.8745380791439,11
2024-09-19 09:59:22.183,414.85378225794886,10
2024-09-19 09:59:22.276,414.8965794388623,1000
2024-09-19 09:59:22.320,414.8648112757261,1005
2024-09-19 09:59:22.337,414.8809542313638,1000
2024-09-19 09:59:22.363,414.8467712560225,14
2024-09-19 09:59:22.657,414.859538388601,1000
2024-09-19 09:59:22.761,414.86445677651193,104
2024-09-19 09:59:22.762,414.84698850862986,95
2024-09-19 09:59:22.787,414.8859215300628,1001
2024-09-19 09:59:22.822,414.8544607156425,1001
2024-09-19 09:59:22.864,414.89733964483565,998
2024-09-19 09:59:22.892,414.8427784091826,1000
2024-09-19 09:59:22.965,414.8224891281525,1000
2024-09-19 09:59:22.990,414.88335751987137,8
2024-09-19 09:59:23.651,414.8937187583696,98
2024-09-19 09:59:24.060,414.9535194501846,11
2024-09-19 09:59:24.264,414.9475877726871,1004
2024-09-19 09:59:24.378,414.92867206040734,1001
2024-09-19 09:59:24.380,414.9561716157814,97
2024-09-19 09:59:24.427,414.9443803216517,13
2024-09-19 09:59:24.559,414.95621603707406,98
2024-09-19 09:59:24.604,414.95511840522585,6
2024-09-19 09:59:24.704,414.94476924100985,1000
2024-09-19 09:59:24.806,414.95660152515376,6
2024-09-19 09:59:24.816,414.94855688562194,99
2024-09-19 09:59:24.856,414.9408510582069,97
2024-09-19 09:59:24.914,414.8996570915773,13
2024-09-19 09:59:24.974,414.9514805847664,104
2024-09-19 09:59:25.040,414.9341401590317,995
2024-09-19 09:59:25.050,414.9387609270398,13
2024-09-19 09:59:25.157,414.9154998509711,104
2024-09-19 09:59:25.288,414.9479647014011,9
2024-09-19 09:59:25.564,414.9434319352895,5
2024-09-19 09:59:25.599,414.9287093321229,13
2024-09-19 09:59:25.727,414.944700561426,102
2024-09-19 09:59:25.828,414.9606013440154,102
2024-09-19 09:59:26.010,415.07213740538,1002
2024-09-19 09:59:26.036,415.04115687397183,13
2024-09-19 09:59:26.213,415.0458015747548,97
2024-09-19 09:59:26.244,414.9522872448813,1004
2024-09-19 09:59:26.288,415.04758438948886,12
2024-09-19 09:59:26.366,414.97797771460137,13
2024-09-19 09:59:26.399,414.9611171115347,8
2024-09-19 09:59:26.435,415.0186226656381,13
2024-09-19 09:59:26.494,414.9806086794274,999
2024-09-19 09:59:26.502,415.0054818391553,14
2024-09-19 09:59:26.529,415.0459679760176,95
2024-09-19 09:59:26.551,414.9905057162665,101
2024-09-19 09:59:26.565,415.0479018985619,1005
2024-09-19 09:59:26.575,415.0646092911482,998
2024-09-19 09:59:26.609,414.97625184560553,1005
2024-09-19 09:59:26.625,414.95576494591023,97
2024-09-19 09:59:26.667,415.01733084809183,10
2024-09-19 09:59:26.735,415.07318468141307,6
2024-09-19 09:59:26.786,415.0416636178474,103
2024-09-19 09:59:26.788,414.9782543333431,95
2024-09-19 09:59:26.876,415.0712292448285,97
2024-09-19 09:59:26.954,415.0731141223817,1000
2024-09-19 09:59:27.078,415.02496303811176,101
2024-09-19 09:59:27.152,415.0405149820642,104
2024-09-19 09:59:27.167,415.0400103417457,14
2024-09-19 09:59:27.212,415.0289799230116,1004
2024-09-19 09:59:27.263,415.0326630453279,11
2024-09-19 09:59:27.528,415.0473422689978,1000
2024-09-19 09:59:27.614,415.0300810181381,105
2024-09-19 09:59:27.641,415.0313019785136,999
2024-09-19 09:59:27.897,415.0187828979168,105
2024-09-19 09:59:27.954,415.02163618259175,1000
2024-09-19 09:59:28.292,415.0321513285088,997
2024-09-19 09:59:28.662,415.0335725193458,996
2024-09-19 09:59:29.084,415.0277803367486,1005
2024-09-19 09:59:29.178,415.0942808894479,101
2024-09-19 09:59:29.411,415.0739259571739,1004
2024-09-19 09:59:29.417,415.0725883867703,6
2024-09-19 09:59:29.543,415.0862403782283,1005
2024-09-19 09:59:29.618,415.0277789151193,101
2024-09-19 09:59:29.669,415.084209657126,98
2024-09-19 09:59:29.680,415.108610227748,9
2024-09-19 09:59:29.721,415.0230746713418,8
2024-09-19 09:59:29.723,415.1122165801265,98
2024-09-19 09:59:29.750,415.0882312456048,9
2024-09-19 09:59:29.766,415.07853423068696,1005
2024-09-19 09:59:29.773,415.0470784091451,998
2024-09-19 09:59:29.790,415.0216132146846,99
2024-09-19 09:59:29.818,415.1133420529736,8
2024-09-19 09:59:29.826,415.0275030615452,1002
2024-09-19 09:59:29.832,415.0819168765727,96
2024-09-19 09:59:29.852,415.0169980053869,103
2024-09-19 09:59:29.948,415.0906569137762,1002
2024-09-19 09:59:29.965,415.0730559359436,100
2024-09-19 09:59:29.966,415.0536497418942,12
2024-09-19 09:59:30.385,415.10336421575954,96
2024-09-19 09:59:30.647,415.08344902168056,996
2024-09-19 09:59:30.668,415.08102269613136,1002
2024-09-19 09:59:30.961,415.0922303466784,12
2024-09-19 09:59:31.129,415.15710137370127,999
2024-09-19 09:59:31.155,415.080635484152,6
2024-09-19 09:59:31.159,415.1478231524212,100
2024-09-19 09:59:31.209,415.1394532873415,96
2024-09-19 09:59:31.211,415.09269216381,99
2024-09-19 09:59:31.309,415.1413963973195,97
2024-09-19 09:59:31.380,415.13116188015607,103
2024-09-19 09:59:31.393,415.1035290757855,101
2024-09-19 09:59:31.413,415.1131659214055,998
2024-09-19 09:59:31.436,415.1376857971196,5
2024-09-19 09:59:31.469,415.1747268243544,101
2024-09-19 09:59:31.494,415.0926911062486,1004
2024-09-19 09:59:31.542,415.14876066780334,6
2024-09-19 09:59:31.545,415.157816746007,7
2024-09-19 09:59:31.566,415.1316202046147,105
2024-09-19 09:59:31.609,415.1535221442274,13
2024-09-19 09:59:31.611,415.1356776181989,1002
2024-09-19 09:59:31.659,415.1021445874483,1000
2024-09-19 09:59:31.713,415.1099782181272,997
2024-09-19 09:59:31.718,415.1581804698138,103
2024-09-19 09:59:31.766,415.1347760426749,95
2024-09-19 09:59:31.814,415.10818094298094,15
2024-09-19 09:59:31.853,415.1703321421902,1004
2024-09-19 09:59:31.857,415.1315417779528,98
2024-09-19 09:59:31.881,415.1681444804695,995
2024-09-19 09:59:31.942,415.1659280048336,7
2024-09-19 09:59:31.991,415.1392128987903,10
2024-09-19 09:59:32.027,415.1930412704004,101
2024-09-19 09:59:32.107,415.22075982214034,105
2024-09-19 09:59:32.159,415.2056832283063,1000
2024-09-19 09:59:32.314,415.2142216826072,996
2024-09-19 09:59:32.327,415.1945661611088,995
2024-09-19 09:59:32.462,415.2051525781179,104
2024-09-19 09:59:32.540,415.2085614829204,104
2024-09-19 09:59:32.740,415.2110079780986,103
2024-09-19 09:59:33.000,415.2366917442265,98
2024-09-19 09:59:33.070,415.1580129197002,5
2024-09-19 09:59:33.155,415.1504700572289,105
2024-09-19 09:59:33.180,415.24200637473473,6
2024-09-19 09:59:33.199,415.23932899267976,1004
2024-09-19 09:59:33.272,415.1826507302525,7
2024-09-19 09:59:33.320,415.2469513543072,8
2024-09-19 09:59:33.325,415.23948459814153,11
2024-09-19 09:59:33.330,415.1631862054807,999
2024-09-19 09:59:33.367,415.1768099614176,11
2024-09-19 09:59:33.426,415.2202368089607,6
2024-09-19 09:59:33.452,415.2146931362126,1002
2024-09-19 09:59:33.464,415.1627098397643,1001
2024-09-19 09:59:33.477,-415.2082966218978,8
2024-09-19 09:59:33.499,415.20420651521647,8
2024-09-19 09:59:33.511,415.19080746513,1002
2024-09-19 09:59:33.516,415.22427753483646,14
2024-09-19 09:59:33.570,415.2536070210006,96
2024-09-19 09:59:33.596,415.2392109861032,15
2024-09-19 09:59:33.765,415.1555359800257,105
2024-09-19 09:59:33.812,415.216744701,7
2024-09-19 09:59:33.842,415.1659792081054,14
2024-09-19 09:59:33.863,415.2193458191205,995
2024-09-19 09:59:33.874,415.16042963887577,10
2024-09-19 09:59:33.908,415.248337117797,101
2024-09-19 09:59:33.909,415.2328305683939,10
2024-09-19 09:59:33.955,415.2345238735424,96
2024-09-19 09:59:33.960,415.2047826549573,98
2024-09-19 09:59:34.441,415.1634423066294,104
2024-09-19 09:59:34.522,415.1712615387236,8
2024-09-19 09:59:35.042,415.1179101999007,1004
2024-09-19 09:59:35.048,415.102915642589,1005
2024-09-19 09:59:35.056,415.1308178347757,997
2024-09-19 09:59:35.091,415.08795735866505,5
2024-09-19 09:59:35.097,415.11989383883486,1003
2024-09-19 09:59:35.275,415.1402549229688,996
2024-09-19 09:59:35.286,415.10012562248966,14
2024-09-19 09:59:35.339,415.16943621841176,101
2024-09-19 09:59:35.402,415.1371398315581,7
2024-09-19 09:59:35.450,415.18340812210977,95
2024-09-19 09:59:35.477,415.06593573596746,11
2024-09-19 09:59:35.630,,1000
2024-09-19 09:59:35.658,415.1634957258335,97
2024-09-19 09:59:35.676,415.0805677513289,15
2024-09-19 09:59:35.694,415.1758514692555,13
2024-09-19 09:59:35.783,415.1754187603531,8
2024-09-19 09:59:35.788,415.0932405546467,105
2024-09-19 09:59:36.153,415.0650522095352,1002
2024-09-19 09:59:37.540,415.0605103125753,5
2024-09-19 09:59:37.776,415.0426978056148,104
2024-09-19 09:59:37.888,415.0517290748613,102
2024-09-19 09:59:38.051,415.0750543669664,100
2024-09-19 09:59:38.134,415.08562549979285,101
2024-09-19 09:59:38.241,415.0932482508961,95
2024-09-19 09:59:38.262,415.06003544709154,1001
2024-09-19 09:59:38.388,415.0813147926231,1004
2024-09-19 09:59:38.546,415.060435721183,1005
2024-09-19 09:59:38.547,415.0739629426451,7
2024-09-19 09:59:38.580,415.07938192166574,104
2024-09-19 09:59:38.686,415.066405907744,1003
2024-09-19 09:59:38.816,415.0741755940605,8
2024-09-19 09:59:38.868,415.0625367958828,10
2024-09-19 09:59:38.879,415.0569777694519,15
2024-09-19 09:59:39.234,415.11938638752446,95
2024-09-19 09:59:39.388,415.1017762539228,15
2024-09-19 09:59:39.397,415.0965543680057,6
2024-09-19 09:59:39.413,415.0856877208794,104
2024-09-19 09:59:39.422,415.0807295863796,102
2024-09-19 09:59:39.430,415.1081700275425,996
2024-09-19 09:59:39.450,415.0873303039021,1005
2024-09-19 09:59:39.542,,7
2024-09-19 09:59:39.645,415.0721611524921,999
2024-09-19 09:59:39.751,415.1039449707041,103
2024-09-19 09:59:39.759,415.1125290955805,11
2024-09-19 09:59:39.787,415.0628855901998,101
2024-09-19 09:59:39.800,415.1145669835789,103
2024-09-19 09:59:39.805,415.0719265940664,8
2024-09-19 09:59:39.823,415.1167115586856,6
2024-09-19 09:59:39.973,415.0598649584842,995
2024-09-19 09:59:40.114,415.098001931699,1002
2024-09-19 09:59:40.131,415.10150526921393,14
2024-09-19 09:59:40.192,415.0828371686944,97
2024-09-19 09:59:40.374,-415.1146376810621,997
2024-09-19 09:59:40.476,415.08722068886505,8
2024-09-19 09:59:40.559,415.0824933942325,997
2024-09-19 09:59:40.712,415.0977378121412,14
2024-09-19 09:59:40.948,415.0965947487092,995
2024-09-19 09:59:41.013,415.115375340917,1002
2024-09-19 09:59:41.097,415.0215413898633,1002
2024-09-19 09:59:41.137,415.020774114908,95
2024-09-19 09:59:41.187,415.0254699324343,999
2024-09-19 09:59:41.197,415.02664070911226,99
2024-09-19 09:59:41.415,415.1357701251356,98
2024-09-19 09:59:41.421,415.1066611320512,1002
2024-09-19 09:59:41.456,415.1224995414416,998
2024-09-19 09:59:41.459,415.0335257301635,11
2024-09-19 09:59:41.496,415.0667626394289,104
2024-09-19 09:59:41.504,415.1256817597753,101
2024-09-19 09:59:41.720,415.0370238954006,9
2024-09-19 09:59:41.739,415.1463488715044,8
2024-09-19 09:59:41.852,415.1139546205175,102
2024-09-19 09:59:41.892,415.12258504676646,103
2024-09-19 09:59:41.894,415.0327600073658,11
2024-09-19 09:59:41.907,415.0370476329176,103
2024-09-19 09:59:41.959,415.1003668690408,1005
2024-09-19 09:59:42.046,415.05119913728686,998
2024-09-19 09:59:42.300,415.0403420845605,1000
2024-09-19 09:59:42.395,415.0307738275161,95
2024-09-19 09:59:42.411,415.0394869232,7
2024-09-19 09:59:42.438,415.0361870235767,104
2024-09-19 09:59:42.488,415.02820233755136,100
2024-09-19 09:59:42.518,415.0496099281608,1004
2024-09-19 09:59:42.746,415.0423783658866,15
2024-09-19 09:59:42.772,415.01798676383646,7
2024-09-19 09:59:42.861,415.04282607858,101
2024-09-19 09:59:42.917,415.0480908353394,12
2024-09-19 09:59:42.965,415.0341039096789,1003
2024-09-19 09:59:42.969,415.0278337516558,996
2024-09-19 09:59:43.007,415.0900875413666,7
2024-09-19 09:59:43.075,415.0677215766256,104
2024-09-19 09:59:43.089,415.06707781719535,1002
2024-09-19 09:59:43.156,415.0537710795241,101
2024-09-19 09:59:43.232,415.05793615860864,1001
2024-09-19 09:59:43.324,415.0633884954052,10
2024-09-19 09:59:43.338,415.0637234693441,95
2024-09-19 09:59:43.373,415.05485411465975,12
2024-09-19 09:59:43.490,415.0325363553797,5
2024-09-19 09:59:43.887,415.06491901854525,12
2024-09-19 09:59:43.977,415.07558635385845,99
2024-09-19 09:59:44.051,415.09048412726975,997
2024-09-19 09:59:44.646,415.1138745189377,7
2024-09-19 09:59:44.827,415.1192896135266,11
2024-09-19 09:59:44.948,415.09056644910646,99
2024-09-19 09:59:45.032,,11
2024-09-19 09:59:45.190,415.1238694091776,5
2024-09-19 09:59:45.222,415.1268854706152,1005
2024-09-19 09:59:45.236,415.1165055347119,995
2024-09-19 09:59:45.259,415.12286717528,13
2024-09-19 09:59:45.412,415.1201521674888,6
2024-09-19 09:59:45.509,415.1370907978762,11
2024-09-19 09:59:45.530,415.11565058571614,102
2024-09-19 09:59:45.628,415.1231144230612,96
2024-09-19 09:59:45.686,415.13229967915777,97
2024-09-19 09:59:45.715,415.1350686979253,1004
2024-09-19 09:59:45.842,415.11071722378847,997
2024-09-19 09:59:45.897,415.1239885158097,99
2024-09-19 09:59:45.923,415.1208000345575,8
2024-09-19 09:59:45.961,415.1221400869889,12
2024-09-19 09:59:45.995,415.1137972041225,13
2024-09-19 09:59:46.013,415.13970908829873,998
2024-09-19 09:59:46.025,415.1396736799061,1002
2024-09-19 09:59:46.036,415.1106288414336,97
2024-09-19 09:59:46.054,415.1221405013526,1004
2024-09-19 09:59:46.057,415.1151425709394,1000
2024-09-19 09:59:46.181,415.17476293615454,96
2024-09-19 09:59:46.349,415.14029954187714,1003
2024-09-19 09:59:46.363,415.1486274810631,10
2024-09-19 09:59:46.370,415.1310642092017,98
2024-09-19 09:59:46.521,415.1508809720792,102
2024-09-19 09:59:46.525,415.17766081923,1002
2024-09-19 09:59:46.564,415.1172060882519,1004
2024-09-19 09:59:46.607,415.11484974004446,97
2024-09-19 09:59:46.666,415.1256746317376,103
2024-09-19 09:59:46.676,415.0874213503898,1004
2024-09-19 09:59:46.708,415.1235599439569,12
2024-09-19 09:59:46.804,415.13693293482,103
2024-09-19 09:59:46.832,415.1619271834388,95
2024-09-19 09:59:46.856,41.50876834877556,8
2024-09-19 09:59:46.880,415.1072540695771,11
2024-09-19 09:59:46.891,415.1791757161948,1000
2024-09-19 09:59:46.894,415.1513441580509,1001
2024-09-19 09:59:46.912,415.10408668279325,11
2024-09-19 09:59:47.218,415.1693016719312,10
2024-09-19 09:59:47.220,415.1674328586517,99
2024-09-19 09:59:47.321,415.204472782398,100
2024-09-19 09:59:47.336,415.19143518783073,14
2024-09-19 09:59:47.389,-415.17000750501694,5
2024-09-19 09:59:47.456,415.1891368364716,1002
2024-09-19 09:59:47.491,415.15988965609375,7
2024-09-19 09:59:47.534,415.1955937689592,1004
2024-09-19 09:59:47.540,415.15960891790667,1001
2024-09-19 09:59:47.572,415.1821135339608,103
2024-09-19 09:59:47.644,415.1846566299687,13
2024-09-19 09:59:47.817,415.1912312002716,104
2024-09-19 09:59:47.904,415.1830067007436,14
2024-09-19 09:59:47.905,415.1789295315,15
2024-09-19 09:59:48.055,415.1492174116943,11
2024-09-19 09:59:48.064,415.1682148368456,103
2024-09-19 09:59:48.096,415.1515830196383,1001
2024-09-19 09:59:48.099,415.1587594036602,996
2024-09-19 09:59:48.132,415.1569595702395,12
2024-09-19 09:59:48.190,415.140158018547,15
2024-09-19 09:59:48.271,415.1741494237239,999
2024-09-19 09:59:48.278,415.1441415725002,101
2024-09-19 09:59:48.304,41.51591117948197,101
2024-09-19 09:59:48.370,415.16406446195697,98
2024-09-19 09:59:48.387,415.1533938319104,7
2024-09-19 09:59:48.439,415.1335011505414,95
2024-09-19 09:59:48.494,415.17151191464734,6
2024-09-19 09:59:48.533,415.1453222975323,101
2024-09-19 09:59:48.541,415.1497882405943,1004
2024-09-19 09:59:48.568,415.1762847040846,100
2024-09-19 09:59:48.610,415.17111290710056,1005
2024-09-19 09:59:48.697,415.1368497595909,5
2024-09-19 09:59:48.698,415.1578720899462,101
2024-09-19 09:59:48.699,415.1610558852673,997
2024-09-19 09:59:48.708,415.1615502764176,999
2024-09-19 09:59:48.875,415.13856350465824,101
2024-09-19 09:59:48.926,415.17245343187767,95
2024-09-19 09:59:48.940,415.1356305247917,95
2024-09-19 09:59:48.980,415.1506957277037,6
2024-09-19 09:59:48.989,415.17385085793865,96
2024-09-19 09:59:49.191,415.1488953986428,98
2024-09-19 09:59:49.454,415.1565145325864,1003
2024-09-19 09:59:49.485,415.1412005213267,105
2024-09-19 09:59:49.519,415.15220095592457,99
2024-09-19 09:59:49.554,415.1452053121075,9
2024-09-19 09:59:49.622,415.1454490752964,102
2024-09-19 09:59:49.663,415.1668527571869,5
2024-09-19 09:59:49.862,415.16113395585705,11
2024-09-19 09:59:49.956,415.1687584062949,102
2024-09-19 09:59:49.971,415.15322696473385,999
2024-09-19 09:59:50.050,415.2559237035479,14
2024-09-19 09:59:50.094,415.1463351562222,1003
2024-09-19 09:59:50.135,415.1522369084432,1001
2024-09-19 09:59:50.165,415.20330849683097,103
2024-09-19 09:59:50.172,415.2064078077528,14
2024-09-19 09:59:50.214,415.13250333346366,100
2024-09-19 09:59:50.239,415.2211765738039,105
2024-09-19 09:59:50.247,,6
2024-09-19 09:59:50.287,,5
2024-09-19 09:59:50.326,415.1786338961938,15
2024-09-19 09:59:50.355,415.21477087835297,105
2024-09-19 09:59:50.364,415.1430141669762,96
2024-09-19 09:59:50.461,415.207690695131,7
2024-09-19 09:59:50.486,415.2166002562444,15
2024-09-19 09:59:50.488,415.2396570015275,1005
2024-09-19 09:59:50.491,415.1795333259898,11
2024-09-19 09:59:50.508,415.2191261894469,1000
2024-09-19 09:59:50.520,415.166914373461,998
2024-09-19 09:59:50.532,415.2113839163947,999
2024-09-19 09:59:50.654,415.1464332487667,100
2024-09-19 09:59:50.667,415.2506708664174,102
2024-09-19 09:59:50.701,415.2528813504869,995
2024-09-19 09:59:50.714,415.1657481095416,97
2024-09-19 09:59:50.728,415.2600819712133,10
2024-09-19 09:59:50.768,415.233231098708,997
2024-09-19 09:59:50.822,415.21780378708814,14
2024-09-19 09:59:50.863,415.2118758444156,995
2024-09-19 09:59:50.935,415.2352117669815,999
2024-09-19 09:59:50.957,415.2367922994037,97
2024-09-19 09:59:51.009,415.3771228131601,99
2024-09-19 09:59:51.047,415.3659205826256,1001
2024-09-19 09:59:51.107,415.27754520046096,101
2024-09-19 09:59:51.166,415.3878734479243,96
2024-09-19 09:59:51.200,415.36566417667785,100
2024-09-19 09:59:51.206,415.3944254871889,6
2024-09-19 09:59:51.232,415.2711794452496,12
2024-09-19 09:59:51.303,415.3531293872997,96
2024-09-19 09:59:51.348,415.3688322113049,1000
2024-09-19 09:59:51.372,415.3881757660869,999
2024-09-19 09:59:51.433,415.2532026106209,995
2024-09-19 09:59:51.595,415.2937444979992,7
2024-09-19 09:59:51.669,415.2869228755737,1001
2024-09-19 09:59:51.679,415.362769583918,8
2024-09-19 09:59:51.795,415.3293469167894,996
2024-09-19 09:59:51.799,415.380570350206,1001
2024-09-19 09:59:51.871,415.3823662745033,1003
2024-09-19 09:59:51.923,415.3987272877462,96
2024-09-19 09:59:52.006,415.3791441530896,99
2024-09-19 09:59:52.185,415.3912926855904,8
2024-09-19 09:59:52.525,415.4176782361772,5
2024-09-19 09:59:52.813,415.3981793362683,97
2024-09-19 09:59:53.247,415.4501162841808,995
2024-09-19 09:59:53.330,415.4293620426577,103
2024-09-19 09:59:53.384,415.4440046393607,95
2024-09-19 09:59:53.695,415.4539777171397,7
2024-09-19 09:59:53.794,415.453239927654,103
2024-09-19 09:59:53.856,415.4491469712009,105
2024-09-19 09:59:54.357,415.4437347015006,14
2024-09-19 09:59:55.008,415.44009577968416,997
2024-09-19 09:59:55.022,415.45458742215294,1003
2024-09-19 09:59:55.037,415.4545300272114,6
2024-09-19 09:59:55.071,415.4484141985105,1002
2024-09-19 09:59:55.111,415.4204117523345,7
2024-09-19 09:59:55.155,415.4236136072737,8
2024-09-19 09:59:55.198,415.4497021834416,8
2024-09-19 09:59:55.202,415.4380161196674,12
2024-09-19 09:59:55.267,415.413133098746,104
2024-09-19 09:59:55.299,415.46130528163,1003
2024-09-19 09:59:55.633,415.4247633933697,103
2024-09-19 09:59:55.633,415.451661976252,1001
2024-09-19 09:59:55.691,415.4043200910071,8
2024-09-19 09:59:55.707,415.4235720471085,5
2024-09-19 09:59:55.749,415.4197768431628,998
2024-09-19 09:59:55.756,415.4335195279777,98
2024-09-19 09:59:55.786,41.545937066075545,95
2024-09-19 09:59:55.922,415.4503621560592,102
2024-09-19 09:59:56.022,415.3658046202843,1003
2024-09-19 09:59:56.094,415.4073262741717,105
2024-09-19 09:59:56.186,415.4082801429807,1005
2024-09-19 09:59:56.191,415.3886530171304,97
2024-09-19 09:59:56.236,415.4247630405354,9
2024-09-19 09:59:56.244,415.4001731215753,1003
2024-09-19 09:59:56.306,415.38891944471686,101
2024-09-19 09:59:56.314,415.390410818759,9
2024-09-19 09:59:56.476,415.39759166535225,105
2024-09-19 09:59:56.496,415.4021373692235,7
2024-09-19 09:59:56.515,415.4021150284424,101
2024-09-19 09:59:56.527,415.3880547939384,102
2024-09-19 09:59:56.528,415.4054551462985,11
2024-09-19 09:59:56.573,415.417362022713,15
2024-09-19 09:59:56.606,415.377403142859,97
2024-09-19 09:59:56.624,415.3871813648998,1002
2024-09-19 09:59:56.655,415.3711603620122,11
2024-09-19 09:59:56.689,415.3560763864435,9
2024-09-19 09:59:56.722,415.3853098863491,98
2024-09-19 09:59:56.788,415.4109779210984,11
2024-09-19 09:59:56.881,415.3858208485984,15
2024-09-19 09:59:56.951,415.3960504029204,11
2024-09-19 09:59:56.992,415.3470750548241,15
2024-09-19 09:59:57.101,415.4228986972935,14
2024-09-19 09:59:57.191,415.42741239214325,10
2024-09-19 09:59:57.208,415.4331316976276,104
2024-09-19 09:59:57.225,415.4198868615447,97
2024-09-19 09:59:57.237,415.4104401418451,13
2024-09-19 09:59:57.239,415.4178357487781,105
2024-09-19 09:59:57.387,415.38899665667344,102
2024-09-19 09:59:57.403,415.3876223502236,15
2024-09-19 09:59:57.619,415.410954163274,15
2024-09-19 09:59:57.686,415.4319783731915,7
2024-09-19 09:59:57.714,415.4113412071455,1004
2024-09-19 09:59:57.763,415.3686494447839,12
2024-09-19 09:59:57.827,415.407325381966,1005
2024-09-19 09:59:57.838,415.426077845121,999
2024-09-19 09:59:57.968,415.4341720772456,1000
2024-09-19 09:59:58.040,415.525567397037,996
2024-09-19 09:59:58.072,415.4503602579915,100
2024-09-19 09:59:58.106,415.4975063230281,1002
2024-09-19 09:59:58.111,415.4933715700861,105
2024-09-19 09:59:58.193,415.4508760232616,1001
2024-09-19 09:59:58.280,415.5213444571927,11
2024-09-19 09:59:58.326,415.491185129815,11
2024-09-19 09:59:58.398,415.502815061282,99
2024-09-19 09:59:58.452,415.4770287568694,1004
2024-09-19 09:59:58.580,415.5018435753192,7
2024-09-19 09:59:58.615,415.5052419511607,101
2024-09-19 09:59:58.635,415.48902317917225,11
2024-09-19 09:59:58.644,415.4369088571905,97
2024-09-19 09:59:58.655,415.443598752328,6
2024-09-19 09:59:58.675,415.4668134173978,998
2024-09-19 09:59:58.678,,1004
2024-09-19 09:59:58.685,415.4902696600508,98
2024-09-19 09:59:58.698,415.5131479507437,105
2024-09-19 09:59:58.740,415.51904068711866,5
2024-09-19 09:59:58.767,415.44444645953126,14
2024-09-19 09:59:58.794,415.4971198914838,104
2024-09-19 09:59:58.867,415.5026257315024,10
2024-09-19 09:59:58.887,415.5133495634584,104
2024-09-19 09:59:58.974,415.50244031983306,8
2024-09-19 09:59:58.993,415.4989472083352,98
2024-09-19 09:59:59.006,415.48401663235234,102
2024-09-19 09:59:59.014,,104
2024-09-19 09:59:59.024,415.5050236062641,8
2024-09-19 09:59:59.124,415.4965501730265,96
2024-09-19 09:59:59.143,415.5217240116644,1000
2024-09-19 09:59:59.186,415.48854732659953,1005
2024-09-19 09:59:59.347,415.5306871255182,10
2024-09-19 09:59:59.350,415.50756914948414,102
2024-09-19 09:59:59.374,415.48793021030326,999
2024-09-19 09:59:59.379,415.4979414615362,997
2024-09-19 09:59:59.394,415.48148067043616,10
2024-09-19 09:59:59.461,415.4769119744938,13
2024-09-19 09:59:59.553,415.4874706030622,9
2024-09-19 09:59:59.601,415.4843955774489,5
2024-09-19 09:59:59.646,415.5012073992478,11
2024-09-19 09:59:59.704,415.4850695656954,1005
2024-09-19 09:59:59.721,415.47805713837386,14
2024-09-19 09:59:59.727,415.4858532753135,1002
2024-09-19 09:59:59.727,415.4962269322556,998
2024-09-19 09:59:59.751,415.48155735130734,102
2024-09-19 09:59:59.753,415.4822139609097,15
2024-09-19 09:59:59.765,415.4936603892562,1002
2024-09-19 09:59:59.801,415.4730369412637,101
2024-09-19 09:59:59.827,415.4777613081714,15
2024-09-19 09:59:59.871,415.5372922238502,15
2024-09-19 09:59:59.909,41.54791135463347,13
2024-09-19 09:59:59.947,415.483967566187,10
2024-09-19 09:59:59.996,415.485484185852,102
