Timestamp,Price,Size
2024-09-17 12:07:00.027,410.9535974052019,12
2024-09-17 12:07:00.049,410.9952962868216,1001
2024-09-17 12:07:00.066,411.0472608430287,105
2024-09-17 12:07:00.086,410.9967479856301,999
2024-09-17 12:07:00.146,410.9996099569101,105
2024-09-17 12:07:00.172,411.0158953300504,1005
2024-09-17 12:07:00.187,41.093442708750274,103
2024-09-17 12:07:00.216,410.991761565354,1001
2024-09-17 12:07:00.225,411.0124374803844,95
2024-09-17 12:07:00.244,410.9628158636137,1000
2024-09-17 12:07:00.267,,11
2024-09-17 12:07:00.275,410.9855535817823,96
2024-09-17 12:07:00.316,411.02011589933767,98
2024-09-17 12:07:00.330,410.9763824705292,996
2024-09-17 12:07:00.430,410.9978151114969,998
2024-09-17 12:07:00.508,411.0523959630676,97
2024-09-17 12:07:00.516,410.9372726514909,15
2024-09-17 12:07:00.594,410.9991416149791,97
2024-09-17 12:07:00.748,410.95268122786695,5
2024-09-17 12:07:00.796,410.93378535766055,1005
2024-09-17 12:07:00.818,410.9725777305965,997
2024-09-17 12:07:00.910,411.0106282478953,104
2024-09-17 12:07:00.968,410.9932319700836,7
2024-09-17 12:07:00.975,410.99803543927936,1004
2024-09-17 12:07:00.994,411.00371532309214,102
2024-09-17 12:07:01.032,410.988378384327,8
2024-09-17 12:07:01.079,410.9542587541224,998
2024-09-17 12:07:01.113,410.9747290401362,100
2024-09-17 12:07:01.161,411.01416744710247,103
2024-09-17 12:07:01.174,410.9872621969952,100
2024-09-17 12:07:01.226,410.9506636311011,15
2024-09-17 12:07:01.248,-410.94865867625344,997
2024-09-17 12:07:01.278,410.94576264922136,95
2024-09-17 12:07:01.349,410.9392800032104,6
2024-09-17 12:07:01.358,411.0231914544473,1001
2024-09-17 12:07:01.391,410.97961863183934,5
2024-09-17 12:07:01.415,410.9429548267975,1000
2024-09-17 12:07:01.436,410.96883922743785,102
2024-09-17 12:07:01.482,410.984416449452,98
2024-09-17 12:07:01.509,410.9865310758358,98
2024-09-17 12:07:01.524,410.9949138465069,96
2024-09-17 12:07:01.559,410.9774937030329,1002
2024-09-17 12:07:01.591,410.9473634515811,997
2024-09-17 12:07:01.671,410.9663884516408,1002
2024-09-17 12:07:01.697,410.9780043098231,8
2024-09-17 12:07:01.736,410.9758280085517,104
2024-09-17 12:07:01.750,410.9866787268463,1002
2024-09-17 12:07:01.902,411.0199267802769,105
2024-09-17 12:07:01.943,411.00595793981,12
2024-09-17 12:07:02.395,410.9687290653011,1005
2024-09-17 12:07:02.455,410.9732245660652,999
2024-09-17 12:07:03.037,410.9244586808717,996
2024-09-17 12:07:03.065,410.8815191427498,99
2024-09-17 12:07:03.071,410.85014498941376,14
2024-09-17 12:07:03.111,410.8807393191102,1004
2024-09-17 12:07:03.158,410.89617595113054,14
2024-09-17 12:07:03.325,410.9355844342997,1001
2024-09-17 12:07:03.333,41.09020295064579,8
2024-09-17 12:07:03.459,410.8432025321889,9
2024-09-17 12:07:03.463,410.8625351835429,10
2024-09-17 12:07:03.475,410.8657999058949,1005
2024-09-17 12:07:03.485,410.9362988366205,101
2024-09-17 12:07:03.537,410.90917477575215,97
2024-09-17 12:07:03.556,410.8623215746544,9
2024-09-17 12:07:03.567,410.8921923775944,6
2024-09-17 12:07:03.598,410.87335490250285,14
2024-09-17 12:07:03.616,410.9640544695775,102
2024-09-17 12:07:03.641,410.8844540075795,999
2024-09-17 12:07:03.673,410.868449381335,12
2024-09-17 12:07:03.679,410.8832602704254,100
2024-09-17 12:07:03.754,410.8642110444431,1002
2024-09-17 12:07:03.756,410.8835492546377,1004
2024-09-17 12:07:03.792,410.8964673542355,15
2024-09-17 12:07:03.838,,96
2024-09-17 12:07:03.843,410.8936644985892,9
2024-09-17 12:07:03.870,410.9540878019224,998
2024-09-17 12:07:03.954,410.8804429165701,14
2024-09-17 12:07:04.000,410.77874883345135,11
2024-09-17 12:07:04.026,410.8286282386951,1005
2024-09-17 12:07:04.274,410.8121258295846,1000
2024-09-17 12:07:04.285,410.817940890496,996
2024-09-17 12:07:04.288,410.86160575715337,1000
2024-09-17 12:07:04.481,410.7942526472041,105
2024-09-17 12:07:04.529,410.7918031471751,11
2024-09-17 12:07:04.588,410.8296176377712,9
2024-09-17 12:07:04.605,410.82855386766175,1005
2024-09-17 12:07:04.725,410.8582080104918,995
2024-09-17 12:07:04.738,410.8373536379301,13
2024-09-17 12:07:04.761,41.07878739539974,103
2024-09-17 12:07:04.853,410.834918788199,98
2024-09-17 12:07:04.866,410.8048501812799,99
2024-09-17 12:07:04.920,410.8063380641311,103
2024-09-17 12:07:04.958,410.8092587042392,14
2024-09-17 12:07:04.979,410.86496956490646,12
2024-09-17 12:07:04.981,410.8712652515188,1004
2024-09-17 12:07:04.992,410.8245337664332,1005
2024-09-17 12:07:05.095,410.792958491512,998
2024-09-17 12:07:05.106,410.8166414494398,997
2024-09-17 12:07:05.132,410.7826298218269,997
2024-09-17 12:07:05.146,410.7687849917266,15
2024-09-17 12:07:05.164,410.7782722380164,1001
2024-09-17 12:07:05.208,410.798488158421,105
2024-09-17 12:07:05.265,410.7352907870241,997
2024-09-17 12:07:05.269,410.7975220000316,95
2024-09-17 12:07:05.282,410.76762201620767,1001
2024-09-17 12:07:05.335,410.7892015617997,103
2024-09-17 12:07:05.366,410.8124146716237,1000
2024-09-17 12:07:05.385,410.74818970808496,98
2024-09-17 12:07:05.411,410.78900796216885,1004
2024-09-17 12:07:05.438,410.7766692557252,6
2024-09-17 12:07:05.498,410.78838581056425,8
2024-09-17 12:07:05.563,410.81011108036586,104
2024-09-17 12:07:05.612,410.7861897107559,997
2024-09-17 12:07:05.695,410.8148705935848,1002
2024-09-17 12:07:05.745,410.7752544118184,99
2024-09-17 12:07:05.805,410.75417977408927,5
2024-09-17 12:07:05.814,410.7713034206005,100
2024-09-17 12:07:05.825,410.7523284584802,995
2024-09-17 12:07:06.128,,7
2024-09-17 12:07:06.953,410.7202148059673,999
2024-09-17 12:07:07.471,410.67645363031625,996
2024-09-17 12:07:07.588,410.6621978240916,95
2024-09-17 12:07:07.709,410.69750649607954,14
2024-09-17 12:07:07.731,410.701330085214,1002
2024-09-17 12:07:07.982,410.7097966704534,995
2024-09-17 12:07:08.756,410.6788962003982,1001
2024-09-17 12:07:09.657,410.7011076156921,1001
2024-09-17 12:07:09.894,410.6804840265314,6
2024-09-17 12:07:10.047,410.6942759577237,995
2024-09-17 12:07:10.202,410.6991566926076,1001
2024-09-17 12:07:10.260,410.5739898199215,6
2024-09-17 12:07:10.263,410.6975413165478,98
2024-09-17 12:07:10.274,410.5837401152581,1001
2024-09-17 12:07:10.286,410.6463583394823,104
2024-09-17 12:07:10.476,41.07129712247016,104
2024-09-17 12:07:10.533,410.60738911832425,6
2024-09-17 12:07:10.576,410.5781128551132,997
2024-09-17 12:07:10.623,410.6502972629797,1001
2024-09-17 12:07:10.691,41.059599287802,999
2024-09-17 12:07:10.775,410.6103944111516,996
2024-09-17 12:07:10.789,410.67347351886286,99
2024-09-17 12:07:10.931,410.66067080593285,11
2024-09-17 12:07:10.953,410.6446726751125,998
2024-09-17 12:07:10.993,410.6391247174326,11
2024-09-17 12:07:11.114,410.60681311642605,11
2024-09-17 12:07:11.291,410.59599367289456,15
2024-09-17 12:07:11.421,410.5814826258661,1003
2024-09-17 12:07:11.476,410.5779226250704,999
2024-09-17 12:07:11.482,410.5994210447429,103
2024-09-17 12:07:11.544,410.5611566976158,997
2024-09-17 12:07:11.829,410.6038795073376,99
2024-09-17 12:07:11.886,410.5978176680037,102
2024-09-17 12:07:12.386,410.6220657106176,998
2024-09-17 12:07:12.926,410.6094548344036,7
2024-09-17 12:07:12.994,410.62475449123457,1003
2024-09-17 12:07:13.058,410.4916078147021,999
2024-09-17 12:07:13.079,410.5605593811607,5
2024-09-17 12:07:13.128,410.5665995088325,15
2024-09-17 12:07:13.193,410.56976138340207,101
2024-09-17 12:07:13.219,410.5045617394649,995
2024-09-17 12:07:13.224,410.53959748625454,14
2024-09-17 12:07:13.232,410.525039933863,95
2024-09-17 12:07:13.253,410.4864718421884,10
2024-09-17 12:07:13.297,410.5028375697088,1004
2024-09-17 12:07:13.302,410.5286636606983,98
2024-09-17 12:07:13.360,410.5076509746588,98
2024-09-17 12:07:13.442,41.05405221551289,999
2024-09-17 12:07:13.453,410.6127346266495,15
2024-09-17 12:07:13.484,410.5063622127525,5
2024-09-17 12:07:13.565,410.60403679225794,102
2024-09-17 12:07:13.623,410.5205365987606,99
2024-09-17 12:07:13.629,410.5186959825392,9
2024-09-17 12:07:13.651,410.4965807594895,996
2024-09-17 12:07:13.829,410.5159332486516,6
2024-09-17 12:07:13.925,410.498687612648,7
2024-09-17 12:07:13.936,410.5147389566177,99
2024-09-17 12:07:14.093,410.5025375279628,105
2024-09-17 12:07:14.144,410.4711659848196,12
2024-09-17 12:07:14.160,410.51119344097486,1002
2024-09-17 12:07:14.217,410.50349352285,1005
2024-09-17 12:07:14.234,410.5091492807138,10
2024-09-17 12:07:14.261,410.4886834699864,101
2024-09-17 12:07:14.263,410.52492279819177,12
2024-09-17 12:07:14.284,410.50444256830446,1004
2024-09-17 12:07:14.363,410.4985384005703,13
2024-09-17 12:07:14.385,410.51229142929344,104
2024-09-17 12:07:14.387,410.5272656590656,998
2024-09-17 12:07:14.416,410.4933800071042,99
2024-09-17 12:07:14.453,410.4724667213314,97
2024-09-17 12:07:14.458,410.49263789707175,8
2024-09-17 12:07:14.473,410.51956246054846,105
2024-09-17 12:07:14.497,410.5054651201271,1000
2024-09-17 12:07:14.524,410.4827633404972,7
2024-09-17 12:07:14.542,410.4827827589848,1000
2024-09-17 12:07:14.574,410.5228611401698,999
2024-09-17 12:07:14.590,-410.5053182393386,7
2024-09-17 12:07:14.716,410.5125252895761,7
2024-09-17 12:07:14.762,410.4999691435448,1004
2024-09-17 12:07:14.762,410.4860036414191,14
2024-09-17 12:07:14.810,410.5116690642822,10
2024-09-17 12:07:14.835,410.5175572154311,995
2024-09-17 12:07:14.854,410.4985130431151,998
2024-09-17 12:07:14.870,410.4788648914168,1005
2024-09-17 12:07:14.871,410.4729598679244,10
2024-09-17 12:07:14.889,410.5084328455646,11
2024-09-17 12:07:14.929,410.47836590996,10
2024-09-17 12:07:15.037,410.5393991269538,10
2024-09-17 12:07:15.058,410.5887554133247,1004
2024-09-17 12:07:15.416,410.5151282245093,999
2024-09-17 12:07:15.438,410.5587754123725,97
2024-09-17 12:07:15.440,410.5895726074514,1003
2024-09-17 12:07:15.553,410.5486080783956,997
2024-09-17 12:07:15.560,410.54906600574526,5
2024-09-17 12:07:15.590,410.563474542704,11
2024-09-17 12:07:15.596,410.5171117996168,8
2024-09-17 12:07:15.598,410.5480140567483,96
2024-09-17 12:07:15.635,410.5549099962626,98
2024-09-17 12:07:15.701,410.5388427142626,8
2024-09-17 12:07:15.720,410.567678754382,11
2024-09-17 12:07:15.729,410.5496393267616,10
2024-09-17 12:07:15.729,410.5097640737035,5
2024-09-17 12:07:15.747,410.54134014499846,1003
2024-09-17 12:07:15.755,410.53922112322334,9
2024-09-17 12:07:15.827,410.516451068492,1002
2024-09-17 12:07:15.865,410.5306195226335,998
2024-09-17 12:07:15.888,410.55419540671534,98
2024-09-17 12:07:15.964,410.5374082467653,1004
2024-09-17 12:07:16.080,410.58046780009744,14
2024-09-17 12:07:17.060,410.5335775987884,7
2024-09-17 12:07:17.085,410.557870468801,99
2024-09-17 12:07:17.105,410.5558194812783,1001
2024-09-17 12:07:17.220,410.5493536343207,996
2024-09-17 12:07:17.224,410.5358675187069,11
2024-09-17 12:07:17.322,410.5644955162341,101
2024-09-17 12:07:17.394,410.5466918511689,104
2024-09-17 12:07:17.528,410.57546771226174,1000
2024-09-17 12:07:17.532,410.5400847519503,1002
2024-09-17 12:07:17.558,410.5377333821544,1000
2024-09-17 12:07:17.584,410.5476471628606,7
2024-09-17 12:07:17.592,410.5355124303188,8
2024-09-17 12:07:17.631,410.57843575873846,997
2024-09-17 12:07:17.648,410.556497368276,15
2024-09-17 12:07:17.658,410.5468981234086,1005
2024-09-17 12:07:17.705,410.5489667292906,1000
2024-09-17 12:07:17.712,410.52521928074856,99
2024-09-17 12:07:17.739,410.5620906974846,104
2024-09-17 12:07:17.795,410.5723385854673,11
2024-09-17 12:07:17.884,410.5685317392876,13
2024-09-17 12:07:17.973,410.5339751553036,99
2024-09-17 12:07:17.978,410.5253399629432,13
2024-09-17 12:07:17.999,,997
2024-09-17 12:07:18.038,410.55217459220967,104
2024-09-17 12:07:18.067,410.5745650331994,96
2024-09-17 12:07:18.071,41.05733355421917,997
2024-09-17 12:07:18.118,410.5587892130016,9
2024-09-17 12:07:18.129,410.5671082934773,11
2024-09-17 12:07:18.175,410.5784146584133,101
2024-09-17 12:07:18.205,410.5624619847502,99
2024-09-17 12:07:18.237,410.59437544344297,10
2024-09-17 12:07:18.306,410.5665800031336,11
2024-09-17 12:07:18.352,410.5993103711525,95
2024-09-17 12:07:18.362,410.6014370680823,1003
2024-09-17 12:07:18.393,410.5538672053361,101
2024-09-17 12:07:18.485,410.589389677495,97
2024-09-17 12:07:18.487,410.5612469910394,99
2024-09-17 12:07:18.502,410.569244763016,105
2024-09-17 12:07:18.504,410.5961461922592,102
2024-09-17 12:07:18.507,410.55248908663725,12
2024-09-17 12:07:18.578,410.5914866314563,1002
2024-09-17 12:07:18.630,410.5920767075679,1005
2024-09-17 12:07:18.698,410.56939830154073,100
2024-09-17 12:07:18.779,410.569449961475,8
2024-09-17 12:07:18.792,410.5629491075288,7
2024-09-17 12:07:18.798,410.5922193294591,1000
2024-09-17 12:07:18.873,410.5760710044643,102
2024-09-17 12:07:18.896,410.5840247741451,99
2024-09-17 12:07:18.905,410.5935047595682,11
2024-09-17 12:07:18.913,410.5852741507127,997
2024-09-17 12:07:19.065,410.5396573336014,100
2024-09-17 12:07:19.267,410.5629063414031,103
2024-09-17 12:07:19.429,410.5513385015922,14
2024-09-17 12:07:19.499,410.5378930480297,996
2024-09-17 12:07:19.539,,1001
2024-09-17 12:07:19.796,410.55917063197097,103
2024-09-17 12:07:19.860,410.5340179725101,95
2024-09-17 12:07:20.132,410.5059063200465,6
2024-09-17 12:07:20.140,410.4988895263455,9
2024-09-17 12:07:20.221,410.49894467658345,14
2024-09-17 12:07:20.246,410.4970929314866,998
2024-09-17 12:07:20.297,410.5016455420208,102
2024-09-17 12:07:20.390,410.50312821701306,103
2024-09-17 12:07:20.483,410.4839351370688,104
2024-09-17 12:07:20.597,410.52280999425847,98
2024-09-17 12:07:20.698,410.4958315738224,14
2024-09-17 12:07:20.864,410.5272735970661,95
2024-09-17 12:07:20.871,410.5236614894522,98
2024-09-17 12:07:20.888,410.4783371149591,103
2024-09-17 12:07:20.959,410.4987606858684,102
2024-09-17 12:07:21.088,410.4709876676141,97
2024-09-17 12:07:21.128,410.462255877091,13
2024-09-17 12:07:21.145,410.4642076120383,14
2024-09-17 12:07:21.152,410.5024430160558,102
2024-09-17 12:07:21.157,410.4754202254369,99
2024-09-17 12:07:21.193,-410.504873262829,5
2024-09-17 12:07:21.207,410.4859999226298,995
2024-09-17 12:07:21.251,410.4701023918813,1004
2024-09-17 12:07:21.256,410.5118007816177,995
2024-09-17 12:07:21.304,410.4611189567055,12
2024-09-17 12:07:21.385,410.50551392804726,1005
2024-09-17 12:07:21.388,410.50697337160375,996
2024-09-17 12:07:21.393,410.5164725463831,103
2024-09-17 12:07:21.397,410.4480635230335,15
2024-09-17 12:07:21.447,410.5021087342066,96
2024-09-17 12:07:21.502,410.4669253951072,1005
2024-09-17 12:07:21.533,410.4571063374725,97
2024-09-17 12:07:21.534,410.45324640041184,98
2024-09-17 12:07:21.538,410.4616796832293,7
2024-09-17 12:07:21.559,410.5013578019333,999
2024-09-17 12:07:21.619,41.04773191082623,95
2024-09-17 12:07:21.672,410.5098266784383,11
2024-09-17 12:07:21.799,410.5008476977899,995
2024-09-17 12:07:21.909,410.4849950244415,102
2024-09-17 12:07:21.947,410.4751083397588,14
2024-09-17 12:07:22.010,410.509787326523,997
2024-09-17 12:07:22.058,410.5115516296264,105
2024-09-17 12:07:22.170,410.4934064469008,1003
2024-09-17 12:07:22.381,410.510258542794,95
2024-09-17 12:07:22.402,410.49966676873566,1004
2024-09-17 12:07:22.700,410.4852982850276,7
2024-09-17 12:07:22.733,410.5001072478861,100
2024-09-17 12:07:22.746,410.4978195831756,95
2024-09-17 12:07:22.843,410.4866560964919,1005
2024-09-17 12:07:22.973,410.4924827198389,999
2024-09-17 12:07:23.224,410.493659987989,14
2024-09-17 12:07:24.019,410.4936360109567,999
2024-09-17 12:07:24.031,410.4978830703018,1005
2024-09-17 12:07:24.087,410.51667663192416,5
2024-09-17 12:07:24.114,410.4908573253841,98
2024-09-17 12:07:24.173,410.49800516288167,11
2024-09-17 12:07:24.247,410.49807213037104,995
2024-09-17 12:07:24.270,410.5005841187823,12
2024-09-17 12:07:24.283,41.05192998042201,104
2024-09-17 12:07:24.438,410.5100129546843,997
2024-09-17 12:07:24.543,410.4952485926552,1000
2024-09-17 12:07:24.590,410.4977844112142,9
2024-09-17 12:07:24.616,410.5002644847905,13
2024-09-17 12:07:24.624,410.525069591698,1001
2024-09-17 12:07:24.636,410.51236602225606,11
2024-09-17 12:07:24.666,410.50920478384194,14
2024-09-17 12:07:24.834,410.495026959536,15
2024-09-17 12:07:24.915,-410.49426478897976,101
2024-09-17 12:07:24.920,410.5108612519127,5
2024-09-17 12:07:24.936,410.5051358612984,997
2024-09-17 12:07:25.832,410.48655356828624,103
2024-09-17 12:07:26.006,410.5017213991081,1001
2024-09-17 12:07:26.104,410.60728440192594,104
2024-09-17 12:07:26.106,410.6297245567439,96
2024-09-17 12:07:26.147,410.5409979472552,6
2024-09-17 12:07:26.248,410.5861871688127,104
2024-09-17 12:07:26.259,410.49656644853945,1001
2024-09-17 12:07:26.281,410.56964315190027,1005
2024-09-17 12:07:26.351,410.5574660289972,1002
2024-09-17 12:07:26.426,410.4925590718521,5
2024-09-17 12:07:26.446,410.6072753002449,9
2024-09-17 12:07:26.457,410.552240247376,6
2024-09-17 12:07:26.464,410.5927295433886,10
2024-09-17 12:07:26.480,410.5508227535829,999
2024-09-17 12:07:26.484,410.55087896994416,96
2024-09-17 12:07:26.510,410.5544629907102,99
2024-09-17 12:07:26.624,410.4997079034136,11
2024-09-17 12:07:26.654,410.5929952548358,999
2024-09-17 12:07:26.716,410.5266680362731,1002
2024-09-17 12:07:26.756,410.5971822490008,104
2024-09-17 12:07:26.770,410.5819214033101,99
2024-09-17 12:07:26.774,410.579399947772,9
2024-09-17 12:07:26.838,410.5434794998015,103
2024-09-17 12:07:26.884,410.5644424081644,998
2024-09-17 12:07:26.904,410.6317065802921,96
2024-09-17 12:07:26.984,410.5795970032808,995
2024-09-17 12:07:26.999,410.5632977610573,14
2024-09-17 12:07:27.057,410.54797479095697,102
2024-09-17 12:07:27.749,410.5456512860314,15
2024-09-17 12:07:27.804,410.5429831861626,97
2024-09-17 12:07:27.825,410.53884301840407,15
2024-09-17 12:07:28.064,410.5612909250191,104
2024-09-17 12:07:28.164,410.5437312623442,1000
2024-09-17 12:07:28.692,410.5519708086349,102
2024-09-17 12:07:28.835,410.5422091302363,15
2024-09-17 12:07:28.898,410.5445737832739,11
2024-09-17 12:07:29.024,410.5910136862117,8
2024-09-17 12:07:29.142,410.538460147145,1004
2024-09-17 12:07:29.158,410.5884170811884,1000
2024-09-17 12:07:29.229,410.56845515714855,6
2024-09-17 12:07:29.280,410.5787973075397,98
2024-09-17 12:07:29.325,410.5680205304168,1005
2024-09-17 12:07:29.325,410.5848109965012,9
2024-09-17 12:07:29.327,410.6068578842557,1004
2024-09-17 12:07:29.334,410.5596660145883,997
2024-09-17 12:07:29.361,410.6015043509922,995
2024-09-17 12:07:29.380,410.5908135159928,995
2024-09-17 12:07:29.411,410.5759967594173,999
2024-09-17 12:07:29.507,410.5858715618583,98
2024-09-17 12:07:29.558,410.5494290473373,95
2024-09-17 12:07:29.562,410.5401664047157,14
2024-09-17 12:07:29.588,410.5771905126302,15
2024-09-17 12:07:29.699,410.5904873848828,1000
2024-09-17 12:07:29.752,410.5963749271287,998
2024-09-17 12:07:29.837,410.6010330547527,995
2024-09-17 12:07:29.892,410.5673478425568,1001
2024-09-17 12:07:29.909,410.5615408059295,97
2024-09-17 12:07:30.017,410.602783183284,104
2024-09-17 12:07:30.530,410.5977859085338,1004
2024-09-17 12:07:30.854,410.59188749188894,1002
2024-09-17 12:07:31.147,410.6013786457579,14
2024-09-17 12:07:31.150,410.5787866383737,14
2024-09-17 12:07:31.152,410.5540302229707,999
2024-09-17 12:07:31.174,410.6021420860082,102
2024-09-17 12:07:31.277,410.5946649958117,103
2024-09-17 12:07:31.423,410.5693891176501,1003
2024-09-17 12:07:31.468,410.5948282732101,15
2024-09-17 12:07:31.470,410.596127456722,996
2024-09-17 12:07:31.556,410.5860669978692,6
2024-09-17 12:07:31.557,410.586997600971,10
2024-09-17 12:07:31.841,410.5892348626167,996
2024-09-17 12:07:31.887,410.5626010868508,1000
2024-09-17 12:07:31.972,410.602037861783,997
2024-09-17 12:07:32.581,41.05781170476877,96
2024-09-17 12:07:33.011,410.6475149957225,102
2024-09-17 12:07:33.028,410.601186713192,1005
2024-09-17 12:07:33.086,410.6397947164547,996
2024-09-17 12:07:33.185,410.6219755361743,1003
2024-09-17 12:07:33.189,410.6409809044597,999
2024-09-17 12:07:33.196,410.631539571888,105
2024-09-17 12:07:33.259,410.6422792110513,13
2024-09-17 12:07:33.278,410.6197847610815,5
2024-09-17 12:07:33.289,410.6452454017353,98
2024-09-17 12:07:33.408,410.6398059506443,1000
2024-09-17 12:07:33.446,410.6382927217836,13
2024-09-17 12:07:33.524,410.6251829235422,8
2024-09-17 12:07:33.534,410.64280557699794,101
2024-09-17 12:07:33.587,410.6235820930357,9
2024-09-17 12:07:33.673,410.649785217077,97
2024-09-17 12:07:33.798,410.6350817195835,1000
2024-09-17 12:07:33.846,410.6201461574576,103
2024-09-17 12:07:33.871,410.62894221415337,996
2024-09-17 12:07:33.900,410.6267706413187,1005
2024-09-17 12:07:33.907,410.62840511503725,13
2024-09-17 12:07:33.934,410.6106204192398,100
2024-09-17 12:07:33.963,410.64059097377975,105
2024-09-17 12:07:34.090,410.6778253197194,95
2024-09-17 12:07:34.227,410.649596874182,99
2024-09-17 12:07:34.323,410.6752732963022,996
2024-09-17 12:07:34.344,410.6697400135976,14
2024-09-17 12:07:34.365,410.6800347614063,11
2024-09-17 12:07:34.604,410.6759364440371,101
2024-09-17 12:07:34.621,410.67595904324696,99
2024-09-17 12:07:34.755,410.68095349638594,104
2024-09-17 12:07:34.973,410.68276530294895,97
2024-09-17 12:07:34.977,410.677856816721,96
2024-09-17 12:07:34.979,410.67159195375376,102
2024-09-17 12:07:35.027,410.6742088684575,1000
2024-09-17 12:07:35.419,410.6687772404248,1002
2024-09-17 12:07:35.457,410.6682527692549,104
2024-09-17 12:07:35.563,410.6317132282552,99
2024-09-17 12:07:35.620,410.6555407922672,101
2024-09-17 12:07:35.620,410.621233046872,13
2024-09-17 12:07:35.774,410.6338678305256,104
2024-09-17 12:07:35.868,410.66261951145947,7
2024-09-17 12:07:36.015,410.60593599858834,999
2024-09-17 12:07:36.106,410.5355734453486,95
2024-09-17 12:07:36.115,410.56460537548094,13
2024-09-17 12:07:36.189,410.56997857515466,100
2024-09-17 12:07:36.214,410.5559412173672,997
2024-09-17 12:07:36.243,410.6127409502732,995
2024-09-17 12:07:36.307,410.61649849155657,7
2024-09-17 12:07:36.332,410.6051674188346,997
2024-09-17 12:07:36.526,410.6327507079858,11
2024-09-17 12:07:36.570,410.61716085136266,100
2024-09-17 12:07:36.587,410.6020755446086,95
2024-09-17 12:07:36.591,410.6308372349623,995
2024-09-17 12:07:36.656,410.6166818480523,8
2024-09-17 12:07:36.726,410.62547588491975,104
2024-09-17 12:07:36.735,410.6193881049402,11
2024-09-17 12:07:36.737,410.6274622251297,95
2024-09-17 12:07:36.783,410.62382305929503,100
2024-09-17 12:07:36.826,410.5601465743491,99
2024-09-17 12:07:36.867,410.6068548374236,1003
2024-09-17 12:07:36.896,410.6192855164044,999
2024-09-17 12:07:36.905,410.5456982955472,1003
2024-09-17 12:07:36.908,410.54875323412296,996
2024-09-17 12:07:36.940,410.58656391181154,1002
2024-09-17 12:07:36.945,410.6399752238189,9
2024-09-17 12:07:38.001,410.5898093224456,7
2024-09-17 12:07:38.049,410.55905347196057,1001
2024-09-17 12:07:38.089,410.5746851021108,7
2024-09-17 12:07:38.208,410.5929841382038,1005
2024-09-17 12:07:38.236,410.5412677400745,998
2024-09-17 12:07:38.265,410.5711833016749,996
2024-09-17 12:07:38.294,410.55896361069455,9
2024-09-17 12:07:38.313,410.567715178132,96
2024-09-17 12:07:38.440,410.5948040611614,996
2024-09-17 12:07:38.572,410.5687821056952,102
2024-09-17 12:07:38.618,410.53788638577424,9
2024-09-17 12:07:38.668,410.57283075570336,5
2024-09-17 12:07:38.679,410.5429194981047,96
2024-09-17 12:07:38.706,410.5973384385537,96
2024-09-17 12:07:38.739,410.5830182306329,103
2024-09-17 12:07:38.790,410.57462545451534,95
2024-09-17 12:07:38.793,410.5461283890628,8
2024-09-17 12:07:38.915,410.59928961048047,5
2024-09-17 12:07:39.002,410.5297625857946,5
2024-09-17 12:07:39.034,410.54276788659257,1001
2024-09-17 12:07:39.035,410.4937258379907,1000
2024-09-17 12:07:39.152,410.54350290454033,995
2024-09-17 12:07:39.158,410.5373889739358,98
2024-09-17 12:07:39.256,410.44629327403726,1005
2024-09-17 12:07:39.268,410.43585111375165,13
2024-09-17 12:07:39.268,410.52069686647,996
2024-09-17 12:07:39.365,410.4248999724385,8
2024-09-17 12:07:39.422,410.5377100046723,5
2024-09-17 12:07:39.444,410.5063154380279,11
2024-09-17 12:07:39.508,410.5516600240721,1001
2024-09-17 12:07:39.581,410.4830724651374,9
2024-09-17 12:07:39.649,410.4668342556738,1002
2024-09-17 12:07:39.720,41.05350783514416,9
2024-09-17 12:07:39.805,410.5282320501931,102
2024-09-17 12:07:39.834,410.5414860725837,9
2024-09-17 12:07:39.859,410.5103264388213,1000
2024-09-17 12:07:39.875,410.4561190778009,1003
2024-09-17 12:07:39.918,410.5243488014512,14
2024-09-17 12:07:39.980,410.5274621414991,998
2024-09-17 12:07:39.981,410.4896132819454,996
2024-09-17 12:07:40.020,410.4338527685858,8
2024-09-17 12:07:40.084,410.42052575890665,14
2024-09-17 12:07:40.183,410.4426679852023,10
2024-09-17 12:07:40.296,410.436938193727,6
2024-09-17 12:07:40.359,410.4516185531447,12
2024-09-17 12:07:40.504,410.4136407973037,6
2024-09-17 12:07:40.546,410.4458287602373,6
2024-09-17 12:07:40.585,410.4366794354245,105
2024-09-17 12:07:40.593,,12
2024-09-17 12:07:40.635,410.4499975727836,101
2024-09-17 12:07:40.665,410.44538840679206,98
2024-09-17 12:07:40.725,410.44662768479327,5
2024-09-17 12:07:40.768,410.44232353564985,13
2024-09-17 12:07:40.854,410.4109532685178,101
2024-09-17 12:07:40.867,410.4154174601293,999
2024-09-17 12:07:41.188,410.4449969779621,1004
2024-09-17 12:07:41.365,410.4459829677946,1003
2024-09-17 12:07:41.428,410.45806304453936,996
2024-09-17 12:07:41.470,410.45836342965913,103
2024-09-17 12:07:41.482,410.46640766238784,10
2024-09-17 12:07:41.510,41.04495388737024,101
2024-09-17 12:07:41.542,410.4692042597334,102
2024-09-17 12:07:41.564,410.46328590059073,13
2024-09-17 12:07:41.648,410.4394332025348,14
2024-09-17 12:07:41.659,410.4185504387085,10
2024-09-17 12:07:41.713,410.4779460540339,13
2024-09-17 12:07:41.774,410.4624102652588,1005
2024-09-17 12:07:41.829,410.441979542058,1005
2024-09-17 12:07:41.834,410.4641238734378,12
2024-09-17 12:07:42.162,410.4225312135205,13
2024-09-17 12:07:42.215,410.4016829536835,6
2024-09-17 12:07:42.340,410.39628653989183,9
2024-09-17 12:07:42.354,410.4215013399707,7
2024-09-17 12:07:42.457,410.3788681150869,1002
2024-09-17 12:07:42.510,410.3974867418136,96
2024-09-17 12:07:42.565,410.4005652650998,95
2024-09-17 12:07:42.703,410.4077698771461,1004
2024-09-17 12:07:42.836,410.4187917988765,1002
2024-09-17 12:07:42.886,410.4231315341537,1001
2024-09-17 12:07:42.903,410.4005296739839,11
2024-09-17 12:07:42.913,410.4231849620746,12
2024-09-17 12:07:42.994,410.4007586916458,11
2024-09-17 12:07:43.251,410.4175893543178,14
2024-09-17 12:07:43.259,410.385870586144,95
2024-09-17 12:07:43.441,410.3998781893584,998
2024-09-17 12:07:43.476,410.40545431963886,997
2024-09-17 12:07:43.607,410.38791491639694,104
2024-09-17 12:07:43.716,410.3996261054209,8
2024-09-17 12:07:43.832,410.4095834697685,7
2024-09-17 12:07:43.925,410.4028469713255,5
2024-09-17 12:07:44.092,410.4038056056392,97
2024-09-17 12:07:44.126,410.40094308575146,997
2024-09-17 12:07:44.163,410.404741856397,8
2024-09-17 12:07:44.211,410.3905095913984,10
2024-09-17 12:07:44.235,410.3832287223926,1002
2024-09-17 12:07:44.270,410.3766368995404,101
2024-09-17 12:07:44.302,410.4102624942844,1005
2024-09-17 12:07:44.363,410.4152235690202,999
2024-09-17 12:07:44.388,410.39219373686666,98
2024-09-17 12:07:44.398,410.3769469133286,99
2024-09-17 12:07:44.416,410.3910860803235,100
2024-09-17 12:07:44.426,410.3987577298188,11
2024-09-17 12:07:44.485,410.4020865902284,11
2024-09-17 12:07:44.502,410.4028098786204,999
2024-09-17 12:07:44.673,410.4051445084805,96
2024-09-17 12:07:44.701,410.4047938766631,998
2024-09-17 12:07:44.730,410.3771991725965,6
2024-09-17 12:07:44.746,410.3954979770522,105
2024-09-17 12:07:44.766,410.3605425666812,5
2024-09-17 12:07:44.772,410.4103576914651,7
2024-09-17 12:07:44.779,,999
2024-09-17 12:07:44.826,410.407565146116,14
2024-09-17 12:07:44.855,410.394965341745,98
2024-09-17 12:07:44.866,410.4029132822668,101
2024-09-17 12:07:44.919,410.4054182005733,98
2024-09-17 12:07:44.934,410.3970274449345,103
2024-09-17 12:07:44.949,410.41185880638136,9
2024-09-17 12:07:44.966,410.4132485350305,1001
2024-09-17 12:07:45.013,41.03695430095161,1000
2024-09-17 12:07:45.016,410.4341759006723,996
2024-09-17 12:07:45.029,410.3846251129698,11
2024-09-17 12:07:45.101,410.3999192096588,13
2024-09-17 12:07:45.188,410.4778291869984,995
2024-09-17 12:07:45.256,410.3884729847986,5
2024-09-17 12:07:45.276,410.4721396374344,12
2024-09-17 12:07:45.310,410.429224206682,999
2024-09-17 12:07:45.353,410.405520304223,995
2024-09-17 12:07:45.401,410.3683909724232,100
2024-09-17 12:07:45.421,410.3888154003004,1005
2024-09-17 12:07:45.426,410.4265841212688,95
2024-09-17 12:07:45.433,410.4398672749881,9
2024-09-17 12:07:45.441,410.4481424042132,14
2024-09-17 12:07:45.543,410.3932701569064,9
2024-09-17 12:07:45.788,410.4438078155538,998
2024-09-17 12:07:45.816,410.4272985354119,6
2024-09-17 12:07:45.851,410.4450593808233,996
2024-09-17 12:07:45.928,410.4117170823802,1002
2024-09-17 12:07:45.942,410.4190343952842,1002
2024-09-17 12:07:46.009,410.4612287156575,14
2024-09-17 12:07:46.092,410.4121043511103,103
2024-09-17 12:07:46.176,410.4113182270265,6
2024-09-17 12:07:46.253,410.4347085859329,996
2024-09-17 12:07:46.264,410.4871387017725,997
2024-09-17 12:07:46.315,410.46074852380457,96
2024-09-17 12:07:46.366,410.4760460808958,5
2024-09-17 12:07:46.424,410.4309146038128,997
2024-09-17 12:07:46.435,410.4454310400672,10
2024-09-17 12:07:46.489,410.4460460115338,11
2024-09-17 12:07:46.514,410.4736593638928,9
2024-09-17 12:07:46.553,410.46777125145707,999
2024-09-17 12:07:46.681,410.4185119061413,12
2024-09-17 12:07:46.685,410.47867825292457,102
2024-09-17 12:07:46.690,410.40268729322776,103
2024-09-17 12:07:46.773,410.429328188456,98
2024-09-17 12:07:46.780,410.4321246237717,1003
2024-09-17 12:07:46.787,410.41618667039774,101
2024-09-17 12:07:46.861,410.4454482803236,101
2024-09-17 12:07:46.887,410.44651872610194,96
2024-09-17 12:07:46.977,410.4407273273566,12
2024-09-17 12:07:46.989,410.41644500713926,101
2024-09-17 12:07:47.193,410.4264735542827,997
2024-09-17 12:07:47.230,410.4286040594704,1002
2024-09-17 12:07:47.263,410.4009205216243,97
2024-09-17 12:07:47.301,410.4054996822542,102
2024-09-17 12:07:47.332,410.40823010575167,1004
2024-09-17 12:07:47.486,410.4163517162797,96
2024-09-17 12:07:47.571,-410.411852981579,1003
2024-09-17 12:07:47.588,410.4319668840422,9
2024-09-17 12:07:47.637,410.40497848857393,1000
2024-09-17 12:07:47.677,410.4396752775186,1002
2024-09-17 12:07:47.687,410.412673569507,6
2024-09-17 12:07:47.730,410.4074451406597,998
2024-09-17 12:07:47.824,410.4097849486988,998
2024-09-17 12:07:47.879,410.43459917397945,14
2024-09-17 12:07:48.035,410.4746529707744,1005
2024-09-17 12:07:48.039,410.4820255527155,1003
2024-09-17 12:07:48.168,410.492167283376,997
2024-09-17 12:07:48.169,410.4527109711013,10
2024-09-17 12:07:48.178,410.4894926014745,997
2024-09-17 12:07:48.191,410.5161622920926,9
2024-09-17 12:07:48.221,410.4834681499189,99
2024-09-17 12:07:48.320,410.4934760129081,103
2024-09-17 12:07:48.321,410.4802718714418,1002
2024-09-17 12:07:48.364,410.4880871078707,1002
2024-09-17 12:07:48.464,410.4759328986023,104
2024-09-17 12:07:48.514,410.44816922324594,11
2024-09-17 12:07:48.559,41.04858303186784,996
2024-09-17 12:07:48.608,410.4460190390236,1001
2024-09-17 12:07:48.628,410.4904247412611,1002
2024-09-17 12:07:48.708,410.4845208808004,5
2024-09-17 12:07:48.762,410.4621384618642,12
2024-09-17 12:07:48.794,410.4739935432833,996
2024-09-17 12:07:48.844,41.05057777473485,104
2024-09-17 12:07:48.850,410.4602103012095,998
2024-09-17 12:07:48.908,410.4740108084313,1000
2024-09-17 12:07:48.930,410.4958256940095,96
2024-09-17 12:07:48.952,410.492680634007,102
2024-09-17 12:07:48.963,410.4809235003649,98
2024-09-17 12:07:48.992,410.47470679156015,1003
2024-09-17 12:07:49.077,410.460710115224,11
2024-09-17 12:07:49.115,410.4546398156531,12
2024-09-17 12:07:49.162,410.4820775302727,11
2024-09-17 12:07:49.334,410.4650633894129,10
2024-09-17 12:07:49.758,410.4730833978599,996
2024-09-17 12:07:49.807,410.4692829026772,5
2024-09-17 12:07:50.379,410.45780657714727,103
2024-09-17 12:07:50.404,410.4455419130567,1004
2024-09-17 12:07:50.582,410.4478922509626,13
2024-09-17 12:07:51.044,410.4612725974674,997
2024-09-17 12:07:51.055,410.44303712213815,1002
2024-09-17 12:07:51.240,410.4588179190525,96
2024-09-17 12:07:51.264,410.46296510548507,1002
2024-09-17 12:07:51.299,410.428733484403,102
2024-09-17 12:07:51.310,410.45792280847024,5
2024-09-17 12:07:51.337,410.4505295081785,10
2024-09-17 12:07:51.431,410.428330437016,97
2024-09-17 12:07:51.452,410.4186888362232,105
2024-09-17 12:07:51.456,410.4349803124195,999
2024-09-17 12:07:51.463,410.4628887353856,1002
2024-09-17 12:07:51.492,410.4447179075746,999
2024-09-17 12:07:51.497,410.43312934466286,997
2024-09-17 12:07:51.563,410.45237099314033,99
2024-09-17 12:07:51.579,410.4338879470572,1003
2024-09-17 12:07:51.703,410.44396215108094,996
2024-09-17 12:07:51.753,410.43544672446944,10
2024-09-17 12:07:51.771,410.43854978897184,98
2024-09-17 12:07:51.807,410.4296202587969,99
2024-09-17 12:07:51.980,410.4593504864071,99
2024-09-17 12:07:52.063,410.4828968571237,1000
2024-09-17 12:07:52.078,410.48192804411457,5
2024-09-17 12:07:52.096,410.4424364289983,995
2024-09-17 12:07:52.100,410.52309448749486,7
2024-09-17 12:07:52.193,410.4533225602996,1000
2024-09-17 12:07:52.251,410.499456207758,96
2024-09-17 12:07:52.301,410.4640967378553,997
2024-09-17 12:07:52.316,410.5869090129802,1001
2024-09-17 12:07:52.408,410.4654955137253,96
2024-09-17 12:07:52.494,410.4618748639082,105
2024-09-17 12:07:52.531,410.4533779557719,12
2024-09-17 12:07:52.560,410.555411700558,96
2024-09-17 12:07:52.583,410.4819150305469,104
2024-09-17 12:07:52.613,410.5049179466174,995
2024-09-17 12:07:52.943,410.5913191230996,11
2024-09-17 12:07:52.997,410.51306431197673,997
2024-09-17 12:07:53.034,410.556712071208,10
2024-09-17 12:07:53.224,410.5819256811604,8
2024-09-17 12:07:53.273,410.5533041110516,1001
2024-09-17 12:07:53.330,410.5408390714216,103
2024-09-17 12:07:53.387,410.558590354833,7
2024-09-17 12:07:53.665,410.5804435645608,998
2024-09-17 12:07:53.692,410.5676785559368,104
2024-09-17 12:07:54.010,410.57758847694726,995
2024-09-17 12:07:54.073,410.5552140360466,1004
2024-09-17 12:07:54.079,410.5664236112091,1003
2024-09-17 12:07:54.101,410.532010580068,15
2024-09-17 12:07:54.225,410.5686559712415,102
2024-09-17 12:07:54.360,410.544613367614,96
2024-09-17 12:07:54.365,410.53441932903417,997
2024-09-17 12:07:54.489,410.5332625964836,1005
2024-09-17 12:07:54.496,410.56636670799406,11
2024-09-17 12:07:54.862,410.5408223465078,1005
2024-09-17 12:07:55.055,410.5704574229941,5
2024-09-17 12:07:55.098,410.55781149856136,998
2024-09-17 12:07:55.163,410.5077364014378,1005
2024-09-17 12:07:55.204,-410.5393342709708,13
2024-09-17 12:07:55.263,410.5586773464324,1004
2024-09-17 12:07:55.301,410.5660706373285,100
2024-09-17 12:07:55.307,410.57487027825897,95
2024-09-17 12:07:55.379,410.5185194172701,105
2024-09-17 12:07:55.389,410.5336899898848,13
2024-09-17 12:07:55.476,410.5754637585601,13
2024-09-17 12:07:55.518,410.5491508902252,12
2024-09-17 12:07:55.676,410.5325275949629,8
2024-09-17 12:07:55.684,410.5489810828934,10
2024-09-17 12:07:55.754,410.5363273075896,99
2024-09-17 12:07:56.003,410.5025492977961,1004
2024-09-17 12:07:56.045,410.5580966474236,100
2024-09-17 12:07:56.084,410.5416127178391,8
2024-09-17 12:07:56.109,410.51080927557945,96
2024-09-17 12:07:56.378,410.53017274534784,1000
2024-09-17 12:07:56.524,410.54182076586017,102
2024-09-17 12:07:56.594,410.5336907225719,103
2024-09-17 12:07:56.614,410.5403342150965,100
2024-09-17 12:07:56.738,410.5422028312441,1000
2024-09-17 12:07:56.818,,10
2024-09-17 12:07:56.870,410.5100623197437,995
2024-09-17 12:07:56.894,410.5440806762508,1001
2024-09-17 12:07:56.895,410.4914611105835,995
2024-09-17 12:07:56.982,410.5056061404314,5
2024-09-17 12:07:57.097,410.5017411194385,100
2024-09-17 12:07:57.113,410.51201818332265,96
2024-09-17 12:07:57.178,410.5157219818377,102
2024-09-17 12:07:57.202,410.50588395541854,104
2024-09-17 12:07:57.216,410.507796594447,103
2024-09-17 12:07:57.254,410.5064693292539,15
2024-09-17 12:07:57.429,410.51914091434304,998
2024-09-17 12:07:57.496,41.05326694904071,103
2024-09-17 12:07:57.558,410.5185336281566,96
2024-09-17 12:07:57.590,410.5208970866939,1000
2024-09-17 12:07:57.597,410.5125119150313,6
2024-09-17 12:07:57.601,410.51562542091295,104
2024-09-17 12:07:57.814,41.05410752663877,999
2024-09-17 12:07:57.913,410.5039638936224,13
2024-09-17 12:07:57.921,410.5166565331537,98
2024-09-17 12:07:57.935,410.5239012715692,14
2024-09-17 12:07:58.082,410.5443808107568,99
2024-09-17 12:07:59.089,410.56180182215,1005
2024-09-17 12:07:59.099,410.5373596602481,7
2024-09-17 12:07:59.179,410.5390313439177,96
2024-09-17 12:07:59.341,410.5364616218311,6
2024-09-17 12:07:59.381,410.554640578503,996
2024-09-17 12:07:59.392,410.6364326043772,1002
2024-09-17 12:07:59.616,410.57166178359614,11
2024-09-17 12:07:59.676,410.6071423594176,999
2024-09-17 12:07:59.749,410.6283175570843,97
2024-09-17 12:07:59.846,410.59476849377984,1003
2024-09-17 12:07:59.979,410.5359885640007,9
