Timestamp,Price,Size
2024-09-18 14:30:00.452,412.7709822952152,14
2024-09-18 14:30:00.516,412.77420129343056,103
2024-09-18 14:30:00.701,412.7697215100592,102
2024-09-18 14:30:00.775,412.7596512490832,100
2024-09-18 14:30:00.944,412.7684215945194,101
2024-09-18 14:30:01.028,412.756919177338,1002
2024-09-18 14:30:01.281,412.76968177868696,98
2024-09-18 14:30:01.934,407.6675640106434,11
2024-09-18 14:30:02.009,412.7713640616802,104
2024-09-18 14:30:02.076,412.7582342226257,1002
2024-09-18 14:30:02.119,412.7499786225529,15
2024-09-18 14:30:02.146,412.80568721088486,101
2024-09-18 14:30:02.159,412.7631732974443,9
2024-09-18 14:30:02.237,412.7565148321164,102
2024-09-18 14:30:02.249,412.7993102765062,996
2024-09-18 14:30:02.265,412.7667343853521,1001
2024-09-18 14:30:02.296,412.7601922854533,1005
2024-09-18 14:30:02.350,412.76156572865625,12
2024-09-18 14:30:02.412,412.751065006396,101
2024-09-18 14:30:02.481,412.7575847829767,101
2024-09-18 14:30:02.486,412.8117420379206,9
2024-09-18 14:30:02.638,412.75398090471504,14
2024-09-18 14:30:02.685,412.7825902017628,7
2024-09-18 14:30:02.736,412.79210593794966,105
2024-09-18 14:30:02.745,412.7597930055868,1000
2024-09-18 14:30:02.747,412.7875565580474,99
2024-09-18 14:30:02.749,412.7608665546369,1000
2024-09-18 14:30:02.763,412.7893349376705,105
2024-09-18 14:30:02.778,412.81895211799525,7
2024-09-18 14:30:02.821,412.7595217836772,995
2024-09-18 14:30:02.834,412.7521187232276,11
2024-09-18 14:30:02.900,412.7440356045334,10
2024-09-18 14:30:02.928,412.7313791910664,100
2024-09-18 14:30:02.978,412.7811007224485,999
2024-09-18 14:30:03.019,412.71705932184017,99
2024-09-18 14:30:03.051,412.72052654971776,1003
2024-09-18 14:30:03.086,412.7243824117991,100
2024-09-18 14:30:03.164,412.7148099062952,95
2024-09-18 14:30:03.199,412.7401055517077,100
2024-09-18 14:30:03.207,412.7457312493442,100
2024-09-18 14:30:03.245,412.7192597896986,1004
2024-09-18 14:30:03.265,412.75944167880056,11
2024-09-18 14:30:03.277,412.74085191031577,10
2024-09-18 14:30:03.349,412.73965361624266,99
2024-09-18 14:30:03.426,412.6899990823524,9
2024-09-18 14:30:03.442,412.727914172881,1000
2024-09-18 14:30:03.506,412.7399860691373,997
2024-09-18 14:30:03.519,412.7321356149277,8
2024-09-18 14:30:03.566,412.7367418432525,104
2024-09-18 14:30:03.588,412.72054027953976,98
2024-09-18 14:30:03.702,412.7311696441161,995
2024-09-18 14:30:03.703,412.69567477275865,15
2024-09-18 14:30:03.710,412.74115106226606,998
2024-09-18 14:30:03.726,412.7498037413257,1002
2024-09-18 14:30:03.814,412.73560352971646,1003
2024-09-18 14:30:03.973,412.7264123906687,9
2024-09-18 14:30:03.992,412.7341074173306,1001
2024-09-18 14:30:04.079,412.71123486307846,12
2024-09-18 14:30:04.137,412.6741153933396,1001
2024-09-18 14:30:04.246,412.678094464518,8
2024-09-18 14:30:04.248,412.6809128551036,7
2024-09-18 14:30:04.263,412.6772715772185,1003
2024-09-18 14:30:04.411,41.27021090802309,97
2024-09-18 14:30:04.521,412.6853156183491,1005
2024-09-18 14:30:04.535,412.6655793242259,10
2024-09-18 14:30:04.857,412.6692860979895,1002
2024-09-18 14:30:04.871,412.6605286455515,11
2024-09-18 14:30:04.893,412.7009207602465,997
2024-09-18 14:30:04.912,412.7010346305052,102
2024-09-18 14:30:05.053,412.67054504247545,97
2024-09-18 14:30:05.096,412.6631184544077,97
2024-09-18 14:30:05.284,412.7143664006764,11
2024-09-18 14:30:05.397,412.6895684258107,11
2024-09-18 14:30:05.668,412.6753239285397,997
2024-09-18 14:30:05.669,412.6865625751568,997
2024-09-18 14:30:05.821,412.7307307977664,998
2024-09-18 14:30:05.859,412.6706975124322,996
2024-09-18 14:30:05.908,412.68192464475874,9
2024-09-18 14:30:06.056,412.7055457964189,1003
2024-09-18 14:30:06.080,412.7174216367648,1003
2024-09-18 14:30:06.101,412.7681090293793,8
2024-09-18 14:30:06.243,412.7598234402582,102
2024-09-18 14:30:06.284,412.7257467506134,11
2024-09-18 14:30:06.351,412.7871140488107,11
2024-09-18 14:30:06.366,412.7534349138275,13
2024-09-18 14:30:06.383,412.77721072392256,15
2024-09-18 14:30:06.460,412.7666662030844,1003
2024-09-18 14:30:06.585,412.7326087864477,9
2024-09-18 14:30:06.600,412.6908961150467,100
2024-09-18 14:30:06.601,412.75899570935496,96
2024-09-18 14:30:06.609,412.6833050372439,13
2024-09-18 14:30:06.644,412.6949992673663,996
2024-09-18 14:30:06.666,412.76413492728057,1004
2024-09-18 14:30:06.678,412.7010977219044,1004
2024-09-18 14:30:06.701,412.742990389032,9
2024-09-18 14:30:06.725,412.7817097424707,104
2024-09-18 14:30:06.734,412.73865813806106,11
2024-09-18 14:30:06.856,412.75426599578566,998
2024-09-18 14:30:06.870,412.75899728244775,105
2024-09-18 14:30:06.924,412.6903506952559,1003
2024-09-18 14:30:06.943,412.7612615533904,998
2024-09-18 14:30:06.949,412.7120505140093,10
2024-09-18 14:30:06.962,412.7447398843248,95
2024-09-18 14:30:07.312,412.7331716355787,11
2024-09-18 14:30:07.329,412.7252747548196,998
2024-09-18 14:30:07.888,412.70716575051927,15
2024-09-18 14:30:08.120,412.7167067124032,1000
2024-09-18 14:30:08.488,,999
2024-09-18 14:30:08.647,412.7131959548749,997
2024-09-18 14:30:08.781,412.6936135197204,103
2024-09-18 14:30:09.062,412.6910683098959,98
2024-09-18 14:30:09.135,412.7337377947271,1002
2024-09-18 14:30:09.195,412.74974888081135,100
2024-09-18 14:30:09.212,412.7924250696447,100
2024-09-18 14:30:09.255,412.70083646592695,95
2024-09-18 14:30:09.321,412.7154061488592,99
2024-09-18 14:30:09.326,412.7248248235665,105
2024-09-18 14:30:09.496,412.7225495156227,1002
2024-09-18 14:30:09.518,412.6816853227726,14
2024-09-18 14:30:09.584,412.6986549238903,1001
2024-09-18 14:30:09.607,412.7069567185315,996
2024-09-18 14:30:09.695,412.7468859813362,1002
2024-09-18 14:30:09.701,412.7332458114074,100
2024-09-18 14:30:09.711,41.273638840651415,1001
2024-09-18 14:30:09.716,412.7337242691327,97
2024-09-18 14:30:09.737,412.7592843050601,1000
2024-09-18 14:30:09.864,412.7929116040408,6
2024-09-18 14:30:09.942,412.6948928333908,96
2024-09-18 14:30:09.980,412.72279940508406,10
2024-09-18 14:30:10.146,412.794159279629,1003
2024-09-18 14:30:10.214,412.8015051224743,999
2024-09-18 14:30:10.257,412.80474999227096,7
2024-09-18 14:30:10.270,412.7664382416857,997
2024-09-18 14:30:10.289,412.7934910053734,102
2024-09-18 14:30:10.344,412.7561369929792,13
2024-09-18 14:30:10.472,412.7777874297421,14
2024-09-18 14:30:10.499,412.7792165146735,11
2024-09-18 14:30:10.593,412.7871926565819,14
2024-09-18 14:30:10.642,412.7896422995545,1000
2024-09-18 14:30:10.679,412.7855189445865,995
2024-09-18 14:30:10.693,412.7836421595158,9
2024-09-18 14:30:10.721,412.7981796482042,6
2024-09-18 14:30:10.768,412.7919285679741,10
2024-09-18 14:30:10.778,412.789788134862,101
2024-09-18 14:30:10.797,412.8017065617368,98
2024-09-18 14:30:10.816,412.80307634444864,1005
2024-09-18 14:30:10.840,412.7768122310725,10
2024-09-18 14:30:11.092,412.8585826381882,100
2024-09-18 14:30:11.129,412.8889269485991,105
2024-09-18 14:30:11.137,412.8022049986637,100
2024-09-18 14:30:11.258,412.83660654048737,7
2024-09-18 14:30:11.263,412.7885009089386,100
2024-09-18 14:30:11.277,412.8657279539547,10
2024-09-18 14:30:11.280,412.8780151842366,97
2024-09-18 14:30:11.282,412.8862529021241,1004
2024-09-18 14:30:11.320,412.8801965364901,999
2024-09-18 14:30:11.323,412.87772575579896,102
2024-09-18 14:30:11.352,412.8122336426217,97
2024-09-18 14:30:11.366,412.8376339301065,1004
2024-09-18 14:30:11.388,,98
2024-09-18 14:30:11.434,412.8718462230104,100
2024-09-18 14:30:11.464,412.8612611999823,105
2024-09-18 14:30:11.472,412.8537899845493,100
2024-09-18 14:30:11.716,412.87412877920826,999
2024-09-18 14:30:11.758,412.8584711773857,96
2024-09-18 14:30:11.777,412.77341650907744,10
2024-09-18 14:30:11.804,412.8671799302402,995
2024-09-18 14:30:11.870,412.8320603512896,96
2024-09-18 14:30:11.890,412.846433370674,996
2024-09-18 14:30:11.899,412.8550096542927,1005
2024-09-18 14:30:11.901,412.8352208304058,102
2024-09-18 14:30:11.952,412.8691346481598,99
2024-09-18 14:30:11.979,412.88564804404194,100
2024-09-18 14:30:12.062,412.82536389624863,103
2024-09-18 14:30:12.085,412.85704378757697,104
2024-09-18 14:30:12.149,412.8187343420712,7
2024-09-18 14:30:12.197,412.8121717170106,11
2024-09-18 14:30:12.226,412.85477444388346,102
2024-09-18 14:30:12.236,412.8082583548304,1003
2024-09-18 14:30:12.262,412.81576465769575,5
2024-09-18 14:30:12.373,412.85924166474257,105
2024-09-18 14:30:12.413,412.833790687621,97
2024-09-18 14:30:12.413,412.8088973005302,13
2024-09-18 14:30:12.426,412.8241193449944,997
2024-09-18 14:30:12.428,412.8269977320096,102
2024-09-18 14:30:12.431,412.8181673881239,105
2024-09-18 14:30:12.657,412.85217270727406,998
2024-09-18 14:30:12.662,412.857796713707,995
2024-09-18 14:30:12.749,412.84363945928806,996
2024-09-18 14:30:12.770,407.668447379801,995
2024-09-18 14:30:12.875,412.8516901239682,14
2024-09-18 14:30:13.061,412.846551889564,1000
2024-09-18 14:30:13.152,412.8768164362268,8
2024-09-18 14:30:13.170,412.8454046748941,96
2024-09-18 14:30:13.172,412.8464724074099,1001
2024-09-18 14:30:13.177,412.8427657931313,9
2024-09-18 14:30:13.238,412.8514771122408,14
2024-09-18 14:30:13.244,412.8478007333832,12
2024-09-18 14:30:13.322,412.8564918941014,997
2024-09-18 14:30:13.347,412.8487541530679,102
2024-09-18 14:30:13.405,412.8614347472088,998
2024-09-18 14:30:13.509,412.8382465188386,997
2024-09-18 14:30:13.534,412.8616471255816,1000
2024-09-18 14:30:13.625,412.84848650755913,995
2024-09-18 14:30:13.657,412.8427734672688,105
2024-09-18 14:30:13.660,412.8503305225156,13
2024-09-18 14:30:13.671,412.8399778743595,10
2024-09-18 14:30:13.700,412.8567095446743,1003
2024-09-18 14:30:13.855,412.8686057062607,96
2024-09-18 14:30:13.858,412.8453729972902,6
2024-09-18 14:30:13.870,412.86196806035,10
2024-09-18 14:30:13.870,412.85864042503545,13
2024-09-18 14:30:13.871,412.8502083209999,10
2024-09-18 14:30:14.120,412.8896160681684,104
2024-09-18 14:30:14.233,412.8746277416802,1003
2024-09-18 14:30:14.648,412.8853369160244,8
2024-09-18 14:30:14.775,412.8847480848052,998
2024-09-18 14:30:14.806,412.89204471389456,6
2024-09-18 14:30:14.991,412.857425694956,97
2024-09-18 14:30:15.056,412.8614710435393,105
2024-09-18 14:30:15.064,407.6026322103365,15
2024-09-18 14:30:15.104,412.86197252643166,99
2024-09-18 14:30:15.150,412.8887240617315,13
2024-09-18 14:30:15.168,412.847145375666,5
2024-09-18 14:30:15.185,412.8948295538299,998
2024-09-18 14:30:15.266,412.8965455247794,1004
2024-09-18 14:30:15.295,412.8496489693857,9
2024-09-18 14:30:15.378,412.8582281766884,1001
2024-09-18 14:30:15.423,412.86713580942006,105
2024-09-18 14:30:15.480,412.9043642998464,999
2024-09-18 14:30:15.674,412.8593292070274,8
2024-09-18 14:30:15.694,412.8622338260702,13
2024-09-18 14:30:15.767,412.87308281625576,97
2024-09-18 14:30:15.796,412.8563820570308,999
2024-09-18 14:30:15.851,412.8729647307696,1004
2024-09-18 14:30:15.869,412.8831437346792,11
2024-09-18 14:30:15.889,412.8863681563512,101
2024-09-18 14:30:15.894,412.8892535683395,15
2024-09-18 14:30:15.939,412.88756852050057,1000
2024-09-18 14:30:15.969,412.8701394296203,995
2024-09-18 14:30:16.021,412.8606195064405,95
2024-09-18 14:30:16.076,412.9059227460085,1000
2024-09-18 14:30:16.079,412.8686174368215,99
2024-09-18 14:30:16.080,412.9022569604981,1001
2024-09-18 14:30:16.092,412.856166877883,996
2024-09-18 14:30:16.122,412.8557142260028,1003
2024-09-18 14:30:16.159,412.84754893428897,13
2024-09-18 14:30:16.249,412.8659771338141,99
2024-09-18 14:30:16.255,412.903329577306,104
2024-09-18 14:30:16.268,412.8979045323545,1000
2024-09-18 14:30:16.340,412.8866633391413,13
2024-09-18 14:30:16.345,412.8974905490781,1004
2024-09-18 14:30:16.365,412.8602950110076,95
2024-09-18 14:30:16.429,412.8724934535264,8
2024-09-18 14:30:16.441,412.9219032742844,13
2024-09-18 14:30:16.492,412.8692630814294,8
2024-09-18 14:30:16.552,412.9153016693293,1001
2024-09-18 14:30:16.612,412.8675534730168,1001
2024-09-18 14:30:16.622,412.8991257863955,995
2024-09-18 14:30:16.690,412.8501388256543,7
2024-09-18 14:30:16.726,412.8997592238181,13
2024-09-18 14:30:16.760,412.8765178619512,95
2024-09-18 14:30:16.798,412.84781033841074,1003
2024-09-18 14:30:16.808,412.8851792492547,100
2024-09-18 14:30:16.816,412.8996230932516,105
2024-09-18 14:30:16.825,412.8400953642599,6
2024-09-18 14:30:16.831,407.49221366765,999
2024-09-18 14:30:16.891,412.8733943828403,96
2024-09-18 14:30:16.920,412.9080158029596,104
2024-09-18 14:30:18.141,412.8677198869273,998
2024-09-18 14:30:18.146,412.8930622678877,1000
2024-09-18 14:30:18.164,412.8898147906541,1000
2024-09-18 14:30:18.228,412.85983877838777,95
2024-09-18 14:30:18.257,412.8911883959901,100
2024-09-18 14:30:18.268,412.8547563847373,95
2024-09-18 14:30:18.269,412.8350427887223,15
2024-09-18 14:30:18.271,41.282448168871454,8
2024-09-18 14:30:18.281,412.8573492034173,996
2024-09-18 14:30:18.313,412.88350291714,104
2024-09-18 14:30:18.508,412.87192869681,12
2024-09-18 14:30:18.552,412.8559820326448,1004
2024-09-18 14:30:18.554,412.8417594867674,995
2024-09-18 14:30:18.619,412.8776254021415,996
2024-09-18 14:30:18.642,412.87369783605936,5
2024-09-18 14:30:18.695,412.8596887260308,1001
2024-09-18 14:30:18.700,412.8773457645781,96
2024-09-18 14:30:18.746,412.85154794477296,998
2024-09-18 14:30:18.751,412.8645727635409,101
2024-09-18 14:30:18.762,412.8523986761298,1004
2024-09-18 14:30:18.810,412.8296701686429,1004
2024-09-18 14:30:18.907,412.8561886952884,105
2024-09-18 14:30:18.994,412.86373696431815,1002
2024-09-18 14:30:19.007,412.880072530736,102
2024-09-18 14:30:19.078,412.8328496107004,9
2024-09-18 14:30:19.159,412.8656169945149,999
2024-09-18 14:30:19.169,412.83318620047294,997
2024-09-18 14:30:19.171,412.88852239326894,101
2024-09-18 14:30:19.271,412.8290848820019,7
2024-09-18 14:30:19.423,41.28575218921677,1004
2024-09-18 14:30:19.428,412.8379227629823,1004
2024-09-18 14:30:19.506,412.8592562968011,7
2024-09-18 14:30:19.531,412.84019475171857,999
2024-09-18 14:30:19.558,412.8686037805105,6
2024-09-18 14:30:19.615,412.8476686191454,104
2024-09-18 14:30:19.705,412.861060904317,6
2024-09-18 14:30:19.815,412.88319823121833,102
2024-09-18 14:30:19.831,412.8379759466743,105
2024-09-18 14:30:19.863,412.8404388266258,5
2024-09-18 14:30:20.058,412.8478348387493,95
2024-09-18 14:30:20.118,412.8534810251329,99
2024-09-18 14:30:20.164,412.8740506351135,7
2024-09-18 14:30:20.177,412.8570955018788,996
2024-09-18 14:30:20.240,412.8517071819327,15
2024-09-18 14:30:20.329,412.8368938570515,995
2024-09-18 14:30:20.341,412.8377325003683,995
2024-09-18 14:30:20.360,412.8595663857481,997
2024-09-18 14:30:20.421,412.8514298019367,10
2024-09-18 14:30:20.437,412.8360692795172,103
2024-09-18 14:30:20.456,412.8522525532685,11
2024-09-18 14:30:20.464,412.8963651204485,7
2024-09-18 14:30:20.472,412.8734498338054,97
2024-09-18 14:30:20.537,412.85401122066935,13
2024-09-18 14:30:20.565,412.8599420171532,103
2024-09-18 14:30:20.738,,999
2024-09-18 14:30:20.762,412.8629777062423,995
2024-09-18 14:30:20.777,412.8603071242866,102
2024-09-18 14:30:20.808,412.8468915551562,12
2024-09-18 14:30:20.810,412.8722387295863,996
2024-09-18 14:30:20.858,412.8538858374309,1000
2024-09-18 14:30:20.919,412.8675097134992,995
2024-09-18 14:30:20.964,412.84993408240985,996
2024-09-18 14:30:21.019,412.8930940873871,1003
2024-09-18 14:30:21.022,412.898799636061,6
2024-09-18 14:30:21.035,412.9033112959578,102
2024-09-18 14:30:21.063,412.9023092831188,1004
2024-09-18 14:30:21.079,412.8966294991334,11
2024-09-18 14:30:21.153,412.90123294273536,105
2024-09-18 14:30:21.203,412.91129649688537,10
2024-09-18 14:30:21.293,412.9201195613704,999
2024-09-18 14:30:21.300,412.87938329905967,13
2024-09-18 14:30:21.369,412.8861846665243,1002
2024-09-18 14:30:21.390,412.876614994598,9
2024-09-18 14:30:21.466,412.8909216865173,15
2024-09-18 14:30:21.577,412.8851147582736,15
2024-09-18 14:30:21.579,412.89464661568223,101
2024-09-18 14:30:21.607,412.91328860142687,995
2024-09-18 14:30:21.609,412.894436969508,999
2024-09-18 14:30:21.639,412.8853309780655,103
2024-09-18 14:30:21.930,412.9120030238568,9
2024-09-18 14:30:21.999,412.8757777599264,1003
2024-09-18 14:30:22.028,412.7792821289331,7
2024-09-18 14:30:22.110,412.7758957401931,100
2024-09-18 14:30:22.136,412.81724484141785,103
2024-09-18 14:30:22.187,412.7994179493129,998
2024-09-18 14:30:22.197,412.8415345334094,98
2024-09-18 14:30:22.215,412.85625704338497,1001
2024-09-18 14:30:22.220,412.8741351488723,5
2024-09-18 14:30:22.221,412.8080769642537,6
2024-09-18 14:30:22.266,412.7915548352824,97
2024-09-18 14:30:22.317,412.813746973203,7
2024-09-18 14:30:22.323,412.79377049305134,99
2024-09-18 14:30:22.359,412.78042940166273,96
2024-09-18 14:30:22.369,412.8462254894676,1001
2024-09-18 14:30:22.467,412.79608620562,100
2024-09-18 14:30:22.496,412.8655395131347,97
2024-09-18 14:30:22.582,412.84428794873736,104
2024-09-18 14:30:22.634,412.7709054791363,1002
2024-09-18 14:30:22.637,412.8446709558452,8
2024-09-18 14:30:22.661,412.8002941933226,102
2024-09-18 14:30:22.663,412.7866781323128,996
2024-09-18 14:30:22.669,412.7811487103481,98
2024-09-18 14:30:22.681,412.7810518194759,6
2024-09-18 14:30:22.812,412.8102877594512,13
2024-09-18 14:30:22.821,412.81315190090703,1001
2024-09-18 14:30:22.838,412.76503517424135,14
2024-09-18 14:30:22.857,412.8412011779619,13
2024-09-18 14:30:22.864,412.78474190618056,8
2024-09-18 14:30:22.942,412.8149998779985,14
2024-09-18 14:30:23.013,412.7754934415024,997
2024-09-18 14:30:23.067,412.8162726333787,6
2024-09-18 14:30:23.111,412.87897877426735,8
2024-09-18 14:30:23.125,412.8143983836216,998
2024-09-18 14:30:23.140,412.8189346649067,5
2024-09-18 14:30:23.166,412.8066179887946,102
2024-09-18 14:30:23.166,412.88811533033487,5
2024-09-18 14:30:23.244,412.8010968006628,95
2024-09-18 14:30:23.422,407.6513587336325,1002
2024-09-18 14:30:23.461,412.82795530558815,101
2024-09-18 14:30:23.528,412.874199463984,6
2024-09-18 14:30:23.532,412.79806735511,14
2024-09-18 14:30:23.709,412.76384493657855,1005
2024-09-18 14:30:23.780,412.7680728791601,1004
2024-09-18 14:30:23.870,412.7830211294632,11
2024-09-18 14:30:23.878,412.8502537669621,97
2024-09-18 14:30:23.911,412.871033265836,104
2024-09-18 14:30:23.928,412.8791343131976,7
2024-09-18 14:30:23.940,412.7834168739116,99
2024-09-18 14:30:23.983,412.8195409746643,1001
2024-09-18 14:30:24.026,412.88968957058216,95
2024-09-18 14:30:24.071,413.0090766465237,1004
2024-09-18 14:30:24.135,412.8859334221942,103
2024-09-18 14:30:24.140,412.9960577472299,8
2024-09-18 14:30:24.185,412.9510618488632,9
2024-09-18 14:30:24.194,412.935776421439,9
2024-09-18 14:30:24.204,412.9070027484687,99
2024-09-18 14:30:24.308,412.8772642044517,998
2024-09-18 14:30:24.326,412.8828091656418,1001
2024-09-18 14:30:24.330,412.9543907234623,999
2024-09-18 14:30:24.367,412.9741089511221,97
2024-09-18 14:30:24.410,413.0007228713794,11
2024-09-18 14:30:24.428,412.97802776062673,7
2024-09-18 14:30:24.468,412.8801087860932,7
2024-09-18 14:30:24.468,412.8874626089101,7
2024-09-18 14:30:24.482,412.9326840391614,101
2024-09-18 14:30:24.484,412.96986307906,100
2024-09-18 14:30:24.534,412.9746659765185,7
2024-09-18 14:30:24.586,412.86479533409,101
2024-09-18 14:30:24.602,412.95752920000064,14
2024-09-18 14:30:24.634,412.8785933362966,996
2024-09-18 14:30:24.642,412.9251127255086,999
2024-09-18 14:30:24.668,412.9750775754177,12
2024-09-18 14:30:24.712,412.8887550816704,5
2024-09-18 14:30:24.776,412.9115403580356,997
2024-09-18 14:30:24.838,412.9189570661013,11
2024-09-18 14:30:24.852,412.9400524355195,102
2024-09-18 14:30:24.860,412.8741837838267,13
2024-09-18 14:30:24.921,412.9473071354999,11
2024-09-18 14:30:25.006,412.9465627181337,996
2024-09-18 14:30:25.044,412.9284753598144,105
2024-09-18 14:30:25.047,412.9419209030941,1003
2024-09-18 14:30:25.067,412.94447684143046,15
2024-09-18 14:30:25.077,412.9121026633491,998
2024-09-18 14:30:25.210,412.9231593024703,1004
2024-09-18 14:30:25.254,412.9124510587666,101
2024-09-18 14:30:25.282,412.9550567543206,998
2024-09-18 14:30:25.288,412.9218360308997,14
2024-09-18 14:30:25.307,412.9017273029791,12
2024-09-18 14:30:25.393,412.9129715709204,99
2024-09-18 14:30:25.397,412.9282772974544,1003
2024-09-18 14:30:25.441,412.96420667057527,105
2024-09-18 14:30:25.607,412.9105869219138,997
2024-09-18 14:30:25.627,412.9315604772154,102
2024-09-18 14:30:25.681,412.9341260802154,103
2024-09-18 14:30:25.699,412.90463795361546,15
2024-09-18 14:30:25.805,412.9492914579653,996
2024-09-18 14:30:25.911,412.9220637540584,997
2024-09-18 14:30:25.925,412.9376904066104,99
2024-09-18 14:30:25.931,412.89655053009966,98
2024-09-18 14:30:25.933,,6
2024-09-18 14:30:25.942,412.936104853726,997
2024-09-18 14:30:25.955,412.9507807798787,1002
2024-09-18 14:30:26.009,412.9811900853825,8
2024-09-18 14:30:26.078,412.9979214077585,99
2024-09-18 14:30:26.127,413.0404381854552,12
2024-09-18 14:30:26.127,413.0044077369325,102
2024-09-18 14:30:26.131,-413.04427415194095,1002
2024-09-18 14:30:26.143,412.9910668880904,95
2024-09-18 14:30:26.265,413.0105513473349,97
2024-09-18 14:30:26.328,413.0666770163448,10
2024-09-18 14:30:26.436,413.0335859665677,101
2024-09-18 14:30:26.584,412.9938533408933,101
2024-09-18 14:30:26.601,412.9881353635685,1003
2024-09-18 14:30:26.639,412.9878978305919,8
2024-09-18 14:30:26.838,413.0121119200531,7
2024-09-18 14:30:26.858,412.95395292636687,96
2024-09-18 14:30:26.896,413.02769245850703,1003
2024-09-18 14:30:26.898,412.9511351187381,103
2024-09-18 14:30:26.951,412.96584735820016,14
2024-09-18 14:30:27.022,413.0823923722464,11
2024-09-18 14:30:27.214,413.06139735839736,98
2024-09-18 14:30:27.228,413.0735189877162,6
2024-09-18 14:30:27.707,413.078096837098,7
2024-09-18 14:30:28.007,413.0814932057828,997
2024-09-18 14:30:28.113,-413.0793218208153,1002
2024-09-18 14:30:28.137,413.0889986692188,96
2024-09-18 14:30:28.213,407.614028751392,96
2024-09-18 14:30:28.337,413.0749055630522,103
2024-09-18 14:30:28.341,413.0917064824013,1005
2024-09-18 14:30:28.389,413.07910000265946,96
2024-09-18 14:30:28.397,413.08116725817007,100
2024-09-18 14:30:28.504,413.0915456887062,13
2024-09-18 14:30:28.506,413.0900033172466,1000
2024-09-18 14:30:28.511,413.0724282392128,996
2024-09-18 14:30:28.529,413.0824564297625,104
2024-09-18 14:30:28.572,413.09729495190106,1000
2024-09-18 14:30:28.673,413.0669262555797,998
2024-09-18 14:30:28.680,413.0954058238618,105
2024-09-18 14:30:28.706,413.074630886415,97
2024-09-18 14:30:28.709,407.5533409432391,8
2024-09-18 14:30:28.761,413.0674454575884,9
2024-09-18 14:30:28.778,413.06766834285776,14
2024-09-18 14:30:28.784,413.0836769907302,9
2024-09-18 14:30:28.814,413.0685027101656,1000
2024-09-18 14:30:28.870,413.0713089735549,97
2024-09-18 14:30:28.899,413.07446422140936,98
2024-09-18 14:30:29.182,413.0716104069455,7
2024-09-18 14:30:29.446,413.0429948733255,996
2024-09-18 14:30:29.858,413.0555746274741,9
2024-09-18 14:30:29.915,413.0089192591945,104
2024-09-18 14:30:29.929,407.5946364250202,13
2024-09-18 14:30:30.037,413.0321491534527,101
2024-09-18 14:30:30.179,413.0145478900981,999
2024-09-18 14:30:30.245,413.0296786211612,96
2024-09-18 14:30:30.342,413.0250827797535,13
2024-09-18 14:30:30.437,413.0183921501175,1005
2024-09-18 14:30:30.515,413.0443221006453,13
2024-09-18 14:30:30.635,413.01966324145695,12
2024-09-18 14:30:30.729,413.0225493115999,104
2024-09-18 14:30:30.973,413.0224290480477,995
2024-09-18 14:30:31.001,412.9905235753428,103
2024-09-18 14:30:31.023,413.0066131045493,8
2024-09-18 14:30:31.025,412.98803900767206,95
2024-09-18 14:30:31.100,412.9694255252346,998
2024-09-18 14:30:31.105,412.9483982659575,100
2024-09-18 14:30:31.194,412.9500004516064,997
2024-09-18 14:30:31.228,412.987650137294,105
2024-09-18 14:30:31.259,412.97528460027786,97
2024-09-18 14:30:31.293,413.0226949604976,98
2024-09-18 14:30:31.298,412.99865794793885,1001
2024-09-18 14:30:31.324,413.0047645476964,13
2024-09-18 14:30:31.377,412.9883208787398,999
2024-09-18 14:30:31.398,412.9876121865949,6
2024-09-18 14:30:31.504,41.30112181320271,12
2024-09-18 14:30:31.623,413.0179361981353,996
2024-09-18 14:30:31.679,412.96023609889926,1002
2024-09-18 14:30:31.757,412.974326891186,997
2024-09-18 14:30:31.780,412.9725344163016,1001
2024-09-18 14:30:31.801,412.9904017833126,5
2024-09-18 14:30:31.815,412.9706801385016,13
2024-09-18 14:30:31.846,412.9690669158153,97
2024-09-18 14:30:31.849,412.9991646049001,1005
2024-09-18 14:30:31.853,412.9820221116764,5
2024-09-18 14:30:31.866,412.9599515649819,14
2024-09-18 14:30:31.917,412.9660536907013,1001
2024-09-18 14:30:31.920,412.9864089170216,8
2024-09-18 14:30:31.980,413.0101494883417,103
2024-09-18 14:30:32.028,412.962637291079,99
2024-09-18 14:30:32.112,412.9652891440919,97
2024-09-18 14:30:32.114,412.9954121593888,100
2024-09-18 14:30:32.183,412.97055573464456,102
2024-09-18 14:30:32.198,412.9879429063369,8
2024-09-18 14:30:32.290,412.96934274071225,98
2024-09-18 14:30:32.293,412.99168641300287,11
2024-09-18 14:30:32.334,413.00674625236593,1002
2024-09-18 14:30:32.340,412.9919760964394,100
2024-09-18 14:30:32.357,412.97479286846703,997
2024-09-18 14:30:32.361,413.00529439401424,102
2024-09-18 14:30:32.383,412.9786104621599,101
2024-09-18 14:30:32.414,412.99125171118345,1000
2024-09-18 14:30:32.427,412.9922018341614,7
2024-09-18 14:30:32.485,413.0160311741096,95
2024-09-18 14:30:32.531,412.9744263886033,6
2024-09-18 14:30:32.556,412.9733897187787,8
2024-09-18 14:30:32.566,412.99981853702695,15
2024-09-18 14:30:32.642,413.01076923260587,998
2024-09-18 14:30:32.696,412.9882013939758,6
2024-09-18 14:30:32.806,413.0041233087856,1005
2024-09-18 14:30:32.814,412.9605485840421,995
2024-09-18 14:30:32.839,412.95346433908577,1000
2024-09-18 14:30:32.842,412.9783216187839,1001
2024-09-18 14:30:32.853,412.99260828678666,8
2024-09-18 14:30:32.925,412.9870138448202,103
2024-09-18 14:30:32.945,412.9475669741735,1002
2024-09-18 14:30:32.954,412.9855354634578,995
2024-09-18 14:30:32.959,412.9979418585911,995
2024-09-18 14:30:33.070,413.0543610850402,99
2024-09-18 14:30:33.222,413.0515752277031,996
2024-09-18 14:30:33.243,413.0389690766796,7
2024-09-18 14:30:33.347,413.0506809105187,97
2024-09-18 14:30:33.427,413.0350113177691,6
2024-09-18 14:30:33.462,413.0259045718216,95
2024-09-18 14:30:33.487,413.0351968416759,14
2024-09-18 14:30:33.605,413.0303400040648,99
2024-09-18 14:30:33.614,413.0391244581193,1000
2024-09-18 14:30:33.630,413.05663986758384,99
2024-09-18 14:30:33.698,413.0807436076595,995
2024-09-18 14:30:33.718,413.0302683390266,99
2024-09-18 14:30:33.721,413.0311481451823,1003
2024-09-18 14:30:33.730,413.0110301209791,13
2024-09-18 14:30:33.885,413.0440827986138,1005
2024-09-18 14:30:33.927,,10
2024-09-18 14:30:33.930,413.041967662732,104
2024-09-18 14:30:33.968,413.05874768484176,15
2024-09-18 14:30:34.316,413.0706786089559,8
2024-09-18 14:30:34.335,413.04426860849424,1005
2024-09-18 14:30:34.437,413.0450815698844,1000
2024-09-18 14:30:34.451,,999
2024-09-18 14:30:34.453,413.0759197500918,8
2024-09-18 14:30:34.698,413.07039840413546,95
2024-09-18 14:30:34.866,,999
2024-09-18 14:30:34.869,413.0709191110283,99
2024-09-18 14:30:34.954,413.0559861931504,998
2024-09-18 14:30:35.138,413.0750678064695,12
2024-09-18 14:30:35.337,407.30534631809815,8
2024-09-18 14:30:35.568,413.0993714622141,100
2024-09-18 14:30:35.704,413.1156821854376,998
2024-09-18 14:30:35.948,413.094575409934,8
2024-09-18 14:30:35.956,413.1166929474028,15
2024-09-18 14:30:36.023,413.1093058724538,1005
2024-09-18 14:30:36.029,413.1166597859553,99
2024-09-18 14:30:36.067,413.12103138487225,98
2024-09-18 14:30:36.149,413.0946074503196,996
2024-09-18 14:30:36.274,413.1195380587596,14
2024-09-18 14:30:36.378,413.1047878400051,95
2024-09-18 14:30:36.851,413.1020089099829,1003
2024-09-18 14:30:36.857,413.1222869784285,1000
2024-09-18 14:30:36.951,413.1019842947963,12
2024-09-18 14:30:37.106,413.127320082634,1002
2024-09-18 14:30:37.295,413.12077972244543,5
2024-09-18 14:30:37.300,413.1147142266681,12
2024-09-18 14:30:37.326,413.1255964774501,995
2024-09-18 14:30:37.479,413.1227085640055,1005
2024-09-18 14:30:37.671,413.1284485001512,102
2024-09-18 14:30:37.760,413.1197176290355,1001
2024-09-18 14:30:37.803,413.11682911741553,11
2024-09-18 14:30:37.886,413.1197176674119,105
2024-09-18 14:30:38.011,413.2128979313072,102
2024-09-18 14:30:38.041,413.1431417596579,999
2024-09-18 14:30:38.053,413.11774694960747,1000
2024-09-18 14:30:38.095,413.1266004607722,1001
2024-09-18 14:30:38.097,413.2125369261083,996
2024-09-18 14:30:38.152,413.1470395544447,14
2024-09-18 14:30:38.154,413.2394446372594,996
2024-09-18 14:30:38.179,413.1607769470581,1001
2024-09-18 14:30:38.181,413.1318605315087,8
2024-09-18 14:30:38.257,413.1414731311223,5
2024-09-18 14:30:38.369,413.16259873384365,13
2024-09-18 14:30:38.378,413.2460273194862,95
2024-09-18 14:30:38.384,413.1736283743277,95
2024-09-18 14:30:38.548,413.194278679165,102
2024-09-18 14:30:38.570,413.24416229476327,995
2024-09-18 14:30:38.596,413.21958218249085,95
2024-09-18 14:30:38.597,413.20601066327504,99
2024-09-18 14:30:38.712,413.1507464628696,11
2024-09-18 14:30:38.751,413.17672522170017,8
2024-09-18 14:30:38.973,413.1588852181391,101
2024-09-18 14:30:39.013,413.247338465251,105
2024-09-18 14:30:39.031,413.20021686852255,13
2024-09-18 14:30:39.091,413.2469121399823,5
2024-09-18 14:30:39.214,413.2330151084094,13
2024-09-18 14:30:39.241,413.2432150915789,8
2024-09-18 14:30:39.363,413.2198773951908,14
2024-09-18 14:30:39.553,,13
2024-09-18 14:30:39.574,413.2227574409588,14
2024-09-18 14:30:39.688,413.2318549136526,102
2024-09-18 14:30:39.740,413.2405483071082,999
2024-09-18 14:30:39.759,413.2428582966393,105
2024-09-18 14:30:40.030,413.246617338105,997
2024-09-18 14:30:40.126,413.24026851547296,98
2024-09-18 14:30:40.136,413.2335452175967,1004
2024-09-18 14:30:40.192,413.2318278764456,10
2024-09-18 14:30:40.323,413.2289700491986,999
2024-09-18 14:30:40.349,413.2632654046371,997
2024-09-18 14:30:40.368,413.24780138610754,15
2024-09-18 14:30:40.465,413.2654985612309,100
2024-09-18 14:30:40.481,413.25242080298335,15
2024-09-18 14:30:40.484,413.2237509277738,999
2024-09-18 14:30:40.500,413.25050624339127,9
2024-09-18 14:30:40.532,413.23850916168186,104
2024-09-18 14:30:40.553,413.21998992047895,14
2024-09-18 14:30:40.579,413.2402235014999,9
2024-09-18 14:30:40.638,413.2341337848385,7
2024-09-18 14:30:40.718,413.2430523136968,996
2024-09-18 14:30:40.723,413.2203940700971,5
2024-09-18 14:30:40.740,413.2483883316984,10
2024-09-18 14:30:40.770,413.264718406324,103
2024-09-18 14:30:40.835,413.2375345746572,102
2024-09-18 14:30:40.889,413.2207353877402,12
2024-09-18 14:30:40.926,413.262272042156,13
2024-09-18 14:30:40.937,413.2518381064451,95
2024-09-18 14:30:41.371,413.241001896607,11
2024-09-18 14:30:41.401,407.3434597253228,1000
2024-09-18 14:30:41.565,413.2499562258436,1005
2024-09-18 14:30:41.913,413.227889711723,5
2024-09-18 14:30:42.004,413.2393095363967,1002
2024-09-18 14:30:42.024,413.2231188377661,5
2024-09-18 14:30:42.139,413.2495666262813,105
2024-09-18 14:30:42.156,413.23056186446,1004
2024-09-18 14:30:42.157,413.2358322098045,11
2024-09-18 14:30:42.161,413.2513914375894,101
2024-09-18 14:30:42.577,413.26774092056814,96
2024-09-18 14:30:42.685,413.2613403590354,11
2024-09-18 14:30:42.694,413.2229833392848,1001
2024-09-18 14:30:42.704,413.2227962323482,100
2024-09-18 14:30:42.769,413.2418691963003,104
2024-09-18 14:30:42.862,413.2191343358823,6
2024-09-18 14:30:43.036,413.2288460484206,11
2024-09-18 14:30:43.113,413.2441119731134,995
2024-09-18 14:30:43.130,413.2193836383804,6
2024-09-18 14:30:43.162,413.22959475998215,99
2024-09-18 14:30:43.174,413.20881712027534,105
2024-09-18 14:30:43.232,413.2287988655544,95
2024-09-18 14:30:43.244,413.2349514814177,103
2024-09-18 14:30:43.257,413.2115352858879,101
2024-09-18 14:30:43.267,407.3913847495905,99
2024-09-18 14:30:43.340,413.2445417568173,100
2024-09-18 14:30:43.439,413.236214558493,97
2024-09-18 14:30:43.459,413.2307855045182,997
2024-09-18 14:30:43.574,413.2296435105241,1001
2024-09-18 14:30:43.593,413.2587866929243,6
2024-09-18 14:30:43.668,413.25213547592375,12
2024-09-18 14:30:43.702,413.2325667549836,102
2024-09-18 14:30:43.723,413.2307612949849,101
2024-09-18 14:30:43.739,413.2607803995945,14
2024-09-18 14:30:43.740,413.21888839457375,96
2024-09-18 14:30:43.766,413.21435655109,5
2024-09-18 14:30:43.801,413.2317671227883,1002
2024-09-18 14:30:43.823,413.2206406123025,9
2024-09-18 14:30:43.842,413.2406037957138,6
2024-09-18 14:30:43.858,413.2518445944761,96
2024-09-18 14:30:43.940,413.2203598422871,96
2024-09-18 14:30:43.976,413.2306432326618,101
2024-09-18 14:30:44.638,413.2611723327669,7
2024-09-18 14:30:44.655,413.25106615395,1002
2024-09-18 14:30:44.730,413.2838960841135,99
2024-09-18 14:30:44.737,413.2573496685741,98
2024-09-18 14:30:44.742,413.2635439090256,104
2024-09-18 14:30:44.813,413.2732076571749,996
2024-09-18 14:30:44.831,413.25169377627344,1000
2024-09-18 14:30:44.974,413.2856835038264,996
2024-09-18 14:30:44.988,413.2503444846226,11
2024-09-18 14:30:45.011,413.27572057345714,1003
2024-09-18 14:30:45.075,413.2927239224588,1000
2024-09-18 14:30:45.077,413.3044082907464,6
2024-09-18 14:30:45.089,413.2921574330768,102
2024-09-18 14:30:45.097,413.2652770600554,97
2024-09-18 14:30:45.161,413.2585477627249,15
2024-09-18 14:30:45.175,413.3011701342976,14
2024-09-18 14:30:45.195,413.2796574211627,9
2024-09-18 14:30:45.238,413.2979253512706,105
2024-09-18 14:30:45.280,413.2840837309816,1005
2024-09-18 14:30:45.349,413.2513458104383,5
2024-09-18 14:30:45.356,413.2894092502975,995
2024-09-18 14:30:45.566,413.265236480155,99
2024-09-18 14:30:45.692,413.2865729210063,13
2024-09-18 14:30:45.941,413.2661377241315,1000
2024-09-18 14:30:46.032,-413.30963830117423,103
2024-09-18 14:30:46.108,413.3422414772229,105
2024-09-18 14:30:46.147,413.3292595084231,997
2024-09-18 14:30:46.158,413.32417623657255,1004
2024-09-18 14:30:46.181,413.3086184857629,995
2024-09-18 14:30:46.247,413.3133095987687,95
2024-09-18 14:30:46.336,413.30969475323593,12
2024-09-18 14:30:46.359,413.3223486234551,7
2024-09-18 14:30:46.444,413.2990249332898,1001
2024-09-18 14:30:46.445,413.2991413438119,14
2024-09-18 14:30:46.687,413.3334381395251,1004
2024-09-18 14:30:46.715,413.3183001632104,1003
2024-09-18 14:30:46.717,413.32811357602566,95
2024-09-18 14:30:46.728,413.3041818019349,95
2024-09-18 14:30:46.923,413.2928349310217,1004
2024-09-18 14:30:46.932,413.3335231407529,96
2024-09-18 14:30:46.966,413.2940584004093,8
2024-09-18 14:30:47.012,413.26796732882167,97
2024-09-18 14:30:47.321,413.27309840635706,998
2024-09-18 14:30:47.342,413.2815830525664,1002
2024-09-18 14:30:47.510,413.2775739967763,13
2024-09-18 14:30:47.512,413.29533808030845,10
2024-09-18 14:30:48.000,413.22261638164616,101
2024-09-18 14:30:48.034,413.2614857714764,9
2024-09-18 14:30:48.038,413.20600444852073,99
2024-09-18 14:30:48.054,413.2021753599209,1000
2024-09-18 14:30:48.094,413.2123787803208,100
2024-09-18 14:30:48.120,413.1802042216287,12
2024-09-18 14:30:48.123,413.2662831165919,99
2024-09-18 14:30:48.214,413.25814591404793,8
2024-09-18 14:30:48.244,413.178385271287,101
2024-09-18 14:30:48.396,413.2350095713393,102
2024-09-18 14:30:48.416,413.2538846190836,101
2024-09-18 14:30:48.428,413.1934478263309,96
2024-09-18 14:30:48.434,413.28274170628606,102
2024-09-18 14:30:48.471,413.248694471856,1000
2024-09-18 14:30:48.540,413.2063790266076,11
2024-09-18 14:30:48.564,413.17471255716777,104
2024-09-18 14:30:48.662,413.26440364397496,1005
2024-09-18 14:30:48.690,413.17890012789786,99
2024-09-18 14:30:48.748,413.2159395301233,1001
2024-09-18 14:30:48.828,413.25986485426034,96
2024-09-18 14:30:48.855,413.1765437069512,8
2024-09-18 14:30:48.866,413.2739978910463,104
2024-09-18 14:30:48.872,413.2529853745418,1005
2024-09-18 14:30:48.912,413.2436607877616,1001
2024-09-18 14:30:48.957,413.18811227863057,100
2024-09-18 14:30:49.013,413.2104658436436,999
2024-09-18 14:30:49.019,413.1911833453112,995
2024-09-18 14:30:49.035,413.16955839136193,10
2024-09-18 14:30:49.077,41.316835958316936,99
2024-09-18 14:30:49.112,413.2053461580599,104
2024-09-18 14:30:49.115,413.1537020527325,103
2024-09-18 14:30:49.287,413.17001770499655,103
2024-09-18 14:30:49.303,413.1779565391504,100
2024-09-18 14:30:49.312,413.1614802951583,98
2024-09-18 14:30:49.353,413.1645033252786,9
2024-09-18 14:30:49.399,413.17488763102,1005
2024-09-18 14:30:49.400,413.20256840126416,995
2024-09-18 14:30:49.406,413.1628578150739,1002
2024-09-18 14:30:49.412,413.19892971819456,1001
2024-09-18 14:30:49.458,413.1604964526374,99
2024-09-18 14:30:49.520,413.17001504679024,1001
2024-09-18 14:30:49.544,413.19803344253927,95
2024-09-18 14:30:49.581,413.15968097226994,103
2024-09-18 14:30:49.625,413.1693931015734,7
2024-09-18 14:30:49.637,413.150008400111,12
2024-09-18 14:30:49.652,413.19018299370987,1000
2024-09-18 14:30:49.690,413.1413216035171,6
2024-09-18 14:30:49.694,413.1666702749992,13
2024-09-18 14:30:49.697,413.1618400858007,103
2024-09-18 14:30:49.759,413.1944936703426,99
2024-09-18 14:30:49.796,413.19320675595065,98
2024-09-18 14:30:49.847,413.1613333302132,6
2024-09-18 14:30:49.965,413.1792753652028,14
2024-09-18 14:30:49.995,413.15548022391306,104
2024-09-18 14:30:50.087,413.2143024578285,999
2024-09-18 14:30:50.188,413.1880367834982,1001
2024-09-18 14:30:50.206,413.1746581459308,97
2024-09-18 14:30:50.680,413.211137223636,12
2024-09-18 14:30:50.725,413.2113136355851,98
2024-09-18 14:30:50.813,413.2182671524608,101
2024-09-18 14:30:50.911,407.4727072659453,100
2024-09-18 14:30:50.937,413.19281805179753,1004
2024-09-18 14:30:50.984,413.1788686134676,95
2024-09-18 14:30:51.015,413.16310254578775,11
2024-09-18 14:30:51.026,413.1517731755662,11
2024-09-18 14:30:51.055,413.16086080961423,1002
2024-09-18 14:30:51.125,413.16668627324367,996
2024-09-18 14:30:51.233,413.1597509871421,101
2024-09-18 14:30:51.435,413.1413997283725,1005
2024-09-18 14:30:51.438,413.1494712341273,105
2024-09-18 14:30:51.484,413.14714068862594,97
2024-09-18 14:30:51.500,413.14936102708646,105
2024-09-18 14:30:51.511,413.14430200603147,997
2024-09-18 14:30:51.671,413.1590551827156,6
2024-09-18 14:30:51.751,413.16891363455096,100
2024-09-18 14:30:51.919,413.1667377623685,10
2024-09-18 14:30:52.001,413.0752582654681,99
2024-09-18 14:30:52.011,413.0534743407617,103
2024-09-18 14:30:52.055,413.0957455977332,102
2024-09-18 14:30:52.092,413.1299178623093,9
2024-09-18 14:30:52.190,413.09827681612745,995
2024-09-18 14:30:52.220,413.06980704729006,10
2024-09-18 14:30:52.228,413.0934354082084,1003
2024-09-18 14:30:52.269,413.0728602939711,1001
2024-09-18 14:30:52.334,413.1384993352096,1003
2024-09-18 14:30:52.388,413.0884666127271,997
2024-09-18 14:30:52.473,413.0553976375158,1002
2024-09-18 14:30:52.505,413.0750661240439,1004
2024-09-18 14:30:52.519,413.088904125348,105
2024-09-18 14:30:52.608,413.0958353148508,998
2024-09-18 14:30:52.661,413.0567486083637,999
2024-09-18 14:30:52.662,413.0543607082644,97
2024-09-18 14:30:52.701,413.08448024573937,7
2024-09-18 14:30:52.718,413.1306824120664,5
2024-09-18 14:30:52.749,413.0661972692644,1003
2024-09-18 14:30:52.761,413.0558737519268,9
2024-09-18 14:30:52.769,413.07485327595066,13
2024-09-18 14:30:52.825,413.0681320170016,101
2024-09-18 14:30:52.985,413.1001186236795,1001
2024-09-18 14:30:53.006,413.0336926596174,9
2024-09-18 14:30:53.243,413.0231682260351,1005
2024-09-18 14:30:53.285,413.0312855982975,10
2024-09-18 14:30:53.305,413.0306386774976,104
2024-09-18 14:30:53.529,413.00813416029496,10
2024-09-18 14:30:53.554,413.0209738454269,101
2024-09-18 14:30:53.584,413.0304109013723,1003
2024-09-18 14:30:53.622,413.0380219093316,8
2024-09-18 14:30:53.804,413.0430274248839,101
2024-09-18 14:30:54.318,413.0271722245917,1001
2024-09-18 14:30:54.366,413.04402545853424,15
2024-09-18 14:30:54.549,413.0498046236018,11
2024-09-18 14:30:54.553,413.0215587750925,12
2024-09-18 14:30:54.642,413.0369112118565,100
2024-09-18 14:30:54.663,413.0273498957215,97
2024-09-18 14:30:54.995,413.0602010638848,13
2024-09-18 14:30:55.014,413.051644288107,105
2024-09-18 14:30:55.320,413.066999421408,96
2024-09-18 14:30:56.128,413.0598794540624,997
2024-09-18 14:30:56.165,413.08331635808287,1005
2024-09-18 14:30:56.166,413.0398838985015,104
2024-09-18 14:30:56.226,413.0789552719844,15
2024-09-18 14:30:56.228,413.06356613149376,104
2024-09-18 14:30:56.293,413.0539497585916,1004
2024-09-18 14:30:56.295,413.0610912808828,15
2024-09-18 14:30:56.318,413.0853690179416,104
2024-09-18 14:30:56.476,413.0628281761279,96
2024-09-18 14:30:56.527,413.0566793734176,15
2024-09-18 14:30:56.553,413.05524249163005,14
2024-09-18 14:30:56.612,413.09132824389553,1000
2024-09-18 14:30:56.709,413.04897603801857,14
2024-09-18 14:30:56.801,413.0865486194842,999
2024-09-18 14:30:56.802,413.0525000338482,104
2024-09-18 14:30:56.939,413.0667897676673,1000
2024-09-18 14:30:57.008,413.04077011448936,15
2024-09-18 14:30:57.026,413.0341677520363,1005
2024-09-18 14:30:57.046,413.0225739682233,102
2024-09-18 14:30:57.066,413.0329245849513,103
2024-09-18 14:30:57.083,413.0027424917765,1001
2024-09-18 14:30:57.345,407.4300576582372,7
2024-09-18 14:30:57.354,413.0316205589793,1003
2024-09-18 14:30:57.387,413.01550102745534,100
2024-09-18 14:30:57.400,413.0287702189019,1005
2024-09-18 14:30:57.412,413.0328584258062,100
2024-09-18 14:30:57.449,413.0306653230796,11
2024-09-18 14:30:57.567,413.0130075426057,998
2024-09-18 14:30:57.621,413.04325601928457,99
2024-09-18 14:30:57.710,413.00761423396256,1003
2024-09-18 14:30:57.712,413.01977729714673,1002
2024-09-18 14:30:57.761,412.9984671283623,1005
2024-09-18 14:30:57.806,413.0132629110195,7
2024-09-18 14:30:57.856,413.0162035112464,104
2024-09-18 14:30:57.978,413.0275125664269,7
2024-09-18 14:30:58.017,41.29314057755629,101
2024-09-18 14:30:58.109,413.0187737641986,15
2024-09-18 14:30:58.145,412.98989623377247,105
2024-09-18 14:30:58.154,412.99426857828354,1002
2024-09-18 14:30:58.204,412.9999474088642,9
2024-09-18 14:30:58.205,412.9997903516209,99
2024-09-18 14:30:58.264,413.0257138447333,12
2024-09-18 14:30:58.298,412.96839331457903,104
2024-09-18 14:30:58.422,412.9550349255913,102
2024-09-18 14:30:58.424,413.0293399168676,1004
2024-09-18 14:30:58.470,413.0138262773228,9
2024-09-18 14:30:58.543,412.980785397465,11
2024-09-18 14:30:58.569,41.29856683135313,102
2024-09-18 14:30:58.582,412.95813410121264,97
2024-09-18 14:30:58.603,413.0112473838696,14
2024-09-18 14:30:58.636,413.01587156538926,999
2024-09-18 14:30:58.645,412.9207308885565,15
2024-09-18 14:30:58.652,413.0080544656896,999
2024-09-18 14:30:58.653,413.0029154066184,13
2024-09-18 14:30:58.661,413.0225826495146,99
2024-09-18 14:30:58.670,412.9387281441804,104
2024-09-18 14:30:58.678,413.0151795290429,15
2024-09-18 14:30:58.701,413.00352794588974,997
2024-09-18 14:30:58.745,413.0277597682564,13
2024-09-18 14:30:58.814,412.94140084020535,13
2024-09-18 14:30:58.822,412.968964504686,103
2024-09-18 14:30:58.856,413.0172016508976,998
2024-09-18 14:30:58.860,413.0101122876626,998
2024-09-18 14:30:58.967,413.0256592490424,95
2024-09-18 14:30:59.699,412.9559545458779,999
2024-09-18 14:30:59.773,412.92949662679166,998
