Timestamp,Price,Size
2024-09-16 14:45:00.027,415.9011219417221,98
2024-09-16 14:45:00.079,415.901490726968,95
2024-09-16 14:45:00.244,415.9125801398349,1003
2024-09-16 14:45:00.421,415.9382829660666,1005
2024-09-16 14:45:00.440,415.9171009608601,12
2024-09-16 14:45:00.479,415.9254199101173,13
2024-09-16 14:45:00.547,415.9374670026081,1004
2024-09-16 14:45:00.767,415.9506310682247,12
2024-09-16 14:45:00.803,415.9090649607955,14
2024-09-16 14:45:00.857,415.9112072053082,1004
2024-09-16 14:45:00.889,415.9225171067434,98
2024-09-16 14:45:00.934,415.9145455272052,14
2024-09-16 14:45:01.056,415.876220512934,101
2024-09-16 14:45:01.113,,11
2024-09-16 14:45:01.464,415.93445153945726,997
2024-09-16 14:45:01.515,415.9348951715172,100
2024-09-16 14:45:01.756,415.9239692828753,11
2024-09-16 14:45:01.850,415.95486878326057,9
2024-09-16 14:45:01.865,415.9113557736484,98
2024-09-16 14:45:01.889,415.9352202595456,101
2024-09-16 14:45:02.194,415.8994468615304,1005
2024-09-16 14:45:02.345,415.93015431609535,1001
2024-09-16 14:45:02.363,415.8742507029406,99
2024-09-16 14:45:02.509,415.9662596265401,998
2024-09-16 14:45:02.853,415.95104666456217,7
2024-09-16 14:45:02.924,415.8738828226143,104
2024-09-16 14:45:03.000,415.9457753766882,999
2024-09-16 14:45:03.031,415.94749932646926,13
2024-09-16 14:45:03.138,415.9300230398225,100
2024-09-16 14:45:03.144,415.9297731818399,1005
2024-09-16 14:45:03.206,415.9581319486769,97
2024-09-16 14:45:03.367,415.9550442963563,1003
2024-09-16 14:45:03.407,415.9405711744906,1000
2024-09-16 14:45:03.431,415.9424153453167,105
2024-09-16 14:45:03.433,415.945361334208,99
2024-09-16 14:45:03.618,415.9463623375248,99
2024-09-16 14:45:03.630,415.95786848257086,97
2024-09-16 14:45:04.023,415.9546684816825,97
2024-09-16 14:45:04.315,415.94118651770367,96
2024-09-16 14:45:04.369,415.9457288732009,9
2024-09-16 14:45:04.763,415.9316110596428,12
2024-09-16 14:45:05.042,415.9561094305743,15
2024-09-16 14:45:05.044,415.9675023574784,13
2024-09-16 14:45:05.071,415.967520485337,103
2024-09-16 14:45:05.147,415.9760431728225,10
2024-09-16 14:45:05.158,415.9640027418517,999
2024-09-16 14:45:05.193,415.9695335065584,8
2024-09-16 14:45:05.279,415.954146539593,14
2024-09-16 14:45:05.297,415.9316776608042,105
2024-09-16 14:45:05.338,415.9748422835992,1000
2024-09-16 14:45:05.485,415.941786984585,15
2024-09-16 14:45:05.576,415.9693877726856,13
2024-09-16 14:45:05.581,415.9538105774085,103
2024-09-16 14:45:05.660,415.9678004904623,14
2024-09-16 14:45:05.846,415.9425977205146,100
2024-09-16 14:45:05.866,415.9564223616153,12
2024-09-16 14:45:05.915,415.9574525525808,101
2024-09-16 14:45:06.255,415.97873118253113,99
2024-09-16 14:45:06.715,415.9796827104357,999
2024-09-16 14:45:06.754,415.9762253638309,995
2024-09-16 14:45:07.344,415.9769519999682,5
2024-09-16 14:45:08.267,415.9807585135834,999
2024-09-16 14:45:08.561,415.9694358615638,996
2024-09-16 14:45:09.040,415.9196798185053,1000
2024-09-16 14:45:09.052,415.9300005038486,998
2024-09-16 14:45:09.072,415.9086145564106,999
2024-09-16 14:45:09.090,415.9379582247553,13
2024-09-16 14:45:09.090,416.00514342458615,103
2024-09-16 14:45:09.110,415.9286356542949,7
2024-09-16 14:45:09.137,41.59277300889983,998
2024-09-16 14:45:09.143,415.94318356168594,8
2024-09-16 14:45:09.147,415.9981092650032,7
2024-09-16 14:45:09.173,416.0028489117631,12
2024-09-16 14:45:09.204,415.9157419873866,15
2024-09-16 14:45:09.210,415.9728998948977,12
2024-09-16 14:45:09.228,415.9273000244787,104
2024-09-16 14:45:09.258,415.99942178375375,5
2024-09-16 14:45:09.295,415.91527623803137,105
2024-09-16 14:45:09.337,416.0114518592692,12
2024-09-16 14:45:09.351,415.9161587606835,999
2024-09-16 14:45:09.439,415.9322782205405,103
2024-09-16 14:45:09.510,415.90812985524593,998
2024-09-16 14:45:09.611,415.91814498177314,100
2024-09-16 14:45:09.663,415.9369741553772,8
2024-09-16 14:45:09.713,415.9140447886624,1001
2024-09-16 14:45:09.732,415.9998871821798,6
2024-09-16 14:45:09.867,415.9595918118323,103
2024-09-16 14:45:09.890,415.9571446890608,100
2024-09-16 14:45:10.013,415.9348790570304,999
2024-09-16 14:45:10.096,415.92378865845546,995
2024-09-16 14:45:10.098,415.9342731257592,998
2024-09-16 14:45:10.194,41.59138807140485,6
2024-09-16 14:45:10.260,415.9432317350878,1003
2024-09-16 14:45:10.329,415.92243383014494,101
2024-09-16 14:45:10.588,415.90197448821925,9
2024-09-16 14:45:10.590,415.9180984413605,1004
2024-09-16 14:45:10.652,415.9107415293805,5
2024-09-16 14:45:10.854,415.9072281797225,96
2024-09-16 14:45:10.912,415.9474846337317,1005
2024-09-16 14:45:11.027,415.86769687430353,11
2024-09-16 14:45:11.588,415.8640273344861,104
2024-09-16 14:45:12.007,415.8835208971132,1001
2024-09-16 14:45:12.258,415.8882520095103,96
2024-09-16 14:45:13.193,415.89482668665687,12
2024-09-16 14:45:13.590,415.8710338242848,12
2024-09-16 14:45:13.681,415.88000080606776,9
2024-09-16 14:45:13.846,415.8882532731601,11
2024-09-16 14:45:13.854,419.72061776787774,99
2024-09-16 14:45:13.974,415.85673066511896,998
2024-09-16 14:45:14.246,415.8757353924356,103
2024-09-16 14:45:14.448,415.8839462406152,1002
2024-09-16 14:45:14.457,415.88009716238537,102
2024-09-16 14:45:14.681,415.9002528006488,101
2024-09-16 14:45:14.692,415.8942426902148,96
2024-09-16 14:45:14.774,415.89124685956,995
2024-09-16 14:45:14.796,415.8945090955839,15
2024-09-16 14:45:14.901,415.8722710734323,1003
2024-09-16 14:45:14.925,415.8832089278943,1000
2024-09-16 14:45:14.942,415.8683081180597,10
2024-09-16 14:45:14.982,415.88348849545946,96
2024-09-16 14:45:15.037,415.90832728663537,1004
2024-09-16 14:45:15.119,415.9016760381755,996
2024-09-16 14:45:15.139,415.9448421924928,104
2024-09-16 14:45:15.164,415.9659671915568,97
2024-09-16 14:45:15.237,415.8947925850516,11
2024-09-16 14:45:15.296,415.93737879854416,12
2024-09-16 14:45:15.323,415.9227332433855,13
2024-09-16 14:45:15.402,415.88082908245696,96
2024-09-16 14:45:15.451,415.9691766824636,9
2024-09-16 14:45:15.490,415.9694329656724,100
2024-09-16 14:45:15.572,415.8926210955002,96
2024-09-16 14:45:15.583,415.955435766841,1004
2024-09-16 14:45:15.659,415.90581341342414,11
2024-09-16 14:45:15.700,415.949931946365,995
2024-09-16 14:45:15.719,415.93210500309743,98
2024-09-16 14:45:15.744,415.9378772210904,997
2024-09-16 14:45:15.962,,1003
2024-09-16 14:45:15.975,415.9351070715399,99
2024-09-16 14:45:16.219,415.93904756851344,995
2024-09-16 14:45:16.248,415.9788045857045,99
2024-09-16 14:45:16.334,415.96911488985,1004
2024-09-16 14:45:16.348,415.9687811714144,8
2024-09-16 14:45:16.349,415.9625826286656,103
2024-09-16 14:45:16.438,415.9986156162169,100
2024-09-16 14:45:16.736,415.9789815179806,10
2024-09-16 14:45:16.784,415.96629778807113,103
2024-09-16 14:45:16.905,415.9692044421407,5
2024-09-16 14:45:17.076,415.9962992848347,9
2024-09-16 14:45:17.079,416.030461017664,104
2024-09-16 14:45:17.095,416.00184110236506,98
2024-09-16 14:45:17.127,416.0162856256378,1000
2024-09-16 14:45:17.219,415.9981388780304,104
2024-09-16 14:45:17.237,416.0098804310523,97
2024-09-16 14:45:17.259,415.95014182281454,1003
2024-09-16 14:45:17.322,415.92934587589656,98
2024-09-16 14:45:17.330,,7
2024-09-16 14:45:17.405,416.0105798632241,996
2024-09-16 14:45:17.408,415.9665163268104,103
2024-09-16 14:45:17.412,415.9784178568735,1001
2024-09-16 14:45:17.437,416.00827719885,996
2024-09-16 14:45:17.464,416.0265539731095,98
2024-09-16 14:45:17.525,415.9596877954125,104
2024-09-16 14:45:17.562,415.9558197500513,102
2024-09-16 14:45:17.564,416.0170081695039,997
2024-09-16 14:45:17.578,415.9794693516823,15
2024-09-16 14:45:17.673,415.9705841661703,10
2024-09-16 14:45:17.676,,998
2024-09-16 14:45:17.701,-415.9477219049591,101
2024-09-16 14:45:17.745,415.9574567464045,101
2024-09-16 14:45:17.759,415.99520040725537,98
2024-09-16 14:45:17.762,-415.95525375125663,97
2024-09-16 14:45:17.805,416.0289694851705,99
2024-09-16 14:45:17.856,416.00073192754166,1005
2024-09-16 14:45:17.863,415.989563122688,1000
2024-09-16 14:45:17.915,415.9447144222819,12
2024-09-16 14:45:17.961,415.94406776700015,8
2024-09-16 14:45:19.126,415.9784484965641,102
2024-09-16 14:45:19.260,415.96420822600345,102
2024-09-16 14:45:19.288,415.9182053615752,104
2024-09-16 14:45:19.397,415.9039171523148,95
2024-09-16 14:45:19.416,415.9900576685876,96
2024-09-16 14:45:19.445,415.9248802230444,5
2024-09-16 14:45:19.445,415.9619256033232,15
2024-09-16 14:45:19.470,415.9042219239084,997
2024-09-16 14:45:19.482,415.895794374869,998
2024-09-16 14:45:19.503,415.9851660387656,101
2024-09-16 14:45:19.533,415.9210103501077,1003
2024-09-16 14:45:19.550,415.965822039064,1000
2024-09-16 14:45:19.692,415.917173415004,102
2024-09-16 14:45:19.783,415.9268523657324,998
2024-09-16 14:45:19.837,,98
2024-09-16 14:45:19.942,415.9753242093127,98
2024-09-16 14:45:20.056,415.9194684736162,100
2024-09-16 14:45:20.075,415.9646080480648,6
2024-09-16 14:45:20.145,415.90662551710665,7
2024-09-16 14:45:20.182,415.9111857728748,8
2024-09-16 14:45:20.219,415.8939872967959,12
2024-09-16 14:45:20.246,415.9011927349748,102
2024-09-16 14:45:20.278,415.94335339617305,998
2024-09-16 14:45:20.475,415.91865261358,997
2024-09-16 14:45:20.571,415.9001219060928,999
2024-09-16 14:45:20.719,415.8920806371224,997
2024-09-16 14:45:20.750,415.8976580025098,102
2024-09-16 14:45:20.807,415.8940708622954,95
2024-09-16 14:45:20.869,415.9079053841981,96
2024-09-16 14:45:20.886,415.95218478154914,5
2024-09-16 14:45:20.933,415.9338689252604,1001
2024-09-16 14:45:21.136,415.8772012992594,998
2024-09-16 14:45:21.260,415.8953759271914,103
2024-09-16 14:45:21.309,415.9143561471019,5
2024-09-16 14:45:21.512,419.7779179224496,1001
2024-09-16 14:45:21.628,-41.58993932688199,96
2024-09-16 14:45:21.798,415.8891978597241,997
2024-09-16 14:45:21.816,415.8886235289066,1005
2024-09-16 14:45:21.842,415.8800056671394,15
2024-09-16 14:45:21.917,415.89767705374,102
2024-09-16 14:45:22.103,415.90949425645,15
2024-09-16 14:45:22.122,415.8906486401428,15
2024-09-16 14:45:22.190,415.8931731893027,100
2024-09-16 14:45:22.196,415.8635744921672,8
2024-09-16 14:45:22.228,415.89228948946527,995
2024-09-16 14:45:22.283,415.9052638919851,997
2024-09-16 14:45:22.366,415.895847867647,96
2024-09-16 14:45:22.382,415.8665949926197,8
2024-09-16 14:45:22.387,415.9130867342262,998
2024-09-16 14:45:22.411,415.8723789249456,105
2024-09-16 14:45:22.444,415.8669886009157,98
2024-09-16 14:45:22.502,415.861205912293,6
2024-09-16 14:45:22.523,415.8770162505252,11
2024-09-16 14:45:22.543,415.8994144960039,102
2024-09-16 14:45:22.553,415.8812667592574,1004
2024-09-16 14:45:22.595,415.8802630107611,1003
2024-09-16 14:45:22.626,415.8923358555057,995
2024-09-16 14:45:22.627,415.9131505025027,9
2024-09-16 14:45:22.646,415.8893354986618,102
2024-09-16 14:45:22.677,415.8602853793228,998
2024-09-16 14:45:22.732,415.9137792167149,12
2024-09-16 14:45:22.788,415.89334574826034,102
2024-09-16 14:45:22.949,41.58774507511753,15
2024-09-16 14:45:22.984,415.9109905167981,998
2024-09-16 14:45:23.006,415.8459715900949,1003
2024-09-16 14:45:23.032,415.87748634290574,98
2024-09-16 14:45:23.072,415.8290769977028,1005
2024-09-16 14:45:23.081,419.86180094334514,11
2024-09-16 14:45:23.117,415.8210489692912,12
2024-09-16 14:45:23.291,415.8570252068516,997
2024-09-16 14:45:23.365,415.8456692053022,995
2024-09-16 14:45:23.366,415.876034951327,97
2024-09-16 14:45:23.455,415.8405972482873,8
2024-09-16 14:45:23.469,415.8262370220799,6
2024-09-16 14:45:23.521,415.86032713329337,99
2024-09-16 14:45:23.595,415.8243781089557,104
2024-09-16 14:45:23.645,415.8692587002229,100
2024-09-16 14:45:23.676,415.881463872841,1000
2024-09-16 14:45:23.683,415.86301328435536,102
2024-09-16 14:45:23.732,415.8500694767061,6
2024-09-16 14:45:23.756,415.8308681011927,102
2024-09-16 14:45:23.854,415.8737827227933,104
2024-09-16 14:45:23.899,415.8605267197758,1002
2024-09-16 14:45:23.903,415.8882508815332,7
2024-09-16 14:45:23.964,415.8455494724814,1000
2024-09-16 14:45:24.045,415.8743979699627,103
2024-09-16 14:45:24.068,415.88507434402896,999
2024-09-16 14:45:24.108,415.9109842318348,1000
2024-09-16 14:45:24.296,415.87307247557845,1005
2024-09-16 14:45:24.327,415.8946001082584,999
2024-09-16 14:45:24.765,415.8605569500817,1003
2024-09-16 14:45:24.871,415.89540826781456,104
2024-09-16 14:45:24.881,415.8996312382544,1001
2024-09-16 14:45:25.004,415.93409520499074,102
2024-09-16 14:45:25.139,415.9131733551387,97
2024-09-16 14:45:25.169,415.92527637877714,98
2024-09-16 14:45:25.208,415.91312724394334,14
2024-09-16 14:45:25.273,415.9048979942763,1000
2024-09-16 14:45:25.294,415.93486372664927,1002
2024-09-16 14:45:25.297,415.9132122134513,96
2024-09-16 14:45:25.298,415.9206431745452,6
2024-09-16 14:45:25.316,415.9427284962004,1004
2024-09-16 14:45:25.341,415.9429777707033,1000
2024-09-16 14:45:25.368,415.9235595456879,1001
2024-09-16 14:45:25.450,415.94494760593625,105
2024-09-16 14:45:25.472,415.9166350701472,96
2024-09-16 14:45:25.497,415.91881492367736,996
2024-09-16 14:45:25.500,415.9319692818584,7
2024-09-16 14:45:25.525,415.9409785585967,98
2024-09-16 14:45:25.677,415.8992726950705,999
2024-09-16 14:45:25.724,415.9239575208261,11
2024-09-16 14:45:25.725,415.9276211217392,99
2024-09-16 14:45:25.760,415.9200599269679,1005
2024-09-16 14:45:25.776,415.9210451409754,102
2024-09-16 14:45:25.782,415.93344330410537,997
2024-09-16 14:45:25.827,415.9166535242586,1001
2024-09-16 14:45:25.862,415.93280712650414,10
2024-09-16 14:45:25.900,415.9122711009995,101
2024-09-16 14:45:26.002,,15
2024-09-16 14:45:26.008,415.8920899416512,1002
2024-09-16 14:45:26.021,415.9216182161379,7
2024-09-16 14:45:26.047,415.91023528503854,10
2024-09-16 14:45:26.059,415.939270021502,1002
2024-09-16 14:45:26.113,415.920246908864,999
2024-09-16 14:45:26.170,415.89395989724113,14
2024-09-16 14:45:26.176,415.923235989801,104
2024-09-16 14:45:26.296,415.92400544866587,7
2024-09-16 14:45:26.309,415.9397942096157,13
2024-09-16 14:45:26.326,415.92034762464,5
2024-09-16 14:45:26.382,415.9300807480429,1005
2024-09-16 14:45:26.417,415.895205061982,98
2024-09-16 14:45:26.536,415.9082461138378,1000
2024-09-16 14:45:26.540,415.93046603536857,1003
2024-09-16 14:45:26.642,415.9490250582899,11
2024-09-16 14:45:26.783,415.91630244910976,998
2024-09-16 14:45:26.850,415.9137667912048,999
2024-09-16 14:45:26.875,415.9195427699717,99
2024-09-16 14:45:26.884,41.59343891869488,7
2024-09-16 14:45:26.966,415.92525674067247,995
2024-09-16 14:45:26.988,415.91680880549575,7
2024-09-16 14:45:27.058,415.9303063644426,10
2024-09-16 14:45:27.184,41.59286535277101,7
2024-09-16 14:45:27.195,415.9117722008276,100
2024-09-16 14:45:27.207,415.9221856410333,101
2024-09-16 14:45:27.349,415.9265723108269,5
2024-09-16 14:45:27.460,415.9475871829524,1001
2024-09-16 14:45:27.940,415.9079210726726,103
2024-09-16 14:45:27.993,415.9125309292634,105
2024-09-16 14:45:28.127,415.89577155848673,15
2024-09-16 14:45:28.182,415.8835096882531,8
2024-09-16 14:45:28.205,415.9224485430129,13
2024-09-16 14:45:28.252,415.8956917764109,105
2024-09-16 14:45:28.391,415.8949542139792,102
2024-09-16 14:45:28.634,415.90232307506415,10
2024-09-16 14:45:28.793,415.8785538377154,97
2024-09-16 14:45:28.821,415.8918669333098,104
2024-09-16 14:45:28.908,415.8892179399553,103
2024-09-16 14:45:28.957,415.8813078830781,1001
2024-09-16 14:45:28.974,415.88283431724346,998
2024-09-16 14:45:29.035,415.9951319016747,97
2024-09-16 14:45:29.067,415.9919495422925,1002
2024-09-16 14:45:29.074,415.95321179047954,103
2024-09-16 14:45:29.103,419.70477078701896,104
2024-09-16 14:45:29.157,415.9937296250673,999
2024-09-16 14:45:29.177,415.9573541164788,9
2024-09-16 14:45:29.245,415.9922321301258,103
2024-09-16 14:45:29.295,415.97698854051686,5
2024-09-16 14:45:29.446,415.9889291288786,1003
2024-09-16 14:45:29.456,415.9196866504195,105
2024-09-16 14:45:29.486,415.9528580382892,95
2024-09-16 14:45:29.525,415.9539961465101,104
2024-09-16 14:45:29.537,415.9156033550995,7
2024-09-16 14:45:29.545,415.93452899561737,105
2024-09-16 14:45:29.588,415.9504574216135,97
2024-09-16 14:45:29.673,415.9504632988502,101
2024-09-16 14:45:29.703,415.9497784231311,998
2024-09-16 14:45:29.725,415.9674176013408,6
2024-09-16 14:45:29.813,415.9715072309343,105
2024-09-16 14:45:29.827,415.9570754144884,10
2024-09-16 14:45:29.898,415.9732415895885,99
2024-09-16 14:45:29.991,415.97201238541794,1003
2024-09-16 14:45:30.021,415.9936251526447,12
2024-09-16 14:45:30.099,415.9922951505744,11
2024-09-16 14:45:30.138,415.96655202998977,11
2024-09-16 14:45:30.560,415.98422969732405,104
2024-09-16 14:45:30.643,415.9704319185229,1004
2024-09-16 14:45:30.677,415.986023644535,996
2024-09-16 14:45:30.697,415.9775129922471,996
2024-09-16 14:45:30.901,415.97605173703903,14
2024-09-16 14:45:31.006,416.01235072297146,15
2024-09-16 14:45:31.017,416.00295741006266,13
2024-09-16 14:45:31.050,416.015506701009,1005
2024-09-16 14:45:31.137,415.98625020072114,95
2024-09-16 14:45:31.379,416.02373063546224,99
2024-09-16 14:45:31.386,415.9961373754964,95
2024-09-16 14:45:31.447,416.0216618555011,95
2024-09-16 14:45:31.730,416.0181516110527,96
2024-09-16 14:45:31.763,416.0217958919404,995
2024-09-16 14:45:31.825,415.99405444544,1001
2024-09-16 14:45:31.874,416.0147541882059,998
2024-09-16 14:45:31.955,415.97921135361753,14
2024-09-16 14:45:31.978,415.9793120630328,102
2024-09-16 14:45:31.993,416.0032767739513,8
2024-09-16 14:45:32.372,419.75768582233707,996
2024-09-16 14:45:32.848,416.0088263451322,104
2024-09-16 14:45:33.083,416.0330218862776,997
2024-09-16 14:45:33.102,416.027917216198,103
2024-09-16 14:45:33.169,416.0403182114919,8
2024-09-16 14:45:33.175,416.0329187141144,103
2024-09-16 14:45:33.255,416.0298898114572,999
2024-09-16 14:45:33.334,416.0344475019328,996
2024-09-16 14:45:33.377,416.04571343814143,8
2024-09-16 14:45:33.584,416.0453883589103,995
2024-09-16 14:45:33.620,416.03369919131967,1005
2024-09-16 14:45:33.713,416.0409628259998,101
2024-09-16 14:45:33.982,419.80668054913286,7
2024-09-16 14:45:34.002,416.05694975861365,104
2024-09-16 14:45:34.063,416.0267112404824,98
2024-09-16 14:45:34.389,416.03174734651947,13
2024-09-16 14:45:34.449,416.0469023610458,99
2024-09-16 14:45:34.479,415.9994066409237,100
2024-09-16 14:45:34.561,416.0080415910761,15
2024-09-16 14:45:34.796,416.0156046686743,98
2024-09-16 14:45:34.817,416.0112648344793,95
2024-09-16 14:45:34.915,416.04185168521593,102
2024-09-16 14:45:34.969,416.05512681838417,15
2024-09-16 14:45:35.093,416.0441766354018,102
2024-09-16 14:45:35.188,416.0279942295252,99
2024-09-16 14:45:35.464,416.0202887400289,15
2024-09-16 14:45:35.571,416.02020751697785,9
2024-09-16 14:45:35.575,416.0136136476288,95
2024-09-16 14:45:35.822,416.0523163822488,101
2024-09-16 14:45:36.078,41.6008934568253,9
2024-09-16 14:45:36.152,416.0434473617304,96
2024-09-16 14:45:36.161,416.03613470870266,103
2024-09-16 14:45:36.221,416.02360800148574,1001
2024-09-16 14:45:36.274,416.1254522206544,1004
2024-09-16 14:45:36.287,41.60065599942509,12
2024-09-16 14:45:36.297,416.0571960017437,15
2024-09-16 14:45:36.386,416.0224313631834,98
2024-09-16 14:45:36.418,416.0464085242981,1000
2024-09-16 14:45:36.466,416.1151660837146,1004
2024-09-16 14:45:36.469,416.1131206385334,10
2024-09-16 14:45:36.496,416.0408104656898,8
2024-09-16 14:45:36.563,416.1126523825623,7
2024-09-16 14:45:36.592,416.0543134766793,98
2024-09-16 14:45:36.608,416.0216878187748,7
2024-09-16 14:45:36.744,416.0831041391358,9
2024-09-16 14:45:36.757,416.11468840774427,103
2024-09-16 14:45:36.778,416.0422717791684,1000
2024-09-16 14:45:36.828,416.1074898735406,12
2024-09-16 14:45:36.927,416.0085885987879,9
2024-09-16 14:45:36.930,416.0400757977296,10
2024-09-16 14:45:36.990,416.1015768651369,105
2024-09-16 14:45:37.070,416.0511258335197,1004
2024-09-16 14:45:37.404,416.1114863310347,999
2024-09-16 14:45:37.527,416.0747534479111,6
2024-09-16 14:45:37.726,416.0936638092919,1004
2024-09-16 14:45:37.830,416.1015963127397,102
2024-09-16 14:45:38.022,416.0628277455313,95
2024-09-16 14:45:38.081,416.0644343649209,101
2024-09-16 14:45:38.092,416.0298361625378,7
2024-09-16 14:45:38.098,416.0362119640903,7
2024-09-16 14:45:38.151,416.0492894136224,10
2024-09-16 14:45:38.250,416.0427189961546,998
2024-09-16 14:45:38.280,416.0583891106788,12
2024-09-16 14:45:38.330,416.07025524303896,1003
2024-09-16 14:45:38.376,416.0630287964013,105
2024-09-16 14:45:38.442,416.0582341784266,6
2024-09-16 14:45:38.463,416.0728528062348,996
2024-09-16 14:45:38.486,416.0949563491366,12
2024-09-16 14:45:38.635,416.0730897114062,14
2024-09-16 14:45:38.698,416.0748294409715,95
2024-09-16 14:45:38.708,,99
2024-09-16 14:45:38.769,416.1003905710885,103
2024-09-16 14:45:38.785,416.0312478535501,96
2024-09-16 14:45:38.850,416.0503398847252,105
2024-09-16 14:45:38.917,416.0511610632134,1005
2024-09-16 14:45:38.998,416.0459803118512,6
2024-09-16 14:45:39.034,416.0458615050636,996
2024-09-16 14:45:39.038,416.0435454897381,1005
2024-09-16 14:45:39.173,416.02564945615467,1002
2024-09-16 14:45:39.205,415.999159587451,101
2024-09-16 14:45:39.217,416.0147533949682,995
2024-09-16 14:45:39.277,416.0499838922006,98
2024-09-16 14:45:39.367,416.0009282357769,96
2024-09-16 14:45:39.521,416.0317589589226,103
2024-09-16 14:45:39.529,416.0598666193901,98
2024-09-16 14:45:39.536,416.02221853526567,97
2024-09-16 14:45:39.538,416.0031600027256,15
2024-09-16 14:45:39.545,416.0315464200367,998
2024-09-16 14:45:39.646,416.0304295997794,11
2024-09-16 14:45:39.718,416.0110387013953,6
2024-09-16 14:45:39.750,416.0041146387172,1005
2024-09-16 14:45:39.866,416.0074769404964,1005
2024-09-16 14:45:39.870,416.0002232623988,1002
2024-09-16 14:45:39.997,416.0066498700234,9
2024-09-16 14:45:39.998,416.0126674887937,6
2024-09-16 14:45:40.123,415.9854179540733,1001
2024-09-16 14:45:40.339,415.9859635303216,13
2024-09-16 14:45:40.471,416.0027989738176,12
2024-09-16 14:45:40.696,415.9873329667568,996
2024-09-16 14:45:40.805,415.98908503720105,997
2024-09-16 14:45:40.905,416.0023038770887,1000
2024-09-16 14:45:41.688,416.01988606709546,15
2024-09-16 14:45:41.792,416.011968820407,95
2024-09-16 14:45:42.070,416.0272701294003,99
2024-09-16 14:45:42.229,416.0057841439442,11
2024-09-16 14:45:42.328,415.9955540394869,7
2024-09-16 14:45:42.541,415.994676834235,99
2024-09-16 14:45:42.606,415.9925086557236,1003
2024-09-16 14:45:42.783,415.9912325549524,999
2024-09-16 14:45:42.895,415.9997025888608,998
2024-09-16 14:45:43.061,415.9746694827877,99
2024-09-16 14:45:43.172,416.00183479204856,6
2024-09-16 14:45:43.181,415.97593920440926,101
2024-09-16 14:45:43.253,416.0041563201707,1003
2024-09-16 14:45:43.366,415.970317288489,99
2024-09-16 14:45:43.377,415.96595018927314,97
2024-09-16 14:45:43.420,415.9661064536936,15
2024-09-16 14:45:43.435,416.0061130737545,999
2024-09-16 14:45:43.459,416.0121991712641,1004
2024-09-16 14:45:43.475,416.02820862089743,12
2024-09-16 14:45:43.480,416.0122759749696,997
2024-09-16 14:45:43.722,416.0076806767162,105
2024-09-16 14:45:43.772,415.9609994011616,14
2024-09-16 14:45:43.794,415.9666497693835,105
2024-09-16 14:45:43.795,415.9856193182824,97
2024-09-16 14:45:43.797,419.5427276982171,1004
2024-09-16 14:45:43.922,415.9589713101162,7
2024-09-16 14:45:43.997,416.0134548839837,97
2024-09-16 14:45:44.169,415.94198635870976,6
2024-09-16 14:45:44.303,415.8894894844585,7
2024-09-16 14:45:44.402,415.94035980926,10
2024-09-16 14:45:44.448,415.88090339457375,1003
2024-09-16 14:45:44.464,416.0178251041131,996
2024-09-16 14:45:44.466,416.0068126249351,13
2024-09-16 14:45:44.512,415.9027612127816,99
2024-09-16 14:45:44.540,415.9444112494602,97
2024-09-16 14:45:44.650,415.8765666788187,1003
2024-09-16 14:45:44.705,415.9828400962412,100
2024-09-16 14:45:44.717,415.93323357879854,1003
2024-09-16 14:45:44.730,415.9353716318191,1005
2024-09-16 14:45:44.771,415.9919932304684,1005
2024-09-16 14:45:44.937,415.9595932376494,9
2024-09-16 14:45:44.993,415.8881438777005,996
2024-09-16 14:45:44.998,415.9527491725535,11
2024-09-16 14:45:45.058,415.8979789835007,1005
2024-09-16 14:45:45.368,415.8862768774677,104
2024-09-16 14:45:45.424,415.9017978213453,1001
2024-09-16 14:45:45.491,415.8730781936062,997
2024-09-16 14:45:45.553,415.9027690493922,995
2024-09-16 14:45:45.669,415.873735596455,1002
2024-09-16 14:45:45.783,,5
2024-09-16 14:45:45.843,415.8848650456005,100
2024-09-16 14:45:45.853,415.89120905116863,103
2024-09-16 14:45:45.871,415.9082081681792,11
2024-09-16 14:45:46.367,41.946343813812426,102
2024-09-16 14:45:46.954,415.88639410280985,999
2024-09-16 14:45:47.005,415.8715196297213,995
2024-09-16 14:45:47.026,415.8686913483072,103
2024-09-16 14:45:47.072,415.854085631817,98
2024-09-16 14:45:47.307,415.8392270764074,105
2024-09-16 14:45:47.375,415.8757670724005,102
2024-09-16 14:45:47.401,415.8651501710231,6
2024-09-16 14:45:47.465,415.8677505571798,96
2024-09-16 14:45:47.505,415.8793912242343,8
2024-09-16 14:45:47.534,415.8741808323011,1000
2024-09-16 14:45:47.591,415.8574018523711,1004
2024-09-16 14:45:47.615,415.86365814328354,96
2024-09-16 14:45:47.623,415.8789600439461,1003
2024-09-16 14:45:47.630,415.8531346377093,1001
2024-09-16 14:45:47.673,415.8788631410865,98
2024-09-16 14:45:47.718,415.8709433609028,8
2024-09-16 14:45:47.744,415.89439372396384,95
2024-09-16 14:45:47.793,415.87485562529565,101
2024-09-16 14:45:47.798,415.8714425131985,995
2024-09-16 14:45:47.804,415.8513191951566,10
2024-09-16 14:45:47.807,415.87493542099753,5
2024-09-16 14:45:47.854,415.8566746296492,98
2024-09-16 14:45:47.905,415.8968648552713,1000
2024-09-16 14:45:47.957,415.8969884603777,995
2024-09-16 14:45:47.979,415.87864545335566,6
2024-09-16 14:45:48.062,415.9265109057104,10
2024-09-16 14:45:48.123,415.8973029449235,103
2024-09-16 14:45:48.204,415.9397462835521,15
2024-09-16 14:45:48.268,415.95247869065713,99
2024-09-16 14:45:48.280,415.95238134872415,102
2024-09-16 14:45:48.287,415.91221933991824,997
2024-09-16 14:45:48.338,415.8686352710724,99
2024-09-16 14:45:48.442,415.88453281710287,104
2024-09-16 14:45:48.525,415.9156241411603,999
2024-09-16 14:45:48.541,41.59379220849008,11
2024-09-16 14:45:48.570,415.8545582985248,14
2024-09-16 14:45:48.614,415.8960664968256,103
2024-09-16 14:45:48.614,415.8702062937753,997
2024-09-16 14:45:48.671,415.86047725438857,12
2024-09-16 14:45:48.684,415.88165596531337,6
2024-09-16 14:45:48.781,415.9479890105917,1003
2024-09-16 14:45:48.802,415.951439885141,1000
2024-09-16 14:45:48.805,415.9188393476688,995
2024-09-16 14:45:48.904,415.9063946242347,15
2024-09-16 14:45:48.964,415.9126341401806,1000
2024-09-16 14:45:49.004,416.01590995714577,96
2024-09-16 14:45:49.033,415.98863312575565,105
2024-09-16 14:45:49.125,415.983764782153,11
2024-09-16 14:45:49.168,416.0416453453848,105
2024-09-16 14:45:49.227,416.0345056160175,5
2024-09-16 14:45:49.278,416.01525822900425,998
2024-09-16 14:45:49.296,415.9844738836624,1005
2024-09-16 14:45:49.381,415.9619180661568,103
2024-09-16 14:45:49.427,416.00103746688455,13
2024-09-16 14:45:49.477,416.013363637964,99
2024-09-16 14:45:49.482,415.9754585206045,999
2024-09-16 14:45:49.506,416.00985304850127,1000
2024-09-16 14:45:49.524,415.9857134189523,7
2024-09-16 14:45:49.545,415.9540145656597,999
2024-09-16 14:45:49.566,415.9758840575449,5
2024-09-16 14:45:49.569,415.99249078248783,8
2024-09-16 14:45:49.572,416.0061144183562,1000
2024-09-16 14:45:49.575,415.96801347617424,9
2024-09-16 14:45:49.664,416.0138221995815,101
2024-09-16 14:45:49.672,415.9869550459552,999
2024-09-16 14:45:49.689,415.9900056920653,14
2024-09-16 14:45:49.752,415.9595025281493,9
2024-09-16 14:45:49.837,416.027773384176,8
2024-09-16 14:45:49.910,415.9754760825081,1002
2024-09-16 14:45:49.911,415.9705955279685,11
2024-09-16 14:45:50.000,415.9966001836594,102
2024-09-16 14:45:50.022,415.9775972192876,1005
2024-09-16 14:45:50.047,415.9814131670275,999
2024-09-16 14:45:50.060,416.0065130379629,5
2024-09-16 14:45:50.083,415.9685033170517,15
2024-09-16 14:45:50.216,,96
2024-09-16 14:45:50.220,415.9837242368512,1000
2024-09-16 14:45:50.435,415.9844978528845,1005
2024-09-16 14:45:50.457,415.9804282439586,8
2024-09-16 14:45:50.576,416.00020286548295,1005
2024-09-16 14:45:50.620,416.0073474689077,100
2024-09-16 14:45:50.660,415.9835689871184,997
2024-09-16 14:45:50.666,415.979106907209,14
2024-09-16 14:45:50.672,415.9818399978788,95
2024-09-16 14:45:50.704,415.978472965215,12
2024-09-16 14:45:50.737,415.9975974911201,1005
2024-09-16 14:45:50.748,415.974014042075,7
2024-09-16 14:45:50.749,415.990570283722,1003
2024-09-16 14:45:50.780,415.9946405661744,97
2024-09-16 14:45:50.787,416.0106355845152,995
2024-09-16 14:45:50.811,,5
2024-09-16 14:45:50.911,415.9913954859212,104
2024-09-16 14:45:50.945,416.0119600973073,99
2024-09-16 14:45:51.022,415.9863567461791,14
2024-09-16 14:45:51.045,415.9810972787351,99
2024-09-16 14:45:51.094,415.99598615373446,103
2024-09-16 14:45:51.138,416.00307813406624,105
2024-09-16 14:45:51.150,416.0080943925294,1000
2024-09-16 14:45:51.239,415.9552924128809,1003
2024-09-16 14:45:51.263,415.9307387785454,100
2024-09-16 14:45:51.340,415.9895225168344,1005
2024-09-16 14:45:51.360,416.0057657420519,103
2024-09-16 14:45:51.376,415.9706623462511,101
2024-09-16 14:45:51.381,415.95752368546965,13
2024-09-16 14:45:51.491,415.98584890073226,12
2024-09-16 14:45:51.632,415.9987806606295,96
2024-09-16 14:45:51.667,415.9939743640925,1005
2024-09-16 14:45:51.819,415.9808704784852,1004
2024-09-16 14:45:51.912,415.9866199655576,996
2024-09-16 14:45:51.913,415.9904616023681,1001
2024-09-16 14:45:51.993,41.599500542754015,10
2024-09-16 14:45:52.110,415.99701650148,101
2024-09-16 14:45:52.167,416.0264480401881,10
2024-09-16 14:45:52.408,415.99784580040085,1003
2024-09-16 14:45:52.459,416.00245765186247,105
2024-09-16 14:45:52.551,415.998774594162,9
2024-09-16 14:45:52.864,416.0113782029089,1004
2024-09-16 14:45:53.073,415.99555784931664,5
2024-09-16 14:45:53.134,415.9932617372383,10
2024-09-16 14:45:53.186,415.9908573790511,6
2024-09-16 14:45:53.195,415.9758701516287,11
2024-09-16 14:45:53.232,416.03641095704137,1002
2024-09-16 14:45:53.235,415.98718906629455,1003
2024-09-16 14:45:53.332,416.00267439366206,14
2024-09-16 14:45:53.339,415.9943247721277,13
2024-09-16 14:45:53.380,416.0171962498389,7
2024-09-16 14:45:53.387,415.9887590701731,14
2024-09-16 14:45:53.392,415.9904146774265,99
2024-09-16 14:45:53.401,416.0310145904528,95
2024-09-16 14:45:53.405,416.0329465723364,102
2024-09-16 14:45:53.457,416.0345897244074,11
2024-09-16 14:45:53.519,416.0091668381255,1001
2024-09-16 14:45:53.526,415.9904594147367,105
2024-09-16 14:45:53.551,415.99105047669417,98
2024-09-16 14:45:53.565,416.0063553765455,98
2024-09-16 14:45:53.583,416.03394132408425,999
2024-09-16 14:45:53.726,416.02087211750086,7
2024-09-16 14:45:53.730,416.0191373224749,99
2024-09-16 14:45:53.750,415.9823165994763,95
2024-09-16 14:45:53.769,416.029861625743,1001
2024-09-16 14:45:53.780,415.9944281033328,99
2024-09-16 14:45:53.804,415.9744987144968,997
2024-09-16 14:45:53.863,415.99124859257336,96
2024-09-16 14:45:53.868,415.9816784384144,12
2024-09-16 14:45:53.884,415.9908200399371,997
2024-09-16 14:45:53.946,416.0263714276548,98
2024-09-16 14:45:53.997,416.0361255708954,102
2024-09-16 14:45:54.004,416.0471138922232,997
2024-09-16 14:45:54.029,416.0093358256465,995
2024-09-16 14:45:54.074,416.0327498308683,1005
2024-09-16 14:45:54.106,415.9986472448574,12
2024-09-16 14:45:54.205,416.0392737362774,101
2024-09-16 14:45:54.225,416.0208805988239,1002
2024-09-16 14:45:54.286,416.04680182994576,999
2024-09-16 14:45:54.301,416.0181163141689,6
2024-09-16 14:45:54.344,416.0493200394608,999
2024-09-16 14:45:54.358,415.99542829379527,102
2024-09-16 14:45:54.364,416.0206502416696,995
2024-09-16 14:45:54.414,416.01017420627664,999
2024-09-16 14:45:54.469,416.0153231416276,103
2024-09-16 14:45:54.544,416.03563505922864,6
2024-09-16 14:45:54.631,416.0097135221106,995
2024-09-16 14:45:54.656,416.0154460635681,1002
2024-09-16 14:45:54.936,416.008939038001,9
2024-09-16 14:45:55.030,415.9574972672734,997
2024-09-16 14:45:55.050,415.9715959323682,996
2024-09-16 14:45:55.159,415.9609682637939,997
2024-09-16 14:45:55.360,415.948927755632,1001
2024-09-16 14:45:55.415,415.9857818547839,98
2024-09-16 14:45:55.875,,1005
2024-09-16 14:45:55.933,415.9896736003129,102
2024-09-16 14:45:56.017,415.9542200814109,96
2024-09-16 14:45:56.142,415.9585056751012,14
2024-09-16 14:45:56.209,415.95564954162194,6
2024-09-16 14:45:56.338,415.9463938820164,1001
2024-09-16 14:45:56.413,415.9946976058347,102
2024-09-16 14:45:56.431,415.9713669137034,98
2024-09-16 14:45:56.612,415.9880458839213,1004
2024-09-16 14:45:56.686,415.9687014603941,1002
2024-09-16 14:45:56.724,415.973439400107,96
2024-09-16 14:45:56.818,415.9659724111853,1001
2024-09-16 14:45:56.823,415.9563862806352,999
2024-09-16 14:45:56.975,415.9474511156731,995
2024-09-16 14:45:56.997,415.9719167733188,13
2024-09-16 14:45:57.173,415.9514156680079,9
2024-09-16 14:45:57.199,415.9712935749175,102
2024-09-16 14:45:57.431,415.9729022077227,15
2024-09-16 14:45:57.748,415.9817546662636,995
2024-09-16 14:45:57.936,415.9839294000554,999
2024-09-16 14:45:57.997,415.9425570237533,100
2024-09-16 14:45:58.087,416.04775823178414,13
2024-09-16 14:45:58.121,416.0913844658601,9
2024-09-16 14:45:58.134,416.0222717126599,97
2024-09-16 14:45:58.161,416.0928491974617,96
2024-09-16 14:45:58.193,416.0009604523973,105
2024-09-16 14:45:58.291,416.0324075023968,98
2024-09-16 14:45:58.292,416.06384289040665,15
2024-09-16 14:45:58.355,416.0038186029537,96
2024-09-16 14:45:58.399,416.0442756066702,95
2024-09-16 14:45:58.406,415.9884418756656,15
2024-09-16 14:45:58.428,416.0146658123092,103
2024-09-16 14:45:58.461,416.01487782015295,9
2024-09-16 14:45:58.512,416.0423571631879,1003
2024-09-16 14:45:58.515,416.01059272696654,998
2024-09-16 14:45:58.600,416.0167303346527,999
2024-09-16 14:45:58.601,416.0044177585996,12
2024-09-16 14:45:58.700,416.0433955033113,1004
2024-09-16 14:45:58.708,416.05037973728696,101
2024-09-16 14:45:58.719,416.0706310003994,102
2024-09-16 14:45:58.720,416.04821059046304,99
2024-09-16 14:45:58.768,416.0077388287093,98
2024-09-16 14:45:58.789,416.0061195469453,102
2024-09-16 14:45:58.861,416.0797471003664,5
2024-09-16 14:45:58.862,416.0217198569144,104
2024-09-16 14:45:58.867,416.0187315149449,1001
2024-09-16 14:45:58.900,-416.0356249453049,100
2024-09-16 14:45:58.993,415.9934827374383,11
2024-09-16 14:45:59.001,416.13304667554337,104
2024-09-16 14:45:59.048,416.1134118510847,995
2024-09-16 14:45:59.146,416.11318749205793,5
2024-09-16 14:45:59.150,416.12440801701166,7
2024-09-16 14:45:59.174,416.1253031394663,999
2024-09-16 14:45:59.401,416.02979899498666,9
2024-09-16 14:45:59.429,416.0736463199388,96
2024-09-16 14:45:59.494,416.1253916878898,10
2024-09-16 14:45:59.503,416.0308755908245,100
2024-09-16 14:45:59.573,416.0670408060336,104
2024-09-16 14:45:59.590,416.05958135028254,95
2024-09-16 14:45:59.621,416.0241754544306,1004
2024-09-16 14:45:59.727,416.08481114386166,14
2024-09-16 14:45:59.736,416.06667265256834,995
2024-09-16 14:45:59.771,416.1099518984482,1005
2024-09-16 14:45:59.819,416.03953370230926,997
2024-09-16 14:45:59.912,416.0625804843046,1000
2024-09-16 14:45:59.954,416.074074900147,9
2024-09-16 14:45:59.956,416.11335060387376,7
2024-09-16 14:45:59.965,416.1101940912961,1000
2024-09-16 14:45:59.973,419.44702680608543,98
