Timestamp,Price,Size
2024-09-20 10:09:00.043,424.11012783882336,11
2024-09-20 10:09:00.114,-424.10622378408254,103
2024-09-20 10:09:00.156,424.11799944861184,103
2024-09-20 10:09:00.185,424.0806431019791,98
2024-09-20 10:09:00.218,424.0919817526614,7
2024-09-20 10:09:00.425,424.10455988489525,1002
2024-09-20 10:09:00.526,424.0907758339826,14
2024-09-20 10:09:00.547,424.09900526062586,1004
2024-09-20 10:09:00.556,424.1001534438272,97
2024-09-20 10:09:00.577,424.09967315783234,996
2024-09-20 10:09:00.601,424.1122947817872,8
2024-09-20 10:09:00.720,424.0821532924614,10
2024-09-20 10:09:00.835,424.0996317229031,100
2024-09-20 10:09:00.863,424.1042384042871,1000
2024-09-20 10:09:00.907,424.0831255910962,12
2024-09-20 10:09:00.974,424.08497978799824,13
2024-09-20 10:09:00.997,424.11364883267737,96
2024-09-20 10:09:01.028,,1000
2024-09-20 10:09:01.100,424.0844549298884,996
2024-09-20 10:09:01.499,424.0903845393407,103
2024-09-20 10:09:01.526,424.1108955470271,996
2024-09-20 10:09:01.591,424.0912446874337,1004
2024-09-20 10:09:01.601,424.1074977570533,101
2024-09-20 10:09:01.688,424.0870802900519,1003
2024-09-20 10:09:01.719,424.114837708989,95
2024-09-20 10:09:01.777,424.11194371875297,104
2024-09-20 10:09:01.815,424.1021762619916,998
2024-09-20 10:09:01.895,424.086135268302,100
2024-09-20 10:09:01.975,424.09887755565535,101
2024-09-20 10:09:02.528,424.1146674021417,12
2024-09-20 10:09:02.706,424.0998231371597,14
2024-09-20 10:09:03.050,424.1103178636928,101
2024-09-20 10:09:03.187,42.41078674747095,15
2024-09-20 10:09:03.202,424.11127156320606,5
2024-09-20 10:09:03.276,424.1063481246365,104
2024-09-20 10:09:03.422,424.1098872564792,997
2024-09-20 10:09:03.429,424.10195375670975,102
2024-09-20 10:09:03.511,424.109751191012,95
2024-09-20 10:09:03.630,424.12408843334265,8
2024-09-20 10:09:03.646,424.1079044067364,1002
2024-09-20 10:09:03.665,424.1093426001498,996
2024-09-20 10:09:03.665,424.1256726208732,98
2024-09-20 10:09:03.720,424.11371983149854,15
2024-09-20 10:09:03.889,424.1107512571679,12
2024-09-20 10:09:03.896,424.1030880263567,101
2024-09-20 10:09:03.916,424.12998637879247,7
2024-09-20 10:09:03.945,424.12941873293823,96
2024-09-20 10:09:03.961,424.1177734661697,6
2024-09-20 10:09:04.135,424.1495743595732,104
2024-09-20 10:09:04.265,424.1356916375604,997
2024-09-20 10:09:04.410,424.1539500353417,1002
2024-09-20 10:09:04.419,424.1310219914996,1002
2024-09-20 10:09:04.553,424.1532310531388,103
2024-09-20 10:09:04.579,424.1520386571053,5
2024-09-20 10:09:04.678,424.1415196743934,995
2024-09-20 10:09:04.836,424.129583707556,1002
2024-09-20 10:09:04.869,424.12365318813806,97
2024-09-20 10:09:04.911,424.1458091123874,5
2024-09-20 10:09:05.013,424.07227709485016,1004
2024-09-20 10:09:05.024,424.0902461775647,6
2024-09-20 10:09:05.119,424.039912712136,1001
2024-09-20 10:09:05.192,424.1189939369254,6
2024-09-20 10:09:05.213,424.0939391089738,12
2024-09-20 10:09:05.213,424.0493129443979,9
2024-09-20 10:09:05.220,424.10340095650736,998
2024-09-20 10:09:05.250,424.052822468484,9
2024-09-20 10:09:05.274,424.1018126820074,995
2024-09-20 10:09:05.289,424.0892339258973,1005
2024-09-20 10:09:05.375,42.40563953661974,10
2024-09-20 10:09:05.410,424.0794738422222,95
2024-09-20 10:09:05.486,424.0574508788976,5
2024-09-20 10:09:05.558,424.0767088623645,102
2024-09-20 10:09:05.643,424.1002499124874,10
2024-09-20 10:09:05.661,424.0798856594524,1002
2024-09-20 10:09:05.663,424.0739461360089,1003
2024-09-20 10:09:05.676,424.0988472923365,96
2024-09-20 10:09:05.703,424.06365968835263,1003
2024-09-20 10:09:05.776,424.0620771772075,1001
2024-09-20 10:09:05.784,424.09293112725527,101
2024-09-20 10:09:05.834,424.09747430959607,97
2024-09-20 10:09:05.834,424.0937132923066,96
2024-09-20 10:09:05.857,424.0955423878641,6
2024-09-20 10:09:05.870,424.05682579670304,11
2024-09-20 10:09:05.874,424.0787231394975,5
2024-09-20 10:09:05.936,424.10517435189627,996
2024-09-20 10:09:06.004,424.0596631254504,9
2024-09-20 10:09:06.040,424.02811365679855,998
2024-09-20 10:09:06.116,424.03356575462897,99
2024-09-20 10:09:06.129,424.0502490871133,104
2024-09-20 10:09:06.264,424.06981670487806,98
2024-09-20 10:09:06.287,424.0409775832417,100
2024-09-20 10:09:06.581,424.0471618407564,97
2024-09-20 10:09:06.665,424.05871040637663,11
2024-09-20 10:09:06.786,424.0363337386228,11
2024-09-20 10:09:06.911,42.40732073050703,10
2024-09-20 10:09:07.149,424.0501394619391,996
2024-09-20 10:09:07.256,424.05092422763886,1004
2024-09-20 10:09:07.509,424.0453400396977,104
2024-09-20 10:09:07.694,424.0506722329826,15
2024-09-20 10:09:08.004,424.0243614107088,1001
2024-09-20 10:09:08.049,424.0394668292623,8
2024-09-20 10:09:08.064,424.0517830636675,1000
2024-09-20 10:09:08.066,424.0233993337345,103
2024-09-20 10:09:08.106,424.0395467352791,13
2024-09-20 10:09:08.134,424.03137557908127,95
2024-09-20 10:09:08.176,424.0812888928498,103
2024-09-20 10:09:08.182,424.0246895503907,1004
2024-09-20 10:09:08.216,424.0296918636174,997
2024-09-20 10:09:08.262,424.06761368001577,97
2024-09-20 10:09:08.297,424.0277890671952,100
2024-09-20 10:09:08.330,423.985405355352,15
2024-09-20 10:09:08.339,424.0212614595908,104
2024-09-20 10:09:08.352,424.05100575112544,999
2024-09-20 10:09:08.407,424.0073318204518,6
2024-09-20 10:09:08.442,424.01639014726567,14
2024-09-20 10:09:08.485,424.0077398968047,1000
2024-09-20 10:09:08.550,424.045699633517,14
2024-09-20 10:09:08.591,424.02636054465006,13
2024-09-20 10:09:08.607,424.0589004755293,101
2024-09-20 10:09:08.618,424.004602287214,100
2024-09-20 10:09:08.633,424.05008743097983,11
2024-09-20 10:09:08.659,424.0347063267812,15
2024-09-20 10:09:08.761,424.05074303157215,997
2024-09-20 10:09:08.802,424.01456894703415,1005
2024-09-20 10:09:08.850,424.0749417064315,8
2024-09-20 10:09:08.854,424.0235809699705,1000
2024-09-20 10:09:08.887,424.0380020624957,995
2024-09-20 10:09:08.923,424.0481873987484,1005
2024-09-20 10:09:09.066,424.0565492035388,1001
2024-09-20 10:09:09.120,423.9950768568974,98
2024-09-20 10:09:09.175,424.0487776574501,1005
2024-09-20 10:09:09.232,423.9827836938147,5
2024-09-20 10:09:09.256,424.0494030800105,995
2024-09-20 10:09:09.281,424.00022485350667,101
2024-09-20 10:09:09.315,423.9903325798316,103
2024-09-20 10:09:09.317,424.021459292145,104
2024-09-20 10:09:09.360,423.9791838548833,11
2024-09-20 10:09:09.401,424.0437519062014,12
2024-09-20 10:09:09.403,424.05353829300304,102
2024-09-20 10:09:09.428,424.0482863126572,12
2024-09-20 10:09:09.448,423.9748136558362,103
2024-09-20 10:09:09.460,424.0549038701031,8
2024-09-20 10:09:09.464,424.0201209286505,1005
2024-09-20 10:09:09.493,424.0553253503814,98
2024-09-20 10:09:09.521,423.9858583707776,997
2024-09-20 10:09:09.536,,103
2024-09-20 10:09:09.601,42.40428856630606,95
2024-09-20 10:09:09.728,424.0368424758423,996
2024-09-20 10:09:09.744,424.0668745278893,5
2024-09-20 10:09:09.778,424.0448359100605,95
2024-09-20 10:09:09.855,424.0120192571562,999
2024-09-20 10:09:09.857,423.978838187765,1000
2024-09-20 10:09:09.914,424.0522885400541,11
2024-09-20 10:09:09.939,424.02310194388696,95
2024-09-20 10:09:09.972,423.9878806121046,98
2024-09-20 10:09:10.521,423.9721111418344,12
2024-09-20 10:09:10.531,423.97835975423214,995
2024-09-20 10:09:11.131,423.960098558989,105
2024-09-20 10:09:11.171,423.975291114274,96
2024-09-20 10:09:11.208,423.9638351237896,1003
2024-09-20 10:09:11.300,424.0292049985976,12
2024-09-20 10:09:11.389,424.0159232190958,1003
2024-09-20 10:09:11.447,424.0167700945682,996
2024-09-20 10:09:11.460,424.0241938674878,9
2024-09-20 10:09:11.473,423.9535336339218,1000
2024-09-20 10:09:11.482,423.9451457114542,1000
2024-09-20 10:09:11.494,423.9994477015475,7
2024-09-20 10:09:11.495,423.97841041172336,100
2024-09-20 10:09:11.504,424.0350454250994,99
2024-09-20 10:09:11.562,423.965565854931,1002
2024-09-20 10:09:11.584,424.0205329074208,9
2024-09-20 10:09:11.612,423.9478626408515,995
2024-09-20 10:09:11.614,424.04160095090566,1001
2024-09-20 10:09:11.636,423.9529885302488,99
2024-09-20 10:09:11.660,423.97609665263326,1005
2024-09-20 10:09:11.750,424.0413402647888,998
2024-09-20 10:09:11.787,423.9442646067734,6
2024-09-20 10:09:11.800,423.9605724051685,995
2024-09-20 10:09:11.802,423.9769306917447,1000
2024-09-20 10:09:11.810,423.9703536793774,1004
2024-09-20 10:09:11.837,423.9793624840266,1000
2024-09-20 10:09:11.848,424.0280616240397,1001
2024-09-20 10:09:11.937,423.96308437384425,99
2024-09-20 10:09:11.940,423.9606481270146,11
2024-09-20 10:09:11.942,423.9493868028331,11
2024-09-20 10:09:12.003,424.0441043330853,102
2024-09-20 10:09:12.004,424.03973736250015,995
2024-09-20 10:09:12.012,424.0383656478914,15
2024-09-20 10:09:12.066,424.0466203157848,101
2024-09-20 10:09:12.079,424.0164568353114,999
2024-09-20 10:09:12.095,424.0297054425875,102
2024-09-20 10:09:12.241,424.0121384820815,10
2024-09-20 10:09:12.246,424.0655560226871,14
2024-09-20 10:09:12.252,424.0067338845549,998
2024-09-20 10:09:12.391,424.030546850116,998
2024-09-20 10:09:12.416,424.0596694207218,1003
2024-09-20 10:09:12.511,424.02262897511855,7
2024-09-20 10:09:12.537,424.03960060422753,12
2024-09-20 10:09:12.555,424.0309146688856,14
2024-09-20 10:09:12.571,424.0227006227401,12
2024-09-20 10:09:12.615,424.0582205321288,996
2024-09-20 10:09:12.648,424.0252167507327,96
2024-09-20 10:09:12.651,424.02474007708577,96
2024-09-20 10:09:12.746,424.0203448174263,9
2024-09-20 10:09:12.756,424.0321469000474,13
2024-09-20 10:09:12.771,424.0406810630196,8
2024-09-20 10:09:12.805,424.0167516980559,14
2024-09-20 10:09:12.821,424.0029831218607,1001
2024-09-20 10:09:12.942,424.0234494832727,1005
2024-09-20 10:09:13.264,424.0585920858365,1004
2024-09-20 10:09:14.106,424.0615025589988,1001
2024-09-20 10:09:14.138,424.0622064219693,11
2024-09-20 10:09:14.212,424.077863426769,11
2024-09-20 10:09:14.278,424.0651442867132,1000
2024-09-20 10:09:14.358,424.0825320237255,98
2024-09-20 10:09:14.474,424.0665959593502,11
2024-09-20 10:09:14.559,424.0594567645946,999
2024-09-20 10:09:14.572,42.408234282950325,1005
2024-09-20 10:09:14.629,424.0575115848362,7
2024-09-20 10:09:14.685,42.40669793273336,1004
2024-09-20 10:09:14.748,424.085355170924,7
2024-09-20 10:09:14.828,424.0578913933833,10
2024-09-20 10:09:14.858,424.0725998550433,10
2024-09-20 10:09:14.860,424.0586480269135,9
2024-09-20 10:09:15.001,424.04783419813504,1003
2024-09-20 10:09:15.132,424.0527801016392,14
2024-09-20 10:09:15.752,424.0471152634349,5
2024-09-20 10:09:15.967,424.0579750564227,15
2024-09-20 10:09:16.086,424.0410066496989,996
2024-09-20 10:09:16.113,-424.04633097559616,1003
2024-09-20 10:09:16.191,424.0597958149798,105
2024-09-20 10:09:16.203,424.05764845025806,15
2024-09-20 10:09:16.215,424.0516265055784,105
2024-09-20 10:09:16.218,424.0804742128762,5
2024-09-20 10:09:16.252,424.02756771275625,9
2024-09-20 10:09:16.301,424.0694072130879,99
2024-09-20 10:09:16.341,423.98401282168464,1000
2024-09-20 10:09:16.374,424.0579934840744,7
2024-09-20 10:09:16.399,423.99016554681,10
2024-09-20 10:09:16.496,423.9861555942219,8
2024-09-20 10:09:16.596,423.988643747805,11
2024-09-20 10:09:16.614,423.9952429068309,1004
2024-09-20 10:09:16.631,424.0326660394632,11
2024-09-20 10:09:16.761,424.00372106783215,102
2024-09-20 10:09:16.782,424.0560279883316,7
2024-09-20 10:09:16.790,423.99177982295055,995
2024-09-20 10:09:16.797,424.0400220461573,11
2024-09-20 10:09:16.810,424.0391088988285,96
2024-09-20 10:09:16.812,424.0268661904736,12
2024-09-20 10:09:16.837,42.403180676696365,1004
2024-09-20 10:09:16.889,423.9935360415571,6
2024-09-20 10:09:16.905,424.02799033903614,105
2024-09-20 10:09:16.931,424.0249553863636,98
2024-09-20 10:09:16.958,424.04061748819527,10
2024-09-20 10:09:16.964,424.0306329352384,995
2024-09-20 10:09:17.033,424.0351658162346,1003
2024-09-20 10:09:17.102,424.0333268679124,100
2024-09-20 10:09:17.171,424.0559251912399,1001
2024-09-20 10:09:17.226,424.0465774824163,996
2024-09-20 10:09:17.233,424.0282227226842,998
2024-09-20 10:09:17.245,424.0480965730751,100
2024-09-20 10:09:17.253,423.9882072475548,14
2024-09-20 10:09:17.257,424.0704262713572,8
2024-09-20 10:09:17.281,424.01993279860346,999
2024-09-20 10:09:17.287,424.0425139341497,12
2024-09-20 10:09:17.312,424.0238369942396,995
2024-09-20 10:09:17.339,423.9967670405967,1000
2024-09-20 10:09:17.357,424.0588841143268,998
2024-09-20 10:09:17.365,424.0515154994278,998
2024-09-20 10:09:17.424,424.0103441247085,100
2024-09-20 10:09:17.439,424.0441019445756,1003
2024-09-20 10:09:17.466,423.9979278877432,101
2024-09-20 10:09:17.470,424.0248090031703,13
2024-09-20 10:09:17.496,424.01506360743537,14
2024-09-20 10:09:17.540,424.039982169384,1003
2024-09-20 10:09:17.545,424.0223886000969,103
2024-09-20 10:09:17.559,424.0587767516684,101
2024-09-20 10:09:17.649,424.0306704104128,103
2024-09-20 10:09:17.674,424.0614249665834,97
2024-09-20 10:09:17.686,424.0389201833778,995
2024-09-20 10:09:17.858,424.0551464652625,105
2024-09-20 10:09:17.877,424.0674744594295,9
2024-09-20 10:09:17.922,424.030340198912,95
2024-09-20 10:09:17.960,424.0731911274956,1005
2024-09-20 10:09:17.966,42.39895751544949,101
2024-09-20 10:09:18.173,424.0601323630402,104
2024-09-20 10:09:18.311,42.40758222513532,100
2024-09-20 10:09:18.513,424.07452113808944,7
2024-09-20 10:09:18.917,424.0750281878704,999
2024-09-20 10:09:19.034,424.1045494113425,103
2024-09-20 10:09:19.130,,99
2024-09-20 10:09:19.156,424.1053647547263,996
2024-09-20 10:09:19.246,424.0943111354952,1004
2024-09-20 10:09:19.259,424.0934162209202,996
2024-09-20 10:09:19.345,424.0790962765423,7
2024-09-20 10:09:19.372,424.10318843739446,13
2024-09-20 10:09:19.387,424.1275093525791,1005
2024-09-20 10:09:19.389,424.090331725594,7
2024-09-20 10:09:19.485,424.1154915856332,9
2024-09-20 10:09:19.492,424.0728990656049,14
2024-09-20 10:09:19.500,424.0879522458012,95
2024-09-20 10:09:19.513,424.0668167652341,101
2024-09-20 10:09:19.590,424.1354693841062,100
2024-09-20 10:09:19.620,424.1355373649207,996
2024-09-20 10:09:19.683,424.0890929457672,1005
2024-09-20 10:09:19.737,424.14434783018544,100
2024-09-20 10:09:19.933,424.08362151963394,101
2024-09-20 10:09:19.994,424.1025843913117,99
2024-09-20 10:09:19.995,424.1090400080813,12
2024-09-20 10:09:20.037,424.1695076947069,1005
2024-09-20 10:09:20.063,424.14878099940313,8
2024-09-20 10:09:20.098,424.1663181947021,12
2024-09-20 10:09:20.200,424.1883276319158,100
2024-09-20 10:09:20.211,424.17674026811335,1005
2024-09-20 10:09:20.257,424.1627176176517,14
2024-09-20 10:09:20.393,424.1346027120249,1002
2024-09-20 10:09:20.589,424.1703507390756,13
2024-09-20 10:09:20.614,424.14653431945857,1003
2024-09-20 10:09:20.637,424.1866882708816,995
2024-09-20 10:09:20.734,424.1821930196642,105
2024-09-20 10:09:20.735,424.1614095705674,1003
2024-09-20 10:09:20.795,424.1752029576013,1005
2024-09-20 10:09:20.886,424.18358456957327,1002
2024-09-20 10:09:21.018,424.1942154471232,5
2024-09-20 10:09:21.024,424.2041839599573,95
2024-09-20 10:09:21.101,424.2215677378572,102
2024-09-20 10:09:21.234,424.1951326486808,12
2024-09-20 10:09:21.271,424.2053134773564,98
2024-09-20 10:09:21.344,424.199210041131,1001
2024-09-20 10:09:21.435,424.211566784763,8
2024-09-20 10:09:21.457,424.21163174254536,1004
2024-09-20 10:09:21.489,424.2190188400008,8
2024-09-20 10:09:21.596,424.2067223484154,1000
2024-09-20 10:09:21.656,42.42386959764116,1001
2024-09-20 10:09:21.663,424.19357989173216,99
2024-09-20 10:09:21.690,424.19864572174896,98
2024-09-20 10:09:21.769,424.23986031383447,100
2024-09-20 10:09:21.914,424.2012649141004,998
2024-09-20 10:09:21.948,424.2083121683804,99
2024-09-20 10:09:22.066,424.1544991008857,998
2024-09-20 10:09:22.110,424.1605466154769,7
2024-09-20 10:09:22.117,424.1623595964151,7
2024-09-20 10:09:22.134,424.1394192591438,10
2024-09-20 10:09:22.147,424.2216423442025,15
2024-09-20 10:09:22.178,424.1529543888968,1005
2024-09-20 10:09:22.224,424.16887977937193,12
2024-09-20 10:09:22.301,424.19413427061824,97
2024-09-20 10:09:22.395,424.1704400090415,97
2024-09-20 10:09:22.461,424.1879915688376,10
2024-09-20 10:09:22.526,424.21891091821874,997
2024-09-20 10:09:22.583,424.2287683895198,1002
2024-09-20 10:09:22.591,424.144249687967,103
2024-09-20 10:09:22.641,424.2263849983277,103
2024-09-20 10:09:22.648,424.1624294840613,1000
2024-09-20 10:09:22.700,424.1957229774632,95
2024-09-20 10:09:22.705,424.1443875673633,9
2024-09-20 10:09:22.706,424.1616046400868,13
2024-09-20 10:09:22.729,424.1618755139427,13
2024-09-20 10:09:22.758,424.18246272454354,1004
2024-09-20 10:09:22.773,424.2264650650651,102
2024-09-20 10:09:22.920,424.1855296097461,996
2024-09-20 10:09:22.935,424.1824168567039,104
2024-09-20 10:09:22.939,424.1616563876799,10
2024-09-20 10:09:22.951,424.2241145748343,103
2024-09-20 10:09:23.047,424.1519729521895,999
2024-09-20 10:09:23.606,424.16243064153934,1004
2024-09-20 10:09:23.640,424.1509443001344,98
2024-09-20 10:09:23.689,424.1474168314825,998
2024-09-20 10:09:23.887,424.1415703692061,100
2024-09-20 10:09:23.919,424.14665768790354,1001
2024-09-20 10:09:24.040,424.1908790533215,8
2024-09-20 10:09:24.052,424.2035738348823,1003
2024-09-20 10:09:24.082,424.2129133586881,1003
2024-09-20 10:09:24.088,424.194842542138,5
2024-09-20 10:09:24.110,424.1780071433574,7
2024-09-20 10:09:24.115,424.183581046458,998
2024-09-20 10:09:24.161,424.1874243971946,10
2024-09-20 10:09:24.186,424.2225731900188,999
2024-09-20 10:09:24.230,424.2106789802945,95
2024-09-20 10:09:24.245,424.2111188353922,1000
2024-09-20 10:09:24.251,424.2080475166251,1002
2024-09-20 10:09:24.265,424.1964599664786,10
2024-09-20 10:09:24.272,424.2083846794324,95
2024-09-20 10:09:24.282,424.1916840266488,7
2024-09-20 10:09:24.308,424.1840079247433,10
2024-09-20 10:09:24.470,424.2062598900777,1004
2024-09-20 10:09:24.521,424.2087427598189,101
2024-09-20 10:09:24.608,424.2076367189821,996
2024-09-20 10:09:24.652,424.21060062956144,11
2024-09-20 10:09:24.668,424.2082112637348,105
2024-09-20 10:09:24.760,424.20708051374913,5
2024-09-20 10:09:24.828,424.1891782309445,996
2024-09-20 10:09:24.832,424.20135128111895,997
2024-09-20 10:09:24.882,424.2041918958688,1001
2024-09-20 10:09:24.900,424.21151356717473,97
2024-09-20 10:09:24.917,424.1918454769793,9
2024-09-20 10:09:24.933,424.1983557812868,103
2024-09-20 10:09:24.949,-424.1754631222372,998
2024-09-20 10:09:24.970,424.20266142204906,15
2024-09-20 10:09:25.369,424.21495032156247,998
2024-09-20 10:09:26.088,424.2335087228317,1005
2024-09-20 10:09:26.091,424.2696484431739,999
2024-09-20 10:09:26.101,424.2199506375727,103
2024-09-20 10:09:26.163,424.2324185797592,100
2024-09-20 10:09:26.188,424.2835965597078,101
2024-09-20 10:09:26.218,424.2463990302681,9
2024-09-20 10:09:26.226,424.2895759762969,1005
2024-09-20 10:09:26.308,424.2696851811874,101
2024-09-20 10:09:26.327,,102
2024-09-20 10:09:26.451,424.2325278658026,995
2024-09-20 10:09:26.463,424.21933023262807,15
2024-09-20 10:09:26.516,424.23670191934383,6
2024-09-20 10:09:26.518,424.2258942745374,7
2024-09-20 10:09:26.522,424.2910391624806,6
2024-09-20 10:09:26.626,424.2971179071095,5
2024-09-20 10:09:26.678,424.2670047969132,996
2024-09-20 10:09:26.698,424.2695341702757,96
2024-09-20 10:09:26.745,424.3006194082275,1005
2024-09-20 10:09:26.756,424.2280291784936,101
2024-09-20 10:09:26.773,424.2895833909565,1000
2024-09-20 10:09:26.806,424.2912991662122,996
2024-09-20 10:09:26.823,424.2755586711917,97
2024-09-20 10:09:26.848,424.28549842880335,95
2024-09-20 10:09:26.872,424.28222553401,995
2024-09-20 10:09:26.873,424.26804035777775,1003
2024-09-20 10:09:26.950,424.2532456709128,995
2024-09-20 10:09:26.990,424.2118342097703,7
2024-09-20 10:09:27.004,424.2020385595271,101
2024-09-20 10:09:27.024,424.2354972777415,997
2024-09-20 10:09:27.060,424.19644337565455,1003
2024-09-20 10:09:27.147,424.1715547241273,1005
2024-09-20 10:09:27.174,424.15651893532026,996
2024-09-20 10:09:27.174,424.2070979509037,14
2024-09-20 10:09:27.306,424.2218489517637,95
2024-09-20 10:09:27.324,424.25501669282846,995
2024-09-20 10:09:27.349,424.2476534573482,14
2024-09-20 10:09:27.389,424.19420768981865,5
2024-09-20 10:09:27.393,424.2089354114992,1000
2024-09-20 10:09:27.394,424.2531564369464,15
2024-09-20 10:09:27.398,424.2021848931563,999
2024-09-20 10:09:27.449,424.2208926126828,995
2024-09-20 10:09:27.492,424.1275662482033,996
2024-09-20 10:09:27.499,424.1144649774665,1000
2024-09-20 10:09:27.538,424.251105736672,1005
2024-09-20 10:09:27.589,424.2002175756874,96
2024-09-20 10:09:27.683,424.2452073869041,97
2024-09-20 10:09:27.733,424.2161915902404,5
2024-09-20 10:09:27.761,424.2371826085552,10
2024-09-20 10:09:27.767,424.2292760740115,995
2024-09-20 10:09:27.772,,998
2024-09-20 10:09:27.775,424.1415053280083,105
2024-09-20 10:09:27.806,424.2023965959089,1001
2024-09-20 10:09:27.831,424.1819625609989,98
2024-09-20 10:09:27.884,,1003
2024-09-20 10:09:27.960,424.1304566841794,998
2024-09-20 10:09:28.010,424.23914955269385,999
2024-09-20 10:09:28.122,424.252841516647,999
2024-09-20 10:09:28.358,424.2453486924496,105
2024-09-20 10:09:28.478,424.2388729168216,1004
2024-09-20 10:09:28.494,424.2372843686767,5
2024-09-20 10:09:28.500,424.2244048884729,99
2024-09-20 10:09:28.545,424.2350310928159,996
2024-09-20 10:09:28.616,424.2404148552315,1004
2024-09-20 10:09:28.633,424.2366581123042,15
2024-09-20 10:09:28.777,424.2798336967808,103
2024-09-20 10:09:28.885,-424.2728545323479,13
2024-09-20 10:09:28.890,424.23440351633207,1001
2024-09-20 10:09:28.958,424.2400098240786,96
2024-09-20 10:09:29.060,424.26208662933226,105
2024-09-20 10:09:29.099,424.2590962395155,8
2024-09-20 10:09:29.254,424.3234505568316,999
2024-09-20 10:09:29.254,424.248575622418,105
2024-09-20 10:09:29.266,424.3489772515043,997
2024-09-20 10:09:29.285,424.2842776629955,1003
2024-09-20 10:09:29.339,424.2595825171325,14
2024-09-20 10:09:29.345,424.36068749141486,996
2024-09-20 10:09:29.358,-424.3437823623614,101
2024-09-20 10:09:29.365,424.2576256068354,7
2024-09-20 10:09:29.517,424.2421382518253,103
2024-09-20 10:09:29.616,424.2423398522728,6
2024-09-20 10:09:29.682,424.2546653067192,11
2024-09-20 10:09:29.705,424.2628964808429,13
2024-09-20 10:09:29.720,424.2990935964547,1002
2024-09-20 10:09:29.834,424.3305084726342,998
2024-09-20 10:09:29.884,424.27940586155023,1005
2024-09-20 10:09:30.003,424.3311933837461,104
2024-09-20 10:09:30.005,424.3820508125663,98
2024-09-20 10:09:30.054,424.36739974447073,103
2024-09-20 10:09:30.113,424.379036619011,998
2024-09-20 10:09:30.146,424.3413843727765,14
2024-09-20 10:09:30.185,424.341979257108,1000
2024-09-20 10:09:30.198,424.37229459956086,1003
2024-09-20 10:09:30.200,424.3236008366413,995
2024-09-20 10:09:30.224,424.3418838088209,97
2024-09-20 10:09:30.244,424.3367407216157,7
2024-09-20 10:09:30.269,424.3209683456426,996
2024-09-20 10:09:30.285,424.3427543696961,15
2024-09-20 10:09:30.335,424.3697432895669,105
2024-09-20 10:09:30.367,424.32664099917537,97
2024-09-20 10:09:30.413,424.3476867734659,8
2024-09-20 10:09:30.460,424.3574300662376,105
2024-09-20 10:09:30.495,424.3372362609131,10
2024-09-20 10:09:30.517,424.3822988209926,9
2024-09-20 10:09:30.551,424.3556743073456,99
2024-09-20 10:09:30.641,424.3322660660572,97
2024-09-20 10:09:30.656,424.3187812578423,96
2024-09-20 10:09:30.793,424.3450876701629,997
2024-09-20 10:09:30.828,424.3531135613936,103
2024-09-20 10:09:30.988,424.3565251979811,6
2024-09-20 10:09:31.032,424.3641576145717,1004
2024-09-20 10:09:31.205,424.3532692310108,10
2024-09-20 10:09:31.219,424.38990627245687,12
2024-09-20 10:09:31.221,424.38744190687567,1002
2024-09-20 10:09:31.406,424.41475474108455,1004
2024-09-20 10:09:31.521,424.4242774102015,97
2024-09-20 10:09:31.587,424.3725323234663,102
2024-09-20 10:09:31.651,424.3839355076177,96
2024-09-20 10:09:31.662,424.3859420725918,1004
2024-09-20 10:09:31.873,424.36874860646026,997
2024-09-20 10:09:31.991,424.4083502788842,99
2024-09-20 10:09:32.080,424.39191846726754,13
2024-09-20 10:09:32.085,424.418918939688,14
2024-09-20 10:09:32.246,424.384822918511,1002
2024-09-20 10:09:32.311,424.4240572615365,1002
2024-09-20 10:09:32.429,424.39925724844505,998
2024-09-20 10:09:32.432,424.4101892559022,997
2024-09-20 10:09:32.511,424.3970315922954,1000
2024-09-20 10:09:32.571,424.3650222472754,104
2024-09-20 10:09:32.710,424.3850950101357,100
2024-09-20 10:09:32.769,424.3800057440456,15
2024-09-20 10:09:32.795,424.4290370336376,101
2024-09-20 10:09:32.857,424.41301037013005,99
2024-09-20 10:09:32.901,424.4037748437442,10
2024-09-20 10:09:32.902,42.44206539006105,5
2024-09-20 10:09:32.909,424.394097526305,105
2024-09-20 10:09:32.967,424.4153782207784,1002
2024-09-20 10:09:33.007,424.3931646082866,13
2024-09-20 10:09:33.044,424.3861995387591,102
2024-09-20 10:09:33.072,424.3982433166689,103
2024-09-20 10:09:33.080,424.2976260284718,996
2024-09-20 10:09:33.194,424.3874024332578,99
2024-09-20 10:09:33.196,424.3216792944386,1000
2024-09-20 10:09:33.226,424.3391866173855,7
2024-09-20 10:09:33.243,424.3760806153361,97
2024-09-20 10:09:33.288,424.39233013209065,5
2024-09-20 10:09:33.364,424.3518635153232,101
2024-09-20 10:09:33.390,424.335233173692,6
2024-09-20 10:09:33.429,424.3760893820306,15
2024-09-20 10:09:33.435,424.35315926001977,104
2024-09-20 10:09:33.488,424.3269584797357,102
2024-09-20 10:09:33.514,424.38253514118594,8
2024-09-20 10:09:33.561,424.38234994315184,104
2024-09-20 10:09:33.570,424.38273187342384,104
2024-09-20 10:09:33.644,424.3685301097677,99
2024-09-20 10:09:33.654,424.34865442152847,100
2024-09-20 10:09:33.768,424.3248295250527,97
2024-09-20 10:09:33.778,424.3355179302308,13
2024-09-20 10:09:33.785,424.3976267715662,14
2024-09-20 10:09:33.799,424.35593443715504,100
2024-09-20 10:09:33.876,424.3782579311018,101
2024-09-20 10:09:34.060,424.291795010787,103
2024-09-20 10:09:34.127,424.3149028389912,99
2024-09-20 10:09:34.239,424.3060502891343,101
2024-09-20 10:09:34.319,424.2961711596816,6
2024-09-20 10:09:34.728,424.3063561026476,97
2024-09-20 10:09:35.024,42.42678864989576,100
2024-09-20 10:09:35.104,424.2866095010353,6
2024-09-20 10:09:35.448,424.2539115326584,101
2024-09-20 10:09:35.525,424.2521193126318,6
2024-09-20 10:09:36.058,424.2688187664237,95
2024-09-20 10:09:36.110,424.2634723168112,5
2024-09-20 10:09:36.138,424.2241184552919,5
2024-09-20 10:09:36.181,-424.288667734986,99
2024-09-20 10:09:36.224,424.2282967329634,7
2024-09-20 10:09:36.243,424.2063588953925,99
2024-09-20 10:09:36.273,424.2508025261413,101
2024-09-20 10:09:36.273,424.2781969670182,99
2024-09-20 10:09:36.289,424.2894389263868,1001
2024-09-20 10:09:36.293,424.22944442820847,97
2024-09-20 10:09:36.363,424.23542854726446,15
2024-09-20 10:09:36.430,424.2142851404517,101
2024-09-20 10:09:36.486,424.2667083521655,5
2024-09-20 10:09:36.711,424.223827853189,997
2024-09-20 10:09:36.712,424.2072584622047,6
2024-09-20 10:09:36.778,424.2294254107083,12
2024-09-20 10:09:36.822,424.2202239367616,96
2024-09-20 10:09:36.860,424.24773265952336,1002
2024-09-20 10:09:36.898,424.2911018351157,997
2024-09-20 10:09:36.915,424.26887155549537,11
2024-09-20 10:09:37.111,424.2815198534084,1001
2024-09-20 10:09:37.144,424.2690095979897,10
2024-09-20 10:09:37.154,424.2978214158889,104
2024-09-20 10:09:37.173,424.3066761595375,5
2024-09-20 10:09:37.203,424.2692708099014,96
2024-09-20 10:09:37.269,424.2964374394957,96
2024-09-20 10:09:37.272,424.2507612522684,1003
2024-09-20 10:09:37.281,424.2766619919443,1002
2024-09-20 10:09:37.401,424.3065881663202,95
2024-09-20 10:09:37.432,424.2550059609475,999
2024-09-20 10:09:37.514,424.2643706877112,9
2024-09-20 10:09:37.544,424.3089116291018,100
2024-09-20 10:09:37.624,424.2664830365852,100
2024-09-20 10:09:37.654,-424.279944067538,5
2024-09-20 10:09:37.666,424.2594349815583,997
2024-09-20 10:09:37.745,424.2750895255349,9
2024-09-20 10:09:37.873,424.2954284461673,100
2024-09-20 10:09:37.921,424.2722985169297,104
2024-09-20 10:09:37.950,424.2866667438384,100
2024-09-20 10:09:37.985,424.2541902004304,7
2024-09-20 10:09:38.130,424.3283280163915,11
2024-09-20 10:09:38.289,424.3077486586774,14
2024-09-20 10:09:38.297,424.3468833982828,6
2024-09-20 10:09:38.322,424.341279155829,14
2024-09-20 10:09:38.381,424.2982534610679,99
2024-09-20 10:09:38.433,424.2997376517244,1002
2024-09-20 10:09:38.516,424.3425175817539,1005
2024-09-20 10:09:38.551,424.3321376520144,1002
2024-09-20 10:09:38.607,424.3124912076871,14
2024-09-20 10:09:38.616,424.2951169799277,995
2024-09-20 10:09:38.651,424.2845164148004,1005
2024-09-20 10:09:38.677,424.2942969936829,5
2024-09-20 10:09:38.796,424.332512088492,996
2024-09-20 10:09:38.823,424.2985337989097,101
2024-09-20 10:09:38.849,424.306150079411,102
2024-09-20 10:09:38.876,424.30143677780967,95
2024-09-20 10:09:38.880,424.2771739395017,98
2024-09-20 10:09:38.893,424.2974812845756,98
2024-09-20 10:09:38.943,424.3497751268036,996
2024-09-20 10:09:38.992,424.3294610318512,11
2024-09-20 10:09:39.065,424.365041720319,1000
2024-09-20 10:09:39.361,424.3574479066608,995
2024-09-20 10:09:39.464,424.3705935649922,6
2024-09-20 10:09:39.694,424.3605844583448,9
2024-09-20 10:09:39.789,424.3631864194736,12
2024-09-20 10:09:39.914,424.3533004732925,1005
2024-09-20 10:09:40.045,424.3372094739436,9
2024-09-20 10:09:40.057,424.37715375672377,103
2024-09-20 10:09:40.098,424.3994730236324,14
2024-09-20 10:09:40.115,424.3640232526917,1004
2024-09-20 10:09:40.138,424.35913972886425,98
2024-09-20 10:09:40.142,424.33538232340976,1002
2024-09-20 10:09:40.275,424.3589022624011,6
2024-09-20 10:09:40.376,424.3517700335603,14
2024-09-20 10:09:40.387,424.32816147764726,1001
2024-09-20 10:09:40.463,424.3419066797278,102
2024-09-20 10:09:40.491,424.3663875036741,96
2024-09-20 10:09:40.497,424.3555614645491,1005
2024-09-20 10:09:40.515,424.3878792687453,97
2024-09-20 10:09:40.534,424.36646184414366,1001
2024-09-20 10:09:40.554,424.3702866793383,1001
2024-09-20 10:09:40.594,424.3843484277527,13
2024-09-20 10:09:40.627,424.33348439815376,5
2024-09-20 10:09:40.720,424.351317371357,102
2024-09-20 10:09:40.737,424.3539942133439,5
2024-09-20 10:09:40.788,424.3668770290862,5
2024-09-20 10:09:40.799,424.3502921748071,12
2024-09-20 10:09:40.871,424.3140751534418,98
2024-09-20 10:09:40.883,424.325788368232,8
2024-09-20 10:09:40.890,424.38349759960187,11
2024-09-20 10:09:40.900,424.3904576047571,103
2024-09-20 10:09:40.973,424.32638100483314,996
2024-09-20 10:09:41.014,424.3172193839666,95
2024-09-20 10:09:41.019,424.26617877693,97
2024-09-20 10:09:41.085,424.3486183943052,7
2024-09-20 10:09:41.266,424.31849446283286,1000
2024-09-20 10:09:41.323,424.3046553569573,997
2024-09-20 10:09:41.342,424.3030763472891,103
2024-09-20 10:09:41.380,424.2656184729052,10
2024-09-20 10:09:41.384,424.29781039920704,96
2024-09-20 10:09:41.396,424.3920104156397,1001
2024-09-20 10:09:41.402,424.28432326261066,1001
2024-09-20 10:09:41.426,424.3817017566626,1003
2024-09-20 10:09:41.472,424.3433455649328,97
2024-09-20 10:09:41.494,424.2690327874112,102
2024-09-20 10:09:41.572,424.31862379670144,101
2024-09-20 10:09:41.645,424.3535813220468,11
2024-09-20 10:09:41.650,424.33402405148433,1004
2024-09-20 10:09:41.678,424.257493796164,101
2024-09-20 10:09:41.722,424.2726525014477,998
2024-09-20 10:09:41.764,424.31680368994125,95
2024-09-20 10:09:41.772,424.38670189529927,7
2024-09-20 10:09:41.821,424.32537739403904,995
2024-09-20 10:09:41.842,424.3152967489031,13
2024-09-20 10:09:41.942,424.2892204373454,14
2024-09-20 10:09:41.991,424.3234637444324,14
2024-09-20 10:09:42.048,424.3849134538489,997
2024-09-20 10:09:42.093,424.42676184520434,104
2024-09-20 10:09:42.103,42.439557601855086,6
2024-09-20 10:09:42.126,424.4171880868648,996
2024-09-20 10:09:42.157,424.4022295230337,95
2024-09-20 10:09:42.251,424.42205499529945,12
2024-09-20 10:09:42.365,42.438895531294285,1001
2024-09-20 10:09:42.559,424.4190949617797,7
2024-09-20 10:09:42.647,424.380908593545,96
2024-09-20 10:09:42.687,424.3956828413589,13
2024-09-20 10:09:42.701,424.40108143904615,104
2024-09-20 10:09:42.803,424.3922994778448,10
2024-09-20 10:09:42.816,424.3944764149505,15
2024-09-20 10:09:42.894,424.40877333437913,105
2024-09-20 10:09:42.924,424.40612864462304,1000
2024-09-20 10:09:42.949,424.4083222394826,1002
2024-09-20 10:09:42.981,424.42044709578175,14
2024-09-20 10:09:43.001,424.49838749257054,1001
2024-09-20 10:09:43.078,424.4910795497983,6
2024-09-20 10:09:43.082,424.4976686596224,1002
2024-09-20 10:09:43.154,,5
2024-09-20 10:09:43.162,424.5050505484753,5
2024-09-20 10:09:43.336,424.47816537196695,96
2024-09-20 10:09:43.386,424.4984917752676,8
2024-09-20 10:09:43.395,424.4516037031919,14
2024-09-20 10:09:43.488,424.4784542641367,96
2024-09-20 10:09:43.495,424.49920797032365,995
2024-09-20 10:09:43.572,424.50902088018006,103
2024-09-20 10:09:43.645,424.4810516511609,996
2024-09-20 10:09:43.732,424.4919240942056,14
2024-09-20 10:09:43.751,424.48358607921136,95
2024-09-20 10:09:43.774,424.47949024836606,1000
2024-09-20 10:09:43.782,424.46946043335953,104
2024-09-20 10:09:43.791,424.4324874151461,95
2024-09-20 10:09:43.872,424.4555864366236,7
2024-09-20 10:09:43.949,424.468683274201,103
2024-09-20 10:09:44.201,424.4609733044536,13
2024-09-20 10:09:44.213,424.47283304844905,1004
2024-09-20 10:09:44.213,424.4608180026687,8
2024-09-20 10:09:44.355,424.45432406758806,101
2024-09-20 10:09:44.431,424.4586144883832,998
2024-09-20 10:09:44.434,424.4662175093087,998
2024-09-20 10:09:44.448,424.4693763506743,5
2024-09-20 10:09:44.595,424.4952830996781,15
2024-09-20 10:09:44.695,,5
2024-09-20 10:09:44.893,424.4615840044282,9
2024-09-20 10:09:45.334,424.47674751860353,1002
2024-09-20 10:09:45.360,424.46264605327286,7
2024-09-20 10:09:45.447,424.46814104888506,13
2024-09-20 10:09:45.679,424.4572613929243,998
2024-09-20 10:09:46.001,424.44246926364553,12
2024-09-20 10:09:46.075,424.44145546481286,10
2024-09-20 10:09:46.432,424.4356809795604,98
2024-09-20 10:09:46.588,424.42202946549537,13
2024-09-20 10:09:46.715,424.4317366971059,98
2024-09-20 10:09:47.303,424.3952905302439,99
2024-09-20 10:09:47.549,424.43276675510464,1001
2024-09-20 10:09:47.618,424.4147286224129,998
2024-09-20 10:09:47.628,424.41399971741725,1000
2024-09-20 10:09:47.640,424.4349394672017,1002
2024-09-20 10:09:48.932,424.3968668872745,5
2024-09-20 10:09:48.935,424.3844110380545,100
2024-09-20 10:09:49.006,424.3799389253589,102
2024-09-20 10:09:49.036,424.3812491159279,5
2024-09-20 10:09:49.058,424.38600154609344,6
2024-09-20 10:09:49.173,424.4086295571914,998
2024-09-20 10:09:49.186,424.4019517236706,998
2024-09-20 10:09:49.251,424.43823976731954,1004
2024-09-20 10:09:49.283,424.3705250346093,97
2024-09-20 10:09:49.295,424.41828730784977,99
2024-09-20 10:09:49.349,424.40955357625086,98
2024-09-20 10:09:49.367,424.40161301826816,1000
2024-09-20 10:09:49.423,424.39776508131735,1004
2024-09-20 10:09:49.446,424.3832872242618,998
2024-09-20 10:09:49.473,424.3880103875055,12
2024-09-20 10:09:49.490,424.396649537818,1002
2024-09-20 10:09:49.504,424.3776475316906,6
2024-09-20 10:09:49.538,424.3672127387305,6
2024-09-20 10:09:49.590,424.4111985074849,100
2024-09-20 10:09:49.641,424.3887734684436,1000
2024-09-20 10:09:49.747,424.4040500861647,998
2024-09-20 10:09:49.755,424.4030038190442,15
2024-09-20 10:09:49.756,424.3652435358513,97
2024-09-20 10:09:49.764,424.3704921007947,98
2024-09-20 10:09:49.787,424.3834780207848,998
2024-09-20 10:09:49.884,424.3979818948176,1001
2024-09-20 10:09:49.888,424.4149908718793,999
2024-09-20 10:09:49.895,424.414075793976,11
2024-09-20 10:09:49.935,424.37263471387473,95
2024-09-20 10:09:49.964,424.4087238072926,96
2024-09-20 10:09:49.995,424.3811669021741,99
2024-09-20 10:09:50.513,424.4036260150036,98
2024-09-20 10:09:50.737,424.4195990262031,6
2024-09-20 10:09:51.103,424.4235766013177,996
2024-09-20 10:09:51.134,424.4240239011321,5
2024-09-20 10:09:51.141,424.4455622115647,102
2024-09-20 10:09:51.216,424.4167114010804,95
2024-09-20 10:09:51.303,424.4037686682315,1002
2024-09-20 10:09:51.318,-424.4086225946061,6
2024-09-20 10:09:51.319,424.3861399820868,1002
2024-09-20 10:09:51.388,424.4470044083611,99
2024-09-20 10:09:51.432,424.410115890283,8
2024-09-20 10:09:51.553,424.4130310336254,1002
2024-09-20 10:09:51.558,424.47290119294826,103
2024-09-20 10:09:51.561,424.4660745346505,95
2024-09-20 10:09:51.567,424.4269613096087,96
2024-09-20 10:09:51.677,424.4200193212124,10
2024-09-20 10:09:51.709,424.4096980130297,12
2024-09-20 10:09:51.738,424.4606502955379,1000
2024-09-20 10:09:51.802,424.4619851560631,1005
2024-09-20 10:09:51.847,424.4278680790823,1005
2024-09-20 10:09:51.872,424.41208585882015,999
2024-09-20 10:09:51.883,424.377146004693,1001
2024-09-20 10:09:51.895,424.4259552515217,101
2024-09-20 10:09:51.945,424.431380618898,1003
2024-09-20 10:09:51.957,424.43448113802367,995
2024-09-20 10:09:51.998,424.4061063804017,105
2024-09-20 10:09:52.009,424.417147991713,103
2024-09-20 10:09:52.076,424.3708104583202,104
2024-09-20 10:09:52.083,424.4013826543218,1000
2024-09-20 10:09:52.154,424.3808107294954,10
2024-09-20 10:09:52.186,424.38330862594944,10
2024-09-20 10:09:52.216,424.3895994523649,1002
2024-09-20 10:09:52.289,424.374113830182,105
2024-09-20 10:09:52.326,424.37500187238834,1004
2024-09-20 10:09:52.350,424.4635036869188,13
2024-09-20 10:09:52.398,424.4359559347407,11
2024-09-20 10:09:52.465,424.4213727915031,105
2024-09-20 10:09:52.485,424.3907408855261,1002
2024-09-20 10:09:52.523,42.44287512786207,7
2024-09-20 10:09:52.551,424.3837558187096,9
2024-09-20 10:09:52.569,424.4177553117786,13
2024-09-20 10:09:52.631,424.3722350130532,101
2024-09-20 10:09:52.642,424.4558300709903,104
2024-09-20 10:09:52.675,424.3935664467667,97
2024-09-20 10:09:52.690,424.418932904253,997
2024-09-20 10:09:52.697,424.46086075429656,12
2024-09-20 10:09:52.766,424.4371210237668,1004
2024-09-20 10:09:52.797,424.4529306709601,998
2024-09-20 10:09:52.884,424.40855763984825,103
2024-09-20 10:09:52.987,424.4284243500168,102
2024-09-20 10:09:53.038,424.3610591205018,1004
2024-09-20 10:09:53.063,424.35874611076576,96
2024-09-20 10:09:53.066,424.3435188746626,5
2024-09-20 10:09:53.147,424.4758797682625,1001
2024-09-20 10:09:53.148,424.3621456982588,13
2024-09-20 10:09:53.152,424.3601572152903,1005
2024-09-20 10:09:53.173,424.4507898885613,6
2024-09-20 10:09:53.237,424.3601024499139,1004
2024-09-20 10:09:53.240,424.4327553611502,995
2024-09-20 10:09:53.257,424.3812561270267,105
2024-09-20 10:09:53.266,424.355387908228,997
2024-09-20 10:09:53.275,424.417126508378,102
2024-09-20 10:09:53.286,,101
2024-09-20 10:09:53.350,424.42183415056047,15
2024-09-20 10:09:53.360,424.39716241904034,1000
2024-09-20 10:09:53.406,424.362073363326,12
2024-09-20 10:09:53.450,424.3658851833901,99
2024-09-20 10:09:53.455,424.4588188464759,998
2024-09-20 10:09:53.471,424.3483652950308,95
2024-09-20 10:09:53.507,424.47517319543937,15
2024-09-20 10:09:53.567,424.3572228838694,6
2024-09-20 10:09:53.570,424.3872157643196,12
2024-09-20 10:09:53.768,424.46527559188536,102
2024-09-20 10:09:53.783,424.3528179954511,102
2024-09-20 10:09:53.820,424.3668719961677,999
2024-09-20 10:09:53.911,424.38793852330497,12
2024-09-20 10:09:53.947,424.3556456796375,1003
2024-09-20 10:09:53.991,424.37335246291445,1004
2024-09-20 10:09:53.996,424.4018560345042,5
2024-09-20 10:09:54.608,424.4617943350417,98
2024-09-20 10:09:55.024,424.4661766487855,102
2024-09-20 10:09:55.061,424.4922834318137,1004
2024-09-20 10:09:55.073,424.4759805103535,996
2024-09-20 10:09:55.106,424.4302041709899,999
2024-09-20 10:09:55.159,424.4149464802792,995
2024-09-20 10:09:55.159,424.46952844934896,12
2024-09-20 10:09:55.176,424.4176308465698,6
2024-09-20 10:09:55.245,424.4520112736161,101
2024-09-20 10:09:55.283,424.4909975269408,14
2024-09-20 10:09:55.400,424.4688488832384,7
2024-09-20 10:09:55.570,424.4541014616646,1000
2024-09-20 10:09:55.587,424.4988561710478,996
2024-09-20 10:09:55.588,424.4235116561601,8
2024-09-20 10:09:55.731,424.4574615371094,1001
2024-09-20 10:09:55.787,424.4620070542438,1000
2024-09-20 10:09:55.898,424.43360788183855,12
2024-09-20 10:09:55.972,424.473444164058,1004
2024-09-20 10:09:56.581,424.4542666512665,100
2024-09-20 10:09:56.661,424.440422237848,1003
2024-09-20 10:09:56.910,424.4403534437904,6
2024-09-20 10:09:57.197,424.44558330372826,1003
2024-09-20 10:09:57.593,424.4535810767238,100
2024-09-20 10:09:57.728,424.471601762485,997
2024-09-20 10:09:57.984,424.46146293008616,1002
2024-09-20 10:09:58.422,424.4545568187458,5
2024-09-20 10:09:59.003,424.3637864215376,103
2024-09-20 10:09:59.015,424.4400891807256,95
2024-09-20 10:09:59.105,424.3902046959483,12
2024-09-20 10:09:59.264,424.4504571197611,97
2024-09-20 10:09:59.335,424.36478340055,1005
2024-09-20 10:09:59.343,424.3692022007201,11
2024-09-20 10:09:59.430,424.3701536034908,98
2024-09-20 10:09:59.432,424.3800690182647,105
2024-09-20 10:09:59.443,424.3853553950264,13
2024-09-20 10:09:59.533,424.3818990622394,996
2024-09-20 10:09:59.689,424.3908517789474,6
2024-09-20 10:09:59.710,424.368932598411,13
2024-09-20 10:09:59.711,424.3860729500768,998
2024-09-20 10:09:59.711,424.40760780179966,997
2024-09-20 10:09:59.885,424.3676012117419,96
