Timestamp,Price,Size
2024-09-17 15:54:00.121,407.5253347770187,97
2024-09-17 15:54:00.192,407.5089662051576,1004
2024-09-17 15:54:00.289,407.5350933882656,1003
2024-09-17 15:54:00.555,407.5143848849904,1004
2024-09-17 15:54:00.664,407.503990330864,95
2024-09-17 15:54:00.689,407.52338168767216,1000
2024-09-17 15:54:00.911,407.4928718869078,9
2024-09-17 15:54:01.047,407.5335968428663,999
2024-09-17 15:54:01.053,407.4840759998099,1004
2024-09-17 15:54:01.072,407.5090290826533,104
2024-09-17 15:54:01.269,407.5176477894042,1005
2024-09-17 15:54:01.354,407.5418308833847,104
2024-09-17 15:54:01.482,407.50135095195134,1003
2024-09-17 15:54:01.504,407.5500938464851,1002
2024-09-17 15:54:01.528,407.5604910616111,999
2024-09-17 15:54:01.533,407.4917394246698,13
2024-09-17 15:54:01.554,407.5800983023132,1005
2024-09-17 15:54:01.555,407.5417825941403,999
2024-09-17 15:54:01.625,407.519966003897,10
2024-09-17 15:54:01.837,407.5695101768525,9
2024-09-17 15:54:01.849,407.497010960764,99
2024-09-17 15:54:01.858,407.5241990482886,7
2024-09-17 15:54:01.900,407.5468835092285,13
2024-09-17 15:54:01.974,407.4862350707436,105
2024-09-17 15:54:02.536,407.5793034599076,13
2024-09-17 15:54:02.598,407.5900162840427,96
2024-09-17 15:54:02.711,407.5818817282484,13
2024-09-17 15:54:02.771,407.5825357521222,9
2024-09-17 15:54:02.836,407.5808401456329,10
2024-09-17 15:54:03.071,407.6450511717811,13
2024-09-17 15:54:03.076,407.5675319469911,99
2024-09-17 15:54:03.165,407.58472024153696,1001
2024-09-17 15:54:03.225,407.6438615010062,998
2024-09-17 15:54:03.386,407.6527423710903,14
2024-09-17 15:54:03.390,407.5755012749402,14
2024-09-17 15:54:03.431,407.5787406382911,8
2024-09-17 15:54:03.461,40.763054284564056,95
2024-09-17 15:54:03.503,407.5914833538704,96
2024-09-17 15:54:03.513,407.6396327183606,14
2024-09-17 15:54:03.537,407.6408488204078,15
2024-09-17 15:54:03.711,407.6525924886348,15
2024-09-17 15:54:03.733,407.62545581890777,996
2024-09-17 15:54:03.777,407.6081303802022,1004
2024-09-17 15:54:03.842,407.6320174273205,8
2024-09-17 15:54:03.889,407.6585424633129,101
2024-09-17 15:54:04.036,407.72329334727857,12
2024-09-17 15:54:04.145,407.65188706331446,998
2024-09-17 15:54:04.190,407.7049524380868,6
2024-09-17 15:54:04.245,407.71732197999074,14
2024-09-17 15:54:04.262,407.6684363815265,14
2024-09-17 15:54:04.265,407.6771935764468,1000
2024-09-17 15:54:04.291,407.7083636391161,999
2024-09-17 15:54:04.303,407.6561249821163,102
2024-09-17 15:54:04.324,407.67725594353374,1004
2024-09-17 15:54:04.358,407.65426728644906,15
2024-09-17 15:54:04.363,407.6612964310282,995
2024-09-17 15:54:04.416,40.76675249597229,96
2024-09-17 15:54:04.621,407.6461370855764,104
2024-09-17 15:54:04.661,407.6911330987421,12
2024-09-17 15:54:04.692,407.7167456309904,98
2024-09-17 15:54:04.693,407.67797035586926,1001
2024-09-17 15:54:04.704,407.6450072964949,1000
2024-09-17 15:54:04.755,407.7275047650444,999
2024-09-17 15:54:04.929,407.6617184646326,15
2024-09-17 15:54:04.961,407.6477126141921,105
2024-09-17 15:54:04.976,407.6527716105623,997
2024-09-17 15:54:05.387,407.6755097060221,995
2024-09-17 15:54:05.746,407.6872672526379,10
2024-09-17 15:54:05.997,407.6687855872364,5
2024-09-17 15:54:06.017,407.6793870939519,995
2024-09-17 15:54:06.042,407.6783162883309,1005
2024-09-17 15:54:06.117,407.6740988379207,5
2024-09-17 15:54:06.117,407.61112063215415,12
2024-09-17 15:54:06.127,40.76778159368559,14
2024-09-17 15:54:06.152,407.67999714863566,9
2024-09-17 15:54:06.186,407.6756828723912,1000
2024-09-17 15:54:06.264,,7
2024-09-17 15:54:06.330,407.6048053786826,995
2024-09-17 15:54:06.369,407.6131328989694,7
2024-09-17 15:54:06.462,407.6225920203556,5
2024-09-17 15:54:06.626,407.6823772016856,996
2024-09-17 15:54:06.659,407.6640328798796,1002
2024-09-17 15:54:06.669,407.6785968707754,6
2024-09-17 15:54:06.717,407.68236531596926,10
2024-09-17 15:54:06.748,407.6885443354847,1005
2024-09-17 15:54:06.806,407.6857924332012,997
2024-09-17 15:54:06.812,407.6484580054895,97
2024-09-17 15:54:06.928,407.68831643908686,1002
2024-09-17 15:54:06.953,407.681317210612,999
2024-09-17 15:54:07.022,407.628469210554,13
2024-09-17 15:54:07.049,407.6140861502964,1005
2024-09-17 15:54:07.081,407.66974635395,97
2024-09-17 15:54:07.112,407.6802626178608,102
2024-09-17 15:54:07.115,407.67823158996896,9
2024-09-17 15:54:07.121,407.6836766415885,1001
2024-09-17 15:54:07.196,407.6424459271165,997
2024-09-17 15:54:07.334,407.65430911416775,998
2024-09-17 15:54:07.399,407.6122665007025,7
2024-09-17 15:54:07.520,407.6536135097916,997
2024-09-17 15:54:07.571,407.6795091014189,1001
2024-09-17 15:54:07.585,407.653036570209,13
2024-09-17 15:54:07.749,407.6417485357775,1002
2024-09-17 15:54:07.872,407.6476101783544,100
2024-09-17 15:54:08.000,407.6471984977263,102
2024-09-17 15:54:08.174,407.6381234523952,8
2024-09-17 15:54:08.341,407.6401430282005,104
2024-09-17 15:54:08.511,40.76506499899224,98
2024-09-17 15:54:08.524,407.68444426395627,1005
2024-09-17 15:54:08.666,407.6371979238916,104
2024-09-17 15:54:08.897,407.67044725768784,1003
2024-09-17 15:54:08.904,407.6316414469068,99
2024-09-17 15:54:08.964,407.6266439695174,999
2024-09-17 15:54:09.032,407.6471420726013,7
2024-09-17 15:54:09.035,407.6199645480584,1000
2024-09-17 15:54:09.095,407.620171808994,7
2024-09-17 15:54:09.171,407.6135264945452,997
2024-09-17 15:54:09.239,407.6209300878021,999
2024-09-17 15:54:09.370,407.6125991950158,10
2024-09-17 15:54:09.387,407.6297645291395,999
2024-09-17 15:54:09.394,407.6092588126775,104
2024-09-17 15:54:09.395,407.619987005689,998
2024-09-17 15:54:09.433,407.60830999124425,997
2024-09-17 15:54:09.499,407.6242070936513,999
2024-09-17 15:54:09.538,407.6207350612898,5
2024-09-17 15:54:09.635,407.61077392786615,103
2024-09-17 15:54:09.646,407.6150986326304,101
2024-09-17 15:54:09.739,407.6251044253725,100
2024-09-17 15:54:09.743,407.63934812616566,999
2024-09-17 15:54:09.752,407.6200763353454,12
2024-09-17 15:54:09.784,407.6263061664373,996
2024-09-17 15:54:09.818,407.6371410708656,1004
2024-09-17 15:54:09.922,407.60547580788045,15
2024-09-17 15:54:09.948,407.6100646676138,104
2024-09-17 15:54:09.952,407.60197458095024,999
2024-09-17 15:54:10.087,407.6921965148483,105
2024-09-17 15:54:10.123,407.6948895230104,99
2024-09-17 15:54:10.196,407.6554730501921,997
2024-09-17 15:54:10.224,407.6732680520633,98
2024-09-17 15:54:10.309,407.6388184849032,8
2024-09-17 15:54:10.595,407.6379255633787,6
2024-09-17 15:54:10.718,407.66242454817785,104
2024-09-17 15:54:10.738,407.6861839241281,105
2024-09-17 15:54:10.789,407.63684124850624,99
2024-09-17 15:54:10.818,407.63195033440695,5
2024-09-17 15:54:10.872,407.6356082093839,102
2024-09-17 15:54:11.158,407.70025588156193,13
2024-09-17 15:54:11.173,407.7123218795645,105
2024-09-17 15:54:11.247,407.7205994604699,101
2024-09-17 15:54:11.388,407.6997936271071,1004
2024-09-17 15:54:11.402,407.71031145846814,1003
2024-09-17 15:54:11.416,407.70805075384914,97
2024-09-17 15:54:11.467,407.7127912215499,10
2024-09-17 15:54:11.503,407.7112170601575,11
2024-09-17 15:54:11.540,407.69316956881886,98
2024-09-17 15:54:11.545,407.68977749337273,8
2024-09-17 15:54:11.554,407.6932064744995,11
2024-09-17 15:54:11.592,407.6985951224016,6
2024-09-17 15:54:11.606,407.70486557950846,995
2024-09-17 15:54:11.645,407.6856810770922,13
2024-09-17 15:54:11.650,407.7183462359428,999
2024-09-17 15:54:11.678,415.0721035208656,105
2024-09-17 15:54:11.696,407.6914704065332,99
2024-09-17 15:54:11.853,407.7128090749408,996
2024-09-17 15:54:11.854,407.6850322391184,9
2024-09-17 15:54:11.855,407.6806259184784,11
2024-09-17 15:54:11.977,407.671846525939,102
2024-09-17 15:54:11.980,407.7061723104831,5
2024-09-17 15:54:12.390,415.0763168086498,9
2024-09-17 15:54:13.000,407.7191018640588,1003
2024-09-17 15:54:13.001,407.7366681682046,995
2024-09-17 15:54:13.003,407.7272107972535,101
2024-09-17 15:54:13.020,407.73278974114737,5
2024-09-17 15:54:13.043,407.7417073981201,102
2024-09-17 15:54:13.095,407.7284766768649,14
2024-09-17 15:54:13.220,407.71213948462304,10
2024-09-17 15:54:13.286,407.7687148239987,1004
2024-09-17 15:54:13.360,407.75514650221646,6
2024-09-17 15:54:13.374,407.75039310633935,105
2024-09-17 15:54:13.377,407.7030045032243,9
2024-09-17 15:54:13.387,407.73523168550577,104
2024-09-17 15:54:13.392,407.73812576482186,104
2024-09-17 15:54:13.398,407.7081387861348,8
2024-09-17 15:54:13.417,407.7265999242472,15
2024-09-17 15:54:13.518,407.7169499485975,105
2024-09-17 15:54:13.522,407.7193016895376,6
2024-09-17 15:54:13.568,407.719377045352,1001
2024-09-17 15:54:13.714,407.7266952894375,1004
2024-09-17 15:54:13.810,407.7290972807005,997
2024-09-17 15:54:13.813,407.734650759044,995
2024-09-17 15:54:13.813,407.7038756564159,95
2024-09-17 15:54:13.829,407.71957308149007,13
2024-09-17 15:54:13.895,407.7321356695208,1002
2024-09-17 15:54:14.005,407.7221968882421,99
2024-09-17 15:54:14.081,407.7266580913917,104
2024-09-17 15:54:14.114,407.7237824246441,99
2024-09-17 15:54:14.195,407.7061213255794,14
2024-09-17 15:54:14.214,407.7367140110143,999
2024-09-17 15:54:14.273,407.72937136819496,7
2024-09-17 15:54:14.290,415.0038314380675,14
2024-09-17 15:54:14.355,407.7236525953727,98
2024-09-17 15:54:14.404,407.7375483475064,11
2024-09-17 15:54:14.451,407.75786545178977,1002
2024-09-17 15:54:14.581,407.694877313074,103
2024-09-17 15:54:14.619,407.7251652848837,1004
2024-09-17 15:54:14.650,407.7239279031261,5
2024-09-17 15:54:14.660,407.7578819267243,97
2024-09-17 15:54:14.675,407.7550779335343,11
2024-09-17 15:54:14.701,407.7495107973777,104
2024-09-17 15:54:14.710,407.7520524797527,102
2024-09-17 15:54:14.714,407.705353225266,105
2024-09-17 15:54:14.726,407.74367875815136,7
2024-09-17 15:54:14.811,407.7189166728626,13
2024-09-17 15:54:14.883,407.7148532112866,97
2024-09-17 15:54:14.942,407.7008734128464,1001
2024-09-17 15:54:15.075,407.7008859313263,995
2024-09-17 15:54:15.130,407.7103544490637,1001
2024-09-17 15:54:15.140,407.72883870519246,96
2024-09-17 15:54:15.141,407.7436161463356,1005
2024-09-17 15:54:15.149,407.69978461092944,97
2024-09-17 15:54:15.318,407.6940211539416,100
2024-09-17 15:54:15.328,407.73963365399686,95
2024-09-17 15:54:15.358,407.7255207468827,12
2024-09-17 15:54:15.367,407.7039790196139,1000
2024-09-17 15:54:15.371,407.7184807112381,997
2024-09-17 15:54:15.409,407.7290690005408,101
2024-09-17 15:54:15.437,407.7077323958883,98
2024-09-17 15:54:15.439,407.7373480092464,104
2024-09-17 15:54:15.487,407.69483962512953,1002
2024-09-17 15:54:15.532,407.7204875753445,997
2024-09-17 15:54:15.586,407.7032582051038,1002
2024-09-17 15:54:15.650,407.70730943497045,996
2024-09-17 15:54:15.663,407.7285604089303,5
2024-09-17 15:54:15.717,407.71203859604185,14
2024-09-17 15:54:15.738,407.7359662236751,1005
2024-09-17 15:54:15.949,407.71537266441845,997
2024-09-17 15:54:16.004,407.73267923514976,95
2024-09-17 15:54:16.023,407.7279329524695,101
2024-09-17 15:54:16.088,407.734122228725,97
2024-09-17 15:54:16.201,407.7258832001724,103
2024-09-17 15:54:16.254,407.7373474173874,101
2024-09-17 15:54:16.722,407.73932818042937,996
2024-09-17 15:54:16.728,407.7393830993357,6
2024-09-17 15:54:16.780,407.73133970041647,100
2024-09-17 15:54:17.073,407.7353205985312,14
2024-09-17 15:54:17.074,407.7413688100252,14
2024-09-17 15:54:17.081,407.7702966866906,1004
2024-09-17 15:54:17.124,407.7615421842211,1004
2024-09-17 15:54:17.150,407.7298441807234,1001
2024-09-17 15:54:17.241,407.7195674221101,103
2024-09-17 15:54:17.255,407.77394712118274,998
2024-09-17 15:54:17.260,407.7728866021464,99
2024-09-17 15:54:17.300,407.7788943601357,5
2024-09-17 15:54:17.396,407.7696865351186,1001
2024-09-17 15:54:17.430,407.69108519656015,1004
2024-09-17 15:54:17.478,407.7768336773499,12
2024-09-17 15:54:17.490,407.7547718123792,996
2024-09-17 15:54:17.521,407.770733418688,998
2024-09-17 15:54:17.574,407.7575047184729,11
2024-09-17 15:54:17.606,407.7675489107727,995
2024-09-17 15:54:17.686,407.77280104904446,6
2024-09-17 15:54:17.757,407.76756384635166,101
2024-09-17 15:54:17.785,407.7722231949497,10
2024-09-17 15:54:17.815,407.74226557875176,1000
2024-09-17 15:54:17.826,407.7033509340087,1005
2024-09-17 15:54:17.864,407.7775100629491,6
2024-09-17 15:54:17.889,407.7578095233258,11
2024-09-17 15:54:17.890,407.7825859405315,13
2024-09-17 15:54:17.948,407.7805721656069,13
2024-09-17 15:54:18.005,407.6825840281799,999
2024-09-17 15:54:18.018,407.7158504140975,100
2024-09-17 15:54:18.098,407.6919580080594,6
2024-09-17 15:54:18.099,407.7100963135381,101
2024-09-17 15:54:18.100,407.69374118115536,95
2024-09-17 15:54:18.101,407.69327482494526,10
2024-09-17 15:54:18.208,407.7293115255939,95
2024-09-17 15:54:18.277,407.7182437122976,104
2024-09-17 15:54:18.340,407.67463535657697,12
2024-09-17 15:54:18.372,407.7192450338067,7
2024-09-17 15:54:18.372,407.7027630348059,8
2024-09-17 15:54:18.402,407.68585590982633,101
2024-09-17 15:54:18.403,407.7152819998008,12
2024-09-17 15:54:18.433,407.6871223085666,101
2024-09-17 15:54:18.489,407.7058467878878,998
2024-09-17 15:54:18.546,407.6896343025707,98
2024-09-17 15:54:18.588,407.7109919445358,15
2024-09-17 15:54:18.627,407.7054814180425,1001
2024-09-17 15:54:18.697,407.71169037415166,8
2024-09-17 15:54:18.704,407.6842885334218,8
2024-09-17 15:54:18.716,407.6942596426453,996
2024-09-17 15:54:18.718,407.72094756903056,97
2024-09-17 15:54:18.736,407.7035055070636,998
2024-09-17 15:54:18.899,407.6976581347164,997
2024-09-17 15:54:18.964,407.6911640868319,95
2024-09-17 15:54:19.199,415.0347330234205,104
2024-09-17 15:54:19.215,415.0143145880231,5
2024-09-17 15:54:19.307,407.687909949121,8
2024-09-17 15:54:19.416,415.026456091447,15
2024-09-17 15:54:19.477,407.6976782530059,5
2024-09-17 15:54:19.538,407.6978770741391,997
2024-09-17 15:54:19.960,407.6958379401687,100
2024-09-17 15:54:20.031,407.74065272390857,996
2024-09-17 15:54:20.129,407.7423484837744,11
2024-09-17 15:54:20.398,407.71405974272005,102
2024-09-17 15:54:20.456,407.7151756324524,102
2024-09-17 15:54:20.557,407.71409559636936,100
2024-09-17 15:54:20.829,407.6696006898289,10
2024-09-17 15:54:20.832,407.7282354207598,1005
2024-09-17 15:54:20.850,407.69482881712,8
2024-09-17 15:54:20.877,407.689472948314,95
2024-09-17 15:54:20.908,407.7511521287154,998
2024-09-17 15:54:21.089,407.81496473458856,1003
2024-09-17 15:54:21.221,407.75643248195047,103
2024-09-17 15:54:21.231,407.7921490920909,1000
2024-09-17 15:54:21.268,407.7806413406428,99
2024-09-17 15:54:21.277,407.7807545620708,1001
2024-09-17 15:54:21.291,407.7380675667186,1001
2024-09-17 15:54:21.295,,103
2024-09-17 15:54:21.297,407.8003401165095,998
2024-09-17 15:54:21.315,407.8037454375377,6
2024-09-17 15:54:21.321,407.8204855484743,100
2024-09-17 15:54:21.386,,103
2024-09-17 15:54:21.397,407.7878200484938,105
2024-09-17 15:54:21.497,407.82541312248895,999
2024-09-17 15:54:21.628,40.77577350621738,97
2024-09-17 15:54:21.630,407.7947112357097,14
2024-09-17 15:54:21.728,407.77526595843705,8
2024-09-17 15:54:21.728,407.78341371128704,11
2024-09-17 15:54:21.755,407.7795539134667,7
2024-09-17 15:54:21.755,407.8287263519656,9
2024-09-17 15:54:21.759,407.8173035541062,996
2024-09-17 15:54:21.770,407.7987464838535,15
2024-09-17 15:54:21.807,407.7589317444837,998
2024-09-17 15:54:21.824,407.7656539447973,96
2024-09-17 15:54:21.928,407.8071090946987,14
2024-09-17 15:54:21.945,407.7976244231625,1000
2024-09-17 15:54:21.960,407.8118846369728,104
2024-09-17 15:54:21.965,407.8301245923402,999
2024-09-17 15:54:21.980,407.8015400376251,14
2024-09-17 15:54:21.984,407.7703942264896,98
2024-09-17 15:54:21.996,407.773770943583,11
2024-09-17 15:54:22.024,407.8346139466489,6
2024-09-17 15:54:22.127,407.8443679529153,104
2024-09-17 15:54:22.151,407.7871221575784,1001
2024-09-17 15:54:22.192,407.84237648361056,1003
2024-09-17 15:54:22.260,407.7801788883454,1001
2024-09-17 15:54:22.268,407.79271320891314,95
2024-09-17 15:54:22.284,407.7795377449178,100
2024-09-17 15:54:22.322,407.8150632666942,999
2024-09-17 15:54:22.334,407.7821960716176,103
2024-09-17 15:54:22.429,407.8109387727994,5
2024-09-17 15:54:22.566,407.8345508593191,100
2024-09-17 15:54:22.568,407.7973197547686,1000
2024-09-17 15:54:22.607,407.8361959875192,5
2024-09-17 15:54:22.765,407.84112180683496,96
2024-09-17 15:54:22.803,407.8172163125715,7
2024-09-17 15:54:22.837,407.83310268199295,102
2024-09-17 15:54:22.844,407.815951585217,12
2024-09-17 15:54:22.872,407.7893790904772,999
2024-09-17 15:54:22.884,407.8252429016493,96
2024-09-17 15:54:22.961,407.7774820764984,15
2024-09-17 15:54:23.009,407.8501704375815,104
2024-09-17 15:54:23.038,407.8191682341121,1005
2024-09-17 15:54:23.073,407.7858253040334,1005
2024-09-17 15:54:23.100,407.8372312419244,101
2024-09-17 15:54:23.113,407.8156107589442,1004
2024-09-17 15:54:23.134,407.8127569079054,13
2024-09-17 15:54:23.160,407.8363528473138,103
2024-09-17 15:54:23.197,407.8356005169075,95
2024-09-17 15:54:23.298,407.7792319144317,1002
2024-09-17 15:54:23.407,407.83744129104304,1005
2024-09-17 15:54:23.435,407.8320235112213,15
2024-09-17 15:54:23.455,407.8453090959717,97
2024-09-17 15:54:23.474,407.8368096915113,10
2024-09-17 15:54:23.523,407.78953582606914,14
2024-09-17 15:54:23.609,407.8318960184857,15
2024-09-17 15:54:23.700,407.7782493613377,96
2024-09-17 15:54:23.725,407.846095136497,15
2024-09-17 15:54:23.738,407.86371149605134,7
2024-09-17 15:54:23.848,407.7977112805752,10
2024-09-17 15:54:23.909,407.826013344079,1001
2024-09-17 15:54:24.004,407.79222770578286,101
2024-09-17 15:54:24.059,407.7798534266743,103
2024-09-17 15:54:24.078,407.8542349277572,10
2024-09-17 15:54:24.191,407.8022789299129,11
2024-09-17 15:54:24.208,407.8490655998398,11
2024-09-17 15:54:24.266,407.8579500601755,997
2024-09-17 15:54:24.280,407.818180091678,1000
2024-09-17 15:54:24.323,407.7898925976626,102
2024-09-17 15:54:24.348,407.8533288450529,9
2024-09-17 15:54:24.407,407.8575119486159,1001
2024-09-17 15:54:24.469,407.7812207262271,1000
2024-09-17 15:54:24.478,407.8478632865604,13
2024-09-17 15:54:24.594,407.85987253351857,11
2024-09-17 15:54:24.636,407.8081583309493,98
2024-09-17 15:54:24.648,407.8673815668573,1005
2024-09-17 15:54:24.662,407.7906534130054,11
2024-09-17 15:54:24.694,407.7997257963281,6
2024-09-17 15:54:24.773,407.8303422510466,103
2024-09-17 15:54:24.777,407.82240535670223,998
2024-09-17 15:54:24.783,407.8507783301838,1001
2024-09-17 15:54:24.789,407.8209484736613,101
2024-09-17 15:54:24.799,407.84325447474566,1000
2024-09-17 15:54:25.004,407.847329106957,6
2024-09-17 15:54:25.110,407.8649690408678,5
2024-09-17 15:54:25.200,407.8529753939844,11
2024-09-17 15:54:25.222,407.813137505414,1001
2024-09-17 15:54:25.255,407.8589378350503,7
2024-09-17 15:54:25.262,407.8671285374714,1003
2024-09-17 15:54:25.268,407.8114395616244,98
2024-09-17 15:54:25.340,407.83955344159546,100
2024-09-17 15:54:25.462,407.82635801501294,8
2024-09-17 15:54:25.469,407.8521115015964,14
2024-09-17 15:54:25.522,407.861055289731,15
2024-09-17 15:54:25.529,407.8658586855894,1000
2024-09-17 15:54:25.534,407.8589612338,6
2024-09-17 15:54:25.558,407.8697092151308,15
2024-09-17 15:54:25.581,407.8605849314316,96
2024-09-17 15:54:25.650,407.86552924729904,11
2024-09-17 15:54:25.698,407.84739702520335,102
2024-09-17 15:54:25.715,407.8592091796102,100
2024-09-17 15:54:25.719,407.8514117824223,9
2024-09-17 15:54:25.807,407.8499320372088,997
2024-09-17 15:54:25.916,407.8645480808143,98
2024-09-17 15:54:25.924,407.849913685537,99
2024-09-17 15:54:25.966,407.8586597460752,10
2024-09-17 15:54:25.991,407.85932836269257,105
2024-09-17 15:54:26.003,407.8642059387748,997
2024-09-17 15:54:26.017,407.881198086049,997
2024-09-17 15:54:26.019,407.87004006126216,12
2024-09-17 15:54:26.131,407.82257116634617,1005
2024-09-17 15:54:26.166,407.8485738286199,1002
2024-09-17 15:54:26.317,407.8585905527852,1004
2024-09-17 15:54:26.329,407.8256966501767,12
2024-09-17 15:54:26.333,407.8201944358045,12
2024-09-17 15:54:26.362,407.8699587626172,12
2024-09-17 15:54:26.405,407.84355137646816,13
2024-09-17 15:54:26.564,407.8728391553828,97
2024-09-17 15:54:26.649,407.8476281523621,99
2024-09-17 15:54:26.652,407.87213573498855,99
2024-09-17 15:54:26.653,,998
2024-09-17 15:54:26.715,407.828019721783,105
2024-09-17 15:54:26.825,407.82567376666697,96
2024-09-17 15:54:26.831,407.8126941061565,102
2024-09-17 15:54:26.836,407.8286779643335,99
2024-09-17 15:54:26.897,407.8393987425439,104
2024-09-17 15:54:26.999,407.8292771912234,9
2024-09-17 15:54:27.018,407.888551854675,13
2024-09-17 15:54:27.036,407.87705257670456,96
2024-09-17 15:54:27.183,407.8623740114904,15
2024-09-17 15:54:27.250,407.88479821944094,1002
2024-09-17 15:54:27.264,407.90268210507736,6
2024-09-17 15:54:27.305,407.90064650312206,13
2024-09-17 15:54:27.316,407.9118586006,14
2024-09-17 15:54:27.457,407.87262092260784,1002
2024-09-17 15:54:27.478,407.894853721029,13
2024-09-17 15:54:27.544,407.87331283782527,105
2024-09-17 15:54:27.563,407.878642904027,1003
2024-09-17 15:54:27.579,407.9117210605057,100
2024-09-17 15:54:27.581,407.9028402096746,97
2024-09-17 15:54:27.628,407.90100711911913,95
2024-09-17 15:54:27.698,407.9026222429756,13
2024-09-17 15:54:27.721,407.9176577739794,101
2024-09-17 15:54:27.784,407.8912616998544,103
2024-09-17 15:54:27.787,407.8909433282553,98
2024-09-17 15:54:27.819,407.88850351283867,10
2024-09-17 15:54:27.824,407.8870138018858,13
2024-09-17 15:54:28.179,407.88993415616426,97
2024-09-17 15:54:28.412,407.886039822714,7
2024-09-17 15:54:28.637,407.881005725514,95
2024-09-17 15:54:29.007,407.8989368345077,100
2024-09-17 15:54:29.063,407.9031214470244,97
2024-09-17 15:54:29.189,407.8927782576444,9
2024-09-17 15:54:29.267,407.9353435866695,999
2024-09-17 15:54:29.285,407.91740301051385,102
2024-09-17 15:54:29.391,40.791218647154366,9
2024-09-17 15:54:29.400,407.9213917478602,101
2024-09-17 15:54:29.404,407.9142680072586,97
2024-09-17 15:54:29.478,407.8986747493182,10
2024-09-17 15:54:29.596,407.9002168887547,995
2024-09-17 15:54:29.618,407.8891143511019,95
2024-09-17 15:54:29.681,407.9335441162149,13
2024-09-17 15:54:29.695,407.90509758921377,10
2024-09-17 15:54:29.748,407.9291904821089,105
2024-09-17 15:54:29.754,407.8959267184492,104
2024-09-17 15:54:29.783,407.9168493455112,997
2024-09-17 15:54:29.822,407.9323729335569,999
2024-09-17 15:54:29.840,407.90757412299126,1001
2024-09-17 15:54:29.841,407.8792974499221,997
2024-09-17 15:54:29.852,407.928976082377,995
2024-09-17 15:54:29.875,407.91894592574783,997
2024-09-17 15:54:29.885,407.90330240964687,105
2024-09-17 15:54:29.935,407.8940108230401,101
2024-09-17 15:54:29.959,407.9268048501284,5
2024-09-17 15:54:29.960,407.8877308671409,95
2024-09-17 15:54:30.023,407.8418220542104,15
2024-09-17 15:54:30.064,407.86730631272087,999
2024-09-17 15:54:30.173,407.9107542677005,101
2024-09-17 15:54:30.257,407.86876115019794,9
2024-09-17 15:54:30.378,407.9032175112945,100
2024-09-17 15:54:30.441,407.8754084937543,1001
2024-09-17 15:54:30.445,407.900144024045,102
2024-09-17 15:54:30.447,407.88443929728174,10
2024-09-17 15:54:30.456,407.8652228714813,8
2024-09-17 15:54:30.488,407.8922675089395,6
2024-09-17 15:54:30.489,407.8790135513762,101
2024-09-17 15:54:30.675,407.9028209698277,997
2024-09-17 15:54:30.700,407.8968363447289,98
2024-09-17 15:54:30.703,407.8979576665904,103
2024-09-17 15:54:30.796,407.9150681767412,1002
2024-09-17 15:54:30.882,407.8785062567202,6
2024-09-17 15:54:30.899,407.87970260718055,101
2024-09-17 15:54:30.922,407.8891842638326,98
2024-09-17 15:54:30.952,407.8685355160919,1002
2024-09-17 15:54:31.087,407.8973990209065,99
2024-09-17 15:54:31.151,407.8931104309179,8
2024-09-17 15:54:31.250,407.85238602399903,1005
2024-09-17 15:54:31.282,407.8520323361034,12
2024-09-17 15:54:31.377,407.9118737254775,995
2024-09-17 15:54:31.454,407.8584443082656,97
2024-09-17 15:54:31.477,407.88127669056746,100
2024-09-17 15:54:31.539,407.8657543151127,1003
2024-09-17 15:54:31.732,407.8774811038928,10
2024-09-17 15:54:31.786,407.9047653548293,13
2024-09-17 15:54:31.831,407.8496847703269,98
2024-09-17 15:54:31.845,414.9447709797105,5
2024-09-17 15:54:31.849,407.8489666238762,996
2024-09-17 15:54:31.943,407.8862419516403,1004
2024-09-17 15:54:31.961,407.8736938286629,9
2024-09-17 15:54:31.973,407.8726898330922,98
2024-09-17 15:54:32.054,407.7776812063276,1005
2024-09-17 15:54:32.081,407.8182647615748,102
2024-09-17 15:54:32.142,407.7535814496266,1004
2024-09-17 15:54:32.171,407.75515107886105,9
2024-09-17 15:54:32.179,407.7879518674571,10
2024-09-17 15:54:32.188,407.79629059533545,8
2024-09-17 15:54:32.239,407.78285967449216,96
2024-09-17 15:54:32.245,407.7616233373892,101
2024-09-17 15:54:32.281,407.77110957141855,5
2024-09-17 15:54:32.350,407.7864044919402,12
2024-09-17 15:54:32.430,407.784472993066,97
2024-09-17 15:54:32.449,407.7888904170831,12
2024-09-17 15:54:32.475,407.7711517276598,105
2024-09-17 15:54:32.521,407.76763868180177,10
2024-09-17 15:54:32.523,407.7652038461079,998
2024-09-17 15:54:32.569,407.7946924625444,997
2024-09-17 15:54:32.671,407.7906887589285,997
2024-09-17 15:54:32.677,407.7929364243079,95
2024-09-17 15:54:32.758,407.762409869497,12
2024-09-17 15:54:32.781,407.7750545369778,14
2024-09-17 15:54:32.830,414.9121269368761,13
2024-09-17 15:54:32.833,407.77255378397297,8
2024-09-17 15:54:32.849,407.7745137760185,12
2024-09-17 15:54:32.866,407.8039658470868,1004
2024-09-17 15:54:32.885,407.7846411249528,14
2024-09-17 15:54:32.904,407.8160927985129,103
2024-09-17 15:54:32.968,407.8274218724729,1000
2024-09-17 15:54:33.142,407.8374973682784,99
2024-09-17 15:54:33.145,407.8259064619909,6
2024-09-17 15:54:33.298,414.87503863371415,995
2024-09-17 15:54:33.348,407.7976091821737,96
2024-09-17 15:54:33.431,40.78212175252423,1002
2024-09-17 15:54:33.537,407.84283860567103,104
2024-09-17 15:54:33.562,40.77915167285519,96
2024-09-17 15:54:33.610,407.83018345653966,1003
2024-09-17 15:54:33.655,407.8179668928371,103
2024-09-17 15:54:33.684,407.8415158839981,7
2024-09-17 15:54:33.685,407.8294206661496,1002
2024-09-17 15:54:33.693,407.82201953910845,1002
2024-09-17 15:54:33.729,407.8387005074713,999
2024-09-17 15:54:33.742,407.8014391008076,998
2024-09-17 15:54:33.836,407.8180326848358,7
2024-09-17 15:54:33.837,407.83799908098297,997
2024-09-17 15:54:33.839,407.8332226711558,15
2024-09-17 15:54:33.857,407.8034352350689,1005
2024-09-17 15:54:33.884,407.82806608326376,995
2024-09-17 15:54:33.941,407.83508320503086,9
2024-09-17 15:54:33.966,407.79286901855534,100
2024-09-17 15:54:33.978,407.8110823521597,15
2024-09-17 15:54:34.036,407.89827107898736,996
2024-09-17 15:54:34.116,407.89296284276605,13
2024-09-17 15:54:34.118,407.9134592173149,1002
2024-09-17 15:54:34.121,407.8761330672773,99
2024-09-17 15:54:34.138,407.8474080102747,96
2024-09-17 15:54:34.196,407.82093821481647,11
2024-09-17 15:54:34.212,407.8877772165204,104
2024-09-17 15:54:34.239,407.8975752665612,1000
2024-09-17 15:54:34.282,407.8769614908305,101
2024-09-17 15:54:34.335,407.8758750547407,15
2024-09-17 15:54:34.369,407.8124423369708,102
2024-09-17 15:54:34.436,407.88563627335645,996
2024-09-17 15:54:34.529,407.8401161153447,995
2024-09-17 15:54:34.549,407.8818420542452,102
2024-09-17 15:54:34.558,407.9249124048876,102
2024-09-17 15:54:34.570,407.8907885735852,1004
2024-09-17 15:54:34.595,407.8946374064298,15
2024-09-17 15:54:34.605,407.90382285332026,1001
2024-09-17 15:54:34.689,407.9290162780822,996
2024-09-17 15:54:34.721,407.8177486526168,101
2024-09-17 15:54:34.734,407.9550870305546,15
2024-09-17 15:54:34.766,407.9029993854632,995
2024-09-17 15:54:34.789,407.8850756750789,13
2024-09-17 15:54:34.801,407.926248657869,6
2024-09-17 15:54:34.811,407.93190241783816,10
2024-09-17 15:54:34.867,407.8825742170454,14
2024-09-17 15:54:34.939,407.8076490799635,8
2024-09-17 15:54:34.975,407.87500741063945,105
2024-09-17 15:54:35.077,407.9775538047703,12
2024-09-17 15:54:35.192,407.9114120197288,105
2024-09-17 15:54:35.231,407.9883163130291,100
2024-09-17 15:54:35.261,407.9806751122353,998
2024-09-17 15:54:35.261,407.99138909310864,10
2024-09-17 15:54:35.312,407.9767453981885,101
2024-09-17 15:54:35.317,407.9797128598198,13
2024-09-17 15:54:35.325,407.9643090365117,5
2024-09-17 15:54:35.380,407.9848780278479,98
2024-09-17 15:54:35.474,407.9133156110481,15
2024-09-17 15:54:35.498,407.9816855604774,104
2024-09-17 15:54:35.718,407.9172180631063,102
2024-09-17 15:54:35.723,407.93619012204016,8
2024-09-17 15:54:35.732,407.9434047116366,102
2024-09-17 15:54:35.751,407.9856848014432,9
2024-09-17 15:54:35.883,407.9065064918853,97
2024-09-17 15:54:36.028,407.9148915110984,105
2024-09-17 15:54:36.035,407.9706130956149,5
2024-09-17 15:54:36.048,-407.8894377250365,97
2024-09-17 15:54:36.050,407.9228461244134,96
2024-09-17 15:54:36.106,407.885761842945,1001
2024-09-17 15:54:36.164,-407.9407182410982,96
2024-09-17 15:54:36.188,407.9172873407781,5
2024-09-17 15:54:36.301,407.9040087978837,104
2024-09-17 15:54:36.344,407.8947662688959,996
2024-09-17 15:54:36.363,407.8971370613854,104
2024-09-17 15:54:36.445,407.9700803671467,12
2024-09-17 15:54:36.457,407.9653873252745,96
2024-09-17 15:54:36.475,407.9283969902445,95
2024-09-17 15:54:36.488,407.9519732981891,101
2024-09-17 15:54:36.503,407.9506407552096,105
2024-09-17 15:54:36.505,407.9489589578708,97
2024-09-17 15:54:36.590,407.9473534750597,5
2024-09-17 15:54:36.594,407.9616305413805,104
2024-09-17 15:54:36.674,407.9372901669563,95
2024-09-17 15:54:36.782,407.9522873759502,100
2024-09-17 15:54:36.803,407.9375868951776,1001
2024-09-17 15:54:36.845,40.78783191418696,1005
2024-09-17 15:54:36.890,415.0636867259577,15
2024-09-17 15:54:36.910,407.9014966065057,1003
2024-09-17 15:54:36.973,407.9380917983939,1005
2024-09-17 15:54:37.039,407.9007568906017,98
2024-09-17 15:54:37.472,407.9391445510533,103
2024-09-17 15:54:37.476,407.9223581193176,1000
2024-09-17 15:54:37.821,407.9320969079076,104
2024-09-17 15:54:37.837,407.9383978341155,9
2024-09-17 15:54:37.849,407.9546088594429,6
2024-09-17 15:54:37.929,-407.9320466767846,996
2024-09-17 15:54:38.315,407.9507124584244,998
2024-09-17 15:54:39.006,407.9567714365736,1001
2024-09-17 15:54:39.071,408.00273111088086,996
2024-09-17 15:54:39.072,407.9813918496038,1000
2024-09-17 15:54:39.079,407.9890928292122,1000
2024-09-17 15:54:39.151,407.98573881269743,5
2024-09-17 15:54:39.170,407.98257848201314,1003
2024-09-17 15:54:39.184,407.94679676025146,99
2024-09-17 15:54:39.194,407.9503551718817,15
2024-09-17 15:54:39.261,407.97530615623833,1004
2024-09-17 15:54:39.296,407.97623622677816,1000
2024-09-17 15:54:39.343,407.9921132210982,104
2024-09-17 15:54:39.347,407.9818570587375,103
2024-09-17 15:54:39.393,407.9485948333286,1005
2024-09-17 15:54:39.394,407.9777829956882,997
2024-09-17 15:54:39.421,407.9590469200554,104
2024-09-17 15:54:39.517,407.9872463266221,998
2024-09-17 15:54:39.567,407.9904505979858,14
2024-09-17 15:54:39.572,407.96561309607296,101
2024-09-17 15:54:39.617,407.9819178190047,1005
2024-09-17 15:54:39.686,407.9738409733344,104
2024-09-17 15:54:39.734,407.9604731470372,1005
2024-09-17 15:54:39.762,407.9872514547573,14
2024-09-17 15:54:39.826,407.9681062365959,11
2024-09-17 15:54:39.908,407.9894636018402,998
2024-09-17 15:54:39.938,407.9720013857786,13
2024-09-17 15:54:39.948,407.9881631985531,1001
2024-09-17 15:54:39.958,407.97607772118073,104
2024-09-17 15:54:39.990,407.977199539481,997
2024-09-17 15:54:39.999,407.9789686729308,99
2024-09-17 15:54:40.088,407.9929464763392,1003
2024-09-17 15:54:40.280,407.9826412282132,999
2024-09-17 15:54:40.353,407.9668326622478,104
2024-09-17 15:54:40.424,407.9564206582566,105
2024-09-17 15:54:40.428,,1002
2024-09-17 15:54:40.538,407.913065590356,99
2024-09-17 15:54:40.653,407.9977910742412,12
2024-09-17 15:54:40.740,407.9243492088973,98
2024-09-17 15:54:40.781,407.9416646962715,1000
2024-09-17 15:54:40.784,407.9498574672587,10
2024-09-17 15:54:40.785,407.9414501873246,100
2024-09-17 15:54:40.798,407.9452394714824,995
2024-09-17 15:54:40.809,407.96269455038527,102
2024-09-17 15:54:40.862,407.9242626112709,1004
2024-09-17 15:54:40.909,407.96348953529207,1005
2024-09-17 15:54:41.486,407.9477622305859,10
2024-09-17 15:54:41.490,407.9239560326969,15
2024-09-17 15:54:41.585,407.9195596412844,1003
2024-09-17 15:54:41.585,407.9209581651753,998
2024-09-17 15:54:41.663,407.9298217861492,996
2024-09-17 15:54:41.681,407.9253313293436,8
2024-09-17 15:54:41.706,407.9200987258446,1002
2024-09-17 15:54:41.770,407.93710923001606,96
2024-09-17 15:54:41.831,407.9187926833952,1000
2024-09-17 15:54:42.024,407.9036027676505,1003
2024-09-17 15:54:42.157,407.8925958715022,15
2024-09-17 15:54:42.166,407.8994856739608,98
2024-09-17 15:54:42.314,407.8957691465913,15
2024-09-17 15:54:42.360,407.910865556534,1003
2024-09-17 15:54:42.374,407.8862465895143,1002
2024-09-17 15:54:42.416,407.9131624916696,9
2024-09-17 15:54:42.602,407.9316904679332,1002
2024-09-17 15:54:42.680,407.8902047941155,14
2024-09-17 15:54:42.810,407.911513373701,105
2024-09-17 15:54:42.903,407.89650118516056,997
2024-09-17 15:54:42.930,407.9107299668374,15
2024-09-17 15:54:43.034,407.9084176389407,1003
2024-09-17 15:54:43.097,407.98687063879817,998
2024-09-17 15:54:43.141,407.942710169372,10
2024-09-17 15:54:43.233,407.97740748824594,14
2024-09-17 15:54:43.234,407.9632382959052,104
2024-09-17 15:54:43.428,408.0048255372993,104
2024-09-17 15:54:43.430,407.92935972783647,997
2024-09-17 15:54:43.445,407.93449072684064,100
2024-09-17 15:54:43.518,408.0111207850201,7
2024-09-17 15:54:43.580,407.99975994841344,95
2024-09-17 15:54:43.759,407.9163393357247,1002
2024-09-17 15:54:43.843,407.97519776801016,11
2024-09-17 15:54:43.867,407.9387234887407,1001
2024-09-17 15:54:43.887,407.9415089883729,5
2024-09-17 15:54:44.196,408.0124878995776,104
2024-09-17 15:54:44.205,408.003546950125,104
2024-09-17 15:54:44.248,407.9914501384715,1003
2024-09-17 15:54:44.371,407.9946219749535,11
2024-09-17 15:54:44.631,407.9821000676803,10
2024-09-17 15:54:44.760,407.98186733215977,10
2024-09-17 15:54:44.906,408.0187364691458,10
2024-09-17 15:54:44.920,407.98449721848135,98
2024-09-17 15:54:45.112,407.9318566542058,8
2024-09-17 15:54:45.140,407.9699118694007,95
2024-09-17 15:54:45.231,407.9719593153491,5
2024-09-17 15:54:45.287,407.9685267623065,14
2024-09-17 15:54:45.337,,6
2024-09-17 15:54:45.338,407.9922984699161,1005
2024-09-17 15:54:45.361,407.9243299512561,998
2024-09-17 15:54:45.398,407.96097809833896,997
2024-09-17 15:54:45.461,,11
2024-09-17 15:54:45.485,407.9667955512585,996
2024-09-17 15:54:45.540,408.0159887448714,104
2024-09-17 15:54:45.542,408.0115003517066,1002
2024-09-17 15:54:45.566,407.9964959067631,101
2024-09-17 15:54:45.595,408.0215551054266,1002
2024-09-17 15:54:45.618,408.0157550017192,100
2024-09-17 15:54:45.626,408.00267355557577,15
2024-09-17 15:54:45.755,408.00521472307526,96
2024-09-17 15:54:45.800,407.9796275781504,999
2024-09-17 15:54:45.805,407.9757810931962,999
2024-09-17 15:54:45.835,408.00019927466457,99
2024-09-17 15:54:45.864,407.9954757383547,1000
2024-09-17 15:54:45.876,408.021582163181,13
2024-09-17 15:54:45.879,408.008807945348,103
2024-09-17 15:54:45.923,407.9459550027219,1005
2024-09-17 15:54:45.953,407.92490497847865,98
2024-09-17 15:54:45.975,408.0057415277344,6
2024-09-17 15:54:46.111,407.9636535506607,1005
2024-09-17 15:54:46.288,407.9500410900915,105
2024-09-17 15:54:46.316,407.9510122137148,1000
2024-09-17 15:54:46.379,407.96025111063096,96
2024-09-17 15:54:46.453,407.9571381876021,5
2024-09-17 15:54:46.647,,9
2024-09-17 15:54:46.917,407.9568589782549,102
2024-09-17 15:54:47.141,407.959050179162,997
2024-09-17 15:54:47.213,407.9764001485304,8
2024-09-17 15:54:47.530,,96
2024-09-17 15:54:47.557,407.9775432030887,11
2024-09-17 15:54:47.587,407.9558794204551,95
2024-09-17 15:54:48.133,407.9953580092108,102
2024-09-17 15:54:48.236,408.0002218632408,15
2024-09-17 15:54:48.465,408.01383043331344,997
2024-09-17 15:54:49.072,408.0475309965941,104
2024-09-17 15:54:49.141,408.0113633357759,103
2024-09-17 15:54:49.147,408.01863630807696,103
2024-09-17 15:54:49.239,408.0249626903831,105
2024-09-17 15:54:49.325,408.0188806288482,995
2024-09-17 15:54:49.532,408.0829564973212,1001
2024-09-17 15:54:49.581,407.9907965618973,6
2024-09-17 15:54:49.646,408.0023759319815,10
2024-09-17 15:54:49.692,407.9790217508372,98
2024-09-17 15:54:49.716,408.0099439004868,100
2024-09-17 15:54:49.724,408.0624276753974,998
2024-09-17 15:54:49.788,408.0500091286422,996
2024-09-17 15:54:49.853,408.05177651305866,5
2024-09-17 15:54:49.853,408.047199001004,103
2024-09-17 15:54:49.872,408.0180586982004,1000
2024-09-17 15:54:49.920,407.9789267970093,996
2024-09-17 15:54:49.943,408.0508981091819,95
2024-09-17 15:54:50.034,408.1242360639697,99
2024-09-17 15:54:50.047,408.06996657941767,96
2024-09-17 15:54:50.054,408.1511869418404,14
2024-09-17 15:54:50.167,408.1056957790783,1005
2024-09-17 15:54:50.210,408.13143249974456,105
2024-09-17 15:54:50.246,408.1563037368221,103
2024-09-17 15:54:50.290,408.053272754415,100
2024-09-17 15:54:50.309,408.048743428315,7
2024-09-17 15:54:50.443,408.1301523020263,996
2024-09-17 15:54:50.446,408.0666048305361,96
2024-09-17 15:54:50.578,408.0618219501561,101
2024-09-17 15:54:50.596,408.1099373592005,14
2024-09-17 15:54:50.659,408.0540515077677,997
2024-09-17 15:54:50.674,408.15220085155806,100
2024-09-17 15:54:50.679,408.0916955698975,996
2024-09-17 15:54:50.708,408.0887491828268,1004
2024-09-17 15:54:50.717,408.1192396179183,995
2024-09-17 15:54:50.718,408.09186655842205,12
2024-09-17 15:54:50.752,408.16322336162943,996
2024-09-17 15:54:50.820,408.11595907284845,9
2024-09-17 15:54:50.914,408.1258262890809,95
2024-09-17 15:54:50.971,408.09088429969626,101
2024-09-17 15:54:51.349,408.1048045215196,995
2024-09-17 15:54:51.617,408.1215876561791,997
2024-09-17 15:54:52.075,408.1847828512893,98
2024-09-17 15:54:52.219,408.1076960835443,1005
2024-09-17 15:54:52.249,408.14414718802834,8
2024-09-17 15:54:52.252,408.1789223106068,100
2024-09-17 15:54:52.269,408.13249045128737,1001
2024-09-17 15:54:52.282,40.81473961106348,102
2024-09-17 15:54:52.316,408.1517973984331,996
2024-09-17 15:54:52.397,408.17056256591104,104
2024-09-17 15:54:52.399,408.1827943560564,1002
2024-09-17 15:54:52.409,408.1942814556023,1003
2024-09-17 15:54:52.413,,95
2024-09-17 15:54:52.461,408.1512516262258,95
2024-09-17 15:54:52.495,408.1709309569636,15
2024-09-17 15:54:52.532,408.1699664016286,9
2024-09-17 15:54:52.552,408.152567229018,102
2024-09-17 15:54:52.556,408.15808433982335,998
2024-09-17 15:54:52.567,408.15754981434407,12
2024-09-17 15:54:52.572,408.18333301543896,103
2024-09-17 15:54:52.746,408.1244153263856,1001
2024-09-17 15:54:52.772,408.1182646372077,97
2024-09-17 15:54:52.779,408.11799372792274,103
2024-09-17 15:54:52.876,408.17014304169606,1004
2024-09-17 15:54:52.880,408.11914924198857,8
2024-09-17 15:54:52.967,408.1722528500182,9
2024-09-17 15:54:52.973,408.145537167255,97
2024-09-17 15:54:53.013,408.1354437067613,1004
2024-09-17 15:54:53.213,408.1506810349694,104
2024-09-17 15:54:53.863,408.1699210671735,1004
2024-09-17 15:54:54.047,408.0941231098078,97
2024-09-17 15:54:54.057,408.0717894403385,998
2024-09-17 15:54:54.111,408.0135588769866,999
2024-09-17 15:54:54.150,408.0589258094947,13
2024-09-17 15:54:54.243,408.0491728653239,101
2024-09-17 15:54:54.245,414.89748265700223,995
2024-09-17 15:54:54.263,408.0456179642732,997
2024-09-17 15:54:54.328,408.1099491909501,996
2024-09-17 15:54:54.392,408.0768801528405,1002
2024-09-17 15:54:54.443,-408.0685739927955,10
2024-09-17 15:54:54.498,408.05421913629567,998
2024-09-17 15:54:54.511,408.0478992464245,1001
2024-09-17 15:54:54.527,408.1206643376715,11
2024-09-17 15:54:54.529,408.0985510064344,104
2024-09-17 15:54:54.549,408.1007808771944,102
2024-09-17 15:54:54.587,408.0478537677746,15
2024-09-17 15:54:54.625,408.0024533135448,1001
2024-09-17 15:54:54.638,408.075767180965,995
2024-09-17 15:54:54.649,408.05689518086285,13
2024-09-17 15:54:54.721,408.024037297913,105
2024-09-17 15:54:54.832,408.0792265594057,103
2024-09-17 15:54:55.101,408.0115613870266,1000
2024-09-17 15:54:55.119,408.00785629870217,8
2024-09-17 15:54:55.139,408.0858748638819,5
2024-09-17 15:54:55.174,408.1062117756208,1004
2024-09-17 15:54:55.273,408.0907176838881,997
2024-09-17 15:54:55.318,-408.0334922809053,8
2024-09-17 15:54:55.440,408.0740577801658,104
2024-09-17 15:54:55.453,408.0191643692298,98
2024-09-17 15:54:55.648,414.8964107487032,6
2024-09-17 15:54:55.702,408.1007309457907,15
2024-09-17 15:54:55.785,408.0056652684365,104
2024-09-17 15:54:55.909,408.09160184846974,1001
2024-09-17 15:54:55.935,407.9906715487588,995
2024-09-17 15:54:56.092,408.1122940929034,6
2024-09-17 15:54:56.153,408.094805076189,995
2024-09-17 15:54:56.223,408.1037049103514,998
2024-09-17 15:54:56.223,408.1158855723383,6
2024-09-17 15:54:56.245,408.1032828008064,12
2024-09-17 15:54:56.289,408.0755214576744,95
2024-09-17 15:54:56.345,408.0621688891112,997
2024-09-17 15:54:56.421,408.0987523343655,103
2024-09-17 15:54:56.472,408.1107951051381,103
2024-09-17 15:54:56.556,408.0774420768782,14
2024-09-17 15:54:56.597,408.1122755735615,1000
2024-09-17 15:54:56.655,408.07237456963713,5
2024-09-17 15:54:56.725,408.0622422299897,9
2024-09-17 15:54:56.783,408.06478343228406,1005
2024-09-17 15:54:56.855,408.1049384846248,13
2024-09-17 15:54:56.920,408.0563735236531,11
2024-09-17 15:54:56.930,408.1095170146853,1000
2024-09-17 15:54:56.959,408.102646390481,12
2024-09-17 15:54:57.174,408.0569162344312,5
2024-09-17 15:54:57.209,408.0571693339794,9
2024-09-17 15:54:57.230,408.10200457855626,101
2024-09-17 15:54:57.429,408.1498639193599,1000
2024-09-17 15:54:57.451,408.1105299192643,95
2024-09-17 15:54:57.534,408.09787825747,14
2024-09-17 15:54:57.829,40.81428839175158,8
2024-09-17 15:54:57.920,408.1409407778722,1003
2024-09-17 15:54:57.941,408.0810423067171,1001
2024-09-17 15:54:57.990,408.1228749238449,1005
2024-09-17 15:54:58.231,408.0720619416842,100
2024-09-17 15:54:58.309,408.1088327640072,1005
2024-09-17 15:54:58.312,408.04156781105473,96
2024-09-17 15:54:58.349,408.0466070167642,9
2024-09-17 15:54:58.399,408.1221152868098,1000
2024-09-17 15:54:58.535,408.09976042776105,13
2024-09-17 15:54:58.536,408.0945906456246,1002
2024-09-17 15:54:59.065,408.03722299503096,995
2024-09-17 15:54:59.083,408.02200511315806,13
2024-09-17 15:54:59.150,408.0614644039839,998
2024-09-17 15:54:59.170,,105
2024-09-17 15:54:59.224,408.0457595474914,1001
2024-09-17 15:54:59.231,408.0698335726109,997
2024-09-17 15:54:59.254,408.1058090823576,11
2024-09-17 15:54:59.291,408.0186362490208,11
2024-09-17 15:54:59.300,408.02221940497,1000
2024-09-17 15:54:59.315,408.1042008144877,13
2024-09-17 15:54:59.459,408.0174380386181,1001
2024-09-17 15:54:59.476,408.0218601693096,98
2024-09-17 15:54:59.578,408.0075508892653,102
2024-09-17 15:54:59.596,408.05302954955073,998
2024-09-17 15:54:59.685,408.0431505151424,102
2024-09-17 15:54:59.692,408.0715096458813,105
2024-09-17 15:54:59.734,408.0558234069589,999
2024-09-17 15:54:59.797,408.068596901709,1003
2024-09-17 15:54:59.804,408.0684553243804,997
2024-09-17 15:54:59.867,408.0638242821478,10
2024-09-17 15:54:59.894,408.0373086895346,100
2024-09-17 15:54:59.922,408.056900528438,9
2024-09-17 15:54:59.965,408.0033928975785,995
2024-09-17 15:54:59.970,408.07468056346033,999
