Timestamp,Price,Size
2024-09-17 10:58:00.024,415.5266102792827,12
2024-09-17 10:58:00.056,415.54315911090816,996
2024-09-17 10:58:00.067,415.571647570314,99
2024-09-17 10:58:00.099,415.5514068560095,102
2024-09-17 10:58:00.116,415.53464308571904,96
2024-09-17 10:58:00.234,415.5459181006287,96
2024-09-17 10:58:00.299,415.561956871617,104
2024-09-17 10:58:00.365,415.5484749878565,1004
2024-09-17 10:58:00.369,415.5514128632606,97
2024-09-17 10:58:00.497,415.5625984225945,1003
2024-09-17 10:58:00.538,415.5356307505219,11
2024-09-17 10:58:00.549,415.5395797411959,10
2024-09-17 10:58:00.568,415.50894962094367,999
2024-09-17 10:58:00.579,415.55037111506425,99
2024-09-17 10:58:00.585,415.5235111183999,13
2024-09-17 10:58:00.643,415.5651123573245,14
2024-09-17 10:58:00.653,415.5646243875892,5
2024-09-17 10:58:00.660,415.5515568828178,1005
2024-09-17 10:58:00.678,415.52384947816927,96
2024-09-17 10:58:00.684,-415.5142135312875,7
2024-09-17 10:58:00.729,415.5455266974282,96
2024-09-17 10:58:00.731,415.5445954776528,103
2024-09-17 10:58:00.743,415.5609999712241,8
2024-09-17 10:58:00.781,415.50768630372414,997
2024-09-17 10:58:00.827,415.4951494819199,12
2024-09-17 10:58:00.910,415.5422918500209,1003
2024-09-17 10:58:00.985,415.5454730373245,1005
2024-09-17 10:58:00.990,415.53378431688776,996
2024-09-17 10:58:01.033,415.48419339018005,998
2024-09-17 10:58:01.041,415.485867451468,5
2024-09-17 10:58:01.091,415.4990988793292,9
2024-09-17 10:58:01.255,415.4979585954389,997
2024-09-17 10:58:01.379,415.4930661136918,1003
2024-09-17 10:58:01.505,415.48028308493815,103
2024-09-17 10:58:01.694,415.4885654947876,8
2024-09-17 10:58:01.725,415.486157622002,1005
2024-09-17 10:58:01.911,415.49225235173583,996
2024-09-17 10:58:01.992,415.4962221444233,12
2024-09-17 10:58:02.038,415.4828257865216,9
2024-09-17 10:58:02.043,415.4973487138985,1005
2024-09-17 10:58:02.091,415.5006402332966,9
2024-09-17 10:58:02.094,415.50511818564064,12
2024-09-17 10:58:02.133,415.4844479022893,1004
2024-09-17 10:58:02.149,415.5072294637878,13
2024-09-17 10:58:02.230,415.5085404936023,5
2024-09-17 10:58:02.256,415.50736903598926,5
2024-09-17 10:58:02.325,415.4982682269178,9
2024-09-17 10:58:02.356,415.4877067040832,104
2024-09-17 10:58:02.435,415.47738490724174,102
2024-09-17 10:58:02.492,415.5177674110332,7
2024-09-17 10:58:02.575,41.54991339412263,1003
2024-09-17 10:58:02.596,415.5016087706084,1002
2024-09-17 10:58:02.626,415.50198205194704,101
2024-09-17 10:58:02.828,415.4985876241996,105
2024-09-17 10:58:02.892,415.5100860448755,998
2024-09-17 10:58:02.913,415.4916045418788,997
2024-09-17 10:58:02.920,415.4969577457456,99
2024-09-17 10:58:02.929,415.5025950883706,999
2024-09-17 10:58:02.956,415.51558290160233,10
2024-09-17 10:58:02.979,415.4952661234496,1001
2024-09-17 10:58:03.221,415.5241043012367,1001
2024-09-17 10:58:03.408,415.5090961052096,9
2024-09-17 10:58:03.784,415.519955518292,1002
2024-09-17 10:58:04.144,415.4976407985386,1005
2024-09-17 10:58:04.171,415.5139034336818,997
2024-09-17 10:58:04.229,415.5178854799325,97
2024-09-17 10:58:04.251,415.49773921966346,103
2024-09-17 10:58:04.306,415.5133240491085,5
2024-09-17 10:58:04.357,415.5517729161852,100
2024-09-17 10:58:04.450,415.498730841368,103
2024-09-17 10:58:04.519,415.55394743571554,5
2024-09-17 10:58:04.559,415.5613640037968,14
2024-09-17 10:58:04.571,415.5098089624629,14
2024-09-17 10:58:04.584,415.5352465220287,9
2024-09-17 10:58:04.665,415.5226475254081,10
2024-09-17 10:58:04.677,415.51339037634455,11
2024-09-17 10:58:04.706,415.4890857474767,98
2024-09-17 10:58:04.720,415.5288945410685,103
2024-09-17 10:58:04.786,415.5277794054158,100
2024-09-17 10:58:04.878,415.5218737076597,15
2024-09-17 10:58:04.880,415.5663012816649,995
2024-09-17 10:58:04.945,415.5381389993557,10
2024-09-17 10:58:04.954,415.506855068874,1003
2024-09-17 10:58:05.062,415.4405256476338,997
2024-09-17 10:58:05.118,415.4523264405959,97
2024-09-17 10:58:05.223,415.4903713577351,15
2024-09-17 10:58:05.278,415.50959226317786,13
2024-09-17 10:58:05.404,415.450845454989,15
2024-09-17 10:58:05.436,415.4428074854125,98
2024-09-17 10:58:05.530,415.465783949249,1004
2024-09-17 10:58:05.566,415.4897305839179,102
2024-09-17 10:58:05.609,415.4587750513557,104
2024-09-17 10:58:05.758,415.4826962324199,104
2024-09-17 10:58:06.199,415.440919509813,95
2024-09-17 10:58:06.226,415.4202161203483,1001
2024-09-17 10:58:06.403,415.43768726475855,1002
2024-09-17 10:58:06.462,415.4287802643155,12
2024-09-17 10:58:06.623,415.4524060947158,101
2024-09-17 10:58:06.750,415.4160639823902,995
2024-09-17 10:58:06.767,415.4113031492868,103
2024-09-17 10:58:06.900,415.443132003398,13
2024-09-17 10:58:07.301,415.40668921627935,100
2024-09-17 10:58:07.415,415.4137090219281,5
2024-09-17 10:58:07.423,415.4005034185273,105
2024-09-17 10:58:07.474,415.4012129110648,8
2024-09-17 10:58:07.652,415.4072794440021,95
2024-09-17 10:58:07.807,415.40947467601103,1004
2024-09-17 10:58:08.107,415.4036369049443,12
2024-09-17 10:58:08.140,415.454833980752,1005
2024-09-17 10:58:08.143,415.4291497845247,1002
2024-09-17 10:58:08.147,415.40142948653016,95
2024-09-17 10:58:08.226,415.4210558336304,1005
2024-09-17 10:58:08.298,415.4255879168848,104
2024-09-17 10:58:08.351,415.4249755256581,102
2024-09-17 10:58:08.456,415.4153217607852,6
2024-09-17 10:58:08.630,415.400543967644,97
2024-09-17 10:58:08.687,415.4517829914721,8
2024-09-17 10:58:08.768,415.4118999066366,997
2024-09-17 10:58:08.836,415.4071321253291,997
2024-09-17 10:58:08.845,415.4313007313832,96
2024-09-17 10:58:08.861,415.4087192460181,5
2024-09-17 10:58:08.891,415.43816976149424,1005
2024-09-17 10:58:09.039,415.4643528404686,7
2024-09-17 10:58:09.114,415.50417042715,1001
2024-09-17 10:58:09.159,415.45691173343,100
2024-09-17 10:58:09.200,415.47492232389504,1005
2024-09-17 10:58:09.202,415.52400020373614,999
2024-09-17 10:58:09.262,415.4546925046527,997
2024-09-17 10:58:09.305,415.4745830713362,9
2024-09-17 10:58:09.336,415.5008189698029,99
2024-09-17 10:58:09.353,415.43630992440507,14
2024-09-17 10:58:09.373,415.4551229472028,1002
2024-09-17 10:58:09.400,415.53855550316416,8
2024-09-17 10:58:09.433,415.4609029166812,1005
2024-09-17 10:58:09.439,415.462354655287,1005
2024-09-17 10:58:09.471,415.4622519566155,103
2024-09-17 10:58:09.520,415.46378443320873,9
2024-09-17 10:58:09.634,415.4566185454608,1004
2024-09-17 10:58:09.661,415.42254878911655,6
2024-09-17 10:58:09.683,415.45821702212334,95
2024-09-17 10:58:09.707,415.5092233278166,98
2024-09-17 10:58:09.824,415.46476635249104,15
2024-09-17 10:58:09.862,415.43835956764815,996
2024-09-17 10:58:09.986,415.4483413283878,104
2024-09-17 10:58:10.014,415.5040172374832,996
2024-09-17 10:58:10.054,,104
2024-09-17 10:58:10.096,415.5047494107675,997
2024-09-17 10:58:10.112,415.5385159683116,98
2024-09-17 10:58:10.134,415.5046196274124,7
2024-09-17 10:58:10.187,415.5452851988152,996
2024-09-17 10:58:10.191,415.5368704332084,1005
2024-09-17 10:58:10.267,415.53694132047474,104
2024-09-17 10:58:10.288,415.5302720505533,996
2024-09-17 10:58:10.319,415.5625289618578,996
2024-09-17 10:58:10.369,415.5528407814329,5
2024-09-17 10:58:10.385,415.5292300132687,995
2024-09-17 10:58:10.389,415.5546420335766,997
2024-09-17 10:58:10.398,415.5610841623244,6
2024-09-17 10:58:10.436,415.5378741982888,95
2024-09-17 10:58:10.453,415.5591776052542,101
2024-09-17 10:58:10.476,415.49174656010376,10
2024-09-17 10:58:10.664,415.53034433934994,1005
2024-09-17 10:58:10.720,415.500925514989,995
2024-09-17 10:58:10.765,415.5000487711046,9
2024-09-17 10:58:10.846,415.4876820367583,96
2024-09-17 10:58:10.853,-415.5467360426977,998
2024-09-17 10:58:10.903,415.5635509950112,6
2024-09-17 10:58:10.945,415.5011311740788,105
2024-09-17 10:58:11.055,415.5357249449131,97
2024-09-17 10:58:11.073,415.50906515405177,998
2024-09-17 10:58:11.116,415.52131236338016,97
2024-09-17 10:58:11.146,415.5152700307341,11
2024-09-17 10:58:11.175,415.50973718603177,101
2024-09-17 10:58:11.222,415.51870177618144,12
2024-09-17 10:58:11.239,415.5169416374734,101
2024-09-17 10:58:11.305,415.52488548287846,95
2024-09-17 10:58:11.387,415.5067827650692,1003
2024-09-17 10:58:11.511,415.50180925093775,98
2024-09-17 10:58:11.511,415.4952908070085,997
2024-09-17 10:58:11.625,415.53305978018767,96
2024-09-17 10:58:11.630,415.5281146254152,95
2024-09-17 10:58:11.745,415.5431226967902,998
2024-09-17 10:58:11.748,,8
2024-09-17 10:58:11.754,415.53812208519656,13
2024-09-17 10:58:11.765,415.53271829607576,98
2024-09-17 10:58:11.794,415.5011316051461,96
2024-09-17 10:58:11.802,415.52628295934,11
2024-09-17 10:58:11.850,415.5103803390855,999
2024-09-17 10:58:11.856,415.5197861921002,105
2024-09-17 10:58:11.927,415.52558271796687,14
2024-09-17 10:58:12.061,415.5097548415149,996
2024-09-17 10:58:12.095,415.4773836143607,12
2024-09-17 10:58:12.115,415.512371932073,11
2024-09-17 10:58:12.116,415.50841409145113,13
2024-09-17 10:58:12.118,415.5189292944578,105
2024-09-17 10:58:12.154,415.46894472278177,8
2024-09-17 10:58:12.202,415.5074717393402,12
2024-09-17 10:58:12.217,415.5235943218243,99
2024-09-17 10:58:12.268,415.4904463098021,95
2024-09-17 10:58:12.321,415.4845090035973,1003
2024-09-17 10:58:12.343,415.502454829612,105
2024-09-17 10:58:12.350,415.4993311590831,98
2024-09-17 10:58:12.374,415.5441992223948,1005
2024-09-17 10:58:12.459,415.5052610750493,100
2024-09-17 10:58:12.511,415.5154720972103,7
2024-09-17 10:58:12.565,415.53265301937085,10
2024-09-17 10:58:12.603,415.4853161472035,100
2024-09-17 10:58:12.637,415.5055850016399,6
2024-09-17 10:58:12.659,415.5102503509903,1000
2024-09-17 10:58:12.703,415.4746300577101,5
2024-09-17 10:58:12.722,415.5191932921388,996
2024-09-17 10:58:12.724,415.5046438700808,998
2024-09-17 10:58:12.744,415.5054812474172,5
2024-09-17 10:58:12.750,415.5064129002197,13
2024-09-17 10:58:12.780,415.5126235033707,10
2024-09-17 10:58:12.797,415.50561412059335,96
2024-09-17 10:58:12.797,415.548049119796,995
2024-09-17 10:58:12.839,-415.4982074581853,998
2024-09-17 10:58:12.928,415.52599404281415,1005
2024-09-17 10:58:12.991,415.54314420512645,96
2024-09-17 10:58:13.062,415.5925435312263,102
2024-09-17 10:58:13.106,415.51553020615415,98
2024-09-17 10:58:13.297,415.5146679038464,9
2024-09-17 10:58:13.301,415.4618330609386,104
2024-09-17 10:58:13.304,415.6000385261816,98
2024-09-17 10:58:13.323,415.5781095925939,7
2024-09-17 10:58:13.329,415.5711828678381,7
2024-09-17 10:58:13.382,415.5609352746195,6
2024-09-17 10:58:13.492,415.5615118234064,996
2024-09-17 10:58:13.494,415.5908185795736,7
2024-09-17 10:58:13.574,415.5644110798133,996
2024-09-17 10:58:13.599,-415.5857809013808,99
2024-09-17 10:58:13.698,415.483389528443,11
2024-09-17 10:58:13.739,415.50727323346223,99
2024-09-17 10:58:13.759,415.5169575928095,98
2024-09-17 10:58:13.804,415.5741609888125,12
2024-09-17 10:58:13.814,415.51826981352207,15
2024-09-17 10:58:13.825,415.5328897786304,103
2024-09-17 10:58:13.875,415.5797604809771,9
2024-09-17 10:58:13.893,415.5757722584733,10
2024-09-17 10:58:13.905,415.5735279011664,998
2024-09-17 10:58:13.914,415.57391334684365,1005
2024-09-17 10:58:13.969,415.51728929872695,99
2024-09-17 10:58:13.978,415.477241345017,996
2024-09-17 10:58:14.279,415.5783744074533,996
2024-09-17 10:58:14.814,415.5813808194103,996
2024-09-17 10:58:14.967,415.5784409886442,96
2024-09-17 10:58:14.969,415.5714916408245,102
2024-09-17 10:58:15.039,415.5865634319757,997
2024-09-17 10:58:15.231,415.60147929380753,12
2024-09-17 10:58:15.276,415.5807678647947,1003
2024-09-17 10:58:15.808,415.5880436605473,998
2024-09-17 10:58:15.977,415.5937097150082,11
2024-09-17 10:58:16.096,415.6062823466177,15
2024-09-17 10:58:16.113,415.6034110174838,999
2024-09-17 10:58:16.151,415.6526538181409,12
2024-09-17 10:58:16.190,415.63082619167074,10
2024-09-17 10:58:16.316,415.6394508911039,7
2024-09-17 10:58:16.320,-415.6353020416694,103
2024-09-17 10:58:16.348,415.6232727337707,9
2024-09-17 10:58:16.348,415.62569973935217,10
2024-09-17 10:58:16.432,415.644717942341,96
2024-09-17 10:58:16.549,415.6533710758968,15
2024-09-17 10:58:16.632,415.6049853572957,998
2024-09-17 10:58:16.669,415.65045161166506,15
2024-09-17 10:58:16.734,415.61432082890974,96
2024-09-17 10:58:16.785,415.5921242660058,14
2024-09-17 10:58:16.791,415.6074144038648,100
2024-09-17 10:58:16.955,415.6578757379599,96
2024-09-17 10:58:16.964,415.5937421765759,99
2024-09-17 10:58:16.983,415.625331207666,6
2024-09-17 10:58:18.024,415.708262076319,10
2024-09-17 10:58:18.120,415.6273313322352,6
2024-09-17 10:58:18.122,415.6652564346278,5
2024-09-17 10:58:18.152,415.6416858686831,1002
2024-09-17 10:58:18.209,415.6546555412816,15
2024-09-17 10:58:18.249,415.67658102051126,10
2024-09-17 10:58:18.253,415.7250587905391,97
2024-09-17 10:58:18.266,415.7354567737172,96
2024-09-17 10:58:18.268,415.68645577677154,995
2024-09-17 10:58:18.307,415.64880850917496,998
2024-09-17 10:58:18.317,415.6537449721424,95
2024-09-17 10:58:18.410,415.7153413757762,97
2024-09-17 10:58:18.418,415.7051779471224,997
2024-09-17 10:58:18.435,415.6615881347309,102
2024-09-17 10:58:18.451,415.7278153672419,7
2024-09-17 10:58:18.462,415.7359941688886,9
2024-09-17 10:58:18.468,415.6490829090974,11
2024-09-17 10:58:18.477,415.6507698183538,102
2024-09-17 10:58:18.521,415.7196252082215,102
2024-09-17 10:58:18.525,415.7185019352274,9
2024-09-17 10:58:18.686,415.6698768413516,1001
2024-09-17 10:58:18.800,415.6846215698943,1005
2024-09-17 10:58:18.823,415.6670202352575,102
2024-09-17 10:58:18.912,415.6584972239375,10
2024-09-17 10:58:18.938,415.6780741043244,98
2024-09-17 10:58:19.007,415.6839620702919,9
2024-09-17 10:58:19.015,415.7303412595994,8
2024-09-17 10:58:19.078,415.7003529114912,8
2024-09-17 10:58:19.154,41.57024529373992,1005
2024-09-17 10:58:19.243,415.7216501690573,996
2024-09-17 10:58:19.272,415.7235605222261,1005
2024-09-17 10:58:19.660,415.6735893412792,103
2024-09-17 10:58:19.670,415.7118051572706,7
2024-09-17 10:58:19.696,415.68527570091936,12
2024-09-17 10:58:19.752,415.7015418906289,105
2024-09-17 10:58:19.942,415.7003874236232,1000
2024-09-17 10:58:19.942,415.68877116996674,99
2024-09-17 10:58:19.993,415.7129451500721,996
2024-09-17 10:58:19.998,415.6961011900644,103
2024-09-17 10:58:20.053,415.7631969724854,1000
2024-09-17 10:58:20.081,415.7690564701071,1001
2024-09-17 10:58:20.219,415.779373931352,6
2024-09-17 10:58:20.227,415.76757994070925,11
2024-09-17 10:58:20.293,415.763078738639,13
2024-09-17 10:58:20.301,415.7632376025629,97
2024-09-17 10:58:20.399,415.7756653493802,99
2024-09-17 10:58:20.465,415.7617879450687,13
2024-09-17 10:58:20.546,415.7607922945564,98
2024-09-17 10:58:20.546,415.7333914813256,15
2024-09-17 10:58:20.579,415.7777710694029,5
2024-09-17 10:58:20.585,415.7747413881727,6
2024-09-17 10:58:20.628,415.7607744792912,11
2024-09-17 10:58:20.631,415.7392641213258,1003
2024-09-17 10:58:20.665,415.789573790835,999
2024-09-17 10:58:20.694,415.7399741684658,7
2024-09-17 10:58:20.706,415.76673714777183,999
2024-09-17 10:58:20.772,415.7518980664828,103
2024-09-17 10:58:20.814,415.7784663388429,998
2024-09-17 10:58:20.828,415.7606685109291,12
2024-09-17 10:58:20.846,415.7523189627475,101
2024-09-17 10:58:20.878,415.76026425206095,98
2024-09-17 10:58:20.882,415.7423182547671,98
2024-09-17 10:58:20.885,415.7625519291911,101
2024-09-17 10:58:20.914,415.7748020356909,999
2024-09-17 10:58:20.987,415.7305916834173,1001
2024-09-17 10:58:21.012,415.7815766351116,95
2024-09-17 10:58:21.033,415.7486683604737,99
2024-09-17 10:58:21.064,415.74723653651785,1002
2024-09-17 10:58:21.106,415.8603433907136,1001
2024-09-17 10:58:21.127,415.76635600822846,9
2024-09-17 10:58:21.171,415.8432327462046,13
2024-09-17 10:58:21.590,415.8549439073939,1001
2024-09-17 10:58:21.660,415.8041937200641,8
2024-09-17 10:58:21.673,415.7836605305778,999
2024-09-17 10:58:21.719,415.7825338964941,14
2024-09-17 10:58:21.744,415.8687143200399,10
2024-09-17 10:58:21.767,415.838480251776,100
2024-09-17 10:58:21.777,415.8239825217608,1005
2024-09-17 10:58:21.872,415.7507205627356,999
2024-09-17 10:58:21.974,415.8322312551633,15
2024-09-17 10:58:21.996,415.75516719861207,996
2024-09-17 10:58:22.006,415.80110203387744,102
2024-09-17 10:58:22.063,415.80309537407686,996
2024-09-17 10:58:22.065,415.8013676712311,1004
2024-09-17 10:58:22.067,415.8620943686027,1002
2024-09-17 10:58:22.068,415.8199243033197,104
2024-09-17 10:58:22.124,415.8625106724562,101
2024-09-17 10:58:22.227,415.8354262173957,101
2024-09-17 10:58:22.304,415.826110027245,95
2024-09-17 10:58:22.331,415.8537326196,95
2024-09-17 10:58:22.334,415.8649473014344,997
2024-09-17 10:58:22.345,415.8657451283309,1002
2024-09-17 10:58:22.362,415.867934526891,6
2024-09-17 10:58:22.399,415.8363305550506,995
2024-09-17 10:58:22.445,415.8150307896887,997
2024-09-17 10:58:22.564,415.8681742605943,7
2024-09-17 10:58:22.609,415.8730952601728,996
2024-09-17 10:58:22.765,415.852174203519,11
2024-09-17 10:58:22.854,415.8008166932116,1003
2024-09-17 10:58:22.875,415.8288964589981,104
2024-09-17 10:58:22.919,415.8029740719724,95
2024-09-17 10:58:22.930,415.87753459784494,12
2024-09-17 10:58:22.953,415.8553524731407,1005
2024-09-17 10:58:22.962,415.8501490246725,997
2024-09-17 10:58:23.115,415.7483243692223,5
2024-09-17 10:58:23.141,415.7456865868358,999
2024-09-17 10:58:23.186,415.7317739904,8
2024-09-17 10:58:23.271,415.724898882971,999
2024-09-17 10:58:23.310,415.7671485575318,95
2024-09-17 10:58:23.420,415.7267376481834,9
2024-09-17 10:58:23.424,415.7895428089851,99
2024-09-17 10:58:23.476,415.7577925481179,7
2024-09-17 10:58:23.557,415.7562261948665,97
2024-09-17 10:58:23.658,,12
2024-09-17 10:58:23.676,415.7351849350828,997
2024-09-17 10:58:23.781,415.7423734391071,14
2024-09-17 10:58:25.048,415.7666762375232,101
2024-09-17 10:58:25.325,415.72938438519753,998
2024-09-17 10:58:25.336,415.7325677656563,101
2024-09-17 10:58:25.765,415.7730858312188,9
2024-09-17 10:58:25.808,415.7515060464564,104
2024-09-17 10:58:25.831,415.7452487517782,12
2024-09-17 10:58:25.857,415.77245300916223,14
2024-09-17 10:58:25.864,415.79491005131774,1001
2024-09-17 10:58:26.038,415.7760581576032,96
2024-09-17 10:58:26.282,415.8133917854916,1001
2024-09-17 10:58:26.337,415.8072495841731,8
2024-09-17 10:58:26.628,415.8058491687447,99
2024-09-17 10:58:26.956,415.7778946714493,100
2024-09-17 10:58:27.511,415.7842482358356,101
2024-09-17 10:58:27.648,415.8163551018922,103
2024-09-17 10:58:27.758,415.8120896443424,95
2024-09-17 10:58:27.897,415.8156060878714,5
2024-09-17 10:58:28.068,415.8520616778549,98
2024-09-17 10:58:28.082,415.8131582463086,103
2024-09-17 10:58:28.096,415.8351635075565,97
2024-09-17 10:58:28.365,415.7798527759095,13
2024-09-17 10:58:28.591,415.8224291601592,96
2024-09-17 10:58:28.628,415.8339855478668,102
2024-09-17 10:58:28.767,415.8026435004278,12
2024-09-17 10:58:28.854,415.80993284832505,1003
2024-09-17 10:58:28.858,,96
2024-09-17 10:58:28.888,415.78304882206135,15
2024-09-17 10:58:28.933,415.79651728355816,95
2024-09-17 10:58:29.013,415.8320271875279,998
2024-09-17 10:58:29.124,415.8512364440384,998
2024-09-17 10:58:29.125,415.8533269645214,1005
2024-09-17 10:58:29.142,415.8142568746612,102
2024-09-17 10:58:29.151,415.8171805230687,1000
2024-09-17 10:58:29.164,415.7923000265414,99
2024-09-17 10:58:29.165,415.8620287049568,1003
2024-09-17 10:58:29.227,415.8111039254912,15
2024-09-17 10:58:29.235,415.8179346434596,1004
2024-09-17 10:58:29.274,415.787245411394,99
2024-09-17 10:58:29.316,415.7918092177084,104
2024-09-17 10:58:29.321,415.8266916512697,96
2024-09-17 10:58:29.368,415.835986031596,14
2024-09-17 10:58:29.530,415.7973415888692,998
2024-09-17 10:58:29.538,415.81679397264776,1002
2024-09-17 10:58:29.642,415.8315545564961,96
2024-09-17 10:58:29.758,415.7846658103982,96
2024-09-17 10:58:29.776,415.8431041188893,1001
2024-09-17 10:58:29.803,415.86358986729726,997
2024-09-17 10:58:29.820,415.8259931526309,12
2024-09-17 10:58:29.850,415.8445183792283,104
2024-09-17 10:58:30.047,415.7942622795196,7
2024-09-17 10:58:30.065,415.7634791269093,1005
2024-09-17 10:58:30.076,415.7885200576563,10
2024-09-17 10:58:30.120,415.8015589793126,104
2024-09-17 10:58:30.191,415.79600849303097,100
2024-09-17 10:58:30.268,415.7423525550917,8
2024-09-17 10:58:30.294,415.7337025526438,98
2024-09-17 10:58:30.405,415.73446942753696,1000
2024-09-17 10:58:30.465,415.78979047976856,10
2024-09-17 10:58:30.477,415.7758037766511,5
2024-09-17 10:58:30.512,415.7778515919265,14
2024-09-17 10:58:30.688,415.7606673953693,1000
2024-09-17 10:58:30.710,415.7695210151552,99
2024-09-17 10:58:30.790,415.7959050415066,8
2024-09-17 10:58:30.876,415.75745662419456,8
2024-09-17 10:58:31.019,415.7221727193885,995
2024-09-17 10:58:31.039,415.6921005021469,95
2024-09-17 10:58:31.049,415.7027133195956,101
2024-09-17 10:58:31.089,415.70513050768994,14
2024-09-17 10:58:31.119,415.704068097072,105
2024-09-17 10:58:31.302,415.7194394618732,998
2024-09-17 10:58:31.386,415.71580603372325,95
2024-09-17 10:58:31.399,415.7204578869034,13
2024-09-17 10:58:31.411,415.7194082715146,997
2024-09-17 10:58:31.428,415.7194547462647,98
2024-09-17 10:58:31.512,415.732957433992,1002
2024-09-17 10:58:31.539,41.56910470379675,13
2024-09-17 10:58:31.604,415.727843138704,1002
2024-09-17 10:58:31.624,415.7424229629744,995
2024-09-17 10:58:31.636,415.7312272205185,1004
2024-09-17 10:58:31.687,415.717830724214,99
2024-09-17 10:58:31.767,415.7313701268179,996
2024-09-17 10:58:31.796,415.748046283995,998
2024-09-17 10:58:31.881,415.7381295821283,105
2024-09-17 10:58:31.934,415.7158003561851,995
2024-09-17 10:58:31.948,415.73342344799096,15
2024-09-17 10:58:31.985,415.7166982763431,996
2024-09-17 10:58:31.988,415.74132501778894,1001
2024-09-17 10:58:32.176,415.7096438260228,1005
2024-09-17 10:58:32.206,415.706211420597,1003
2024-09-17 10:58:32.268,415.7441014598341,11
2024-09-17 10:58:32.317,415.7156101123881,1003
2024-09-17 10:58:32.425,415.7428680005082,8
2024-09-17 10:58:32.466,415.6928571088322,103
2024-09-17 10:58:32.497,415.6926656004182,96
2024-09-17 10:58:32.500,415.67550402599136,7
2024-09-17 10:58:32.519,415.6499669561928,9
2024-09-17 10:58:32.587,415.6606444488469,105
2024-09-17 10:58:32.684,415.6472985775537,7
2024-09-17 10:58:32.690,415.65207161226,1005
2024-09-17 10:58:32.711,415.72268263601086,98
2024-09-17 10:58:32.730,415.6880725000475,99
2024-09-17 10:58:32.773,415.6630717392167,1001
2024-09-17 10:58:32.873,415.66252607072994,12
2024-09-17 10:58:32.912,415.7000955692812,105
2024-09-17 10:58:32.964,415.72261425183206,95
2024-09-17 10:58:32.985,415.6488385120676,996
2024-09-17 10:58:33.079,415.6159559593344,95
2024-09-17 10:58:33.130,415.63258497359584,96
2024-09-17 10:58:33.152,415.6129676525192,1001
2024-09-17 10:58:33.154,415.6320793687873,95
2024-09-17 10:58:33.280,415.6094188009376,9
2024-09-17 10:58:33.303,415.61650749269313,11
2024-09-17 10:58:33.388,415.63310001415823,100
2024-09-17 10:58:33.396,415.6396115433676,15
2024-09-17 10:58:33.397,415.6171374847979,14
2024-09-17 10:58:33.440,415.6278911904181,98
2024-09-17 10:58:33.570,415.6522872734791,11
2024-09-17 10:58:33.576,415.6339459880384,105
2024-09-17 10:58:33.613,415.630422801945,1003
2024-09-17 10:58:33.675,415.6092061006729,104
2024-09-17 10:58:33.684,415.608396257634,998
2024-09-17 10:58:33.714,415.60905876948254,6
2024-09-17 10:58:33.758,415.62522788125966,1002
2024-09-17 10:58:33.801,415.64904914573134,14
2024-09-17 10:58:33.823,415.6071420144042,105
2024-09-17 10:58:33.826,415.63967140936296,995
2024-09-17 10:58:33.963,415.6376586483812,103
2024-09-17 10:58:34.017,415.6158656553978,14
2024-09-17 10:58:34.030,415.6368179281846,99
2024-09-17 10:58:34.048,415.5931036370081,995
2024-09-17 10:58:34.112,415.6329640283253,104
2024-09-17 10:58:34.163,415.6382635256091,14
2024-09-17 10:58:34.164,415.6065198047755,1002
2024-09-17 10:58:34.334,415.6338653343289,1004
2024-09-17 10:58:34.412,415.6438634863302,95
2024-09-17 10:58:34.457,415.606000817446,12
2024-09-17 10:58:34.604,415.6101399606428,15
2024-09-17 10:58:34.841,415.63028072678463,6
2024-09-17 10:58:34.921,415.6110302340056,7
2024-09-17 10:58:34.964,415.6046330837403,11
2024-09-17 10:58:35.050,415.6025981548994,996
2024-09-17 10:58:35.172,415.61473663738855,5
2024-09-17 10:58:35.319,415.6076411639792,7
2024-09-17 10:58:35.385,415.6094993484577,995
2024-09-17 10:58:35.391,415.6474290126773,1005
2024-09-17 10:58:35.392,415.6356063653317,104
2024-09-17 10:58:35.427,415.63673250914536,102
2024-09-17 10:58:35.723,415.6255092109263,999
2024-09-17 10:58:35.834,415.627323965003,100
2024-09-17 10:58:36.000,415.5611614816115,996
2024-09-17 10:58:36.021,415.601608478402,11
2024-09-17 10:58:36.109,415.5695830887527,15
2024-09-17 10:58:36.173,415.5806720846485,13
2024-09-17 10:58:36.247,415.5858885660506,1003
2024-09-17 10:58:36.250,415.53140132116266,100
2024-09-17 10:58:36.308,415.5918714230788,6
2024-09-17 10:58:36.546,415.5830841586919,104
2024-09-17 10:58:36.652,415.5742518013282,95
2024-09-17 10:58:36.699,415.5606945776544,999
2024-09-17 10:58:36.720,415.6226000011482,997
2024-09-17 10:58:36.772,415.5449016375493,99
2024-09-17 10:58:36.800,415.5610568164839,103
2024-09-17 10:58:36.807,415.62288362204544,9
2024-09-17 10:58:36.892,415.54423528075085,95
2024-09-17 10:58:36.972,415.5608487710299,95
2024-09-17 10:58:36.974,415.6068168952777,97
2024-09-17 10:58:36.994,415.5900604073444,104
2024-09-17 10:58:37.075,415.6509525253339,998
2024-09-17 10:58:37.187,415.6429871025601,11
2024-09-17 10:58:37.202,415.57554283876345,14
2024-09-17 10:58:37.253,415.6373646748574,5
2024-09-17 10:58:37.256,415.6423545928748,7
2024-09-17 10:58:37.276,415.6557765240413,999
2024-09-17 10:58:37.282,415.59651036530687,13
2024-09-17 10:58:37.308,415.6625808163479,995
2024-09-17 10:58:37.376,415.6523778577137,101
2024-09-17 10:58:37.393,415.6302953125862,11
2024-09-17 10:58:37.476,415.61917309859285,8
2024-09-17 10:58:37.484,415.6450739646256,14
2024-09-17 10:58:37.538,415.5660683174622,105
2024-09-17 10:58:37.576,415.5835364815887,7
2024-09-17 10:58:37.661,415.5658956099576,101
2024-09-17 10:58:37.680,415.6324331215597,100
2024-09-17 10:58:37.699,415.6042141707907,12
2024-09-17 10:58:37.756,415.6540820657345,104
2024-09-17 10:58:37.795,415.6475898395792,1000
2024-09-17 10:58:37.801,,13
2024-09-17 10:58:37.817,415.5966049837747,102
2024-09-17 10:58:37.821,415.6263959024967,1004
2024-09-17 10:58:38.581,415.6698843946958,14
2024-09-17 10:58:39.029,415.7169252781101,14
2024-09-17 10:58:39.033,415.7003715363599,96
2024-09-17 10:58:39.035,415.68395023609577,997
2024-09-17 10:58:39.063,415.68136704714857,995
2024-09-17 10:58:39.069,415.67037606578975,995
2024-09-17 10:58:39.088,415.7019476835139,96
2024-09-17 10:58:39.095,415.7098037467029,1005
2024-09-17 10:58:39.105,415.68670330550566,997
2024-09-17 10:58:39.144,415.7144241564777,995
2024-09-17 10:58:39.154,415.7057589313005,15
2024-09-17 10:58:39.186,415.6921773544564,6
2024-09-17 10:58:39.198,415.68691589614855,97
2024-09-17 10:58:39.215,415.6899117068379,99
2024-09-17 10:58:39.291,415.71887982626487,5
2024-09-17 10:58:39.304,415.7037532485952,104
2024-09-17 10:58:39.421,415.6979547081765,96
2024-09-17 10:58:39.444,415.66763209058894,103
2024-09-17 10:58:39.559,415.7048497168258,96
2024-09-17 10:58:39.599,415.6649398908869,1001
2024-09-17 10:58:39.673,415.6797807798716,5
2024-09-17 10:58:39.758,-415.68500297706265,998
2024-09-17 10:58:39.765,415.6678756389964,995
2024-09-17 10:58:39.778,415.7045874563336,995
2024-09-17 10:58:39.887,415.70669086576805,5
2024-09-17 10:58:39.944,415.72219952719183,13
2024-09-17 10:58:39.947,415.6928723813625,100
2024-09-17 10:58:40.406,415.7114183127894,997
2024-09-17 10:58:40.546,415.72355992290295,996
2024-09-17 10:58:40.553,415.7406477776543,11
2024-09-17 10:58:40.632,415.72099212231547,1000
2024-09-17 10:58:40.855,415.7007807827113,999
2024-09-17 10:58:40.913,415.7112111509039,995
2024-09-17 10:58:40.956,415.7305380128146,98
2024-09-17 10:58:41.083,415.75036268321617,98
2024-09-17 10:58:41.280,415.7226106176975,98
2024-09-17 10:58:41.342,415.7279344505493,8
2024-09-17 10:58:41.409,415.719091845384,8
2024-09-17 10:58:41.437,415.7098461720472,95
2024-09-17 10:58:41.505,415.72445748808366,13
2024-09-17 10:58:41.587,415.7064834888286,102
2024-09-17 10:58:41.661,415.744119990846,11
2024-09-17 10:58:41.718,415.6989510621032,14
2024-09-17 10:58:41.889,415.70823902801504,1001
2024-09-17 10:58:41.963,415.7546140005803,1004
2024-09-17 10:58:41.972,415.71432837419457,1003
2024-09-17 10:58:42.104,415.7044384956157,101
2024-09-17 10:58:42.423,415.67853595168543,995
2024-09-17 10:58:42.435,415.6923487323493,104
2024-09-17 10:58:42.618,415.6968108426529,15
2024-09-17 10:58:42.705,415.7096571104073,997
2024-09-17 10:58:42.964,415.69437183677456,1005
2024-09-17 10:58:43.026,415.6104526728552,101
2024-09-17 10:58:43.162,415.585634107516,7
2024-09-17 10:58:43.184,415.5607955060783,5
2024-09-17 10:58:43.309,415.5713221514667,6
2024-09-17 10:58:43.329,415.5842173761972,11
2024-09-17 10:58:43.526,415.6711182387508,102
2024-09-17 10:58:43.545,415.53514987494304,1002
2024-09-17 10:58:43.741,415.6200205346441,1005
2024-09-17 10:58:43.779,415.6370612518331,999
2024-09-17 10:58:43.812,415.5158191137627,996
2024-09-17 10:58:44.024,415.566020465973,98
2024-09-17 10:58:44.100,415.5345693483375,100
2024-09-17 10:58:44.163,415.5044369111401,6
2024-09-17 10:58:44.171,415.5381517413301,9
2024-09-17 10:58:44.188,415.4645835057218,1005
2024-09-17 10:58:44.195,415.5019069210198,1003
2024-09-17 10:58:44.207,415.5364156598931,13
2024-09-17 10:58:44.248,415.5627995858551,997
2024-09-17 10:58:44.288,415.4787935673886,1000
2024-09-17 10:58:44.384,415.4896640995824,102
2024-09-17 10:58:44.386,415.54375143656927,103
2024-09-17 10:58:44.403,415.5120036322193,12
2024-09-17 10:58:44.412,415.5406471791021,97
2024-09-17 10:58:44.425,415.5234961019136,1000
2024-09-17 10:58:44.433,415.5587930074244,15
2024-09-17 10:58:44.452,415.5634260397948,6
2024-09-17 10:58:44.477,415.511361564177,13
2024-09-17 10:58:44.483,415.4738745983957,1001
2024-09-17 10:58:44.527,415.5370305919666,98
2024-09-17 10:58:44.541,415.4771784059898,15
2024-09-17 10:58:44.657,415.48534044631526,999
2024-09-17 10:58:44.708,415.4549281380399,98
2024-09-17 10:58:44.711,415.5583373225337,102
2024-09-17 10:58:44.794,415.487535828917,11
2024-09-17 10:58:44.821,415.4803356062823,15
2024-09-17 10:58:44.840,415.4778033347175,9
2024-09-17 10:58:44.930,415.5232351491686,97
2024-09-17 10:58:45.112,415.51426652005085,97
2024-09-17 10:58:45.128,415.54481938615504,15
2024-09-17 10:58:45.337,415.53575222792153,10
2024-09-17 10:58:45.382,415.5040955368989,103
2024-09-17 10:58:45.482,415.4922280320038,11
2024-09-17 10:58:45.501,415.5047043157586,1002
2024-09-17 10:58:45.784,415.5253903432312,8
2024-09-17 10:58:46.183,415.5280233362716,104
2024-09-17 10:58:46.203,415.54153089208336,995
2024-09-17 10:58:46.214,415.5588678713667,996
2024-09-17 10:58:46.331,415.5428417927079,996
2024-09-17 10:58:46.409,415.5571381565596,95
2024-09-17 10:58:46.494,415.5357797569376,1003
2024-09-17 10:58:46.542,415.5504768441808,96
2024-09-17 10:58:46.595,415.543061424657,102
2024-09-17 10:58:46.670,415.5257112155188,102
2024-09-17 10:58:46.732,415.5525647161063,15
2024-09-17 10:58:46.739,415.5429750032711,995
2024-09-17 10:58:46.779,415.5390548492709,1004
2024-09-17 10:58:46.928,415.5584811164352,1001
2024-09-17 10:58:46.945,415.55228527041294,1002
2024-09-17 10:58:46.971,415.54898159268674,102
2024-09-17 10:58:47.067,415.5687355592897,999
2024-09-17 10:58:47.343,415.5546192133724,104
2024-09-17 10:58:47.367,415.54783786431307,1002
2024-09-17 10:58:47.424,415.557509766261,1005
2024-09-17 10:58:47.470,,95
2024-09-17 10:58:47.607,415.5656865159177,995
2024-09-17 10:58:47.619,415.5493193441057,97
2024-09-17 10:58:47.623,415.5402306596873,15
2024-09-17 10:58:47.650,415.5509833457363,15
2024-09-17 10:58:47.663,415.5307474800784,95
2024-09-17 10:58:47.680,415.5508943804626,1004
2024-09-17 10:58:47.759,415.51904568309016,1002
2024-09-17 10:58:47.781,415.5315240229841,99
2024-09-17 10:58:47.797,415.5525284502002,105
2024-09-17 10:58:47.823,415.5337315023287,104
2024-09-17 10:58:47.830,415.5479507485134,103
2024-09-17 10:58:47.870,415.5482552032,12
2024-09-17 10:58:48.035,415.6168277308822,102
2024-09-17 10:58:48.126,415.5964715424904,104
2024-09-17 10:58:48.329,415.5590260746594,13
2024-09-17 10:58:48.357,415.56319190348233,1002
2024-09-17 10:58:48.369,415.56652977371454,1005
2024-09-17 10:58:48.391,415.5689692700553,100
2024-09-17 10:58:48.439,415.5714727700521,8
2024-09-17 10:58:48.519,415.5818643997325,10
2024-09-17 10:58:48.556,415.5745253357601,6
2024-09-17 10:58:48.562,415.5571154465094,1004
2024-09-17 10:58:48.606,415.5670461572291,105
2024-09-17 10:58:48.636,415.57229435306834,7
2024-09-17 10:58:48.693,415.5722783332778,1000
2024-09-17 10:58:48.736,415.59570718920537,100
2024-09-17 10:58:48.757,415.5587206069412,7
2024-09-17 10:58:48.772,415.57216614590914,97
2024-09-17 10:58:48.932,415.5867922487094,96
2024-09-17 10:58:48.944,415.6187311033794,101
2024-09-17 10:58:49.043,415.6252614807751,996
2024-09-17 10:58:49.061,415.5857714652673,97
2024-09-17 10:58:49.073,415.59848528705936,13
2024-09-17 10:58:49.074,415.6170954864764,1004
2024-09-17 10:58:49.086,415.6047234047781,1002
2024-09-17 10:58:49.110,415.5991820622922,13
2024-09-17 10:58:49.221,415.5806291596797,98
2024-09-17 10:58:49.299,415.6171960815117,15
2024-09-17 10:58:49.371,415.6130887216419,102
2024-09-17 10:58:49.441,415.6173522779699,1002
2024-09-17 10:58:49.477,415.63010435693695,10
2024-09-17 10:58:49.500,415.62204004952696,102
2024-09-17 10:58:49.567,415.5726047599665,1000
2024-09-17 10:58:49.665,415.5916711225251,9
2024-09-17 10:58:49.695,415.6313574208076,9
2024-09-17 10:58:49.716,415.5880255781116,98
2024-09-17 10:58:49.734,415.63774263283824,6
2024-09-17 10:58:49.738,415.5996078721086,8
2024-09-17 10:58:49.765,415.6200194906901,12
2024-09-17 10:58:49.780,415.6266854184435,1003
2024-09-17 10:58:49.810,415.573315099464,5
2024-09-17 10:58:49.857,415.58967488903096,9
2024-09-17 10:58:49.916,415.6072837231425,10
2024-09-17 10:58:49.921,415.62419425392704,10
2024-09-17 10:58:49.928,415.5950463753632,101
2024-09-17 10:58:49.950,415.5985589975631,100
2024-09-17 10:58:49.973,415.5937904082179,8
2024-09-17 10:58:50.048,415.6304258136105,996
2024-09-17 10:58:50.946,415.60943501263097,96
2024-09-17 10:58:50.954,415.6140119439743,10
2024-09-17 10:58:51.029,415.6183279635068,95
2024-09-17 10:58:51.074,415.6172222123564,12
2024-09-17 10:58:51.117,415.6062222078468,8
2024-09-17 10:58:51.139,415.6316596520076,997
2024-09-17 10:58:51.142,415.62952317679,8
2024-09-17 10:58:51.144,415.6150222471456,97
2024-09-17 10:58:51.151,415.6138610023834,15
2024-09-17 10:58:51.154,415.6272541087406,15
2024-09-17 10:58:51.160,415.6330479906149,1001
2024-09-17 10:58:51.270,415.6172766875749,98
2024-09-17 10:58:51.350,415.62303576437296,996
2024-09-17 10:58:51.433,415.6259235396967,104
2024-09-17 10:58:51.452,415.6120708407498,1001
2024-09-17 10:58:51.479,415.6186061296052,1000
2024-09-17 10:58:51.503,415.54715740907983,1002
2024-09-17 10:58:51.506,415.6230333545756,102
2024-09-17 10:58:51.524,415.58193877364,1000
2024-09-17 10:58:51.528,415.61318324490605,15
2024-09-17 10:58:51.546,415.5736125489289,99
2024-09-17 10:58:51.569,415.6261528085245,97
2024-09-17 10:58:51.585,415.6163973462265,5
2024-09-17 10:58:51.616,415.6363743077606,8
2024-09-17 10:58:51.717,415.5946313148316,95
2024-09-17 10:58:51.738,415.62189919805456,995
2024-09-17 10:58:51.847,415.6508836573365,15
2024-09-17 10:58:51.931,415.6332237442639,6
2024-09-17 10:58:51.951,415.60712748700365,9
2024-09-17 10:58:52.013,415.5194791852579,1000
2024-09-17 10:58:52.055,415.4691989312741,103
2024-09-17 10:58:52.134,415.51439768738777,10
2024-09-17 10:58:52.144,415.51252056239207,104
2024-09-17 10:58:52.151,415.5002171142984,11
2024-09-17 10:58:52.172,-415.5269673336345,10
2024-09-17 10:58:52.411,415.5257525083744,996
2024-09-17 10:58:52.475,415.4700704166886,1005
2024-09-17 10:58:52.491,415.5319424609703,13
2024-09-17 10:58:52.529,415.5382812170712,10
2024-09-17 10:58:52.557,415.5004233588238,998
2024-09-17 10:58:52.599,415.5219885905725,10
2024-09-17 10:58:52.641,415.4609063343656,1001
2024-09-17 10:58:52.662,415.5176123442154,1001
2024-09-17 10:58:52.713,415.5197293363888,96
2024-09-17 10:58:52.735,415.4625264157335,97
2024-09-17 10:58:52.737,415.5307444149523,99
2024-09-17 10:58:52.793,415.512587467481,12
2024-09-17 10:58:52.803,415.52511921751375,998
2024-09-17 10:58:52.876,415.4870726583635,102
2024-09-17 10:58:52.902,415.4759180584721,103
2024-09-17 10:58:52.984,415.4604333149752,999
2024-09-17 10:58:53.171,415.3982345882152,995
2024-09-17 10:58:53.243,415.396741378731,7
2024-09-17 10:58:53.246,415.4100848774116,105
2024-09-17 10:58:53.269,415.42074931322105,999
2024-09-17 10:58:53.270,415.4053436906657,997
2024-09-17 10:58:53.271,415.4146901014961,10
2024-09-17 10:58:53.290,415.4255200650822,11
2024-09-17 10:58:53.315,415.4594441822669,998
2024-09-17 10:58:53.317,415.397027989155,9
2024-09-17 10:58:53.358,415.42662236670833,998
2024-09-17 10:58:53.358,41.54193265987675,1001
2024-09-17 10:58:53.414,415.4594483434609,104
2024-09-17 10:58:53.447,415.45020375350526,997
2024-09-17 10:58:53.454,415.40164009292494,6
2024-09-17 10:58:53.507,415.426054086493,1004
2024-09-17 10:58:53.532,415.43721404196873,97
2024-09-17 10:58:53.573,415.4187806844505,5
2024-09-17 10:58:53.629,415.408179444545,10
2024-09-17 10:58:53.663,415.43526407679775,999
2024-09-17 10:58:53.679,415.3990875797748,102
2024-09-17 10:58:53.702,415.4539398616333,996
2024-09-17 10:58:53.738,415.4563522521599,14
2024-09-17 10:58:53.742,415.4432332907904,98
2024-09-17 10:58:53.901,415.385407461579,995
2024-09-17 10:58:53.925,415.4015705196829,1002
2024-09-17 10:58:53.929,415.4336350471448,105
2024-09-17 10:58:53.964,415.4066469492584,1004
2024-09-17 10:58:54.297,415.4353270921351,103
2024-09-17 10:58:54.347,415.458364610914,6
2024-09-17 10:58:54.372,415.4292436655162,1002
2024-09-17 10:58:54.385,415.4116993273467,14
2024-09-17 10:58:54.545,415.4231720132426,105
2024-09-17 10:58:54.548,415.47327540729606,102
2024-09-17 10:58:54.636,415.4468529108886,8
2024-09-17 10:58:54.655,415.4126836552996,97
2024-09-17 10:58:54.912,415.4378883400279,12
2024-09-17 10:58:54.949,415.4825723278539,999
2024-09-17 10:58:54.983,415.4220245125825,1003
2024-09-17 10:58:55.204,415.4396105005964,13
2024-09-17 10:58:55.250,415.4495508207637,13
2024-09-17 10:58:55.375,415.419962762292,11
2024-09-17 10:58:55.393,415.4489694236696,7
2024-09-17 10:58:55.469,415.4270397140148,13
2024-09-17 10:58:55.524,415.4453536313935,97
2024-09-17 10:58:55.672,415.4347374204248,105
2024-09-17 10:58:55.711,415.4276848453699,1002
2024-09-17 10:58:55.794,415.4301727352032,100
2024-09-17 10:58:55.837,415.45922104309926,1005
2024-09-17 10:58:55.893,415.43136108220233,1004
2024-09-17 10:58:55.893,415.4265334412286,102
2024-09-17 10:58:55.946,415.41238091349146,13
2024-09-17 10:58:55.960,-415.4171128691317,13
2024-09-17 10:58:55.970,415.4576897736031,104
2024-09-17 10:58:56.000,415.4741942773404,997
2024-09-17 10:58:56.053,415.4465148853795,9
2024-09-17 10:58:56.164,415.4511791489408,996
2024-09-17 10:58:56.168,415.4635742599452,1005
2024-09-17 10:58:56.206,415.49347971165065,98
2024-09-17 10:58:56.265,415.4440869788839,998
2024-09-17 10:58:56.281,415.46061509669113,97
2024-09-17 10:58:56.292,415.4886168217616,99
2024-09-17 10:58:56.430,415.44377584893954,96
2024-09-17 10:58:56.540,415.4527732365313,97
2024-09-17 10:58:56.606,415.4638368908984,95
2024-09-17 10:58:56.611,415.4709041862977,9
2024-09-17 10:58:56.658,41.546340808210594,102
2024-09-17 10:58:56.661,415.4757016682309,8
2024-09-17 10:58:56.691,415.4300131066894,95
2024-09-17 10:58:56.766,41.54577061285006,97
2024-09-17 10:58:56.817,415.5037407165984,1000
2024-09-17 10:58:56.886,415.46593306723247,1000
2024-09-17 10:58:56.924,415.4381213228074,10
2024-09-17 10:58:57.115,415.4592501927581,1001
2024-09-17 10:58:57.116,415.5589032210273,8
2024-09-17 10:58:57.119,415.5781173058693,999
2024-09-17 10:58:57.126,415.5473444617464,1000
2024-09-17 10:58:57.209,415.5756261435805,1003
2024-09-17 10:58:57.214,415.51402036665775,1002
2024-09-17 10:58:57.447,415.4734288619029,100
2024-09-17 10:58:57.453,415.4929487216895,99
2024-09-17 10:58:57.462,415.563030654627,12
2024-09-17 10:58:57.497,415.4618242614515,105
2024-09-17 10:58:57.502,415.44900652001184,95
2024-09-17 10:58:57.557,415.5741906909778,1004
2024-09-17 10:58:57.562,415.571055215278,12
2024-09-17 10:58:57.670,415.4779096873356,1005
2024-09-17 10:58:57.688,415.5662393100517,99
2024-09-17 10:58:57.728,415.5829584470091,8
2024-09-17 10:58:57.744,415.4945051877023,995
2024-09-17 10:58:57.768,415.4827546428973,14
2024-09-17 10:58:57.804,415.4603784723384,97
2024-09-17 10:58:57.842,415.50769810123705,6
2024-09-17 10:58:57.931,415.51964850577787,10
2024-09-17 10:58:58.011,415.635944644658,98
2024-09-17 10:58:58.029,415.5776390570396,99
2024-09-17 10:58:58.055,415.6259775811103,1001
2024-09-17 10:58:58.147,415.5818869238554,98
2024-09-17 10:58:58.150,415.5733847321384,12
2024-09-17 10:58:58.270,415.6411784825722,999
2024-09-17 10:58:58.314,415.6232592015807,105
2024-09-17 10:58:58.401,415.5934081422992,8
2024-09-17 10:58:58.451,415.5540294796394,1003
2024-09-17 10:58:58.457,415.6273465399679,7
2024-09-17 10:58:58.479,415.5991104510151,1002
2024-09-17 10:58:58.501,415.6120727136682,105
2024-09-17 10:58:58.553,415.5794196942459,1000
2024-09-17 10:58:58.585,415.5552138831254,8
2024-09-17 10:58:58.804,415.6324458852668,1004
2024-09-17 10:58:58.945,415.58311360845465,995
2024-09-17 10:58:59.208,415.6342024834759,1002
2024-09-17 10:58:59.707,415.6444893123209,97
2024-09-17 10:58:59.724,415.6351066567415,10
