Timestamp,Price,Size
2024-09-18 13:54:00.025,415.1907336182222,105
2024-09-18 13:54:00.033,415.1718002495176,998
2024-09-18 13:54:00.070,415.19415721198766,96
2024-09-18 13:54:00.113,415.1729356864065,105
2024-09-18 13:54:00.116,415.1764300431432,97
2024-09-18 13:54:00.127,415.2065217507405,95
2024-09-18 13:54:00.185,415.1804094881559,1005
2024-09-18 13:54:00.322,415.1936064335669,1005
2024-09-18 13:54:00.392,415.1953542957268,100
2024-09-18 13:54:00.424,415.2124268931564,13
2024-09-18 13:54:00.512,415.2106492900427,13
2024-09-18 13:54:00.529,415.2084918997448,1003
2024-09-18 13:54:00.533,415.1686681240324,5
2024-09-18 13:54:00.557,415.18100241203706,99
2024-09-18 13:54:00.616,415.1871264448836,104
2024-09-18 13:54:00.652,415.1717097297494,104
2024-09-18 13:54:00.665,-415.17991368503056,5
2024-09-18 13:54:00.721,415.1929037655976,104
2024-09-18 13:54:00.724,415.17340182314456,103
2024-09-18 13:54:00.729,415.1949348646455,6
2024-09-18 13:54:00.756,415.1816356714096,95
2024-09-18 13:54:00.781,415.20157032285454,8
2024-09-18 13:54:00.869,415.1968524458293,997
2024-09-18 13:54:00.927,415.1888533944749,996
2024-09-18 13:54:00.972,415.21949016160943,14
2024-09-18 13:54:00.994,415.1888178785852,7
2024-09-18 13:54:01.145,415.1797773815312,995
2024-09-18 13:54:01.197,415.157071608406,1003
2024-09-18 13:54:01.203,415.180656242986,9
2024-09-18 13:54:01.231,415.1521295384494,7
2024-09-18 13:54:01.255,415.1352429483998,5
2024-09-18 13:54:01.286,415.1750377447522,105
2024-09-18 13:54:01.314,415.1326660217954,1000
2024-09-18 13:54:01.340,415.11184001239553,998
2024-09-18 13:54:01.341,415.1822879561337,104
2024-09-18 13:54:01.350,415.1961260113361,1002
2024-09-18 13:54:01.460,415.10767361119343,102
2024-09-18 13:54:01.465,415.18536134912506,12
2024-09-18 13:54:01.477,415.09817979154553,97
2024-09-18 13:54:01.513,415.1327985040672,101
2024-09-18 13:54:01.611,415.1367700297512,8
2024-09-18 13:54:01.627,415.1196034110536,998
2024-09-18 13:54:01.689,415.1491401953174,104
2024-09-18 13:54:01.693,415.1494151788472,1004
2024-09-18 13:54:01.709,415.17694025746135,15
2024-09-18 13:54:01.726,415.118670118191,95
2024-09-18 13:54:01.831,415.11539773051805,14
2024-09-18 13:54:01.884,415.1625691975569,1002
2024-09-18 13:54:01.912,415.1279310565243,10
2024-09-18 13:54:01.941,415.10619987945023,12
2024-09-18 13:54:02.087,415.2496116069033,98
2024-09-18 13:54:02.103,415.136304681387,96
2024-09-18 13:54:02.107,415.12865826971046,995
2024-09-18 13:54:02.124,415.2358664698676,996
2024-09-18 13:54:02.127,415.2474028968924,6
2024-09-18 13:54:02.153,415.1854505029946,98
2024-09-18 13:54:02.222,415.2177801108688,101
2024-09-18 13:54:02.253,415.1168218599158,9
2024-09-18 13:54:02.372,415.1375231490824,9
2024-09-18 13:54:02.386,415.15855793495984,5
2024-09-18 13:54:02.413,415.2313000719189,95
2024-09-18 13:54:02.427,415.23864795085575,10
2024-09-18 13:54:02.457,415.1557965679691,104
2024-09-18 13:54:02.470,415.144455123263,1000
2024-09-18 13:54:02.521,415.1603777442828,15
2024-09-18 13:54:02.552,415.2477933401348,102
2024-09-18 13:54:02.628,415.240098406484,999
2024-09-18 13:54:02.657,415.2514388430589,98
2024-09-18 13:54:02.680,415.14637259570014,12
2024-09-18 13:54:02.716,415.23425226485824,996
2024-09-18 13:54:02.796,415.1491492282356,97
2024-09-18 13:54:02.818,415.1898235287589,98
2024-09-18 13:54:02.907,415.1303395235904,11
2024-09-18 13:54:02.960,415.15809363877446,998
2024-09-18 13:54:02.970,415.1614895971904,101
2024-09-18 13:54:02.982,415.2576449250711,102
2024-09-18 13:54:03.082,415.3192734917651,7
2024-09-18 13:54:03.095,415.2784669407362,100
2024-09-18 13:54:03.210,-415.23461317542507,101
2024-09-18 13:54:03.220,415.2793688188873,14
2024-09-18 13:54:03.278,415.3317139287705,5
2024-09-18 13:54:03.328,415.2312491495256,1001
2024-09-18 13:54:03.339,415.2479852489032,1001
2024-09-18 13:54:03.343,415.2530043249549,1004
2024-09-18 13:54:03.400,415.3214629243548,14
2024-09-18 13:54:03.417,415.25411925384464,103
2024-09-18 13:54:03.520,415.3467301622435,98
2024-09-18 13:54:03.671,415.279361129906,12
2024-09-18 13:54:03.686,415.2967762788308,10
2024-09-18 13:54:03.695,415.3303617530072,103
2024-09-18 13:54:03.774,415.3326776696359,103
2024-09-18 13:54:03.858,415.3387381425223,1002
2024-09-18 13:54:03.916,415.3423160186508,5
2024-09-18 13:54:03.948,415.2532562107593,100
2024-09-18 13:54:04.004,415.33175676356313,11
2024-09-18 13:54:04.008,415.3319680894699,998
2024-09-18 13:54:04.068,415.327630492857,103
2024-09-18 13:54:04.073,415.31580233429287,95
2024-09-18 13:54:04.110,415.3356141692349,9
2024-09-18 13:54:04.163,415.330202728055,1000
2024-09-18 13:54:04.289,415.3257573719818,1000
2024-09-18 13:54:04.328,415.2966642534389,997
2024-09-18 13:54:04.333,415.31318752703794,6
2024-09-18 13:54:04.354,415.3267953304182,101
2024-09-18 13:54:04.367,415.3023356195378,95
2024-09-18 13:54:04.438,415.34719161793896,98
2024-09-18 13:54:04.453,415.3446909251944,997
2024-09-18 13:54:04.454,415.35704884175794,15
2024-09-18 13:54:04.579,415.3583582869687,105
2024-09-18 13:54:04.597,415.3022120361194,5
2024-09-18 13:54:04.648,415.3187147335357,995
2024-09-18 13:54:04.744,415.2852318621251,102
2024-09-18 13:54:04.853,415.3388499779959,6
2024-09-18 13:54:04.921,415.28586455436033,996
2024-09-18 13:54:04.942,-415.31957337519134,8
2024-09-18 13:54:04.955,415.3435714850499,1000
2024-09-18 13:54:05.248,415.3737667744391,95
2024-09-18 13:54:05.369,415.3930200280232,12
2024-09-18 13:54:05.469,415.3800847562255,1004
2024-09-18 13:54:05.509,415.3956608787239,996
2024-09-18 13:54:05.520,415.3672275244873,1005
2024-09-18 13:54:05.814,415.4057156662994,1002
2024-09-18 13:54:05.930,415.3790296697642,1001
2024-09-18 13:54:06.263,415.44697842137657,8
2024-09-18 13:54:06.272,415.54299726074936,1005
2024-09-18 13:54:06.330,415.5449081728736,98
2024-09-18 13:54:06.540,415.54366192972464,101
2024-09-18 13:54:06.570,415.529868523501,5
2024-09-18 13:54:06.600,415.5185092651794,999
2024-09-18 13:54:06.775,415.5042683402327,99
2024-09-18 13:54:06.816,415.4810544498082,999
2024-09-18 13:54:06.821,415.53605547028087,12
2024-09-18 13:54:06.963,415.5657541935114,105
2024-09-18 13:54:06.981,415.5461669356124,101
2024-09-18 13:54:07.018,415.535706856852,101
2024-09-18 13:54:07.052,415.53494283970167,1002
2024-09-18 13:54:07.089,,12
2024-09-18 13:54:07.718,41.55544448869819,95
2024-09-18 13:54:07.981,415.5441337230542,15
2024-09-18 13:54:08.081,415.6423804905436,995
2024-09-18 13:54:08.124,415.6239198030908,99
2024-09-18 13:54:08.230,415.6311836932226,97
2024-09-18 13:54:08.278,415.5597664003165,7
2024-09-18 13:54:08.286,415.6402164581136,10
2024-09-18 13:54:08.319,415.6517640691139,6
2024-09-18 13:54:08.323,415.5716038600084,5
2024-09-18 13:54:08.409,415.6345571228856,102
2024-09-18 13:54:08.415,415.6373084019619,1004
2024-09-18 13:54:08.514,415.5946212395257,8
2024-09-18 13:54:08.556,415.6074264610575,9
2024-09-18 13:54:08.593,415.6418269313612,1000
2024-09-18 13:54:08.973,415.62793114857607,996
2024-09-18 13:54:09.350,415.5827781821712,10
2024-09-18 13:54:09.527,415.6263661612591,9
2024-09-18 13:54:09.528,415.5635046947748,7
2024-09-18 13:54:09.547,415.5792777172265,6
2024-09-18 13:54:09.602,415.6068380865012,103
2024-09-18 13:54:09.614,415.63765265632486,102
2024-09-18 13:54:09.724,415.5629860767468,104
2024-09-18 13:54:09.726,415.6121197730103,99
2024-09-18 13:54:09.955,415.6234052701474,997
2024-09-18 13:54:10.035,415.5325876801838,99
2024-09-18 13:54:10.058,415.553807561902,8
2024-09-18 13:54:10.096,415.5806735081405,11
2024-09-18 13:54:10.131,415.5577321824339,1005
2024-09-18 13:54:10.149,415.5306958397645,1001
2024-09-18 13:54:10.164,415.52060945756,997
2024-09-18 13:54:10.195,415.567060224114,8
2024-09-18 13:54:10.229,415.5700350421768,9
2024-09-18 13:54:10.279,415.5933070786472,12
2024-09-18 13:54:10.279,415.5228418219604,8
2024-09-18 13:54:10.296,415.5807409956324,101
2024-09-18 13:54:10.404,415.588226242316,5
2024-09-18 13:54:10.441,415.58712686894535,11
2024-09-18 13:54:10.498,415.5591957040411,6
2024-09-18 13:54:10.517,415.5691857951423,102
2024-09-18 13:54:10.536,415.5699333149234,1002
2024-09-18 13:54:10.587,415.5737760343493,12
2024-09-18 13:54:10.614,415.5703368608022,1003
2024-09-18 13:54:10.638,415.5718198914508,7
2024-09-18 13:54:10.644,415.5944237353149,96
2024-09-18 13:54:10.645,415.5768224847573,12
2024-09-18 13:54:10.647,415.57575382810126,6
2024-09-18 13:54:10.795,415.5774110238848,1000
2024-09-18 13:54:10.852,415.57750536922254,997
2024-09-18 13:54:10.864,415.5809879637765,8
2024-09-18 13:54:10.884,415.5867899123772,15
2024-09-18 13:54:10.898,415.5690757269188,10
2024-09-18 13:54:11.109,415.51364894945056,102
2024-09-18 13:54:11.233,415.5069735031525,995
2024-09-18 13:54:11.351,415.50320899288937,7
2024-09-18 13:54:11.362,415.48814412688506,95
2024-09-18 13:54:11.399,415.5126367370052,97
2024-09-18 13:54:11.429,415.517193088966,14
2024-09-18 13:54:11.848,415.5259944190018,1003
2024-09-18 13:54:12.036,415.5259704929576,101
2024-09-18 13:54:12.084,415.545768303082,9
2024-09-18 13:54:12.111,415.532820946672,96
2024-09-18 13:54:12.323,415.5612308149081,102
2024-09-18 13:54:12.364,415.5428392821371,6
2024-09-18 13:54:12.393,415.5597470419748,11
2024-09-18 13:54:12.399,415.5519658120685,101
2024-09-18 13:54:12.487,415.5124540021216,1004
2024-09-18 13:54:12.629,415.55442133503726,996
2024-09-18 13:54:12.682,415.56472589553215,999
2024-09-18 13:54:12.698,415.512645474668,997
2024-09-18 13:54:12.707,415.5336560692103,15
2024-09-18 13:54:12.734,415.5157200479987,96
2024-09-18 13:54:12.872,415.5053441541056,6
2024-09-18 13:54:13.023,415.5731041054682,102
2024-09-18 13:54:13.054,415.5988319172855,999
2024-09-18 13:54:13.081,415.5858654669949,10
2024-09-18 13:54:13.174,415.5702501325399,5
2024-09-18 13:54:13.216,415.56014790556185,105
2024-09-18 13:54:13.289,415.6133349351487,995
2024-09-18 13:54:13.292,415.5867218487425,1005
2024-09-18 13:54:13.313,415.5685008810376,97
2024-09-18 13:54:13.329,415.5677944593376,1004
2024-09-18 13:54:13.365,415.5647744378056,97
2024-09-18 13:54:13.425,415.5850532818742,5
2024-09-18 13:54:13.444,,9
2024-09-18 13:54:13.445,415.5690934142432,12
2024-09-18 13:54:13.480,415.57448074504913,1000
2024-09-18 13:54:13.490,415.56858965625815,10
2024-09-18 13:54:13.528,415.5678200413591,999
2024-09-18 13:54:13.703,415.5927442435123,101
2024-09-18 13:54:13.796,415.5931992671024,98
2024-09-18 13:54:13.813,415.58416899127866,11
2024-09-18 13:54:13.831,415.5890401380568,1005
2024-09-18 13:54:13.850,415.5763308920136,998
2024-09-18 13:54:13.967,415.5652987028405,98
2024-09-18 13:54:13.986,415.5493844371723,95
2024-09-18 13:54:13.991,415.55238464808514,11
2024-09-18 13:54:14.154,415.6031821960879,103
2024-09-18 13:54:14.196,415.5624452954694,11
2024-09-18 13:54:14.197,415.56469987375954,96
2024-09-18 13:54:14.311,415.59766533758784,5
2024-09-18 13:54:14.371,415.616326157801,1002
2024-09-18 13:54:14.476,415.60296856373,102
2024-09-18 13:54:14.646,415.61816575994607,997
2024-09-18 13:54:14.676,415.5873593667805,104
2024-09-18 13:54:14.699,415.5129847667059,12
2024-09-18 13:54:14.747,415.60300989864845,103
2024-09-18 13:54:14.800,415.53362596715874,104
2024-09-18 13:54:14.821,415.6178410361059,14
2024-09-18 13:54:14.825,415.5670426472377,12
2024-09-18 13:54:14.879,415.6206170903527,10
2024-09-18 13:54:14.916,415.59544363176445,10
2024-09-18 13:54:15.016,415.508757453136,7
2024-09-18 13:54:15.648,415.5094684327232,998
2024-09-18 13:54:15.692,415.5068453606921,95
2024-09-18 13:54:15.698,415.5056451935998,7
2024-09-18 13:54:15.753,415.5075083122767,101
2024-09-18 13:54:15.758,415.5154923136344,1001
2024-09-18 13:54:15.826,415.5104242311265,7
2024-09-18 13:54:16.105,415.5192169397974,102
2024-09-18 13:54:16.465,415.5117387140036,95
2024-09-18 13:54:16.660,415.5209479263096,13
2024-09-18 13:54:17.094,415.5774197449435,104
2024-09-18 13:54:17.105,415.5501091716186,999
2024-09-18 13:54:17.135,415.444234718379,1001
2024-09-18 13:54:17.163,415.4530672306915,11
2024-09-18 13:54:17.206,415.4529813209312,102
2024-09-18 13:54:17.227,415.5777455663619,1005
2024-09-18 13:54:17.244,415.487489657508,7
2024-09-18 13:54:17.261,415.4589780527231,996
2024-09-18 13:54:17.274,415.46409309444,99
2024-09-18 13:54:17.305,415.4395124028095,1005
2024-09-18 13:54:17.325,415.5157727720284,1000
2024-09-18 13:54:17.363,415.5026103415244,104
2024-09-18 13:54:17.363,415.5461149897548,100
2024-09-18 13:54:17.375,415.4484036679293,96
2024-09-18 13:54:17.406,415.5188021363163,6
2024-09-18 13:54:17.407,415.4980596053641,8
2024-09-18 13:54:17.446,415.5101328131239,5
2024-09-18 13:54:17.472,415.4766693921069,103
2024-09-18 13:54:17.480,415.4284157012653,96
2024-09-18 13:54:17.509,415.4853507273781,12
2024-09-18 13:54:17.530,415.45324458397545,1005
2024-09-18 13:54:17.567,415.5071299517385,11
2024-09-18 13:54:17.574,415.4515563924707,97
2024-09-18 13:54:17.722,415.4668544984259,12
2024-09-18 13:54:17.813,415.5697867316156,7
2024-09-18 13:54:17.850,415.4527411866486,5
2024-09-18 13:54:17.922,415.4462337785433,14
2024-09-18 13:54:17.926,415.48566275423417,1001
2024-09-18 13:54:18.139,415.5946446144198,1001
2024-09-18 13:54:18.176,415.62745566729575,1004
2024-09-18 13:54:18.187,415.5958827379487,103
2024-09-18 13:54:18.253,415.6032832673585,99
2024-09-18 13:54:18.336,415.6131566034573,98
2024-09-18 13:54:18.345,415.6134774784212,96
2024-09-18 13:54:18.438,415.6125774916845,997
2024-09-18 13:54:18.443,415.622034182444,8
2024-09-18 13:54:18.544,415.6063681099971,11
2024-09-18 13:54:18.545,415.6064516677095,104
2024-09-18 13:54:18.551,415.5878149469477,14
2024-09-18 13:54:18.563,415.6213166957647,105
2024-09-18 13:54:18.598,415.6352729865208,103
2024-09-18 13:54:18.648,415.6181889392484,100
2024-09-18 13:54:18.952,415.6010727750458,997
2024-09-18 13:54:18.995,415.59650902614703,11
2024-09-18 13:54:19.060,415.6174743519247,7
2024-09-18 13:54:19.433,415.5949809603778,104
2024-09-18 13:54:19.588,415.5986324921461,1005
2024-09-18 13:54:20.219,415.5914439682743,99
2024-09-18 13:54:20.231,415.551308154996,15
2024-09-18 13:54:20.265,415.6124908793945,102
2024-09-18 13:54:20.424,415.5647654907232,105
2024-09-18 13:54:20.453,415.592645586129,99
2024-09-18 13:54:20.457,415.5751812347175,101
2024-09-18 13:54:20.508,415.5766686770512,11
2024-09-18 13:54:20.514,415.5426026060814,996
2024-09-18 13:54:20.526,415.53865387259367,100
2024-09-18 13:54:20.618,415.5460398838077,13
2024-09-18 13:54:20.629,415.5483644936839,96
2024-09-18 13:54:20.658,,1002
2024-09-18 13:54:20.725,415.5495952954514,6
2024-09-18 13:54:20.747,415.5544932279592,997
2024-09-18 13:54:20.766,415.55050562573,103
2024-09-18 13:54:20.805,415.5401316078276,6
2024-09-18 13:54:20.835,415.55356434044654,98
2024-09-18 13:54:20.901,415.5545082103416,104
2024-09-18 13:54:20.946,415.6002145327854,13
2024-09-18 13:54:20.965,415.5622833894407,10
2024-09-18 13:54:20.967,415.5554353956904,998
2024-09-18 13:54:21.004,415.5628127643474,101
2024-09-18 13:54:21.008,415.5708996415957,7
2024-09-18 13:54:21.074,415.5303845414441,11
2024-09-18 13:54:21.075,415.5951779176183,997
2024-09-18 13:54:21.164,415.58317840844114,105
2024-09-18 13:54:21.214,415.5129558897004,100
2024-09-18 13:54:21.220,415.5489312081102,102
2024-09-18 13:54:21.263,415.5611462342957,11
2024-09-18 13:54:21.294,415.5117484804496,99
2024-09-18 13:54:21.294,415.59656931478594,99
2024-09-18 13:54:21.363,415.52921100068,102
2024-09-18 13:54:21.425,415.5910882012572,105
2024-09-18 13:54:21.451,415.5678547315459,95
2024-09-18 13:54:21.520,415.5881779453345,998
2024-09-18 13:54:21.585,415.5253597161719,8
2024-09-18 13:54:21.588,415.5696112937855,14
2024-09-18 13:54:21.651,415.5786397842186,96
2024-09-18 13:54:21.677,415.5538502700532,103
2024-09-18 13:54:21.681,415.55936046887945,1000
2024-09-18 13:54:21.728,415.5728271057496,103
2024-09-18 13:54:21.762,415.5165536616898,8
2024-09-18 13:54:21.824,415.5081274986561,14
2024-09-18 13:54:21.848,415.5524486547423,99
2024-09-18 13:54:21.915,415.5673528826233,998
2024-09-18 13:54:21.965,415.5731696067296,5
2024-09-18 13:54:22.039,415.5193868199194,1003
2024-09-18 13:54:22.048,415.4833147407463,1000
2024-09-18 13:54:22.327,415.4768402792779,996
2024-09-18 13:54:22.394,415.4900320316474,10
2024-09-18 13:54:22.461,415.5417684467572,14
2024-09-18 13:54:22.625,415.5380217104877,997
2024-09-18 13:54:22.751,415.4648668252712,995
2024-09-18 13:54:22.832,415.5138487032663,104
2024-09-18 13:54:22.890,415.4575758310184,8
2024-09-18 13:54:22.964,415.4552031836817,103
2024-09-18 13:54:23.005,415.49428688720144,102
2024-09-18 13:54:23.078,415.50348926585895,998
2024-09-18 13:54:23.120,415.5028313313372,998
2024-09-18 13:54:23.139,415.4796526424704,996
2024-09-18 13:54:23.174,415.458344768121,13
2024-09-18 13:54:23.330,415.5174617717995,101
2024-09-18 13:54:23.376,415.45333098461936,104
2024-09-18 13:54:23.447,415.4665162469445,14
2024-09-18 13:54:23.651,415.505170348928,96
2024-09-18 13:54:23.695,415.4558154899499,996
2024-09-18 13:54:23.720,415.4909293031334,1000
2024-09-18 13:54:23.953,415.5117809389836,99
2024-09-18 13:54:24.605,415.4870728353735,105
2024-09-18 13:54:24.746,415.4648191973905,103
2024-09-18 13:54:24.755,415.473818591918,10
2024-09-18 13:54:24.940,415.4680476849556,96
2024-09-18 13:54:24.942,415.4504291251336,998
2024-09-18 13:54:25.008,415.3738923757011,5
2024-09-18 13:54:25.015,415.3607624320568,14
2024-09-18 13:54:25.047,415.35977990292673,8
2024-09-18 13:54:25.075,415.3842825174106,1003
2024-09-18 13:54:25.114,415.3770513993976,996
2024-09-18 13:54:25.138,415.3623441867403,999
2024-09-18 13:54:25.191,415.4149281392422,104
2024-09-18 13:54:25.249,415.3742942542955,101
2024-09-18 13:54:25.275,415.3587525874765,999
2024-09-18 13:54:25.317,415.3537105077241,14
2024-09-18 13:54:25.429,415.360108164032,104
2024-09-18 13:54:25.539,415.36663251094,101
2024-09-18 13:54:25.547,415.4208185632785,1002
2024-09-18 13:54:25.573,41.53560119818313,13
2024-09-18 13:54:25.595,415.406102779211,7
2024-09-18 13:54:25.613,415.43320829210506,101
2024-09-18 13:54:25.784,415.38154882170943,8
2024-09-18 13:54:25.834,415.3660252627912,1005
2024-09-18 13:54:25.840,415.39816551901407,6
2024-09-18 13:54:25.901,415.42489214961387,15
2024-09-18 13:54:25.972,415.3610086663082,100
2024-09-18 13:54:26.077,415.3837223349185,103
2024-09-18 13:54:26.185,415.42053833264174,104
2024-09-18 13:54:26.229,415.4035862648983,101
2024-09-18 13:54:26.461,415.39369993660887,8
2024-09-18 13:54:26.529,415.40246304661457,1004
2024-09-18 13:54:26.550,415.37107435253273,95
2024-09-18 13:54:26.639,415.4004457417808,9
2024-09-18 13:54:26.659,415.38204289072377,1000
2024-09-18 13:54:26.728,415.3979588808217,1000
2024-09-18 13:54:26.774,415.417741844037,8
2024-09-18 13:54:26.794,415.38542432196056,8
2024-09-18 13:54:26.907,415.4121950584757,1001
2024-09-18 13:54:26.947,415.3579454058295,12
2024-09-18 13:54:27.091,415.4370741130281,99
2024-09-18 13:54:27.269,415.43505452822205,13
2024-09-18 13:54:27.297,,15
2024-09-18 13:54:27.317,415.4402867788138,12
2024-09-18 13:54:27.344,415.4673250081998,11
2024-09-18 13:54:27.432,415.45545808779593,1002
2024-09-18 13:54:27.468,415.4330079408068,6
2024-09-18 13:54:27.501,415.42904300784977,11
2024-09-18 13:54:27.544,415.4308646777425,997
2024-09-18 13:54:27.547,415.43128954474736,10
2024-09-18 13:54:27.579,415.4406226096413,12
2024-09-18 13:54:27.606,415.4285782228524,12
2024-09-18 13:54:27.620,415.4288200470333,98
2024-09-18 13:54:27.635,415.442407875825,1002
2024-09-18 13:54:27.693,415.4023132936597,12
2024-09-18 13:54:27.725,415.4152701647366,10
2024-09-18 13:54:27.757,415.4543581365639,11
2024-09-18 13:54:27.761,-415.43555918073065,102
2024-09-18 13:54:27.766,415.4140833733621,97
2024-09-18 13:54:27.781,415.44473072747,5
2024-09-18 13:54:27.838,415.4433759972632,997
2024-09-18 13:54:27.864,415.4518213149267,95
2024-09-18 13:54:27.899,415.4460624320922,1005
2024-09-18 13:54:27.913,415.4400459872164,12
2024-09-18 13:54:27.934,415.4414917641946,97
2024-09-18 13:54:27.949,415.4263399981161,99
2024-09-18 13:54:27.966,415.4415566193984,998
2024-09-18 13:54:28.398,415.4297900414669,97
2024-09-18 13:54:28.827,415.4262399421461,101
2024-09-18 13:54:28.878,415.4382763827634,14
2024-09-18 13:54:28.882,415.43254399773497,8
2024-09-18 13:54:28.895,415.424113217572,96
2024-09-18 13:54:29.026,415.4076810690051,997
2024-09-18 13:54:29.037,415.3601813997861,11
2024-09-18 13:54:29.069,415.3917683777074,5
2024-09-18 13:54:29.075,415.3912887389486,998
2024-09-18 13:54:29.139,415.4088819013568,15
2024-09-18 13:54:29.166,415.4012965732313,104
2024-09-18 13:54:29.239,415.3933142631074,96
2024-09-18 13:54:29.286,415.3630015931934,102
2024-09-18 13:54:29.399,415.4050901712979,101
2024-09-18 13:54:29.426,415.3501787320638,98
2024-09-18 13:54:29.906,415.38568279353007,11
2024-09-18 13:54:30.048,415.3914437026232,9
2024-09-18 13:54:30.053,415.41986088821096,1003
2024-09-18 13:54:30.060,415.33669142271015,98
2024-09-18 13:54:30.063,415.410327831964,1000
2024-09-18 13:54:30.083,415.361768964686,995
2024-09-18 13:54:30.107,415.3565743618913,95
2024-09-18 13:54:30.118,415.3369260137314,998
2024-09-18 13:54:30.173,415.4047214993124,97
2024-09-18 13:54:30.212,415.420547466032,10
2024-09-18 13:54:30.259,415.4238688840268,10
2024-09-18 13:54:30.272,415.3515723885499,99
2024-09-18 13:54:30.328,415.35388592581,104
2024-09-18 13:54:30.362,415.4091937021895,998
2024-09-18 13:54:30.362,415.3955635781093,105
2024-09-18 13:54:30.369,415.3767907202436,15
2024-09-18 13:54:30.375,-415.3599881885154,1003
2024-09-18 13:54:30.553,415.4135197006361,96
2024-09-18 13:54:30.767,415.4126461796412,10
2024-09-18 13:54:30.896,415.34776198541,15
2024-09-18 13:54:30.928,415.4236073903768,11
2024-09-18 13:54:30.935,415.4149957193293,100
2024-09-18 13:54:30.939,415.346810740934,5
2024-09-18 13:54:30.942,415.3824734819679,1005
2024-09-18 13:54:30.947,415.4050268852853,1001
2024-09-18 13:54:30.966,415.3455737652084,999
2024-09-18 13:54:30.980,415.4141714410926,8
2024-09-18 13:54:32.127,415.3491622743918,1000
2024-09-18 13:54:32.145,415.3441042578407,997
2024-09-18 13:54:32.193,415.3445496997088,14
2024-09-18 13:54:32.207,415.3469613054104,15
2024-09-18 13:54:32.400,415.3419385222464,1003
2024-09-18 13:54:32.479,415.340412925294,14
2024-09-18 13:54:32.646,415.3290138350772,97
2024-09-18 13:54:32.832,415.3633346074364,102
2024-09-18 13:54:32.998,415.3170046820673,10
2024-09-18 13:54:34.003,415.3765212649841,105
2024-09-18 13:54:34.037,415.39646280161577,1002
2024-09-18 13:54:34.138,415.3941993258874,13
2024-09-18 13:54:34.291,415.3790800516565,998
2024-09-18 13:54:34.342,415.3850500078452,996
2024-09-18 13:54:34.444,415.3745481765528,14
2024-09-18 13:54:34.462,415.3793503784818,8
2024-09-18 13:54:34.478,415.3585446238095,96
2024-09-18 13:54:34.525,415.36824735523135,97
2024-09-18 13:54:34.698,,6
2024-09-18 13:54:34.764,415.3836035396311,15
2024-09-18 13:54:34.832,415.3665498165512,98
2024-09-18 13:54:34.840,415.3589438436212,97
2024-09-18 13:54:34.858,415.3803766531026,997
2024-09-18 13:54:34.895,415.3719604687016,1003
2024-09-18 13:54:35.366,415.3729606594494,104
2024-09-18 13:54:35.496,415.366052776626,9
2024-09-18 13:54:35.533,415.3694728756403,997
2024-09-18 13:54:35.753,415.3806117622635,9
2024-09-18 13:54:35.763,415.3642974302496,5
2024-09-18 13:54:35.827,415.3631574950856,100
2024-09-18 13:54:36.072,415.4460603504482,1001
2024-09-18 13:54:36.085,415.3767477780184,103
2024-09-18 13:54:36.146,415.4317438045916,14
2024-09-18 13:54:36.155,415.3918648366698,15
2024-09-18 13:54:36.219,415.38491410713846,6
2024-09-18 13:54:36.225,415.42442917034265,103
2024-09-18 13:54:36.282,415.43015070264704,98
2024-09-18 13:54:36.382,415.420724128326,1003
2024-09-18 13:54:36.456,415.43315568727286,1004
2024-09-18 13:54:36.474,415.42488802237216,1003
2024-09-18 13:54:36.515,415.43035381044535,96
2024-09-18 13:54:36.539,415.43854913722697,7
2024-09-18 13:54:36.564,415.4254702467181,98
2024-09-18 13:54:36.589,415.42345072579593,998
2024-09-18 13:54:36.627,415.447962812229,999
2024-09-18 13:54:36.630,415.43383769978175,14
2024-09-18 13:54:36.673,415.4449660172188,103
2024-09-18 13:54:36.691,415.4341014285475,9
2024-09-18 13:54:36.718,415.3972750308095,96
2024-09-18 13:54:36.727,415.42039172832096,105
2024-09-18 13:54:36.749,415.3757160907649,13
2024-09-18 13:54:36.836,415.41258663278194,8
2024-09-18 13:54:36.890,415.42246409284513,95
2024-09-18 13:54:36.905,415.4460214990144,998
2024-09-18 13:54:36.934,415.41268167444537,15
2024-09-18 13:54:37.021,415.4781653549925,95
2024-09-18 13:54:37.109,415.4909591327057,1004
2024-09-18 13:54:37.177,415.5217701379952,12
2024-09-18 13:54:37.294,415.4393138198967,5
2024-09-18 13:54:37.299,415.5027476325897,100
2024-09-18 13:54:37.334,415.4404618976412,1003
2024-09-18 13:54:37.442,415.4913738346446,105
2024-09-18 13:54:37.455,415.4974969722028,98
2024-09-18 13:54:37.500,415.4370470787846,1000
2024-09-18 13:54:37.563,415.5242101565547,14
2024-09-18 13:54:37.653,415.4413562416535,13
2024-09-18 13:54:37.680,415.4623228499022,8
2024-09-18 13:54:37.687,415.4353838622285,98
2024-09-18 13:54:37.714,415.5153071288471,997
2024-09-18 13:54:37.717,415.4345961937747,101
2024-09-18 13:54:37.730,415.4939150893693,995
2024-09-18 13:54:37.809,415.4762806430167,997
2024-09-18 13:54:37.861,415.50189805231753,1003
2024-09-18 13:54:37.895,415.51997062496497,104
2024-09-18 13:54:38.069,41.55376604904658,7
2024-09-18 13:54:38.134,415.5283761548011,1000
2024-09-18 13:54:38.356,415.54243570755904,1005
2024-09-18 13:54:38.470,415.537852357566,10
2024-09-18 13:54:38.806,415.510908585899,1004
2024-09-18 13:54:39.015,415.5367721200665,96
2024-09-18 13:54:39.139,415.5362552116882,101
2024-09-18 13:54:39.202,415.5375149721193,96
2024-09-18 13:54:39.250,415.5201089270963,105
2024-09-18 13:54:39.373,415.5069667633962,13
2024-09-18 13:54:39.409,415.5355285824484,998
2024-09-18 13:54:39.448,415.49990004635214,999
2024-09-18 13:54:39.450,415.5343824697398,101
2024-09-18 13:54:39.500,415.5367468618724,1000
2024-09-18 13:54:39.508,415.5217315029293,999
2024-09-18 13:54:39.586,415.4982284612772,96
2024-09-18 13:54:39.613,415.4964578539626,1004
2024-09-18 13:54:39.623,415.5255929151442,12
2024-09-18 13:54:39.705,415.5333699339857,12
2024-09-18 13:54:39.708,415.5033255711432,104
2024-09-18 13:54:39.786,415.526828480728,101
2024-09-18 13:54:39.796,415.5232785550681,98
2024-09-18 13:54:39.834,415.5335740217569,5
2024-09-18 13:54:39.862,415.52269848120056,9
2024-09-18 13:54:39.887,415.5275168494153,1001
2024-09-18 13:54:39.996,415.5139117827308,1004
2024-09-18 13:54:40.021,415.5320790727785,11
2024-09-18 13:54:40.023,415.5325627410226,999
2024-09-18 13:54:40.151,415.5220739826848,100
2024-09-18 13:54:40.179,415.53398063695306,999
2024-09-18 13:54:40.187,415.5200555344537,102
2024-09-18 13:54:40.228,415.5247388272232,99
2024-09-18 13:54:40.232,415.5147908602877,96
2024-09-18 13:54:40.239,415.5763195730369,11
2024-09-18 13:54:40.320,415.5235505702272,999
2024-09-18 13:54:40.339,415.5236032281297,14
2024-09-18 13:54:40.342,415.5317902478969,100
2024-09-18 13:54:40.396,415.5431986284678,98
2024-09-18 13:54:40.399,415.51029489613,1000
2024-09-18 13:54:40.416,41.554299875502494,998
2024-09-18 13:54:40.522,-415.5378435491087,95
2024-09-18 13:54:40.558,415.5261471432318,96
2024-09-18 13:54:40.559,415.5074979234841,103
2024-09-18 13:54:40.675,415.5779725699008,105
2024-09-18 13:54:40.684,415.5371951715232,13
2024-09-18 13:54:40.688,415.5441318191835,99
2024-09-18 13:54:40.838,415.564282429346,999
2024-09-18 13:54:40.840,415.5630919302126,103
2024-09-18 13:54:40.993,415.5107033529965,995
2024-09-18 13:54:40.998,415.5669080037581,105
2024-09-18 13:54:41.090,415.5062575905236,104
2024-09-18 13:54:41.216,415.4897771007389,997
2024-09-18 13:54:41.237,415.5329329913087,15
2024-09-18 13:54:41.257,415.50171053294616,11
2024-09-18 13:54:41.410,415.4861436109621,95
2024-09-18 13:54:41.442,415.4806258526632,7
2024-09-18 13:54:41.490,415.5140251729723,1002
2024-09-18 13:54:41.547,415.5308302533608,1004
2024-09-18 13:54:41.564,415.4693109958544,1005
2024-09-18 13:54:41.625,415.50619886200127,7
2024-09-18 13:54:41.665,415.49139531948936,103
2024-09-18 13:54:41.835,415.48634424336313,999
2024-09-18 13:54:41.842,415.4740612491876,100
2024-09-18 13:54:41.869,415.4906874469834,1005
2024-09-18 13:54:41.897,415.4812335238064,997
2024-09-18 13:54:41.927,415.4936761000839,15
2024-09-18 13:54:41.927,415.50777078274297,15
2024-09-18 13:54:42.058,415.49553987531016,10
2024-09-18 13:54:42.099,415.50038378266055,5
2024-09-18 13:54:42.145,415.47058357079385,1000
2024-09-18 13:54:42.152,415.50307640308296,1003
2024-09-18 13:54:42.202,415.49265759663234,96
2024-09-18 13:54:42.240,415.51486277050793,998
2024-09-18 13:54:42.275,415.4654734451351,1005
2024-09-18 13:54:42.282,415.4836086768679,14
2024-09-18 13:54:42.288,415.4986846335387,13
2024-09-18 13:54:42.320,415.51120046173895,11
2024-09-18 13:54:42.371,415.4681083576119,1000
2024-09-18 13:54:42.396,415.4658814972624,1002
2024-09-18 13:54:42.411,415.4911827837639,100
2024-09-18 13:54:42.523,415.492370212361,98
2024-09-18 13:54:42.570,415.4669361726652,99
2024-09-18 13:54:42.589,415.4933455515256,100
2024-09-18 13:54:42.672,415.4692923732935,102
2024-09-18 13:54:42.895,415.4793829741701,6
2024-09-18 13:54:42.998,415.4991249411808,995
2024-09-18 13:54:43.505,415.4580174389864,14
2024-09-18 13:54:43.592,415.46953391181006,1003
2024-09-18 13:54:43.603,415.4778068388028,999
2024-09-18 13:54:44.118,415.45752699566543,13
2024-09-18 13:54:44.175,415.4146733014094,95
2024-09-18 13:54:44.257,415.48089425458943,1000
2024-09-18 13:54:44.273,415.4554622505864,11
2024-09-18 13:54:44.289,415.4719285792928,100
2024-09-18 13:54:44.309,415.4844383193823,15
2024-09-18 13:54:44.327,415.489538926946,9
2024-09-18 13:54:44.347,415.5029714994855,104
2024-09-18 13:54:44.361,415.4819591399585,96
2024-09-18 13:54:44.364,415.5113256337017,1001
2024-09-18 13:54:44.392,415.4521376012826,995
2024-09-18 13:54:44.397,415.4754854897162,99
2024-09-18 13:54:44.512,415.4564707800174,100
2024-09-18 13:54:44.608,,998
2024-09-18 13:54:44.632,415.4582654972684,1005
2024-09-18 13:54:44.739,415.4449527759449,102
2024-09-18 13:54:44.747,415.4260180700913,13
2024-09-18 13:54:44.842,-415.3983413818624,14
2024-09-18 13:54:44.851,,997
2024-09-18 13:54:44.874,415.46326230842345,95
2024-09-18 13:54:44.892,415.4605444879771,6
2024-09-18 13:54:44.973,415.4760989651587,995
2024-09-18 13:54:45.039,415.44477414657246,14
2024-09-18 13:54:45.083,415.4686017039031,1003
2024-09-18 13:54:45.089,415.4385966467524,7
2024-09-18 13:54:45.149,415.4787724021826,102
2024-09-18 13:54:45.213,415.4529434505268,999
2024-09-18 13:54:45.217,415.4762731439623,101
2024-09-18 13:54:45.243,415.47236385850965,95
2024-09-18 13:54:45.399,415.4569183304952,998
2024-09-18 13:54:45.470,415.47091510796486,100
2024-09-18 13:54:45.472,415.4751682011273,995
2024-09-18 13:54:45.509,415.4657076626735,97
2024-09-18 13:54:45.701,415.45083002390254,1004
2024-09-18 13:54:45.725,415.45193562908537,15
2024-09-18 13:54:45.797,415.4615285767081,9
2024-09-18 13:54:45.903,415.4528074289489,105
2024-09-18 13:54:47.018,415.4092124432793,5
2024-09-18 13:54:47.213,415.4154780165189,1004
2024-09-18 13:54:47.243,415.4018753972575,13
2024-09-18 13:54:47.266,415.4227676859447,103
2024-09-18 13:54:47.326,415.4025661957152,1001
2024-09-18 13:54:47.378,415.38636473793656,10
2024-09-18 13:54:47.378,415.4067254459948,105
2024-09-18 13:54:47.429,415.43148626194,8
2024-09-18 13:54:47.499,415.4341588612917,13
2024-09-18 13:54:47.502,415.42878972798366,7
2024-09-18 13:54:47.542,415.4308196656872,7
2024-09-18 13:54:47.548,415.4276628645688,5
2024-09-18 13:54:47.571,415.4062273537815,99
2024-09-18 13:54:47.700,415.40994333756953,1004
2024-09-18 13:54:47.768,415.3874454238336,5
2024-09-18 13:54:47.787,415.4130319784041,7
2024-09-18 13:54:47.804,415.4238632535296,99
2024-09-18 13:54:47.880,415.44567149489177,1001
2024-09-18 13:54:47.887,415.4108625946904,104
2024-09-18 13:54:47.998,415.4246889764688,14
2024-09-18 13:54:48.057,415.3511099375735,1001
2024-09-18 13:54:48.102,415.23186289913343,14
2024-09-18 13:54:48.113,415.239930994985,1005
2024-09-18 13:54:48.146,415.275061730082,1003
2024-09-18 13:54:48.150,415.23020663660463,11
2024-09-18 13:54:48.195,415.27657467464246,5
2024-09-18 13:54:48.228,415.2354901593853,103
2024-09-18 13:54:48.351,415.2423764709071,995
2024-09-18 13:54:48.390,-415.276889055747,1005
2024-09-18 13:54:48.399,415.2704213650837,1002
2024-09-18 13:54:48.498,415.2998303761804,101
2024-09-18 13:54:48.504,415.2501592382638,1001
2024-09-18 13:54:48.523,415.2697856844623,103
2024-09-18 13:54:48.524,415.3299847880128,1005
2024-09-18 13:54:48.603,415.26685082362826,102
2024-09-18 13:54:48.651,415.2745171207793,14
2024-09-18 13:54:48.652,415.2846316945412,999
2024-09-18 13:54:48.689,415.2762209995623,6
2024-09-18 13:54:48.786,415.3657765344507,999
2024-09-18 13:54:48.792,415.2349663094882,11
2024-09-18 13:54:48.812,415.2639632877661,103
2024-09-18 13:54:48.815,41.527559410524745,1003
2024-09-18 13:54:48.815,415.2662559105211,12
2024-09-18 13:54:48.841,41.52692506280422,1002
2024-09-18 13:54:48.862,415.2966799048575,1004
2024-09-18 13:54:48.877,415.2419400793269,998
2024-09-18 13:54:48.896,415.2611293916896,10
2024-09-18 13:54:48.897,415.3691237879668,15
2024-09-18 13:54:48.993,415.2366961898109,1001
2024-09-18 13:54:49.061,415.1815206187805,998
2024-09-18 13:54:49.061,415.2437881593579,97
2024-09-18 13:54:49.065,415.2192719731604,102
2024-09-18 13:54:49.080,415.2491344184512,102
2024-09-18 13:54:49.150,415.1887913167642,997
2024-09-18 13:54:49.183,41.51948804329951,7
2024-09-18 13:54:49.206,415.2303968222988,13
2024-09-18 13:54:49.301,415.2716711877866,998
2024-09-18 13:54:49.308,415.2065921702809,11
2024-09-18 13:54:49.343,415.2562753375758,1002
2024-09-18 13:54:49.364,415.242629484855,1003
2024-09-18 13:54:49.369,415.24597261865415,95
2024-09-18 13:54:49.519,415.2900159874314,999
2024-09-18 13:54:49.563,415.2956308010083,97
2024-09-18 13:54:49.597,415.21816136677006,95
2024-09-18 13:54:49.654,415.2701059936269,14
2024-09-18 13:54:49.654,415.22939582214366,995
2024-09-18 13:54:49.664,415.26969801633936,97
2024-09-18 13:54:49.735,415.2744269705064,13
2024-09-18 13:54:49.898,415.1917615042307,8
2024-09-18 13:54:49.931,415.2852724672869,103
2024-09-18 13:54:49.941,415.2533711985948,103
2024-09-18 13:54:49.942,415.2382400171939,96
2024-09-18 13:54:49.947,415.17556014962224,999
2024-09-18 13:54:49.954,415.21350260790456,1000
2024-09-18 13:54:49.972,415.203652216482,12
2024-09-18 13:54:50.002,415.250896447221,1001
2024-09-18 13:54:50.104,415.3011039296412,997
2024-09-18 13:54:50.105,415.2981699170074,1004
2024-09-18 13:54:50.159,415.2730205823336,996
2024-09-18 13:54:50.243,415.2670544308168,100
2024-09-18 13:54:50.300,415.3089932049547,1003
2024-09-18 13:54:50.413,415.2727120698641,996
2024-09-18 13:54:50.482,415.28603960449743,1001
2024-09-18 13:54:50.560,415.3255556156277,99
2024-09-18 13:54:50.577,415.31255284938703,97
2024-09-18 13:54:50.578,415.2828329048659,98
2024-09-18 13:54:50.581,415.2934292336297,1002
2024-09-18 13:54:50.609,415.3241220553012,98
2024-09-18 13:54:50.764,415.2592652446471,995
2024-09-18 13:54:50.846,415.2592264496552,9
2024-09-18 13:54:50.898,415.2843660593976,12
2024-09-18 13:54:50.924,415.2552435993711,7
2024-09-18 13:54:50.953,415.3201275366281,12
2024-09-18 13:54:50.961,415.3200058368226,103
2024-09-18 13:54:51.944,415.2981376017975,105
2024-09-18 13:54:52.051,415.2945621959178,105
2024-09-18 13:54:52.152,415.3283973687562,96
2024-09-18 13:54:52.180,415.2810323991535,995
2024-09-18 13:54:52.289,415.2843784654861,99
2024-09-18 13:54:52.331,415.328594448906,1005
2024-09-18 13:54:52.338,415.2988549715792,1005
2024-09-18 13:54:52.366,415.3513186147486,6
2024-09-18 13:54:52.417,415.2967638967931,1000
2024-09-18 13:54:52.616,415.3127550694188,104
2024-09-18 13:54:52.728,415.2930290285147,13
2024-09-18 13:54:52.736,415.2779777093206,5
2024-09-18 13:54:52.775,415.3180464479722,103
2024-09-18 13:54:52.779,415.2896675242395,1000
2024-09-18 13:54:52.887,41.530043435807166,995
2024-09-18 13:54:52.965,415.3404508798677,101
2024-09-18 13:54:53.083,415.3191615646993,1002
2024-09-18 13:54:53.093,415.2988816180774,995
2024-09-18 13:54:53.203,415.3272704560557,102
2024-09-18 13:54:53.218,415.3495136174039,10
2024-09-18 13:54:53.225,415.3093205336935,1004
2024-09-18 13:54:53.284,415.3078402781126,104
2024-09-18 13:54:53.384,415.3199148416068,1004
2024-09-18 13:54:53.409,415.3415986904868,14
2024-09-18 13:54:53.413,415.3614790715203,105
2024-09-18 13:54:53.443,415.281322272673,1005
2024-09-18 13:54:53.529,415.3136894820948,1002
2024-09-18 13:54:53.565,415.344181292292,1003
2024-09-18 13:54:53.615,415.2932454229339,104
2024-09-18 13:54:53.644,415.334125677596,15
2024-09-18 13:54:53.673,415.33562384661775,98
2024-09-18 13:54:53.900,415.3017187809506,99
2024-09-18 13:54:53.934,415.31729809785935,11
2024-09-18 13:54:53.955,415.2925150014122,99
2024-09-18 13:54:53.985,415.3356954628181,995
2024-09-18 13:54:54.092,415.3806167032929,12
2024-09-18 13:54:54.277,415.39320537387175,997
2024-09-18 13:54:54.634,415.4017649182109,5
2024-09-18 13:54:54.664,415.3940786208873,7
2024-09-18 13:54:54.706,415.366914353758,15
2024-09-18 13:54:54.842,415.4261894983706,95
2024-09-18 13:54:54.906,415.4017418026455,14
2024-09-18 13:54:54.987,415.3494899086176,98
2024-09-18 13:54:55.154,415.4435851496276,104
2024-09-18 13:54:55.224,415.4438477944557,6
2024-09-18 13:54:55.296,415.42023911794377,1000
2024-09-18 13:54:55.313,415.4196847623096,7
2024-09-18 13:54:55.327,415.451347254998,997
2024-09-18 13:54:55.474,415.4130272352162,1000
2024-09-18 13:54:55.492,415.4162123428116,1002
2024-09-18 13:54:55.575,415.4189686848644,13
2024-09-18 13:54:55.578,415.42316807369457,999
2024-09-18 13:54:55.598,415.4209404559152,6
2024-09-18 13:54:55.736,415.41658432328313,1003
2024-09-18 13:54:55.749,415.4587184164183,1002
2024-09-18 13:54:55.833,415.4082669475719,98
2024-09-18 13:54:55.873,415.4135830336626,101
2024-09-18 13:54:56.028,415.46914018571294,13
2024-09-18 13:54:56.040,415.4696110267297,97
2024-09-18 13:54:56.046,415.4756433454417,105
2024-09-18 13:54:56.047,,96
2024-09-18 13:54:56.055,415.3967303115853,999
2024-09-18 13:54:56.082,415.4268588095868,13
2024-09-18 13:54:56.093,415.44911861213615,104
2024-09-18 13:54:56.169,415.4076653006543,102
2024-09-18 13:54:56.268,415.44899633778783,96
2024-09-18 13:54:56.336,415.4336696111002,1004
2024-09-18 13:54:56.368,415.4887350412907,996
2024-09-18 13:54:56.413,415.417651988341,5
2024-09-18 13:54:56.443,415.44887127220375,1000
2024-09-18 13:54:56.497,415.4354672678221,995
2024-09-18 13:54:56.538,415.4730430390432,998
2024-09-18 13:54:56.538,415.4331773551158,995
2024-09-18 13:54:56.542,415.4125625858783,99
2024-09-18 13:54:56.661,415.4441940057615,1001
2024-09-18 13:54:56.681,415.4528435192813,100
2024-09-18 13:54:56.700,415.413970574181,998
2024-09-18 13:54:56.835,415.4285669904567,6
2024-09-18 13:54:56.920,415.4124510207109,101
2024-09-18 13:54:56.970,415.4537790237959,14
2024-09-18 13:54:57.152,415.4571736899217,95
2024-09-18 13:54:57.335,415.4673383508288,102
2024-09-18 13:54:57.395,415.4589239954556,5
2024-09-18 13:54:57.399,415.4572933320017,999
2024-09-18 13:54:57.412,415.4777446762824,1004
2024-09-18 13:54:57.516,415.4590312749557,1002
2024-09-18 13:54:57.518,415.4762655342464,101
2024-09-18 13:54:57.585,415.47885570011954,1003
2024-09-18 13:54:57.662,415.4548519518604,7
2024-09-18 13:54:57.717,415.4636198090801,9
2024-09-18 13:54:57.769,415.4553983102014,995
2024-09-18 13:54:57.790,415.4470217888955,100
2024-09-18 13:54:57.851,415.4732482402015,103
2024-09-18 13:54:57.878,415.4527833641825,999
2024-09-18 13:54:58.035,415.4541545000269,999
2024-09-18 13:54:58.479,415.4501750313565,997
2024-09-18 13:54:58.511,415.4431558340038,7
2024-09-18 13:54:58.592,415.4480540340687,104
2024-09-18 13:54:58.756,415.4415303312576,1003
2024-09-18 13:54:58.790,415.4372776153999,13
2024-09-18 13:54:58.813,415.4500550858072,98
2024-09-18 13:54:58.880,415.4393573747646,995
2024-09-18 13:54:59.034,415.4591275048496,8
2024-09-18 13:54:59.224,415.44502133341433,1000
2024-09-18 13:54:59.256,415.4794551137449,105
2024-09-18 13:54:59.643,415.46616831618576,99
2024-09-18 13:54:59.778,415.47156828113424,995
2024-09-18 13:54:59.968,415.45230645822784,12
