Timestamp,Price,Size
2024-09-17 10:15:00.028,413.9196514067314,102
2024-09-17 10:15:00.036,413.9280591030417,98
2024-09-17 10:15:00.149,413.9892350917947,104
2024-09-17 10:15:00.267,413.9532482866213,12
2024-09-17 10:15:00.281,414.00382891553664,9
2024-09-17 10:15:00.296,413.9721030526815,8
2024-09-17 10:15:00.311,413.96479046156014,14
2024-09-17 10:15:00.362,,996
2024-09-17 10:15:00.421,413.9345563196647,101
2024-09-17 10:15:00.507,413.9837118306047,101
2024-09-17 10:15:00.519,413.9159024960404,15
2024-09-17 10:15:00.676,413.9951240584675,1003
2024-09-17 10:15:00.702,413.9948756590316,1003
2024-09-17 10:15:00.711,413.9692767073292,11
2024-09-17 10:15:00.825,413.9506973058115,99
2024-09-17 10:15:00.870,413.9720057063816,999
2024-09-17 10:15:00.883,414.00199077179633,14
2024-09-17 10:15:00.977,413.9486141637638,98
2024-09-17 10:15:00.981,413.9571695937816,100
2024-09-17 10:15:00.997,413.9161018226941,105
2024-09-17 10:15:01.034,413.8865392930831,1004
2024-09-17 10:15:01.117,413.894483541109,95
2024-09-17 10:15:01.148,413.91030852631616,995
2024-09-17 10:15:01.267,413.9044845810292,12
2024-09-17 10:15:01.298,413.8831794790591,1003
2024-09-17 10:15:01.342,413.8919166237121,102
2024-09-17 10:15:01.351,413.9131922574255,100
2024-09-17 10:15:01.554,413.8947301576331,6
2024-09-17 10:15:01.611,413.9062075532264,5
2024-09-17 10:15:01.611,413.8997703615246,15
2024-09-17 10:15:01.680,413.9125576192134,101
2024-09-17 10:15:01.858,413.9032442584157,1000
2024-09-17 10:15:01.958,-413.90701872844994,12
2024-09-17 10:15:01.974,413.8881401037219,1002
2024-09-17 10:15:02.006,413.8699450699514,99
2024-09-17 10:15:02.068,413.85808647492297,8
2024-09-17 10:15:02.145,413.8668305199225,1004
2024-09-17 10:15:02.203,413.8589839388404,995
2024-09-17 10:15:02.212,413.88174491930687,104
2024-09-17 10:15:02.229,413.91104869877313,10
2024-09-17 10:15:02.233,413.8699121940003,7
2024-09-17 10:15:02.432,413.87615605757975,6
2024-09-17 10:15:02.447,413.8626172453311,1004
2024-09-17 10:15:02.498,413.9121752573952,105
2024-09-17 10:15:02.538,413.8606149989911,14
2024-09-17 10:15:02.570,413.9014466819544,104
2024-09-17 10:15:02.589,413.8770190596298,99
2024-09-17 10:15:02.617,413.8503530893373,12
2024-09-17 10:15:02.669,413.8833313061027,96
2024-09-17 10:15:02.682,413.8868417030292,996
2024-09-17 10:15:02.686,413.863080763554,102
2024-09-17 10:15:02.687,413.886100674071,15
2024-09-17 10:15:02.759,413.8859717997541,103
2024-09-17 10:15:02.805,413.8765867154116,1000
2024-09-17 10:15:02.878,413.8868184863915,5
2024-09-17 10:15:02.919,413.9010329186696,1000
2024-09-17 10:15:02.995,413.89927863276,99
2024-09-17 10:15:03.016,413.8853207350948,995
2024-09-17 10:15:03.023,413.916284983961,998
2024-09-17 10:15:03.052,413.9027586026156,8
2024-09-17 10:15:03.120,413.90116294557686,5
2024-09-17 10:15:03.222,413.8817731690648,1001
2024-09-17 10:15:03.245,413.9236861165716,103
2024-09-17 10:15:03.267,413.9036400656952,14
2024-09-17 10:15:03.271,413.90203892881607,1002
2024-09-17 10:15:03.501,413.88172791102346,999
2024-09-17 10:15:03.533,413.91611347895713,10
2024-09-17 10:15:03.695,413.9272748747411,97
2024-09-17 10:15:03.869,413.92809377936766,9
2024-09-17 10:15:03.962,,999
2024-09-17 10:15:03.985,413.8886848748917,13
2024-09-17 10:15:03.988,413.9207390458663,1004
2024-09-17 10:15:03.996,413.8937854099887,95
2024-09-17 10:15:04.203,413.955125666238,1002
2024-09-17 10:15:04.296,413.9319388710022,11
2024-09-17 10:15:04.382,413.92895119514384,14
2024-09-17 10:15:04.445,413.9498433735608,96
2024-09-17 10:15:04.447,413.9404446751417,105
2024-09-17 10:15:04.504,413.9489011638802,100
2024-09-17 10:15:04.579,413.925890846592,105
2024-09-17 10:15:04.606,413.9469204985088,103
2024-09-17 10:15:04.618,413.9389896145417,5
2024-09-17 10:15:04.657,413.9157543890588,95
2024-09-17 10:15:04.661,413.934879926874,97
2024-09-17 10:15:04.727,413.94174927749066,98
2024-09-17 10:15:04.779,413.9203235757548,1005
2024-09-17 10:15:04.898,413.9397438682726,103
2024-09-17 10:15:04.910,413.91257014755945,102
2024-09-17 10:15:04.935,413.9289585003162,1003
2024-09-17 10:15:04.967,413.93187562589935,8
2024-09-17 10:15:05.847,413.9503614178416,104
2024-09-17 10:15:06.033,413.9619983656808,11
2024-09-17 10:15:06.175,413.93921865293805,7
2024-09-17 10:15:06.268,413.9275113829401,103
2024-09-17 10:15:06.420,413.94115856070897,7
2024-09-17 10:15:06.436,413.9594430928361,13
2024-09-17 10:15:06.521,413.915667349639,9
2024-09-17 10:15:06.552,413.94885219388885,104
2024-09-17 10:15:06.636,413.9564573517686,104
2024-09-17 10:15:06.659,413.9315079522149,998
2024-09-17 10:15:06.824,413.9579875573509,98
2024-09-17 10:15:06.927,413.9581825346551,12
2024-09-17 10:15:07.019,414.0601140388956,10
2024-09-17 10:15:07.110,414.01875944074055,5
2024-09-17 10:15:07.112,414.05595680557246,1002
2024-09-17 10:15:07.173,414.02363097681234,1003
2024-09-17 10:15:07.181,414.00904055250106,997
2024-09-17 10:15:07.316,414.0131774591895,995
2024-09-17 10:15:07.378,413.96195960931067,1002
2024-09-17 10:15:07.416,413.9865880010092,999
2024-09-17 10:15:07.427,414.0171215909253,100
2024-09-17 10:15:07.473,414.00659686904766,13
2024-09-17 10:15:07.688,414.037084479196,100
2024-09-17 10:15:07.729,413.9792206014671,998
2024-09-17 10:15:07.767,414.028485788584,995
2024-09-17 10:15:07.802,414.03118618449565,104
2024-09-17 10:15:07.959,413.9826449728399,9
2024-09-17 10:15:08.239,414.05330934561647,11
2024-09-17 10:15:08.516,414.042054250725,998
2024-09-17 10:15:08.578,414.0508153921919,99
2024-09-17 10:15:09.034,414.0372205614494,999
2024-09-17 10:15:09.100,414.0152821676111,99
2024-09-17 10:15:09.108,414.0622574546608,1000
2024-09-17 10:15:09.138,414.03307773777664,103
2024-09-17 10:15:09.139,414.0207767309814,103
2024-09-17 10:15:09.177,414.019992984576,1005
2024-09-17 10:15:09.183,414.0268679537585,99
2024-09-17 10:15:09.208,414.0539670640232,103
2024-09-17 10:15:09.238,414.0418175670273,13
2024-09-17 10:15:09.243,414.0461827277642,12
2024-09-17 10:15:09.245,414.03793044869474,15
2024-09-17 10:15:09.261,414.01722420437846,101
2024-09-17 10:15:09.277,414.0237520345634,10
2024-09-17 10:15:09.349,414.043527500941,97
2024-09-17 10:15:09.371,414.02572527533727,99
2024-09-17 10:15:09.391,414.0237481735185,997
2024-09-17 10:15:09.502,414.0514234708506,1001
2024-09-17 10:15:09.569,414.0484874932957,11
2024-09-17 10:15:09.733,414.0223049181616,10
2024-09-17 10:15:09.810,414.0262412655909,104
2024-09-17 10:15:09.842,414.05706496599953,15
2024-09-17 10:15:09.848,414.04392313420095,11
2024-09-17 10:15:09.894,414.0445660292805,13
2024-09-17 10:15:09.971,414.0195421164434,1000
2024-09-17 10:15:10.636,414.0519284806202,8
2024-09-17 10:15:11.009,414.05347164150186,103
2024-09-17 10:15:11.024,414.04743095423055,14
2024-09-17 10:15:11.030,414.06835269598014,15
2024-09-17 10:15:11.059,414.081693300478,10
2024-09-17 10:15:11.099,414.0334092881659,999
2024-09-17 10:15:11.137,414.0589659344113,98
2024-09-17 10:15:11.145,414.0192157711929,8
2024-09-17 10:15:11.153,414.02971540804384,1004
2024-09-17 10:15:11.162,414.06605836632576,1002
2024-09-17 10:15:11.171,414.03807048655887,1001
2024-09-17 10:15:11.191,414.0775883685864,7
2024-09-17 10:15:11.242,414.04877384428784,998
2024-09-17 10:15:11.348,414.0279419111697,998
2024-09-17 10:15:11.592,414.0365086723365,995
2024-09-17 10:15:11.635,414.0960079417574,95
2024-09-17 10:15:11.661,414.0696825408357,105
2024-09-17 10:15:11.743,414.0441246723036,6
2024-09-17 10:15:11.746,414.0459316843212,1003
2024-09-17 10:15:11.755,414.08058104692697,6
2024-09-17 10:15:11.775,414.06680630500654,10
2024-09-17 10:15:11.825,414.0430012323056,13
2024-09-17 10:15:11.869,414.0832940591576,105
2024-09-17 10:15:11.877,414.0870128602735,996
2024-09-17 10:15:11.894,414.05507209682617,95
2024-09-17 10:15:11.941,414.03720335239296,1003
2024-09-17 10:15:11.981,414.0650209850856,997
2024-09-17 10:15:12.029,-414.0693031174701,7
2024-09-17 10:15:12.061,414.0704168590861,1004
2024-09-17 10:15:12.157,414.0598779177056,102
2024-09-17 10:15:12.220,414.0674830756043,96
2024-09-17 10:15:12.335,414.0695702040287,103
2024-09-17 10:15:12.424,414.0581146001863,1004
2024-09-17 10:15:12.516,414.053366588644,14
2024-09-17 10:15:12.549,414.065850678287,1001
2024-09-17 10:15:12.695,414.05985809344594,104
2024-09-17 10:15:12.715,414.0699076847568,102
2024-09-17 10:15:12.752,414.0557928100262,14
2024-09-17 10:15:12.804,414.0746715811108,96
2024-09-17 10:15:12.839,414.0707370262096,995
2024-09-17 10:15:13.010,414.0160896262092,1001
2024-09-17 10:15:13.066,414.0182709135604,13
2024-09-17 10:15:13.067,414.0128133958217,15
2024-09-17 10:15:13.093,414.049692161764,96
2024-09-17 10:15:13.517,414.0460979378733,998
2024-09-17 10:15:13.529,414.0768000751234,15
2024-09-17 10:15:13.632,414.0278197349927,995
2024-09-17 10:15:13.909,414.080280906634,9
2024-09-17 10:15:13.922,414.04073945090425,14
2024-09-17 10:15:13.988,414.0504197722428,1003
2024-09-17 10:15:14.090,414.0837877410921,102
2024-09-17 10:15:14.216,414.0337804699441,95
2024-09-17 10:15:14.248,414.08327060801895,98
2024-09-17 10:15:14.249,414.057558169137,6
2024-09-17 10:15:14.296,414.03155947227407,1002
2024-09-17 10:15:14.344,414.0207853357074,1001
2024-09-17 10:15:14.349,414.0512020928082,1002
2024-09-17 10:15:14.596,414.0800426923313,97
2024-09-17 10:15:14.599,414.0673481274384,101
2024-09-17 10:15:14.707,414.1015229256894,104
2024-09-17 10:15:14.892,414.0884632464608,105
2024-09-17 10:15:14.990,414.0848947151133,104
2024-09-17 10:15:15.082,414.13152846404665,1001
2024-09-17 10:15:15.088,414.1295264264602,6
2024-09-17 10:15:15.143,414.0816248790461,9
2024-09-17 10:15:15.150,41.41150395685898,6
2024-09-17 10:15:15.168,414.10204052611607,1005
2024-09-17 10:15:15.192,414.1085894609688,996
2024-09-17 10:15:15.241,414.1046556348783,99
2024-09-17 10:15:15.255,414.1098223698016,14
2024-09-17 10:15:15.269,414.0752615068776,996
2024-09-17 10:15:15.286,414.1288130894771,11
2024-09-17 10:15:15.304,414.1068144436949,6
2024-09-17 10:15:15.422,414.1137390406477,995
2024-09-17 10:15:15.492,414.1210534410892,8
2024-09-17 10:15:15.575,414.0677138650444,101
2024-09-17 10:15:15.606,414.1115186164324,97
2024-09-17 10:15:15.615,414.1205176431744,11
2024-09-17 10:15:15.675,414.0690947490954,104
2024-09-17 10:15:15.683,414.1008465717267,997
2024-09-17 10:15:15.710,414.1239670447949,100
2024-09-17 10:15:15.720,414.12759815137576,14
2024-09-17 10:15:15.731,414.105613623603,7
2024-09-17 10:15:15.760,414.0891729170071,1001
2024-09-17 10:15:15.766,414.120093215712,96
2024-09-17 10:15:15.821,414.09245436199706,997
2024-09-17 10:15:15.875,414.1163263400192,11
2024-09-17 10:15:15.912,414.104411012333,1004
2024-09-17 10:15:15.956,414.0773047032393,105
2024-09-17 10:15:15.972,414.0680617772724,104
2024-09-17 10:15:15.997,414.0899327429562,9
2024-09-17 10:15:16.021,414.0876658465404,12
2024-09-17 10:15:16.060,414.07462880941193,1000
2024-09-17 10:15:16.065,414.0640867392695,1002
2024-09-17 10:15:16.068,414.0689461838546,11
2024-09-17 10:15:16.093,414.08193848099495,995
2024-09-17 10:15:16.188,414.0708746048544,98
2024-09-17 10:15:16.194,414.103934263777,1004
2024-09-17 10:15:16.194,414.04940211311873,100
2024-09-17 10:15:16.199,414.0874062562057,11
2024-09-17 10:15:16.253,414.0544298422295,12
2024-09-17 10:15:16.274,414.0482136577077,8
2024-09-17 10:15:16.322,414.10165993081904,995
2024-09-17 10:15:16.384,414.09378473442456,1001
2024-09-17 10:15:16.420,414.0425575545471,5
2024-09-17 10:15:16.439,414.0771728133184,97
2024-09-17 10:15:16.440,414.0873172386554,15
2024-09-17 10:15:16.570,414.1085108657736,1003
2024-09-17 10:15:16.643,414.07193997030055,105
2024-09-17 10:15:16.654,414.0918681929498,10
2024-09-17 10:15:16.729,414.0834785599775,996
2024-09-17 10:15:16.757,414.0297050045272,14
2024-09-17 10:15:16.760,414.08168653474894,1004
2024-09-17 10:15:16.780,414.032590484506,6
2024-09-17 10:15:16.785,414.0377557218026,995
2024-09-17 10:15:16.850,414.0270721633497,9
2024-09-17 10:15:16.882,414.0290051606929,10
2024-09-17 10:15:16.944,414.0698516583474,999
2024-09-17 10:15:17.003,413.9845639331961,102
2024-09-17 10:15:17.020,414.0416727707916,998
2024-09-17 10:15:17.022,414.0073420145845,999
2024-09-17 10:15:17.040,414.0056676886801,999
2024-09-17 10:15:17.067,414.0385585485275,1002
2024-09-17 10:15:17.105,-413.9376655254894,7
2024-09-17 10:15:17.124,414.0280157106213,103
2024-09-17 10:15:17.136,-413.9357093164374,99
2024-09-17 10:15:17.210,413.9751338752127,101
2024-09-17 10:15:17.212,413.91759881136943,12
2024-09-17 10:15:17.258,413.9302740942346,1005
2024-09-17 10:15:17.376,414.0316036997771,104
2024-09-17 10:15:17.452,413.9643542311968,103
2024-09-17 10:15:17.467,413.9320531233709,104
2024-09-17 10:15:17.524,413.9486093336736,8
2024-09-17 10:15:17.542,413.9575752804769,1004
2024-09-17 10:15:17.562,413.9789316959436,101
2024-09-17 10:15:17.574,413.9760082224707,11
2024-09-17 10:15:17.627,414.0394058983943,6
2024-09-17 10:15:17.636,414.014669521264,1000
2024-09-17 10:15:17.716,413.9280116379876,5
2024-09-17 10:15:17.848,413.9907984141164,100
2024-09-17 10:15:17.912,413.92136018199807,105
2024-09-17 10:15:17.944,413.9565531651615,102
2024-09-17 10:15:18.013,413.9256441139975,7
2024-09-17 10:15:18.208,413.94820465483394,96
2024-09-17 10:15:18.214,413.9313521422667,101
2024-09-17 10:15:18.385,413.9356390265524,95
2024-09-17 10:15:18.644,413.9299648365045,1002
2024-09-17 10:15:18.662,413.93885838848166,1000
2024-09-17 10:15:19.038,413.9260389228816,6
2024-09-17 10:15:19.061,413.9263492426742,8
2024-09-17 10:15:19.090,413.9237161198241,995
2024-09-17 10:15:19.260,413.9381649640436,12
2024-09-17 10:15:19.301,413.9259459956159,97
2024-09-17 10:15:19.375,413.9367925017775,8
2024-09-17 10:15:19.488,413.8957977741831,10
2024-09-17 10:15:19.572,413.951134346519,5
2024-09-17 10:15:19.607,413.9152352893349,998
2024-09-17 10:15:20.056,413.8722120275857,15
2024-09-17 10:15:20.070,413.87726872846986,5
2024-09-17 10:15:20.107,413.86104724158935,1002
2024-09-17 10:15:20.130,413.86372625978765,1004
2024-09-17 10:15:20.178,413.87033296716953,104
2024-09-17 10:15:20.260,413.8827148303115,11
2024-09-17 10:15:20.275,413.861735562327,8
2024-09-17 10:15:20.294,413.851011007324,12
2024-09-17 10:15:20.314,413.90188830613295,102
2024-09-17 10:15:20.320,413.8468565809872,11
2024-09-17 10:15:20.356,413.8664160335441,97
2024-09-17 10:15:20.370,413.8972316439244,995
2024-09-17 10:15:20.486,413.85647229232575,11
2024-09-17 10:15:20.629,413.86536281008216,9
2024-09-17 10:15:20.634,413.86265330265377,999
2024-09-17 10:15:20.668,413.8769277009644,97
2024-09-17 10:15:20.699,413.88368413621214,103
2024-09-17 10:15:20.739,413.90896916661046,102
2024-09-17 10:15:20.752,413.8730440944114,1003
2024-09-17 10:15:20.833,413.9165506998998,8
2024-09-17 10:15:20.873,413.8561190234108,104
2024-09-17 10:15:20.930,413.868968050826,997
2024-09-17 10:15:20.950,413.9054016349167,95
2024-09-17 10:15:22.024,413.9063369633142,103
2024-09-17 10:15:22.043,413.8746886562142,12
2024-09-17 10:15:22.058,413.908113047623,6
2024-09-17 10:15:22.214,413.86730273808473,1004
2024-09-17 10:15:22.230,413.88784462351975,103
2024-09-17 10:15:22.258,413.9169704259253,103
2024-09-17 10:15:22.285,413.9313768616838,100
2024-09-17 10:15:22.295,413.8790355604317,999
2024-09-17 10:15:22.351,413.9320618252976,1002
2024-09-17 10:15:22.360,413.9285145908127,1005
2024-09-17 10:15:22.373,413.9396352094793,101
2024-09-17 10:15:22.445,413.9308956719768,14
2024-09-17 10:15:22.490,413.8917936059393,1004
2024-09-17 10:15:22.492,413.91173982891496,1005
2024-09-17 10:15:22.539,413.8880081766866,7
2024-09-17 10:15:22.575,413.9162702311105,9
2024-09-17 10:15:22.623,413.86326616983655,1005
2024-09-17 10:15:22.644,413.8777789249037,105
2024-09-17 10:15:22.683,413.93803176222434,1005
2024-09-17 10:15:22.685,413.8961752803788,13
2024-09-17 10:15:22.748,413.8431321528467,997
2024-09-17 10:15:22.776,41.38926753178228,10
2024-09-17 10:15:22.779,413.89755076933113,102
2024-09-17 10:15:22.782,413.8982352277,95
2024-09-17 10:15:22.824,,99
2024-09-17 10:15:22.969,413.8896628187877,13
2024-09-17 10:15:22.991,413.887790264028,10
2024-09-17 10:15:22.994,413.9021880304082,1005
2024-09-17 10:15:23.008,413.8954232539217,997
2024-09-17 10:15:23.009,413.8727586686255,100
2024-09-17 10:15:23.027,413.890728511736,9
2024-09-17 10:15:23.042,413.8622006344874,103
2024-09-17 10:15:23.122,413.8199093576751,6
2024-09-17 10:15:23.136,413.8818952243725,102
2024-09-17 10:15:23.204,413.89570327970046,999
2024-09-17 10:15:23.232,413.8712609779111,7
2024-09-17 10:15:23.276,413.7824437884559,11
2024-09-17 10:15:23.411,413.8711779121656,99
2024-09-17 10:15:23.422,413.8781102797581,995
2024-09-17 10:15:23.446,413.7633682640089,997
2024-09-17 10:15:23.528,413.8409472151742,7
2024-09-17 10:15:23.684,413.8942025478607,10
2024-09-17 10:15:23.777,413.8803373524957,1000
2024-09-17 10:15:23.832,413.8611222036413,101
2024-09-17 10:15:23.854,413.8949849668006,10
2024-09-17 10:15:23.885,413.884718327744,105
2024-09-17 10:15:23.886,413.8790048035265,14
2024-09-17 10:15:24.002,413.803285349582,105
2024-09-17 10:15:24.035,413.71973580016936,998
2024-09-17 10:15:24.042,413.8015273816806,104
2024-09-17 10:15:24.048,413.7684875568396,14
2024-09-17 10:15:24.060,413.7884465433432,7
2024-09-17 10:15:24.133,413.776428339798,95
2024-09-17 10:15:24.136,413.7657327825162,1004
2024-09-17 10:15:24.145,413.7704864431128,5
2024-09-17 10:15:24.189,413.73395380603046,97
2024-09-17 10:15:24.211,413.74673738313504,13
2024-09-17 10:15:24.274,413.7351138046673,14
2024-09-17 10:15:24.280,413.7887363935304,14
2024-09-17 10:15:24.298,413.7908250649487,997
2024-09-17 10:15:24.322,413.7772057871233,98
2024-09-17 10:15:24.348,413.7977252014426,5
2024-09-17 10:15:24.479,413.71645129331154,96
2024-09-17 10:15:24.482,413.7502462477195,101
2024-09-17 10:15:24.512,413.7962775505681,1003
2024-09-17 10:15:24.637,413.7119679698839,997
2024-09-17 10:15:24.823,413.7457871122464,1000
2024-09-17 10:15:24.858,413.78940632705167,1000
2024-09-17 10:15:24.896,413.74501354653495,9
2024-09-17 10:15:24.969,413.7775320326456,101
2024-09-17 10:15:24.991,413.7900450127033,13
2024-09-17 10:15:25.019,413.7577407466698,8
2024-09-17 10:15:25.020,413.7348421932968,996
2024-09-17 10:15:25.029,413.7546626240977,15
2024-09-17 10:15:25.040,413.7018364140723,104
2024-09-17 10:15:25.160,413.76963028582793,97
2024-09-17 10:15:25.192,413.73222260341777,103
2024-09-17 10:15:25.198,413.7643703821178,1000
2024-09-17 10:15:25.238,413.77739162602654,5
2024-09-17 10:15:25.256,413.8043574085379,15
2024-09-17 10:15:25.302,413.751278641908,13
2024-09-17 10:15:25.308,413.7113530424236,1002
2024-09-17 10:15:25.427,413.7843781593982,10
2024-09-17 10:15:25.471,413.7738588403087,7
2024-09-17 10:15:25.493,413.7722262321413,997
2024-09-17 10:15:25.543,413.7019163858714,103
2024-09-17 10:15:25.563,413.7687040931864,7
2024-09-17 10:15:25.616,413.7737882170723,1003
2024-09-17 10:15:25.654,413.71372015687297,104
2024-09-17 10:15:25.746,413.685436443168,997
2024-09-17 10:15:25.776,413.75192090560034,11
2024-09-17 10:15:25.803,413.7891313878432,1004
2024-09-17 10:15:25.815,413.7627850426458,7
2024-09-17 10:15:25.823,413.7839739978727,8
2024-09-17 10:15:25.845,413.7183601789893,99
2024-09-17 10:15:25.862,413.7558651216136,105
2024-09-17 10:15:25.889,413.7830653112478,9
2024-09-17 10:15:25.970,413.759421957241,13
2024-09-17 10:15:26.320,413.6769975486251,1003
2024-09-17 10:15:26.581,413.6611185483452,95
2024-09-17 10:15:26.976,413.69046138236274,102
2024-09-17 10:15:27.000,413.6911258878677,997
2024-09-17 10:15:27.021,413.6635569293153,1004
2024-09-17 10:15:27.125,413.6392542517989,99
2024-09-17 10:15:27.201,413.62021969497073,1005
2024-09-17 10:15:27.232,413.6208448128425,999
2024-09-17 10:15:27.269,413.64731374451816,999
2024-09-17 10:15:27.365,413.61838493697104,1000
2024-09-17 10:15:27.402,413.62654743760703,1005
2024-09-17 10:15:27.403,413.621185674612,15
2024-09-17 10:15:27.409,413.64314440917866,6
2024-09-17 10:15:27.492,413.6329173179877,98
2024-09-17 10:15:27.522,413.67651376705714,96
2024-09-17 10:15:27.675,413.62674506220674,998
2024-09-17 10:15:27.696,413.6206131872689,1002
2024-09-17 10:15:27.850,413.6373798313,96
2024-09-17 10:15:27.863,413.6781291111638,103
2024-09-17 10:15:27.962,413.63866565101233,1003
2024-09-17 10:15:28.133,413.6440147815098,96
2024-09-17 10:15:28.636,413.65211728975527,1005
2024-09-17 10:15:28.759,413.6568645789275,103
2024-09-17 10:15:28.876,413.6386800990781,12
2024-09-17 10:15:28.961,413.6463272900028,5
2024-09-17 10:15:29.585,413.67659156969216,9
2024-09-17 10:15:30.067,413.6630250323153,95
2024-09-17 10:15:30.893,413.67883810880966,6
2024-09-17 10:15:31.077,,1001
2024-09-17 10:15:31.180,413.7017480217255,1002
2024-09-17 10:15:31.230,413.7187888284919,102
2024-09-17 10:15:31.250,413.6617061929843,105
2024-09-17 10:15:31.513,413.71465676280985,101
2024-09-17 10:15:31.553,413.68262713858593,5
2024-09-17 10:15:31.744,413.7106142898767,997
2024-09-17 10:15:31.791,413.7109490263415,98
2024-09-17 10:15:31.829,413.6960336901223,104
2024-09-17 10:15:31.876,413.70394087169313,105
2024-09-17 10:15:31.912,413.6950746670669,103
2024-09-17 10:15:31.954,413.6991886484137,15
2024-09-17 10:15:31.955,413.66368894991706,7
2024-09-17 10:15:32.175,413.7167278826945,14
2024-09-17 10:15:32.269,413.7060002052263,1004
2024-09-17 10:15:32.403,413.71561699818335,15
2024-09-17 10:15:32.570,413.71229544987625,998
2024-09-17 10:15:32.640,413.7091725663681,997
2024-09-17 10:15:32.741,413.7120533594018,102
2024-09-17 10:15:32.841,413.70896372929417,998
2024-09-17 10:15:33.061,413.7033004983544,95
2024-09-17 10:15:33.103,413.7303649388196,7
2024-09-17 10:15:33.111,413.6975587595201,1004
2024-09-17 10:15:33.197,413.70348949969065,15
2024-09-17 10:15:33.205,413.71120935386944,98
2024-09-17 10:15:33.238,413.6924985136927,1002
2024-09-17 10:15:33.242,413.6971859403315,98
2024-09-17 10:15:33.252,413.6900550269336,997
2024-09-17 10:15:33.274,413.6941708587342,6
2024-09-17 10:15:33.333,413.68961882766587,11
2024-09-17 10:15:33.334,413.701766270708,999
2024-09-17 10:15:33.405,413.7091583128621,999
2024-09-17 10:15:33.446,413.6958771089432,999
2024-09-17 10:15:33.455,413.7063627731609,13
2024-09-17 10:15:33.460,413.7254995966141,95
2024-09-17 10:15:33.475,413.7271179431506,95
2024-09-17 10:15:33.546,413.69042308888095,1001
2024-09-17 10:15:33.597,413.7185520514701,13
2024-09-17 10:15:33.599,413.6990454560017,8
2024-09-17 10:15:33.600,413.7197418372856,12
2024-09-17 10:15:33.605,413.7129076599809,997
2024-09-17 10:15:33.645,413.6909187205175,5
2024-09-17 10:15:33.694,413.6814663850992,14
2024-09-17 10:15:33.730,413.6982245387388,96
2024-09-17 10:15:33.827,413.68610243295547,99
2024-09-17 10:15:33.869,413.7147339416861,105
2024-09-17 10:15:33.941,413.6853591230336,1001
2024-09-17 10:15:33.975,413.7021402846669,105
2024-09-17 10:15:33.979,413.7190188573628,5
2024-09-17 10:15:33.999,413.72599461872505,998
2024-09-17 10:15:34.033,413.6922375589599,101
2024-09-17 10:15:34.076,413.68631587083297,100
2024-09-17 10:15:34.213,413.6767705821128,996
2024-09-17 10:15:34.276,413.6704727391771,97
2024-09-17 10:15:34.416,413.6842163258244,997
2024-09-17 10:15:34.566,413.64359175866434,102
2024-09-17 10:15:34.572,413.66902230082985,1004
2024-09-17 10:15:34.645,413.6457923979029,1000
2024-09-17 10:15:34.715,413.6868983039293,9
2024-09-17 10:15:34.759,413.6977807808224,98
2024-09-17 10:15:34.878,413.70730735053775,105
2024-09-17 10:15:34.916,413.6562509721351,9
2024-09-17 10:15:34.964,413.6650308341572,5
2024-09-17 10:15:34.971,413.6497496110485,11
2024-09-17 10:15:34.985,413.7488841860762,102
2024-09-17 10:15:35.049,413.7349533781594,11
2024-09-17 10:15:35.093,413.7443193158601,11
2024-09-17 10:15:35.142,413.7198442187678,997
2024-09-17 10:15:35.174,413.75400672512393,8
2024-09-17 10:15:35.228,413.72580916374665,96
2024-09-17 10:15:35.343,413.7462482138184,97
2024-09-17 10:15:35.355,413.7419799470016,1000
2024-09-17 10:15:35.359,413.74420835802505,10
2024-09-17 10:15:35.417,413.7455709155346,96
2024-09-17 10:15:35.438,413.7444846075008,97
2024-09-17 10:15:35.495,413.7405281695614,5
2024-09-17 10:15:35.622,413.7356689072904,13
2024-09-17 10:15:35.739,413.7250915718556,102
2024-09-17 10:15:35.740,413.7496216923957,12
2024-09-17 10:15:35.783,413.7172000782135,1002
2024-09-17 10:15:35.911,413.7319561588407,10
2024-09-17 10:15:35.920,413.7177043555639,103
2024-09-17 10:15:35.969,413.7396443103999,15
2024-09-17 10:15:36.009,413.67953504343006,5
2024-09-17 10:15:36.160,413.6772596346999,15
2024-09-17 10:15:36.203,413.6217231944003,104
2024-09-17 10:15:36.211,413.6238676115364,1005
2024-09-17 10:15:36.260,413.6500611084202,95
2024-09-17 10:15:36.322,-413.6190110130208,6
2024-09-17 10:15:36.333,413.6760717042774,999
2024-09-17 10:15:36.349,413.678693501744,10
2024-09-17 10:15:36.371,413.6197982050432,998
2024-09-17 10:15:36.673,413.6740998794549,1002
2024-09-17 10:15:36.706,413.63778293078826,15
2024-09-17 10:15:36.708,413.6890992429038,103
2024-09-17 10:15:36.723,413.6785033721488,997
2024-09-17 10:15:36.755,413.7092086068113,12
2024-09-17 10:15:36.757,413.7217967654671,102
2024-09-17 10:15:36.806,413.6235994294849,11
2024-09-17 10:15:36.939,413.6921139805529,1003
2024-09-17 10:15:37.240,413.6191952172763,98
2024-09-17 10:15:37.301,413.6175276919155,1001
2024-09-17 10:15:37.377,413.6159245905768,95
2024-09-17 10:15:37.514,413.6294851499757,14
2024-09-17 10:15:37.828,413.6260538287776,96
2024-09-17 10:15:38.013,413.614652675264,96
2024-09-17 10:15:38.078,413.62280722448895,95
2024-09-17 10:15:38.248,413.63673415374586,10
2024-09-17 10:15:38.286,41.36310279647725,1000
2024-09-17 10:15:38.342,413.6247133328823,1002
2024-09-17 10:15:38.412,413.6238923446928,95
2024-09-17 10:15:38.450,413.6666178140173,1003
2024-09-17 10:15:38.492,413.6362845910935,99
2024-09-17 10:15:38.605,413.6365182837697,1004
2024-09-17 10:15:38.663,413.6273883702396,7
2024-09-17 10:15:38.877,413.6157395168504,1000
2024-09-17 10:15:38.974,413.61492612338617,1003
2024-09-17 10:15:39.180,413.67685350417446,14
2024-09-17 10:15:39.859,413.69420388742407,98
2024-09-17 10:15:40.155,413.7827501406743,95
2024-09-17 10:15:40.205,413.7049316463287,10
2024-09-17 10:15:40.288,413.7471221027853,95
2024-09-17 10:15:40.454,413.752956740342,1004
2024-09-17 10:15:40.563,413.7241615699799,104
2024-09-17 10:15:40.672,413.74122899990016,14
2024-09-17 10:15:40.676,413.70782703500976,5
2024-09-17 10:15:40.688,413.6953458054971,100
2024-09-17 10:15:40.739,413.6883633994748,9
2024-09-17 10:15:40.755,413.72828393996986,10
2024-09-17 10:15:40.798,413.7108523320746,998
2024-09-17 10:15:40.799,413.761978458909,104
2024-09-17 10:15:40.805,413.77162110923183,6
2024-09-17 10:15:40.822,413.7402539094452,999
2024-09-17 10:15:40.838,413.76499087516737,12
2024-09-17 10:15:42.057,413.75567873108287,15
2024-09-17 10:15:42.229,413.7762862837195,103
2024-09-17 10:15:42.425,413.7555984529403,1005
2024-09-17 10:15:42.580,413.7840253847048,5
2024-09-17 10:15:42.611,413.79469356877047,96
2024-09-17 10:15:42.652,413.7708548334368,10
2024-09-17 10:15:42.702,413.76277432789743,12
2024-09-17 10:15:42.875,413.77212970018,105
2024-09-17 10:15:42.902,413.7603730525186,1002
2024-09-17 10:15:42.937,413.7600866769296,8
2024-09-17 10:15:42.989,-413.7696063581445,5
2024-09-17 10:15:43.050,413.686364172782,6
2024-09-17 10:15:43.072,413.77294452805705,104
2024-09-17 10:15:43.134,413.7314780934115,104
2024-09-17 10:15:43.170,413.7007561324617,10
2024-09-17 10:15:43.179,413.7429437438698,13
2024-09-17 10:15:43.180,413.7686633269801,13
2024-09-17 10:15:43.212,413.71872217429313,13
2024-09-17 10:15:43.269,413.76435430645984,104
2024-09-17 10:15:43.278,413.7042140237854,999
2024-09-17 10:15:43.291,413.6926551290302,95
2024-09-17 10:15:43.330,413.7267511536333,104
2024-09-17 10:15:43.451,413.673514352379,1001
2024-09-17 10:15:43.469,413.7151250577788,97
2024-09-17 10:15:43.481,413.7043386309999,104
2024-09-17 10:15:43.519,413.7540207678604,12
2024-09-17 10:15:43.572,413.7768300746264,999
2024-09-17 10:15:43.635,413.67864175369033,95
2024-09-17 10:15:43.669,413.70846579791663,12
2024-09-17 10:15:43.677,413.70053816269376,997
2024-09-17 10:15:43.678,413.7286384629261,103
2024-09-17 10:15:43.721,413.7232180734472,999
2024-09-17 10:15:43.745,413.7697204951481,11
2024-09-17 10:15:43.826,413.7587757579288,10
2024-09-17 10:15:43.856,413.6971530387061,11
2024-09-17 10:15:43.886,,1004
2024-09-17 10:15:43.892,413.7358001520765,997
2024-09-17 10:15:43.892,41.372394631121466,100
2024-09-17 10:15:43.932,413.74637630524217,99
2024-09-17 10:15:43.994,413.76557125746166,98
2024-09-17 10:15:44.025,413.68234113034487,9
2024-09-17 10:15:44.089,413.71248195823193,98
2024-09-17 10:15:44.147,413.7046367466976,998
2024-09-17 10:15:44.150,413.7133846997769,1000
2024-09-17 10:15:44.184,413.7357936086559,997
2024-09-17 10:15:44.186,413.6869531478336,8
2024-09-17 10:15:44.197,413.719885467015,11
2024-09-17 10:15:44.286,413.6835555473975,9
2024-09-17 10:15:44.369,413.7291120524421,8
2024-09-17 10:15:44.392,413.71886902016576,105
2024-09-17 10:15:44.426,413.717513420993,98
2024-09-17 10:15:44.484,413.7021232031841,99
2024-09-17 10:15:44.513,413.6843676272196,995
2024-09-17 10:15:44.527,413.7134675166084,103
2024-09-17 10:15:44.529,413.7042051345551,997
2024-09-17 10:15:44.535,413.6805943700588,104
2024-09-17 10:15:44.540,413.700089920385,12
2024-09-17 10:15:44.560,413.7014673368967,105
2024-09-17 10:15:44.566,413.699398598164,6
2024-09-17 10:15:44.581,413.6990190293634,103
2024-09-17 10:15:44.596,413.6938951330197,1001
2024-09-17 10:15:44.607,413.7168902231096,99
2024-09-17 10:15:44.617,413.72048031314574,998
2024-09-17 10:15:44.709,413.70579294946793,1003
2024-09-17 10:15:44.748,413.704773890466,995
2024-09-17 10:15:44.772,413.691406243311,1002
2024-09-17 10:15:44.833,413.6957888413979,1005
2024-09-17 10:15:44.917,413.6996885419071,98
2024-09-17 10:15:44.929,413.67749411344056,96
2024-09-17 10:15:44.947,413.7257603448937,15
2024-09-17 10:15:45.002,413.7588325364982,996
2024-09-17 10:15:45.041,413.75631229102606,1004
2024-09-17 10:15:45.047,413.73646414162215,6
2024-09-17 10:15:45.190,413.7755810151267,6
2024-09-17 10:15:45.195,413.7398419178669,105
2024-09-17 10:15:45.227,413.7158114644729,99
2024-09-17 10:15:45.230,413.7244496257632,997
2024-09-17 10:15:45.232,413.7421895620047,102
2024-09-17 10:15:45.248,413.6931519052598,997
2024-09-17 10:15:45.275,413.74582220443904,95
2024-09-17 10:15:45.323,413.7344169311456,5
2024-09-17 10:15:45.327,413.7312688041365,96
2024-09-17 10:15:45.331,413.7691534199074,6
2024-09-17 10:15:45.421,413.71925072979,9
2024-09-17 10:15:45.495,413.74281970546906,99
2024-09-17 10:15:45.512,413.7378111987504,104
2024-09-17 10:15:45.523,413.7566192878149,9
2024-09-17 10:15:45.531,413.7675161975325,9
2024-09-17 10:15:45.583,413.7230233111528,995
2024-09-17 10:15:45.607,413.74132242117423,105
2024-09-17 10:15:45.611,413.72749460537005,98
2024-09-17 10:15:45.637,413.7476926545605,12
2024-09-17 10:15:45.669,413.7418498942855,1003
2024-09-17 10:15:45.732,413.73023862181446,6
2024-09-17 10:15:45.768,413.6999175952171,105
2024-09-17 10:15:45.794,413.7720395017338,999
2024-09-17 10:15:45.825,413.7177451111469,14
2024-09-17 10:15:45.873,413.7117415408708,14
2024-09-17 10:15:45.879,413.70689693502345,96
2024-09-17 10:15:45.909,413.7829631503999,11
2024-09-17 10:15:46.348,413.76255343752297,105
2024-09-17 10:15:46.414,413.7680617014289,1002
2024-09-17 10:15:46.425,413.7604235610775,99
2024-09-17 10:15:46.434,413.7498158606873,98
2024-09-17 10:15:46.637,413.7501303738172,996
2024-09-17 10:15:46.700,413.75723723109473,997
2024-09-17 10:15:46.729,413.7558141996242,1000
2024-09-17 10:15:46.781,413.7454039394648,997
2024-09-17 10:15:46.889,413.77108379583535,997
2024-09-17 10:15:46.908,413.7577074072704,11
2024-09-17 10:15:46.910,413.7660279933864,1004
2024-09-17 10:15:46.984,413.7471422512143,1003
2024-09-17 10:15:47.053,413.741207689331,1003
2024-09-17 10:15:47.059,413.7446965872455,997
2024-09-17 10:15:47.062,413.7638949441505,97
2024-09-17 10:15:47.177,413.73486637058886,1003
2024-09-17 10:15:47.209,413.7670123106523,7
2024-09-17 10:15:47.226,413.7573672311707,15
2024-09-17 10:15:47.250,413.720752803965,1004
2024-09-17 10:15:47.447,413.724380287177,1005
2024-09-17 10:15:47.511,413.7694867996706,105
2024-09-17 10:15:47.603,413.7514325665099,999
2024-09-17 10:15:47.610,413.7425147360344,9
2024-09-17 10:15:47.611,413.731258042208,104
2024-09-17 10:15:47.718,413.7367452074423,8
2024-09-17 10:15:47.772,413.7429706532755,100
2024-09-17 10:15:47.800,413.73821713388224,97
2024-09-17 10:15:47.812,413.7362677264097,13
2024-09-17 10:15:47.909,413.7529812001584,6
2024-09-17 10:15:47.953,413.7179962682066,102
2024-09-17 10:15:48.021,413.6999266214417,96
2024-09-17 10:15:48.040,413.73746030745,997
2024-09-17 10:15:48.058,413.710045460978,14
2024-09-17 10:15:48.083,413.727428667143,5
2024-09-17 10:15:48.143,413.7180299754356,9
2024-09-17 10:15:48.155,413.7307239788829,5
2024-09-17 10:15:48.208,413.7373543919242,95
2024-09-17 10:15:48.225,413.7336322630935,1002
2024-09-17 10:15:48.228,413.7095731595465,99
2024-09-17 10:15:48.244,413.7224870974264,1002
2024-09-17 10:15:48.388,413.7286026987228,96
2024-09-17 10:15:48.451,413.7344302429179,99
2024-09-17 10:15:48.461,413.7129341234455,998
2024-09-17 10:15:48.500,413.7321811376408,104
2024-09-17 10:15:48.588,413.7462357049897,9
2024-09-17 10:15:48.615,413.7278596845935,99
2024-09-17 10:15:48.709,413.73548471031074,5
2024-09-17 10:15:48.757,413.7270606139112,100
2024-09-17 10:15:48.836,413.7250841390767,11
2024-09-17 10:15:48.912,413.7328659138266,97
2024-09-17 10:15:48.929,413.73635426829577,998
2024-09-17 10:15:49.010,413.71965725881097,1002
2024-09-17 10:15:49.013,413.73916683333897,15
2024-09-17 10:15:49.196,413.7497192791105,9
2024-09-17 10:15:49.213,413.759551310199,10
2024-09-17 10:15:49.231,413.7455943255128,102
2024-09-17 10:15:49.256,413.74672025839686,98
2024-09-17 10:15:49.295,413.7379905765248,13
2024-09-17 10:15:49.315,413.7417315984736,96
2024-09-17 10:15:49.428,413.7292641751727,99
2024-09-17 10:15:49.515,413.74792135851175,105
2024-09-17 10:15:49.530,413.74571030276513,98
2024-09-17 10:15:49.552,413.73950991287546,100
2024-09-17 10:15:49.620,413.74114953185307,1003
2024-09-17 10:15:49.692,413.7163000713267,1001
2024-09-17 10:15:49.855,413.7342744224848,1002
2024-09-17 10:15:49.897,413.73945073079136,9
2024-09-17 10:15:49.912,413.73200555138106,100
2024-09-17 10:15:49.984,413.72224969513104,101
2024-09-17 10:15:50.026,413.7328582335096,6
2024-09-17 10:15:50.210,413.7293987248371,1002
2024-09-17 10:15:50.245,413.73222192367,98
2024-09-17 10:15:50.262,413.73594180154737,1005
2024-09-17 10:15:50.448,413.7512317555573,101
2024-09-17 10:15:50.923,413.7527113831483,999
2024-09-17 10:15:50.993,413.7484301348934,104
2024-09-17 10:15:51.003,413.7257222089761,5
2024-09-17 10:15:51.307,413.7222374750513,996
2024-09-17 10:15:51.368,413.70952640694526,10
2024-09-17 10:15:51.371,413.72967441523673,98
2024-09-17 10:15:51.506,413.7217661596964,10
2024-09-17 10:15:51.741,413.7174432758161,9
2024-09-17 10:15:52.028,413.7308087920171,997
2024-09-17 10:15:52.048,413.7385742328407,8
2024-09-17 10:15:52.084,413.7361059183818,11
2024-09-17 10:15:52.130,413.7443107763787,8
2024-09-17 10:15:52.306,413.72702315759545,13
2024-09-17 10:15:52.371,413.7142685419693,999
2024-09-17 10:15:52.456,413.7527052872516,8
2024-09-17 10:15:52.476,413.7317897759922,103
2024-09-17 10:15:52.478,413.7313200636064,11
2024-09-17 10:15:52.493,413.73056958122766,7
2024-09-17 10:15:52.655,413.72951582441095,999
2024-09-17 10:15:52.917,413.7347798678247,96
2024-09-17 10:15:52.928,413.74311417131327,999
2024-09-17 10:15:53.061,413.70743739716255,11
2024-09-17 10:15:53.102,413.71225376746514,1001
2024-09-17 10:15:53.308,413.7231171995904,1004
2024-09-17 10:15:53.853,413.7099034865609,103
2024-09-17 10:15:54.158,413.6994214201816,998
2024-09-17 10:15:54.221,413.6844469080713,9
2024-09-17 10:15:54.297,413.7230984090244,99
2024-09-17 10:15:54.299,413.6904997209805,11
2024-09-17 10:15:54.430,413.6884164723037,997
2024-09-17 10:15:54.511,413.6933002286924,12
2024-09-17 10:15:54.526,413.7116457456302,12
2024-09-17 10:15:54.591,413.7203017191932,102
2024-09-17 10:15:54.616,413.7082475797983,995
2024-09-17 10:15:54.652,413.71362702546736,1004
2024-09-17 10:15:54.718,413.6930891081125,98
2024-09-17 10:15:54.719,413.6875207399838,102
2024-09-17 10:15:54.809,413.685341444868,9
2024-09-17 10:15:54.864,413.6955143909153,997
2024-09-17 10:15:54.876,413.69902031286,5
2024-09-17 10:15:54.929,413.7127111113192,105
2024-09-17 10:15:54.983,413.722281687002,99
2024-09-17 10:15:55.023,413.6943084656799,9
2024-09-17 10:15:55.032,413.6588609613514,14
2024-09-17 10:15:55.094,413.700549194416,102
2024-09-17 10:15:55.145,413.6593159558592,96
2024-09-17 10:15:55.206,413.67369185889584,96
2024-09-17 10:15:55.209,413.7343434216726,5
2024-09-17 10:15:55.209,413.7208876576161,8
2024-09-17 10:15:55.213,413.65337058826896,14
2024-09-17 10:15:55.231,413.6585154333728,1001
2024-09-17 10:15:55.246,413.6601461847961,1000
2024-09-17 10:15:55.248,413.6635356736223,98
2024-09-17 10:15:55.268,413.6695208708484,14
2024-09-17 10:15:55.279,413.6524497992537,99
2024-09-17 10:15:55.388,413.66354798869605,996
2024-09-17 10:15:55.393,413.6844482510686,1000
2024-09-17 10:15:55.399,413.64691199933424,13
2024-09-17 10:15:55.402,413.7153824182897,6
2024-09-17 10:15:55.407,413.7178230048846,1004
2024-09-17 10:15:55.554,413.7210762725152,13
2024-09-17 10:15:55.559,413.6707196399227,96
2024-09-17 10:15:55.605,413.6712672909555,996
2024-09-17 10:15:55.606,413.6521380034862,97
2024-09-17 10:15:55.612,413.6629439675063,1001
2024-09-17 10:15:55.667,413.7254018330145,99
2024-09-17 10:15:55.693,413.6655694671363,8
2024-09-17 10:15:55.736,413.6957105013456,7
2024-09-17 10:15:55.801,413.6933559176729,995
2024-09-17 10:15:55.885,413.6647294483477,15
2024-09-17 10:15:55.910,413.6915878730972,104
2024-09-17 10:15:55.918,413.6584197113957,1004
2024-09-17 10:15:56.062,413.7495009392167,1001
2024-09-17 10:15:56.431,413.7303269441993,1005
2024-09-17 10:15:56.479,413.7270634050125,998
2024-09-17 10:15:56.570,413.7566672070947,11
2024-09-17 10:15:56.694,413.7296836046147,1002
2024-09-17 10:15:56.771,413.7593357176648,1001
2024-09-17 10:15:56.894,413.7204577852248,8
2024-09-17 10:15:56.998,413.74112753382445,101
2024-09-17 10:15:57.006,413.678420003251,100
2024-09-17 10:15:57.049,413.7088361218074,6
2024-09-17 10:15:57.096,413.72631271126016,99
2024-09-17 10:15:57.110,413.7490446141922,105
2024-09-17 10:15:57.193,413.67254439004495,97
2024-09-17 10:15:57.215,413.7294388896175,14
2024-09-17 10:15:57.281,413.6997701689319,996
2024-09-17 10:15:57.339,413.7386985950184,996
2024-09-17 10:15:57.399,413.7322899551259,105
2024-09-17 10:15:57.514,413.6931109634232,11
2024-09-17 10:15:57.516,413.7236976135521,95
2024-09-17 10:15:57.538,413.7339076661496,1004
2024-09-17 10:15:57.549,413.7291396115036,1004
2024-09-17 10:15:57.552,,103
2024-09-17 10:15:57.556,413.7257971200905,102
2024-09-17 10:15:57.609,413.7399568208288,1004
2024-09-17 10:15:57.645,413.7125287555106,1003
2024-09-17 10:15:57.651,413.690861489809,104
2024-09-17 10:15:57.737,413.72078033218986,105
2024-09-17 10:15:57.979,413.73640388575495,5
2024-09-17 10:15:58.023,413.6536809946247,11
2024-09-17 10:15:58.057,413.6709753870306,1001
2024-09-17 10:15:58.289,413.67181021768965,1001
2024-09-17 10:15:58.297,413.6549457579338,6
2024-09-17 10:15:58.430,413.6755629490077,7
2024-09-17 10:15:58.741,413.65097418817584,7
2024-09-17 10:15:59.029,413.7058239022306,5
2024-09-17 10:15:59.045,413.6779442502474,1003
2024-09-17 10:15:59.231,413.7191148024111,997
2024-09-17 10:15:59.269,413.69883335363664,996
2024-09-17 10:15:59.377,413.6850586393897,100
2024-09-17 10:15:59.442,413.71363432673616,1002
2024-09-17 10:15:59.638,413.67886742030896,99
2024-09-17 10:15:59.783,413.6774787738447,995
