Timestamp,Price,Size
2024-09-18 14:14:00.011,415.3633442728925,1002
2024-09-18 14:14:00.020,415.3703741775983,1002
2024-09-18 14:14:00.080,415.3698319636386,99
2024-09-18 14:14:00.320,415.35117060958976,15
2024-09-18 14:14:00.386,415.3719044141985,5
2024-09-18 14:14:00.481,415.34929369331496,101
2024-09-18 14:14:00.504,415.3574139254412,101
2024-09-18 14:14:00.660,415.3644273322579,999
2024-09-18 14:14:00.735,415.3408686557207,1002
2024-09-18 14:14:01.549,415.3583838089442,102
2024-09-18 14:14:02.184,415.3512813033465,96
2024-09-18 14:14:02.211,415.3842165087365,1003
2024-09-18 14:14:02.360,415.38104265705607,97
2024-09-18 14:14:02.443,415.3698545620066,103
2024-09-18 14:14:02.662,415.3478558017592,15
2024-09-18 14:14:02.695,415.3637441359549,99
2024-09-18 14:14:02.799,415.3643597207813,101
2024-09-18 14:14:02.863,415.3754933406871,1002
2024-09-18 14:14:02.939,415.3795131080716,13
2024-09-18 14:14:03.087,415.3412953275178,101
2024-09-18 14:14:03.149,415.34551164433816,15
2024-09-18 14:14:03.168,415.3564825032296,104
2024-09-18 14:14:03.218,415.3459013982933,14
2024-09-18 14:14:03.426,415.32978965258735,999
2024-09-18 14:14:03.463,415.3089162453949,1005
2024-09-18 14:14:03.685,415.37098976100566,1000
2024-09-18 14:14:03.981,415.3313322653534,1003
2024-09-18 14:14:03.985,415.32725206274847,96
2024-09-18 14:14:03.989,415.327652523797,95
2024-09-18 14:14:04.003,415.3287019877804,14
2024-09-18 14:14:04.034,415.2982995695103,14
2024-09-18 14:14:04.082,415.26959198890336,13
2024-09-18 14:14:04.121,415.30756601448434,996
2024-09-18 14:14:04.150,415.3028153605682,1003
2024-09-18 14:14:04.159,415.2840050772251,5
2024-09-18 14:14:04.204,415.2718607698857,10
2024-09-18 14:14:04.301,415.3544220494312,96
2024-09-18 14:14:04.421,415.3433351054708,5
2024-09-18 14:14:04.427,415.26985887411456,101
2024-09-18 14:14:04.500,415.2851093480074,96
2024-09-18 14:14:04.526,415.3539925067887,103
2024-09-18 14:14:04.607,415.3414490805568,12
2024-09-18 14:14:04.668,415.26738103738825,96
2024-09-18 14:14:04.702,415.2738579164613,100
2024-09-18 14:14:04.730,415.2609103415533,15
2024-09-18 14:14:04.731,415.2843087057031,105
2024-09-18 14:14:04.781,415.2662302842252,997
2024-09-18 14:14:04.816,415.2736084655269,14
2024-09-18 14:14:04.865,415.3504211078757,10
2024-09-18 14:14:04.923,415.3158000180388,96
2024-09-18 14:14:04.975,415.3467630288145,998
2024-09-18 14:14:05.179,415.2700287561619,102
2024-09-18 14:14:05.193,415.2813820843268,9
2024-09-18 14:14:05.229,415.28379420843726,102
2024-09-18 14:14:05.237,415.26860400616886,998
2024-09-18 14:14:05.300,415.2793289968637,996
2024-09-18 14:14:05.465,415.2791406598557,102
2024-09-18 14:14:05.519,415.2894103989133,100
2024-09-18 14:14:05.560,415.2639886056716,1003
2024-09-18 14:14:05.923,415.2899591601841,996
2024-09-18 14:14:05.960,415.2910038255519,96
2024-09-18 14:14:06.033,415.2966204692737,1001
2024-09-18 14:14:06.275,415.30195587844304,99
2024-09-18 14:14:06.909,,99
2024-09-18 14:14:06.940,415.2894768592229,102
2024-09-18 14:14:07.122,415.2728153862105,105
2024-09-18 14:14:07.181,415.2709564018975,1003
2024-09-18 14:14:07.212,415.294724088,95
2024-09-18 14:14:07.470,415.25756139753736,101
2024-09-18 14:14:07.541,415.2558190503186,1003
2024-09-18 14:14:07.766,415.291554738853,1005
2024-09-18 14:14:07.841,415.26841438216144,998
2024-09-18 14:14:07.853,415.2862892364441,1005
2024-09-18 14:14:07.863,415.27405667347006,99
2024-09-18 14:14:07.908,415.2843588460316,1003
2024-09-18 14:14:07.933,415.2905985207236,95
2024-09-18 14:14:07.953,415.2735771500047,99
2024-09-18 14:14:07.957,,11
2024-09-18 14:14:08.015,415.2424595076408,6
2024-09-18 14:14:08.022,415.22782764522816,5
2024-09-18 14:14:08.133,415.2308279824604,13
2024-09-18 14:14:08.143,415.22206390345394,1003
2024-09-18 14:14:08.164,415.2306132563504,5
2024-09-18 14:14:08.177,415.2207460382574,98
2024-09-18 14:14:08.177,415.2357601791282,97
2024-09-18 14:14:08.219,415.22222074327385,1000
2024-09-18 14:14:08.257,415.227510906049,997
2024-09-18 14:14:08.286,415.2228512345743,996
2024-09-18 14:14:08.300,415.2408083358665,97
2024-09-18 14:14:08.346,415.2379241333453,1005
2024-09-18 14:14:08.350,415.2202779556809,1003
2024-09-18 14:14:08.368,415.2113425931479,9
2024-09-18 14:14:08.396,415.2532069007009,95
2024-09-18 14:14:08.515,415.23227386468335,14
2024-09-18 14:14:08.636,415.2311131370464,97
2024-09-18 14:14:08.645,415.2185970124309,7
2024-09-18 14:14:08.752,415.2341833307343,101
2024-09-18 14:14:08.820,415.22334049230113,13
2024-09-18 14:14:08.962,415.2260916974653,99
2024-09-18 14:14:08.998,415.225222207514,101
2024-09-18 14:14:09.270,415.2539657303794,98
2024-09-18 14:14:09.310,415.2414028966568,7
2024-09-18 14:14:10.100,415.28788591248303,1001
2024-09-18 14:14:10.119,415.2999503842604,995
2024-09-18 14:14:10.142,415.30357576537193,997
2024-09-18 14:14:10.150,415.3549405642872,97
2024-09-18 14:14:10.195,415.2904525928997,996
2024-09-18 14:14:10.298,415.3120571607948,96
2024-09-18 14:14:10.343,415.2957506132125,996
2024-09-18 14:14:10.406,415.3288484097567,1004
2024-09-18 14:14:10.419,415.3394952061661,11
2024-09-18 14:14:10.551,415.2578611105434,1005
2024-09-18 14:14:10.552,415.2893056515072,998
2024-09-18 14:14:10.622,415.3292746647857,13
2024-09-18 14:14:10.739,415.2997424104465,105
2024-09-18 14:14:10.741,415.3111876409781,995
2024-09-18 14:14:10.749,415.2928106358497,9
2024-09-18 14:14:10.760,415.330798371413,104
2024-09-18 14:14:10.778,415.3478882301224,97
2024-09-18 14:14:10.827,415.3292321102941,101
2024-09-18 14:14:10.993,415.2997943921521,104
2024-09-18 14:14:11.019,415.2464630565864,95
2024-09-18 14:14:11.023,415.2550984769626,1005
2024-09-18 14:14:11.029,415.2354901823644,10
2024-09-18 14:14:11.049,415.2875258467836,14
2024-09-18 14:14:11.138,415.2905033135017,99
2024-09-18 14:14:11.150,415.2228973038496,100
2024-09-18 14:14:11.161,415.2439851705825,8
2024-09-18 14:14:11.365,415.30463890593,95
2024-09-18 14:14:11.398,415.2060632415752,104
2024-09-18 14:14:11.539,415.25462587419264,103
2024-09-18 14:14:11.599,415.2196452442516,96
2024-09-18 14:14:11.713,415.2595031887739,14
2024-09-18 14:14:11.743,415.2547189992582,996
2024-09-18 14:14:11.772,415.284103227298,99
2024-09-18 14:14:11.800,415.2254236590881,103
2024-09-18 14:14:11.836,415.2540866158511,7
2024-09-18 14:14:11.840,415.2818645963762,1003
2024-09-18 14:14:11.884,415.2538881382597,995
2024-09-18 14:14:11.923,415.1970077865783,10
2024-09-18 14:14:11.968,415.2287296415692,104
2024-09-18 14:14:11.988,415.2438430609845,98
2024-09-18 14:14:11.992,415.225000104531,8
2024-09-18 14:14:12.164,415.192263326886,998
2024-09-18 14:14:13.118,415.1820612218605,97
2024-09-18 14:14:13.230,415.1670870099043,6
2024-09-18 14:14:13.306,415.2093488011725,11
2024-09-18 14:14:13.426,415.1916134208319,14
2024-09-18 14:14:13.467,415.1907818206011,995
2024-09-18 14:14:13.507,415.18456507220617,1004
2024-09-18 14:14:13.558,415.1812440610904,1002
2024-09-18 14:14:13.588,415.16425695270266,1002
2024-09-18 14:14:13.655,415.18813298235887,97
2024-09-18 14:14:13.778,415.2205024835009,95
2024-09-18 14:14:13.779,415.1819172585631,103
2024-09-18 14:14:13.787,415.2218478546874,996
2024-09-18 14:14:13.795,415.1924462482805,11
2024-09-18 14:14:13.819,415.17369521620026,998
2024-09-18 14:14:13.830,415.16667025904985,9
2024-09-18 14:14:13.836,415.18988602473934,103
2024-09-18 14:14:13.861,415.1966194280001,12
2024-09-18 14:14:16.047,415.081648003434,99
2024-09-18 14:14:16.077,415.0618361877632,13
2024-09-18 14:14:16.087,415.1996806808702,1003
2024-09-18 14:14:16.199,415.12040802041423,1000
2024-09-18 14:14:16.233,415.13828827977306,10
2024-09-18 14:14:16.246,415.05936611833454,1003
2024-09-18 14:14:16.264,415.1359399495426,9
2024-09-18 14:14:16.317,415.11290692850525,5
2024-09-18 14:14:16.352,415.1045536676808,11
2024-09-18 14:14:16.423,415.0778924187068,103
2024-09-18 14:14:16.470,415.1216483705184,13
2024-09-18 14:14:16.489,415.0691523455564,999
2024-09-18 14:14:16.513,415.1823369129755,996
2024-09-18 14:14:16.517,415.0469587005383,1000
2024-09-18 14:14:16.533,,998
2024-09-18 14:14:16.545,415.0670932481357,996
2024-09-18 14:14:16.547,415.129584780521,998
2024-09-18 14:14:16.561,415.17429160964986,103
2024-09-18 14:14:16.608,415.0888058694544,11
2024-09-18 14:14:16.702,415.16405518150185,1005
2024-09-18 14:14:16.735,415.1506150220516,999
2024-09-18 14:14:16.768,415.1076422225279,98
2024-09-18 14:14:16.888,415.10729872043134,14
2024-09-18 14:14:16.889,415.14695561059614,995
2024-09-18 14:14:16.913,415.0668933554394,100
2024-09-18 14:14:16.951,415.06522815778425,6
2024-09-18 14:14:16.960,415.14419327345433,12
2024-09-18 14:14:17.118,415.1015429593845,96
2024-09-18 14:14:17.120,415.0474056606323,7
2024-09-18 14:14:17.195,415.0240039527103,10
2024-09-18 14:14:17.266,415.07258753950447,1000
2024-09-18 14:14:17.335,415.0780480365932,100
2024-09-18 14:14:17.487,415.0904103615174,7
2024-09-18 14:14:17.603,415.1053918027302,97
2024-09-18 14:14:17.645,415.0226737228324,15
2024-09-18 14:14:17.693,415.0856895088789,10
2024-09-18 14:14:17.786,415.0726556318592,15
2024-09-18 14:14:17.801,415.0762896903445,103
2024-09-18 14:14:17.854,415.08037351357416,1003
2024-09-18 14:14:17.865,415.0858484973222,98
2024-09-18 14:14:17.954,415.0487207270033,1004
2024-09-18 14:14:17.982,415.092977146872,95
2024-09-18 14:14:18.068,415.10615714062857,12
2024-09-18 14:14:18.213,415.1048655772597,995
2024-09-18 14:14:18.397,415.098198650403,100
2024-09-18 14:14:18.662,415.0717944921557,1003
2024-09-18 14:14:18.981,415.1173730836367,96
2024-09-18 14:14:19.093,415.0914342190519,999
2024-09-18 14:14:19.307,415.105621342733,99
2024-09-18 14:14:19.309,415.0750244311983,104
2024-09-18 14:14:19.401,415.08278531621806,996
2024-09-18 14:14:19.451,415.0999738498216,12
2024-09-18 14:14:19.490,415.09717985668806,995
2024-09-18 14:14:19.498,415.0796053439244,1001
2024-09-18 14:14:19.532,415.0449391797069,99
2024-09-18 14:14:19.672,415.0611743917737,103
2024-09-18 14:14:19.841,415.0982753082242,14
2024-09-18 14:14:19.853,415.0969559758447,1004
2024-09-18 14:14:19.993,415.0634162420965,999
2024-09-18 14:14:20.009,415.07856815832986,1001
2024-09-18 14:14:20.125,415.0858564085647,1000
2024-09-18 14:14:20.125,415.06578472438696,996
2024-09-18 14:14:20.400,415.11070411225137,8
2024-09-18 14:14:20.415,415.03853462871456,995
2024-09-18 14:14:20.434,415.06331477853377,13
2024-09-18 14:14:20.467,415.0823042756784,99
2024-09-18 14:14:20.506,415.0757656654277,1003
2024-09-18 14:14:20.514,415.0775465120743,99
2024-09-18 14:14:20.655,415.0441101948065,11
2024-09-18 14:14:20.760,415.036724235862,98
2024-09-18 14:14:20.797,415.0434959533889,99
2024-09-18 14:14:20.832,415.0510891050121,95
2024-09-18 14:14:20.842,415.0625432896675,15
2024-09-18 14:14:20.908,415.0685622878206,1000
2024-09-18 14:14:20.943,415.09062958468434,103
2024-09-18 14:14:20.946,415.0581910147551,98
2024-09-18 14:14:20.955,415.0798697428761,101
2024-09-18 14:14:20.961,415.0340874428641,996
2024-09-18 14:14:21.005,415.0619779330759,104
2024-09-18 14:14:21.017,415.04545537233,5
2024-09-18 14:14:21.049,414.9961636456832,102
2024-09-18 14:14:21.062,415.04917285149713,1003
2024-09-18 14:14:21.062,415.0316963194547,9
2024-09-18 14:14:21.063,415.0227708499261,998
2024-09-18 14:14:21.099,415.03977533772303,6
2024-09-18 14:14:21.103,414.97975261706455,13
2024-09-18 14:14:21.154,414.9824910939953,103
2024-09-18 14:14:21.232,415.0410713533682,1003
2024-09-18 14:14:21.248,415.0457482787259,999
2024-09-18 14:14:21.349,414.98287928463225,6
2024-09-18 14:14:21.445,415.0170610296992,102
2024-09-18 14:14:21.457,414.9794394937027,12
2024-09-18 14:14:21.515,414.97856224763086,1005
2024-09-18 14:14:21.617,415.02446689341286,6
2024-09-18 14:14:21.624,415.05164593296433,104
2024-09-18 14:14:21.625,415.017882793214,1001
2024-09-18 14:14:21.648,414.9930815638323,15
2024-09-18 14:14:21.659,415.0222361584286,103
2024-09-18 14:14:21.704,415.01655496735566,99
2024-09-18 14:14:21.729,414.9773105073852,1000
2024-09-18 14:14:21.786,415.0511243646032,105
2024-09-18 14:14:21.810,414.9871898253802,6
2024-09-18 14:14:21.828,415.01565449845,101
2024-09-18 14:14:21.863,414.9868627357855,996
2024-09-18 14:14:21.883,414.9825917890236,96
2024-09-18 14:14:21.944,-414.9730314053001,98
2024-09-18 14:14:21.968,415.0015223926248,1001
2024-09-18 14:14:22.007,414.9054280283411,10
2024-09-18 14:14:22.027,415.0218049135253,95
2024-09-18 14:14:22.033,414.902031140338,9
2024-09-18 14:14:22.088,414.9600896177502,105
2024-09-18 14:14:22.139,415.0132915760369,7
2024-09-18 14:14:22.145,414.9770827210179,100
2024-09-18 14:14:22.149,414.9113061994527,95
2024-09-18 14:14:22.212,415.0074076421575,996
2024-09-18 14:14:22.221,414.9286619169164,9
2024-09-18 14:14:22.225,415.0041638350463,6
2024-09-18 14:14:22.270,414.89937602210034,9
2024-09-18 14:14:22.318,414.9645241845297,1004
2024-09-18 14:14:22.322,415.0146614852434,5
2024-09-18 14:14:22.336,-414.9148281487073,96
2024-09-18 14:14:22.352,414.9030377156147,6
2024-09-18 14:14:22.385,415.0170995069083,13
2024-09-18 14:14:22.406,414.89702321585617,97
2024-09-18 14:14:22.607,414.9440620743748,101
2024-09-18 14:14:22.616,415.0252650864329,998
2024-09-18 14:14:22.628,414.9969168994941,13
2024-09-18 14:14:22.649,415.0089746472347,998
2024-09-18 14:14:22.709,414.9813921968095,11
2024-09-18 14:14:22.728,415.0229987631322,97
2024-09-18 14:14:22.751,414.900689510846,1000
2024-09-18 14:14:22.821,414.9040875780464,96
2024-09-18 14:14:23.028,414.82166180074864,14
2024-09-18 14:14:23.119,414.8565081492304,1001
2024-09-18 14:14:23.372,414.8910352620563,104
2024-09-18 14:14:23.436,414.88752241826046,95
2024-09-18 14:14:23.480,414.88630924030633,15
2024-09-18 14:14:23.499,414.83401630765735,104
2024-09-18 14:14:23.537,,1004
2024-09-18 14:14:23.570,414.8375876879471,8
2024-09-18 14:14:23.589,,1004
2024-09-18 14:14:23.616,414.8871189134501,996
2024-09-18 14:14:23.669,414.86364937246697,9
2024-09-18 14:14:23.715,414.8747066427974,14
2024-09-18 14:14:23.732,414.8409719000187,7
2024-09-18 14:14:23.749,414.89539334249525,1005
2024-09-18 14:14:23.752,414.87674319740216,1003
2024-09-18 14:14:23.792,414.8982692272919,13
2024-09-18 14:14:23.805,414.8707076889745,997
2024-09-18 14:14:23.860,414.8521886219997,95
2024-09-18 14:14:23.873,414.85979479119305,99
2024-09-18 14:14:23.890,414.89814443660526,97
2024-09-18 14:14:23.926,414.8293818203537,97
2024-09-18 14:14:23.960,414.8594388328122,96
2024-09-18 14:14:23.977,414.8719895671581,1001
2024-09-18 14:14:24.016,414.8469764443669,7
2024-09-18 14:14:24.066,414.8541190220109,11
2024-09-18 14:14:24.093,414.86174748832025,998
2024-09-18 14:14:24.113,414.8592128411688,15
2024-09-18 14:14:24.179,414.86385488858105,104
2024-09-18 14:14:24.216,414.8597495699301,103
2024-09-18 14:14:24.283,414.8889310195484,997
2024-09-18 14:14:24.351,414.8681058012129,998
2024-09-18 14:14:24.354,414.8569191419422,99
2024-09-18 14:14:24.393,414.8821303637328,105
2024-09-18 14:14:24.425,414.85539035664567,1003
2024-09-18 14:14:24.541,414.8678068847216,1005
2024-09-18 14:14:24.568,414.8515494761478,6
2024-09-18 14:14:24.618,414.85337557913687,1000
2024-09-18 14:14:24.624,414.8433167681615,999
2024-09-18 14:14:24.666,414.8720069716676,98
2024-09-18 14:14:24.686,414.869273433485,998
2024-09-18 14:14:24.805,414.87323565111376,96
2024-09-18 14:14:24.882,414.8402852404792,97
2024-09-18 14:14:24.988,414.8650824399973,102
2024-09-18 14:14:26.017,414.89526361506125,996
2024-09-18 14:14:26.182,414.8201890301635,1000
2024-09-18 14:14:26.217,414.8090959063323,1005
2024-09-18 14:14:26.236,414.8499685946171,96
2024-09-18 14:14:26.240,414.7761841782046,8
2024-09-18 14:14:26.246,414.8874656925117,996
2024-09-18 14:14:26.329,414.9012150668081,10
2024-09-18 14:14:26.371,,6
2024-09-18 14:14:26.420,414.8944094006538,1001
2024-09-18 14:14:26.422,414.8355206477855,103
2024-09-18 14:14:26.425,414.8655843202303,1000
2024-09-18 14:14:26.433,414.8713928830797,5
2024-09-18 14:14:26.511,414.9008159697229,995
2024-09-18 14:14:26.621,414.8514760170609,15
2024-09-18 14:14:26.647,414.8132799658658,997
2024-09-18 14:14:26.706,414.8594941125375,105
2024-09-18 14:14:26.737,414.8730894810984,1001
2024-09-18 14:14:26.751,414.85195484314255,995
2024-09-18 14:14:26.801,414.864145604383,12
2024-09-18 14:14:26.807,414.8772425856019,97
2024-09-18 14:14:26.809,414.831096215889,6
2024-09-18 14:14:26.838,-414.8525330622484,5
2024-09-18 14:14:26.897,-414.8355632359515,102
2024-09-18 14:14:26.922,414.8840102516424,996
2024-09-18 14:14:26.980,414.8589667285726,7
2024-09-18 14:14:26.988,414.8471792135688,10
2024-09-18 14:14:27.027,414.8657184561756,996
2024-09-18 14:14:27.032,414.8484307464362,7
2024-09-18 14:14:27.122,414.787219202443,9
2024-09-18 14:14:27.153,414.82412658669807,12
2024-09-18 14:14:27.160,414.8406049805294,1000
2024-09-18 14:14:27.243,414.7501212343851,12
2024-09-18 14:14:27.308,414.8550715160845,96
2024-09-18 14:14:27.313,414.85827583624274,999
2024-09-18 14:14:27.333,414.8095703277179,7
2024-09-18 14:14:27.403,414.7540697478277,995
2024-09-18 14:14:27.418,414.8484851213108,8
2024-09-18 14:14:27.454,414.8590631322055,99
2024-09-18 14:14:27.456,414.7647876769778,96
2024-09-18 14:14:27.465,414.7615246482686,105
2024-09-18 14:14:27.593,414.79552967708673,9
2024-09-18 14:14:27.698,414.84932033008056,14
2024-09-18 14:14:27.703,414.827440772528,102
2024-09-18 14:14:27.709,414.7719862259763,999
2024-09-18 14:14:27.833,414.8535122062544,9
2024-09-18 14:14:27.901,414.8491850504346,10
2024-09-18 14:14:27.910,414.8447580171857,11
2024-09-18 14:14:27.914,414.8559682794867,102
2024-09-18 14:14:27.926,414.8485283846187,104
2024-09-18 14:14:28.049,414.8466052292527,1004
2024-09-18 14:14:28.430,414.8419891581597,996
2024-09-18 14:14:28.692,414.8053045068041,5
2024-09-18 14:14:28.808,414.8284473384792,10
2024-09-18 14:14:28.967,414.8261318762417,999
2024-09-18 14:14:29.072,414.8568133313972,1000
2024-09-18 14:14:29.073,414.847002346088,99
2024-09-18 14:14:29.075,414.8947160578983,1004
2024-09-18 14:14:29.452,414.8273244112563,1005
2024-09-18 14:14:29.739,414.8442656179364,95
2024-09-18 14:14:29.942,414.8100906562764,1004
2024-09-18 14:14:29.983,414.8774291759357,11
2024-09-18 14:14:30.082,414.8934113684202,105
2024-09-18 14:14:30.153,414.8936782565089,1003
2024-09-18 14:14:30.262,414.8942827369264,5
2024-09-18 14:14:30.334,414.875686166898,95
2024-09-18 14:14:30.481,-414.9111373917443,996
2024-09-18 14:14:30.618,414.8765184075152,9
2024-09-18 14:14:30.636,414.87231873104366,999
2024-09-18 14:14:30.698,414.8915011933658,100
2024-09-18 14:14:30.728,414.8853441916644,10
2024-09-18 14:14:30.801,414.8782607404505,999
2024-09-18 14:14:30.894,414.8802980570835,1005
2024-09-18 14:14:30.937,414.88688513742113,98
2024-09-18 14:14:31.179,414.8843805452583,995
2024-09-18 14:14:32.018,414.9078997606617,101
2024-09-18 14:14:32.027,414.90592094466905,95
2024-09-18 14:14:32.052,414.8402695368753,996
2024-09-18 14:14:32.142,414.8191605494992,8
2024-09-18 14:14:32.217,414.83889188868,9
2024-09-18 14:14:32.293,414.8307443757668,996
2024-09-18 14:14:32.321,414.83792691506784,6
2024-09-18 14:14:32.386,414.8431540206643,8
2024-09-18 14:14:32.514,414.8555452579764,997
2024-09-18 14:14:32.545,414.7989670991402,13
2024-09-18 14:14:32.563,414.8914250608673,1002
2024-09-18 14:14:32.565,414.8611669337535,105
2024-09-18 14:14:32.660,,99
2024-09-18 14:14:32.663,414.8907095407652,1003
2024-09-18 14:14:32.671,414.8923331641173,13
2024-09-18 14:14:32.717,414.8392494681368,98
2024-09-18 14:14:32.734,414.8614317504153,99
2024-09-18 14:14:32.777,414.8458523787877,996
2024-09-18 14:14:32.798,414.8441233234585,99
2024-09-18 14:14:32.818,414.877187861278,1002
2024-09-18 14:14:32.827,414.8831004546352,14
2024-09-18 14:14:32.868,414.875403307237,999
2024-09-18 14:14:32.879,414.8844103050424,11
2024-09-18 14:14:32.942,414.8340044599371,98
2024-09-18 14:14:32.979,414.8912799390515,97
2024-09-18 14:14:33.195,414.7731380517771,6
2024-09-18 14:14:33.216,414.7989115582748,996
2024-09-18 14:14:33.254,414.757774440656,101
2024-09-18 14:14:33.270,414.7812877460944,103
2024-09-18 14:14:33.300,414.7869967321472,100
2024-09-18 14:14:33.553,414.77287037696425,10
2024-09-18 14:14:33.609,414.77738967809466,11
2024-09-18 14:14:34.018,414.76135645036703,10
2024-09-18 14:14:34.107,414.7652589923599,12
2024-09-18 14:14:34.142,414.7774166203832,1004
2024-09-18 14:14:34.278,414.7805683161735,1001
2024-09-18 14:14:34.318,414.7623262540977,104
2024-09-18 14:14:34.371,-414.7409847665076,999
2024-09-18 14:14:34.399,414.7708692453309,11
2024-09-18 14:14:34.406,414.7536967253203,10
2024-09-18 14:14:34.422,414.7808657843402,96
2024-09-18 14:14:34.424,414.779365485592,1000
2024-09-18 14:14:34.488,414.7693201149495,5
2024-09-18 14:14:34.559,414.7773365492987,11
2024-09-18 14:14:34.575,414.73215863707065,14
2024-09-18 14:14:34.700,414.763944133686,999
2024-09-18 14:14:34.770,414.7852675820368,1005
2024-09-18 14:14:34.805,414.75307382906976,1003
2024-09-18 14:14:34.806,414.76337371034856,12
2024-09-18 14:14:34.880,414.7382453012148,1002
2024-09-18 14:14:34.954,414.7406758972846,10
2024-09-18 14:14:36.156,414.7134007125957,1003
2024-09-18 14:14:36.163,414.7502467849709,95
2024-09-18 14:14:36.395,414.7306606817058,6
2024-09-18 14:14:36.434,414.73549903171846,1001
2024-09-18 14:14:36.478,414.74007280078257,6
2024-09-18 14:14:36.529,414.7145489083484,97
2024-09-18 14:14:36.534,414.74436142187335,103
2024-09-18 14:14:36.575,414.76476671464286,98
2024-09-18 14:14:36.782,414.7637890768046,15
2024-09-18 14:14:36.818,414.769847712878,995
2024-09-18 14:14:36.854,414.71522919497926,11
2024-09-18 14:14:36.953,414.7245578501399,7
2024-09-18 14:14:38.078,414.7236095600241,9
2024-09-18 14:14:38.106,414.72208649787126,103
2024-09-18 14:14:38.108,414.7109951220101,99
2024-09-18 14:14:38.181,,8
2024-09-18 14:14:38.184,414.710224464276,103
2024-09-18 14:14:38.221,414.70543519665176,98
2024-09-18 14:14:38.622,414.71664100272864,5
2024-09-18 14:14:38.724,414.70447972909113,999
2024-09-18 14:14:38.738,414.69134846289785,10
2024-09-18 14:14:39.049,414.8258300074127,8
2024-09-18 14:14:39.084,414.7867703084861,101
2024-09-18 14:14:39.251,414.8392456765413,6
2024-09-18 14:14:39.281,414.814606866312,1004
2024-09-18 14:14:39.289,414.8611766631411,1004
2024-09-18 14:14:39.295,414.8684026052006,1001
2024-09-18 14:14:39.298,414.85221872701817,104
2024-09-18 14:14:39.317,414.8669484485124,102
2024-09-18 14:14:39.359,414.7457069090649,102
2024-09-18 14:14:39.406,414.7450966696234,998
2024-09-18 14:14:39.414,414.7481142134045,6
2024-09-18 14:14:39.450,414.7948560154918,12
2024-09-18 14:14:39.472,414.8228202386152,8
2024-09-18 14:14:39.662,414.8446491880152,96
2024-09-18 14:14:39.675,414.7932584114336,1003
2024-09-18 14:14:39.677,414.80344759920655,105
2024-09-18 14:14:39.714,414.79671976536025,6
2024-09-18 14:14:39.756,414.8304461067415,5
2024-09-18 14:14:39.812,414.7745077870604,1002
2024-09-18 14:14:39.813,414.83937160043,103
2024-09-18 14:14:39.818,414.8337199901895,7
2024-09-18 14:14:39.830,41.485425773521705,105
2024-09-18 14:14:39.832,414.80660951451534,96
2024-09-18 14:14:39.858,414.8431752611765,8
2024-09-18 14:14:39.927,414.7672004848276,101
2024-09-18 14:14:39.947,414.8235672937498,104
2024-09-18 14:14:40.057,414.8735668809576,1003
2024-09-18 14:14:40.177,414.8473184209975,1004
2024-09-18 14:14:40.454,414.8421588723953,103
2024-09-18 14:14:40.773,414.8730453669329,104
2024-09-18 14:14:41.004,414.88166200769393,999
2024-09-18 14:14:41.055,41.48716536586674,103
2024-09-18 14:14:41.102,414.9314587899996,104
2024-09-18 14:14:41.203,414.8828593955986,5
2024-09-18 14:14:41.215,414.8922101688689,96
2024-09-18 14:14:41.278,414.8973037916407,1004
2024-09-18 14:14:41.295,414.9177479344552,12
2024-09-18 14:14:41.300,414.8809157836679,15
2024-09-18 14:14:41.330,414.8953007763036,98
2024-09-18 14:14:41.340,-414.906163637974,10
2024-09-18 14:14:41.368,414.8969871273988,101
2024-09-18 14:14:41.497,414.89539409822754,102
2024-09-18 14:14:41.554,414.9155498590171,1000
2024-09-18 14:14:41.569,41.49035113142322,999
2024-09-18 14:14:41.617,414.8929077725436,1000
2024-09-18 14:14:41.703,414.8945509562061,999
2024-09-18 14:14:41.841,414.9097746689369,997
2024-09-18 14:14:41.855,414.8921125404488,1001
2024-09-18 14:14:41.873,414.9096051558271,9
2024-09-18 14:14:41.883,414.9151123649788,1002
2024-09-18 14:14:41.893,414.9196241003394,98
2024-09-18 14:14:41.950,414.8686495003105,1005
2024-09-18 14:14:42.057,414.8806249823296,995
2024-09-18 14:14:42.118,414.8518083497596,96
2024-09-18 14:14:42.175,414.86537104106975,1000
2024-09-18 14:14:42.202,414.8478013334536,997
2024-09-18 14:14:42.202,414.8400421458811,7
2024-09-18 14:14:42.249,414.8850160845606,1004
2024-09-18 14:14:42.304,414.8438546264789,96
2024-09-18 14:14:42.322,414.8521606255978,1001
2024-09-18 14:14:42.374,414.9025789244992,5
2024-09-18 14:14:42.418,414.8511507372424,8
2024-09-18 14:14:42.665,414.8925237214555,1005
2024-09-18 14:14:42.670,414.8568026930064,5
2024-09-18 14:14:42.682,414.8506279846663,15
2024-09-18 14:14:42.692,414.8655341330433,996
2024-09-18 14:14:42.711,414.850652104671,95
2024-09-18 14:14:42.724,414.86328240154114,1004
2024-09-18 14:14:42.792,414.8978153525628,103
2024-09-18 14:14:42.799,414.8532768320096,9
2024-09-18 14:14:42.957,414.86579250351656,1001
2024-09-18 14:14:43.017,414.8840800783318,997
2024-09-18 14:14:43.096,414.8637546144294,1000
2024-09-18 14:14:43.125,414.8775196131271,9
2024-09-18 14:14:43.150,414.8751156478026,10
2024-09-18 14:14:43.158,414.87286516602273,1002
2024-09-18 14:14:43.158,414.8623528105484,998
2024-09-18 14:14:43.167,414.8859204439677,103
2024-09-18 14:14:43.225,414.8638665586888,104
2024-09-18 14:14:43.233,414.868064832206,5
2024-09-18 14:14:43.236,414.9009158724488,997
2024-09-18 14:14:43.277,414.8863658594335,103
2024-09-18 14:14:43.327,414.8582474449119,1000
2024-09-18 14:14:43.400,414.85691741228544,1003
2024-09-18 14:14:43.402,414.8580474148189,9
2024-09-18 14:14:43.463,414.8824207059008,8
2024-09-18 14:14:43.481,414.9158677506615,1005
2024-09-18 14:14:43.504,414.86500122566105,999
2024-09-18 14:14:43.541,414.84023363642126,997
2024-09-18 14:14:43.695,414.9081940300517,95
2024-09-18 14:14:43.718,414.87162100891726,1004
2024-09-18 14:14:43.729,414.8689629725339,997
2024-09-18 14:14:43.758,414.9016577393263,104
2024-09-18 14:14:43.773,414.8707311817632,100
2024-09-18 14:14:43.799,414.9035338237548,105
2024-09-18 14:14:43.805,414.867128738461,6
2024-09-18 14:14:43.805,414.8953646775376,14
2024-09-18 14:14:43.820,414.8759401624441,14
2024-09-18 14:14:43.893,414.888133409067,97
2024-09-18 14:14:43.916,414.8685216914577,998
2024-09-18 14:14:44.026,414.8978265649694,9
2024-09-18 14:14:44.045,414.8854970964765,6
2024-09-18 14:14:44.142,414.9001269867088,8
2024-09-18 14:14:44.204,414.89731135545264,98
2024-09-18 14:14:44.230,414.8897345066011,5
2024-09-18 14:14:44.259,414.8670451639472,99
2024-09-18 14:14:44.454,414.8882827408112,10
2024-09-18 14:14:44.483,414.89361700523415,6
2024-09-18 14:14:44.609,414.901639823734,997
2024-09-18 14:14:44.622,414.8656169263967,995
2024-09-18 14:14:44.642,414.8881618780097,104
2024-09-18 14:14:44.872,414.9042691264812,1002
2024-09-18 14:14:45.016,414.9040287511792,12
2024-09-18 14:14:45.060,414.9099767769557,15
2024-09-18 14:14:45.121,414.8891107038468,102
2024-09-18 14:14:45.122,414.9134597570383,7
2024-09-18 14:14:45.126,414.9521712587224,14
2024-09-18 14:14:45.136,414.9287355028032,12
2024-09-18 14:14:45.221,414.87588751579545,1003
2024-09-18 14:14:45.257,414.8548101492244,996
2024-09-18 14:14:45.265,414.9329185137859,105
2024-09-18 14:14:45.354,414.9399316534123,101
2024-09-18 14:14:45.393,414.8582150028948,97
2024-09-18 14:14:45.440,414.91294846485175,996
2024-09-18 14:14:45.453,414.883678357446,13
2024-09-18 14:14:45.558,414.9188162927165,14
2024-09-18 14:14:45.598,414.89717406213504,13
2024-09-18 14:14:45.619,-414.91176765136856,103
2024-09-18 14:14:45.650,414.8551737556977,104
2024-09-18 14:14:45.655,414.905604671677,95
2024-09-18 14:14:45.703,414.8801255966901,997
2024-09-18 14:14:45.718,414.874063182103,103
2024-09-18 14:14:45.768,414.9460024039832,999
2024-09-18 14:14:45.912,414.8864770255015,98
2024-09-18 14:14:45.945,414.91033615055017,12
2024-09-18 14:14:45.950,414.8972219701182,105
2024-09-18 14:14:45.969,414.92498853594105,104
2024-09-18 14:14:46.017,414.9274153406678,9
2024-09-18 14:14:46.285,,998
2024-09-18 14:14:46.553,414.8997096470445,103
2024-09-18 14:14:46.765,414.9076570956173,6
2024-09-18 14:14:47.184,414.9409173485769,104
2024-09-18 14:14:47.238,414.9728523228433,1004
2024-09-18 14:14:47.247,414.9667317854219,99
2024-09-18 14:14:47.284,414.9711171379384,1002
2024-09-18 14:14:47.758,414.9524814635034,999
2024-09-18 14:14:47.787,414.9235873150181,998
2024-09-18 14:14:47.855,414.9599829342913,12
2024-09-18 14:14:47.915,414.9416758940051,102
2024-09-18 14:14:48.177,414.9290438764575,13
2024-09-18 14:14:48.646,414.9119086890785,100
2024-09-18 14:14:49.488,414.92784341361823,15
2024-09-18 14:14:50.914,414.9428899595139,97
2024-09-18 14:14:51.015,414.9301237669376,95
2024-09-18 14:14:51.017,414.9467626652841,6
2024-09-18 14:14:51.101,-414.9969562648535,998
2024-09-18 14:14:51.185,414.99930766569867,105
2024-09-18 14:14:51.194,415.0292361791628,1003
2024-09-18 14:14:51.220,414.9599080595796,101
2024-09-18 14:14:51.239,414.91212349628734,11
2024-09-18 14:14:51.283,414.90366684653134,1004
2024-09-18 14:14:51.326,415.002224153366,7
2024-09-18 14:14:51.342,414.9335318935291,101
2024-09-18 14:14:51.357,414.92663450034456,105
2024-09-18 14:14:51.393,414.9940464136725,998
2024-09-18 14:14:51.414,414.9693744852176,97
2024-09-18 14:14:51.427,415.0067227189878,8
2024-09-18 14:14:51.618,414.9807181306365,1005
2024-09-18 14:14:51.623,414.934013378419,11
2024-09-18 14:14:51.628,414.9301950492225,998
2024-09-18 14:14:51.639,414.9580875485454,11
2024-09-18 14:14:51.676,414.9483205225833,997
2024-09-18 14:14:51.708,,1003
2024-09-18 14:14:51.722,414.92822652462326,101
2024-09-18 14:14:51.735,415.0368994941293,1001
2024-09-18 14:14:51.764,414.9947506992783,997
2024-09-18 14:14:51.790,415.0085508108968,6
2024-09-18 14:14:51.818,414.9790612176216,103
2024-09-18 14:14:51.897,414.952049691204,1003
2024-09-18 14:14:51.912,41.50246113653984,99
2024-09-18 14:14:51.924,414.9207051805495,1000
2024-09-18 14:14:51.937,414.97655709861033,5
2024-09-18 14:14:52.259,415.0171660957808,5
2024-09-18 14:14:52.290,415.015784250401,104
2024-09-18 14:14:52.597,415.01442399409547,105
2024-09-18 14:14:52.648,415.00983254535566,105
2024-09-18 14:14:53.045,415.003557142401,15
2024-09-18 14:14:53.467,415.0127925913463,996
2024-09-18 14:14:53.739,415.0148822587474,102
2024-09-18 14:14:54.405,415.0318047803758,1000
2024-09-18 14:14:55.017,415.0760802034191,1003
2024-09-18 14:14:55.075,415.09994264212577,98
2024-09-18 14:14:55.180,415.0728424667121,98
2024-09-18 14:14:55.202,415.0295704638125,14
2024-09-18 14:14:55.224,415.0727309813881,6
2024-09-18 14:14:55.276,415.0618733682469,1003
2024-09-18 14:14:55.312,415.0356270427412,9
2024-09-18 14:14:55.319,415.0988154792621,10
2024-09-18 14:14:55.365,415.0906881217587,105
2024-09-18 14:14:55.393,415.0441598035239,13
2024-09-18 14:14:55.411,415.02971442487535,13
2024-09-18 14:14:55.545,415.0734521720364,996
2024-09-18 14:14:55.561,415.08111092179263,104
2024-09-18 14:14:55.627,415.0832949633248,12
2024-09-18 14:14:55.694,415.0307247787511,1003
2024-09-18 14:14:55.723,415.0790873252463,999
2024-09-18 14:14:55.897,415.052438281493,100
2024-09-18 14:14:55.897,415.1057234010302,95
2024-09-18 14:14:55.931,415.07405007560976,14
2024-09-18 14:14:55.948,415.08573954415255,11
2024-09-18 14:14:56.002,415.1264661686503,1002
2024-09-18 14:14:56.034,415.13411613267823,6
2024-09-18 14:14:56.074,415.1708375254502,13
2024-09-18 14:14:56.144,415.1951351483335,101
2024-09-18 14:14:56.192,415.140087344707,997
2024-09-18 14:14:56.269,415.1877462592167,1003
2024-09-18 14:14:56.281,415.1333895192465,1003
2024-09-18 14:14:56.367,415.1874361902845,998
2024-09-18 14:14:56.379,415.1806231115907,98
2024-09-18 14:14:56.402,415.1553186372623,997
2024-09-18 14:14:56.411,415.1323860890354,1004
2024-09-18 14:14:56.442,415.1794181794084,95
2024-09-18 14:14:56.450,415.0896163116864,12
2024-09-18 14:14:56.458,415.1401046717221,7
2024-09-18 14:14:56.467,41.51307026051518,6
2024-09-18 14:14:56.552,415.17710757926,96
2024-09-18 14:14:56.586,415.1129080020575,11
2024-09-18 14:14:56.593,415.1364304976368,5
2024-09-18 14:14:56.596,415.1803531750296,14
2024-09-18 14:14:56.618,415.14110190488304,105
2024-09-18 14:14:56.640,415.1587528635196,5
2024-09-18 14:14:56.754,415.1390309077999,997
2024-09-18 14:14:56.787,415.124028388357,6
2024-09-18 14:14:56.900,415.1427690117554,9
2024-09-18 14:14:56.907,415.13359536745503,9
2024-09-18 14:14:57.107,415.1828946054153,12
2024-09-18 14:14:57.190,415.1766175763344,7
2024-09-18 14:14:57.203,-415.1740781755917,104
2024-09-18 14:14:57.376,-415.1945673676021,102
2024-09-18 14:14:57.385,415.1712741493034,7
2024-09-18 14:14:57.456,415.18348993179,101
2024-09-18 14:14:57.716,415.1701140654106,995
2024-09-18 14:14:57.816,415.19138527938856,100
2024-09-18 14:14:58.018,415.3339571456303,998
2024-09-18 14:14:58.023,415.1951429010407,1000
2024-09-18 14:14:58.026,415.19518838735536,99
2024-09-18 14:14:58.040,415.354014701304,1003
2024-09-18 14:14:58.094,415.3234096738035,11
2024-09-18 14:14:58.152,415.3144244147696,10
2024-09-18 14:14:58.232,415.3107951249143,996
2024-09-18 14:14:58.264,415.2067372538785,105
2024-09-18 14:14:58.425,415.2467728130068,99
2024-09-18 14:14:58.462,415.2307613744047,5
2024-09-18 14:14:58.481,415.29888364636327,95
2024-09-18 14:14:58.498,415.3122667274346,10
2024-09-18 14:14:58.575,415.1963055821569,8
2024-09-18 14:14:58.588,415.2246365865336,95
2024-09-18 14:14:58.589,415.2099318704729,999
2024-09-18 14:14:58.649,415.3176463563651,95
2024-09-18 14:14:58.731,415.288797512492,11
2024-09-18 14:14:58.745,415.22462986885824,102
2024-09-18 14:14:58.750,415.2469914787196,104
2024-09-18 14:14:58.751,415.2235708338504,99
2024-09-18 14:14:58.938,415.31168615428425,997
2024-09-18 14:14:58.941,415.297802331629,7
2024-09-18 14:14:58.965,415.33219857472216,12
2024-09-18 14:14:59.219,415.37214229788617,1000
2024-09-18 14:14:59.307,415.371482982652,14
2024-09-18 14:14:59.441,415.38237840991,6
2024-09-18 14:14:59.527,415.37830212590586,96
2024-09-18 14:14:59.552,415.36641327726255,15
2024-09-18 14:14:59.577,415.3681975298118,96
2024-09-18 14:14:59.589,415.3673506408237,1003
2024-09-18 14:14:59.669,415.38053221033954,14
