Timestamp,Price,Size
2024-09-18 12:56:00.024,417.019674800384,996
2024-09-18 12:56:00.201,417.0027353995379,100
2024-09-18 12:56:00.241,417.028059497482,1000
2024-09-18 12:56:00.421,417.04225969450255,13
2024-09-18 12:56:00.531,417.0145331022273,105
2024-09-18 12:56:00.788,417.0406234199406,95
2024-09-18 12:56:00.884,417.0191396135126,97
2024-09-18 12:56:00.895,417.0126591132053,999
2024-09-18 12:56:01.658,417.03068937842943,9
2024-09-18 12:56:01.765,417.0299377101139,1001
2024-09-18 12:56:02.112,417.0068826566872,105
2024-09-18 12:56:03.011,416.9810219091527,13
2024-09-18 12:56:03.015,417.1041678546685,100
2024-09-18 12:56:03.070,416.9852106194154,1003
2024-09-18 12:56:03.084,417.0808914410362,15
2024-09-18 12:56:03.123,417.0486577785754,997
2024-09-18 12:56:03.145,417.06541423933993,6
2024-09-18 12:56:03.158,417.10027770455577,995
2024-09-18 12:56:03.181,417.02435386371366,99
2024-09-18 12:56:03.193,417.109057076941,7
2024-09-18 12:56:03.199,417.0033319083976,10
2024-09-18 12:56:03.221,417.09580736729134,997
2024-09-18 12:56:03.251,417.1021945743935,999
2024-09-18 12:56:03.284,416.987443035624,101
2024-09-18 12:56:03.419,417.11941325490574,995
2024-09-18 12:56:03.447,417.0507458397027,1001
2024-09-18 12:56:03.467,417.0549122479584,102
2024-09-18 12:56:03.484,417.0655445340447,11
2024-09-18 12:56:03.504,417.0491998562591,10
2024-09-18 12:56:03.513,416.98268899932975,96
2024-09-18 12:56:03.573,417.0878362125585,104
2024-09-18 12:56:03.591,417.0560346273007,1005
2024-09-18 12:56:03.623,416.9857874064078,999
2024-09-18 12:56:03.694,417.0679282833468,11
2024-09-18 12:56:03.711,417.03823476318513,100
2024-09-18 12:56:03.720,416.9795936081252,1002
2024-09-18 12:56:03.914,416.9805230317736,5
2024-09-18 12:56:03.949,417.0522184775182,11
2024-09-18 12:56:03.973,416.9935851287544,105
2024-09-18 12:56:04.234,417.11740636363305,11
2024-09-18 12:56:04.330,417.1269418680753,13
2024-09-18 12:56:04.526,417.09934084900016,6
2024-09-18 12:56:04.623,417.1387468569728,1001
2024-09-18 12:56:04.624,417.1273813235352,14
2024-09-18 12:56:04.805,-417.102256387434,1003
2024-09-18 12:56:04.881,417.1345344749939,1000
2024-09-18 12:56:04.913,417.1201594299218,99
2024-09-18 12:56:05.081,417.1564034433708,100
2024-09-18 12:56:05.332,417.14650094302806,1004
2024-09-18 12:56:05.418,417.1501487901653,12
2024-09-18 12:56:05.639,417.137959347242,12
2024-09-18 12:56:06.011,417.09774138301424,103
2024-09-18 12:56:06.023,417.1224509942693,13
2024-09-18 12:56:06.038,417.09479841498137,8
2024-09-18 12:56:06.116,417.1414986502016,12
2024-09-18 12:56:06.125,417.0762619501952,96
2024-09-18 12:56:06.150,417.1203925998591,1003
2024-09-18 12:56:06.157,417.0810852187071,105
2024-09-18 12:56:06.189,417.1390436501272,15
2024-09-18 12:56:06.224,417.1101594709534,7
2024-09-18 12:56:06.302,417.13039024976297,1005
2024-09-18 12:56:06.387,417.0969340349887,996
2024-09-18 12:56:06.402,417.1196036934094,102
2024-09-18 12:56:06.433,417.1312502339544,102
2024-09-18 12:56:06.442,417.1098814977432,996
2024-09-18 12:56:06.444,417.1075745882547,1002
2024-09-18 12:56:06.456,417.1166170314704,104
2024-09-18 12:56:06.574,417.1050162499835,5
2024-09-18 12:56:06.609,417.0934867784072,15
2024-09-18 12:56:06.645,417.1033650854881,1000
2024-09-18 12:56:06.684,417.1342380919348,99
2024-09-18 12:56:06.707,417.120023285714,995
2024-09-18 12:56:06.761,417.08205710884937,13
2024-09-18 12:56:06.802,417.1236677455978,11
2024-09-18 12:56:06.838,417.13810639764654,13
2024-09-18 12:56:06.893,417.0891449676512,995
2024-09-18 12:56:06.930,417.1109902966258,104
2024-09-18 12:56:06.960,417.14164168069226,15
2024-09-18 12:56:07.016,416.9621515320506,9
2024-09-18 12:56:07.063,417.0390440606501,96
2024-09-18 12:56:07.065,416.9658637027836,102
2024-09-18 12:56:07.212,417.1063366775628,1001
2024-09-18 12:56:07.249,417.1407153312308,996
2024-09-18 12:56:07.424,417.09026994738895,97
2024-09-18 12:56:07.433,416.95951876539226,5
2024-09-18 12:56:07.452,417.1347309538831,5
2024-09-18 12:56:07.540,417.08570007345423,9
2024-09-18 12:56:07.542,417.0454845239552,105
2024-09-18 12:56:07.630,417.0914396659484,8
2024-09-18 12:56:07.642,417.0378103908029,1002
2024-09-18 12:56:07.685,416.9837393391152,10
2024-09-18 12:56:07.701,417.0945075880259,100
2024-09-18 12:56:07.701,417.0663843605543,95
2024-09-18 12:56:07.709,417.1129335177619,15
2024-09-18 12:56:07.796,417.0972116609168,101
2024-09-18 12:56:07.845,417.10516791805134,99
2024-09-18 12:56:07.886,417.1216309055096,5
2024-09-18 12:56:07.910,416.9568925968987,100
2024-09-18 12:56:07.956,416.9881426862048,12
2024-09-18 12:56:07.964,417.0094703936886,11
2024-09-18 12:56:08.208,416.9564172302966,15
2024-09-18 12:56:08.278,416.9480963799399,998
2024-09-18 12:56:08.365,416.9654702665476,1004
2024-09-18 12:56:08.454,,9
2024-09-18 12:56:08.467,416.965357858214,11
2024-09-18 12:56:08.469,416.95858427649017,1004
2024-09-18 12:56:08.535,416.9609776953195,1002
2024-09-18 12:56:08.726,416.9774582067521,102
2024-09-18 12:56:08.886,416.94568842707895,996
2024-09-18 12:56:09.013,417.0140938191093,96
2024-09-18 12:56:09.047,417.0100048026703,1005
2024-09-18 12:56:09.227,417.01998558013054,8
2024-09-18 12:56:09.327,416.9492455768814,996
2024-09-18 12:56:09.396,416.9561892061922,10
2024-09-18 12:56:09.402,416.96142272317206,13
2024-09-18 12:56:09.670,416.9368190464114,10
2024-09-18 12:56:09.679,417.0066088899052,12
2024-09-18 12:56:09.740,416.9660921194891,103
2024-09-18 12:56:09.796,416.9883976846343,12
2024-09-18 12:56:09.815,417.0161814678683,103
2024-09-18 12:56:09.825,416.9757543294887,98
2024-09-18 12:56:09.923,416.9619773716008,997
2024-09-18 12:56:09.976,417.0108618940309,5
2024-09-18 12:56:10.030,416.9974697212528,12
2024-09-18 12:56:10.057,417.04484300645817,104
2024-09-18 12:56:10.179,416.99595196635016,1005
2024-09-18 12:56:10.275,417.0004613839807,10
2024-09-18 12:56:10.309,417.0040584216418,12
2024-09-18 12:56:10.370,417.00677464154217,11
2024-09-18 12:56:10.456,417.0432485452236,995
2024-09-18 12:56:10.495,417.0030539399913,15
2024-09-18 12:56:10.521,417.0035400788181,1005
2024-09-18 12:56:10.538,416.9873840651508,102
2024-09-18 12:56:10.654,417.046850819723,1005
2024-09-18 12:56:10.769,417.0259981226809,104
2024-09-18 12:56:10.774,417.0674121921034,14
2024-09-18 12:56:10.779,417.0212577014682,7
2024-09-18 12:56:10.789,417.0444363038778,1001
2024-09-18 12:56:10.822,417.0553810877411,1005
2024-09-18 12:56:10.824,416.9876707288389,10
2024-09-18 12:56:10.891,416.994216837244,995
2024-09-18 12:56:10.899,416.9968357963105,995
2024-09-18 12:56:10.951,416.9959557536201,6
2024-09-18 12:56:10.951,416.9796427362212,15
2024-09-18 12:56:10.951,416.9966863507941,9
2024-09-18 12:56:10.961,417.0609822597909,998
2024-09-18 12:56:10.983,417.0051222223085,102
2024-09-18 12:56:11.113,416.9912657427411,999
2024-09-18 12:56:11.243,416.96610987709306,11
2024-09-18 12:56:11.274,416.9673667167223,996
2024-09-18 12:56:11.275,416.9755553498983,11
2024-09-18 12:56:11.372,416.9536264904143,10
2024-09-18 12:56:11.440,416.9632653344756,15
2024-09-18 12:56:11.453,416.9678853501248,997
2024-09-18 12:56:11.566,416.96591930990246,102
2024-09-18 12:56:11.640,416.97353077334463,13
2024-09-18 12:56:11.730,416.9710180660732,1003
2024-09-18 12:56:11.776,416.9767649012765,997
2024-09-18 12:56:12.245,417.0005725242295,996
2024-09-18 12:56:12.472,416.9809962376138,14
2024-09-18 12:56:12.694,417.01456381259806,998
2024-09-18 12:56:12.697,417.01405821117146,9
2024-09-18 12:56:12.843,417.00402761651657,101
2024-09-18 12:56:13.039,416.9746786312684,11
2024-09-18 12:56:13.129,416.9585150059309,8
2024-09-18 12:56:13.209,416.9869354530825,5
2024-09-18 12:56:13.707,416.9336826246115,8
2024-09-18 12:56:13.798,416.98000584007633,11
2024-09-18 12:56:13.834,417.0043687028132,11
2024-09-18 12:56:14.068,416.9837775595037,998
2024-09-18 12:56:14.233,416.9825130359876,1005
2024-09-18 12:56:14.385,416.9465296226705,8
2024-09-18 12:56:14.414,416.9409526633548,7
2024-09-18 12:56:14.447,416.9346918943041,12
2024-09-18 12:56:14.673,416.94324417420256,102
2024-09-18 12:56:15.010,416.9785865354326,9
2024-09-18 12:56:15.011,416.963185354696,102
2024-09-18 12:56:15.044,416.9989261807871,996
2024-09-18 12:56:15.049,416.98120122417976,102
2024-09-18 12:56:15.052,417.0049476003989,12
2024-09-18 12:56:15.087,416.96792093568615,15
2024-09-18 12:56:15.145,416.9994202059806,102
2024-09-18 12:56:15.163,416.9829846011551,11
2024-09-18 12:56:15.278,416.96915492527785,1001
2024-09-18 12:56:15.367,416.9977538625985,7
2024-09-18 12:56:15.396,416.9559469337909,998
2024-09-18 12:56:15.427,416.9590342437851,10
2024-09-18 12:56:15.610,416.9945653131466,999
2024-09-18 12:56:15.665,416.95344678863455,7
2024-09-18 12:56:15.667,416.9679335734992,998
2024-09-18 12:56:15.689,416.9593552066741,1002
2024-09-18 12:56:15.693,416.9866244179462,98
2024-09-18 12:56:15.750,416.982629687548,998
2024-09-18 12:56:15.782,416.9889997146398,103
2024-09-18 12:56:15.856,416.9695552908228,1000
2024-09-18 12:56:15.875,417.0168458419306,104
2024-09-18 12:56:15.990,416.99937094248486,104
2024-09-18 12:56:16.463,417.0230277066902,95
2024-09-18 12:56:16.647,417.0109122333017,104
2024-09-18 12:56:16.887,417.0310313450057,101
2024-09-18 12:56:17.021,417.0691586564983,1004
2024-09-18 12:56:17.026,417.0751603452381,1002
2024-09-18 12:56:17.067,417.0697079348771,7
2024-09-18 12:56:17.074,417.1146628368337,12
2024-09-18 12:56:17.100,417.07726304473454,14
2024-09-18 12:56:17.106,417.06132306770087,997
2024-09-18 12:56:17.114,417.0679660233697,998
2024-09-18 12:56:17.115,417.0801850987127,9
2024-09-18 12:56:17.162,417.0641566546676,14
2024-09-18 12:56:17.178,417.0426764349663,997
2024-09-18 12:56:17.335,417.0365553713327,998
2024-09-18 12:56:17.370,417.0773479450983,105
2024-09-18 12:56:17.388,417.08426775658273,1004
2024-09-18 12:56:17.395,417.0399109860813,995
2024-09-18 12:56:17.397,417.0824657164903,7
2024-09-18 12:56:17.419,417.02923918313087,10
2024-09-18 12:56:17.420,417.09105879336033,1004
2024-09-18 12:56:17.455,417.0951112096134,11
2024-09-18 12:56:17.531,417.0856195687135,11
2024-09-18 12:56:17.592,417.081100627658,100
2024-09-18 12:56:17.641,417.0476660564376,998
2024-09-18 12:56:17.650,417.0452588150397,1004
2024-09-18 12:56:17.706,417.1044614082935,1003
2024-09-18 12:56:17.729,417.0940937686745,995
2024-09-18 12:56:17.869,417.0726776907724,100
2024-09-18 12:56:17.882,417.0689791038039,96
2024-09-18 12:56:17.896,417.0739940991512,1004
2024-09-18 12:56:17.969,417.0494891926994,1002
2024-09-18 12:56:18.299,417.06911283425353,7
2024-09-18 12:56:18.453,417.0263899680264,5
2024-09-18 12:56:18.463,417.0167464868104,997
2024-09-18 12:56:18.477,417.0714505925723,100
2024-09-18 12:56:18.492,417.0556910489563,99
2024-09-18 12:56:18.514,417.0797805706924,105
2024-09-18 12:56:18.547,417.0869340497654,997
2024-09-18 12:56:18.548,417.0661325640984,1003
2024-09-18 12:56:18.747,417.07333386944265,102
2024-09-18 12:56:18.815,417.0862950771536,997
2024-09-18 12:56:18.879,417.0542329828966,105
2024-09-18 12:56:18.881,,98
2024-09-18 12:56:19.016,417.0494033518113,1005
2024-09-18 12:56:19.106,417.053061683309,9
2024-09-18 12:56:19.444,417.0750064654784,1002
2024-09-18 12:56:19.472,417.0679880676568,14
2024-09-18 12:56:19.623,417.0837379993272,104
2024-09-18 12:56:19.725,417.05352013804304,1004
2024-09-18 12:56:19.755,-417.06069759609056,102
2024-09-18 12:56:19.757,417.0706408154012,100
2024-09-18 12:56:19.777,417.0433612646547,15
2024-09-18 12:56:19.821,417.08934120610274,1001
2024-09-18 12:56:19.865,417.0869832914252,998
2024-09-18 12:56:19.882,417.09885474407184,96
2024-09-18 12:56:19.890,417.0910858348836,998
2024-09-18 12:56:20.030,417.0899091613359,7
2024-09-18 12:56:20.070,417.1140174121365,8
2024-09-18 12:56:20.185,417.1199472532945,1004
2024-09-18 12:56:20.228,417.0968385615901,99
2024-09-18 12:56:20.240,,103
2024-09-18 12:56:20.260,417.1156664951778,1004
2024-09-18 12:56:20.353,417.0885349396702,5
2024-09-18 12:56:20.368,417.07017866813777,998
2024-09-18 12:56:20.406,417.0907397310638,9
2024-09-18 12:56:20.435,417.0856001844744,105
2024-09-18 12:56:20.437,417.09160433580007,1001
2024-09-18 12:56:20.441,417.12616960402687,100
2024-09-18 12:56:20.514,417.0888638402836,999
2024-09-18 12:56:20.522,417.07755396102726,13
2024-09-18 12:56:20.583,417.08330793429184,12
2024-09-18 12:56:20.645,417.1166302983138,5
2024-09-18 12:56:20.721,417.0755062557452,9
2024-09-18 12:56:20.731,417.1157690626199,1001
2024-09-18 12:56:20.738,417.1061140468377,99
2024-09-18 12:56:20.758,417.0801642702224,105
2024-09-18 12:56:20.822,417.09282463846495,97
2024-09-18 12:56:20.829,417.1241800084336,102
2024-09-18 12:56:20.857,417.0885718260762,1000
2024-09-18 12:56:20.866,417.1211969559403,8
2024-09-18 12:56:20.878,417.0816665622059,13
2024-09-18 12:56:20.879,417.105981658265,8
2024-09-18 12:56:20.899,417.08148505055794,100
2024-09-18 12:56:20.915,417.1151350682397,6
2024-09-18 12:56:20.935,417.0863028169815,15
2024-09-18 12:56:20.979,417.07439048947873,12
2024-09-18 12:56:21.084,417.09474387885655,101
2024-09-18 12:56:21.112,417.04857513682737,101
2024-09-18 12:56:21.146,417.1038555557541,15
2024-09-18 12:56:21.201,417.05786053723375,10
2024-09-18 12:56:21.247,417.0796019017556,11
2024-09-18 12:56:21.381,417.079379371612,11
2024-09-18 12:56:21.445,417.0610811447912,97
2024-09-18 12:56:21.489,417.0467375150842,7
2024-09-18 12:56:21.573,417.0511159870976,95
2024-09-18 12:56:21.583,417.05645799849896,100
2024-09-18 12:56:21.686,417.0799520796028,101
2024-09-18 12:56:21.732,417.04804096608376,99
2024-09-18 12:56:21.822,417.0795111236392,7
2024-09-18 12:56:21.858,417.0678968139909,1000
2024-09-18 12:56:21.953,417.079351242036,11
2024-09-18 12:56:21.993,417.0407825312958,996
2024-09-18 12:56:21.997,417.07362440815496,997
2024-09-18 12:56:22.182,416.9830854054264,6
2024-09-18 12:56:22.215,417.08589639558,1005
2024-09-18 12:56:22.278,417.0779065753247,996
2024-09-18 12:56:22.326,416.9457162132607,99
2024-09-18 12:56:22.376,417.0798678527912,1001
2024-09-18 12:56:22.383,416.9640528915885,105
2024-09-18 12:56:22.501,416.95475876148674,15
2024-09-18 12:56:22.509,416.9506987198824,8
2024-09-18 12:56:22.556,416.98388262136666,98
2024-09-18 12:56:22.603,416.9800150183216,6
2024-09-18 12:56:22.640,417.0082998354685,1003
2024-09-18 12:56:22.699,417.0609886808446,998
2024-09-18 12:56:22.807,417.03374625928274,6
2024-09-18 12:56:22.829,416.9865648539937,6
2024-09-18 12:56:22.834,416.9506899476607,7
2024-09-18 12:56:22.874,417.08821239480494,10
2024-09-18 12:56:22.987,417.0223574040023,999
2024-09-18 12:56:23.133,416.93777048406383,996
2024-09-18 12:56:23.186,416.9368072230891,12
2024-09-18 12:56:23.199,416.93628803703785,7
2024-09-18 12:56:23.389,416.9496333852997,97
2024-09-18 12:56:23.721,416.9651217889453,1005
2024-09-18 12:56:23.868,416.9231396400368,1005
2024-09-18 12:56:24.116,416.9560630669224,1001
2024-09-18 12:56:24.194,416.9342802000164,96
2024-09-18 12:56:24.427,416.9518081735262,12
2024-09-18 12:56:24.552,416.9411384681905,13
2024-09-18 12:56:24.690,416.92992646481343,101
2024-09-18 12:56:24.754,416.9476706534135,1005
2024-09-18 12:56:24.795,416.9911088187486,6
2024-09-18 12:56:24.810,416.9411842270888,97
2024-09-18 12:56:24.984,416.9606546710595,1004
2024-09-18 12:56:25.020,416.95827232674367,9
2024-09-18 12:56:25.068,416.92280899844127,95
2024-09-18 12:56:25.087,416.981470871096,999
2024-09-18 12:56:25.275,416.9159668491417,102
2024-09-18 12:56:25.427,416.9125993882325,9
2024-09-18 12:56:25.508,416.9669876404574,1005
2024-09-18 12:56:25.529,416.9712929184545,1002
2024-09-18 12:56:25.530,416.91642895821127,13
2024-09-18 12:56:25.621,416.9239787887565,995
2024-09-18 12:56:25.793,416.9293775317743,996
2024-09-18 12:56:25.806,416.9766019781192,1001
2024-09-18 12:56:25.851,416.98902654179,14
2024-09-18 12:56:25.904,416.9250967476936,6
2024-09-18 12:56:25.965,416.9182160376397,97
2024-09-18 12:56:26.008,416.87070740734833,9
2024-09-18 12:56:26.042,416.8566078075272,104
2024-09-18 12:56:26.050,416.8389336480559,5
2024-09-18 12:56:26.090,416.9155625778147,96
2024-09-18 12:56:26.121,416.8956461300812,10
2024-09-18 12:56:26.124,416.9056904806865,95
2024-09-18 12:56:26.271,416.9006786337594,105
2024-09-18 12:56:26.306,41.68697383932773,105
2024-09-18 12:56:26.326,416.892490861322,5
2024-09-18 12:56:26.358,416.851558940338,995
2024-09-18 12:56:26.477,416.8795723324004,13
2024-09-18 12:56:26.539,416.8567084496119,105
2024-09-18 12:56:26.661,416.8699671276031,95
2024-09-18 12:56:26.665,416.8907041621197,98
2024-09-18 12:56:26.670,416.8708389723344,997
2024-09-18 12:56:26.697,416.8689993441506,5
2024-09-18 12:56:26.741,416.9062484010468,11
2024-09-18 12:56:26.757,416.9189953759148,1003
2024-09-18 12:56:26.789,416.86811673797166,15
2024-09-18 12:56:26.856,416.8757613781062,14
2024-09-18 12:56:26.884,416.8761767278823,100
2024-09-18 12:56:26.963,416.85583625964017,8
2024-09-18 12:56:27.013,416.79636558534537,6
2024-09-18 12:56:27.023,416.8877334092875,6
2024-09-18 12:56:27.028,416.8646798301339,1000
2024-09-18 12:56:27.043,416.8538102936558,9
2024-09-18 12:56:27.066,416.8095500814379,998
2024-09-18 12:56:27.066,416.7965087295281,15
2024-09-18 12:56:27.195,416.8245526169655,95
2024-09-18 12:56:27.200,416.8842399291349,6
2024-09-18 12:56:27.286,416.8706692861885,14
2024-09-18 12:56:27.333,416.8619594609445,104
2024-09-18 12:56:27.357,416.87854970269166,1002
2024-09-18 12:56:27.388,416.8092806899623,1002
2024-09-18 12:56:27.473,416.8356866812367,1000
2024-09-18 12:56:27.565,416.7931750054019,105
2024-09-18 12:56:27.588,416.8588612587478,105
2024-09-18 12:56:27.590,416.8003935515733,6
2024-09-18 12:56:27.634,416.86674412029936,103
2024-09-18 12:56:27.641,416.87058159720567,15
2024-09-18 12:56:27.682,416.81432872736593,98
2024-09-18 12:56:27.709,416.817462191276,995
2024-09-18 12:56:27.726,416.86351572443874,1002
2024-09-18 12:56:27.735,416.8536444651258,996
2024-09-18 12:56:27.864,416.815431369299,1002
2024-09-18 12:56:27.924,416.8210498285675,6
2024-09-18 12:56:27.989,416.8493479519845,1004
2024-09-18 12:56:28.049,416.8568235320722,5
2024-09-18 12:56:28.060,416.8507266767314,1005
2024-09-18 12:56:28.102,416.8459696093984,998
2024-09-18 12:56:28.186,416.8420747288573,101
2024-09-18 12:56:28.217,416.8520417340839,103
2024-09-18 12:56:28.303,416.8577799242941,995
2024-09-18 12:56:28.313,416.8683885215156,100
2024-09-18 12:56:28.318,416.86839807216734,1002
2024-09-18 12:56:28.450,416.85587051344095,14
2024-09-18 12:56:28.469,416.8458722344886,997
2024-09-18 12:56:28.517,416.8666996263845,9
2024-09-18 12:56:28.523,416.8633444561699,102
2024-09-18 12:56:28.561,416.8615936175744,1001
2024-09-18 12:56:28.581,416.8573517825743,999
2024-09-18 12:56:28.600,416.88319185078166,96
2024-09-18 12:56:28.626,416.8643859123425,101
2024-09-18 12:56:28.640,416.8709250396577,14
2024-09-18 12:56:28.686,,997
2024-09-18 12:56:28.721,416.8651117513653,104
2024-09-18 12:56:28.775,416.8488800717808,1001
2024-09-18 12:56:28.862,416.8636134161895,1004
2024-09-18 12:56:28.948,416.8461156070404,10
2024-09-18 12:56:29.008,416.9011481386448,996
2024-09-18 12:56:29.057,416.8119030065544,7
2024-09-18 12:56:29.139,416.8875637443566,102
2024-09-18 12:56:29.150,416.9439081839986,101
2024-09-18 12:56:29.177,416.7933765673224,7
2024-09-18 12:56:29.241,416.894430138366,95
2024-09-18 12:56:29.246,416.8404468668315,105
2024-09-18 12:56:29.273,416.80758091566713,12
2024-09-18 12:56:29.276,416.8451500465825,15
2024-09-18 12:56:29.301,416.83864949783896,99
2024-09-18 12:56:29.439,416.8331098873041,98
2024-09-18 12:56:29.485,416.8493934510605,1002
2024-09-18 12:56:29.486,416.8348293215848,7
2024-09-18 12:56:29.547,416.8516224964417,999
2024-09-18 12:56:29.578,416.9056331981111,1002
2024-09-18 12:56:29.613,416.9270649016132,97
2024-09-18 12:56:29.615,416.8642249475217,1004
2024-09-18 12:56:29.635,416.84202083658073,6
2024-09-18 12:56:29.645,416.8105390348457,1000
2024-09-18 12:56:29.701,416.89434419610194,97
2024-09-18 12:56:29.708,416.9164714909009,95
2024-09-18 12:56:29.770,416.89663999687815,1003
2024-09-18 12:56:29.807,416.830130122256,98
2024-09-18 12:56:29.832,416.8217919712971,103
2024-09-18 12:56:29.880,416.86325572109473,98
2024-09-18 12:56:29.891,416.8518001180898,100
2024-09-18 12:56:29.929,416.8564053439314,103
2024-09-18 12:56:29.979,416.881069506173,995
2024-09-18 12:56:30.049,416.9628911847556,7
2024-09-18 12:56:30.089,,996
2024-09-18 12:56:30.376,416.9552573396151,999
2024-09-18 12:56:30.532,416.9523450029099,100
2024-09-18 12:56:30.758,416.9402703070816,9
2024-09-18 12:56:30.842,416.9267092287788,98
2024-09-18 12:56:30.935,416.90983923449767,999
2024-09-18 12:56:31.005,416.8998411458669,9
2024-09-18 12:56:31.090,416.9408694982162,12
2024-09-18 12:56:31.104,416.9385769788481,99
2024-09-18 12:56:31.183,416.9281923489911,1000
2024-09-18 12:56:31.237,416.9073407622941,7
2024-09-18 12:56:31.242,416.9586212169997,98
2024-09-18 12:56:31.268,416.9170558804154,98
2024-09-18 12:56:31.369,416.91041615486233,98
2024-09-18 12:56:31.415,416.8949175516574,98
2024-09-18 12:56:31.572,416.9057171633316,102
2024-09-18 12:56:31.582,416.8920535613368,9
2024-09-18 12:56:31.589,416.89168788900895,5
2024-09-18 12:56:31.751,416.955331684029,7
2024-09-18 12:56:31.827,416.94521304079626,1003
2024-09-18 12:56:31.885,416.8910807320038,14
2024-09-18 12:56:31.890,416.9580472349402,1003
2024-09-18 12:56:31.926,416.8878803269059,7
2024-09-18 12:56:31.965,416.87798042628606,999
2024-09-18 12:56:32.079,416.9745765990901,96
2024-09-18 12:56:32.116,416.9777576012054,103
2024-09-18 12:56:32.169,416.9530045632487,98
2024-09-18 12:56:32.201,416.9736768976588,105
2024-09-18 12:56:32.222,416.9673195070724,995
2024-09-18 12:56:32.270,416.9266552142997,13
2024-09-18 12:56:32.283,416.96023481212353,999
2024-09-18 12:56:32.297,416.9341768990976,102
2024-09-18 12:56:32.318,416.9506506502766,6
2024-09-18 12:56:32.322,416.9548323650784,101
2024-09-18 12:56:32.365,416.9536919308536,1004
2024-09-18 12:56:32.413,416.9338091105231,102
2024-09-18 12:56:32.431,416.92323804219785,1005
2024-09-18 12:56:32.454,416.981388258299,1003
2024-09-18 12:56:32.455,417.0072230089498,13
2024-09-18 12:56:32.520,416.929747210106,995
2024-09-18 12:56:32.550,416.95666705476185,100
2024-09-18 12:56:32.617,416.9682480074891,5
2024-09-18 12:56:32.661,416.9574819533989,12
2024-09-18 12:56:32.669,416.9754289139514,7
2024-09-18 12:56:32.701,416.9229946985935,10
2024-09-18 12:56:32.708,416.9747573368168,101
2024-09-18 12:56:32.805,416.9452012210648,97
2024-09-18 12:56:32.815,416.9615036077022,1000
2024-09-18 12:56:32.862,416.9213111502743,104
2024-09-18 12:56:32.928,416.9499554995917,6
2024-09-18 12:56:32.990,41.69618025828476,15
2024-09-18 12:56:32.996,416.9771911406681,1000
2024-09-18 12:56:33.181,417.0500957650038,15
2024-09-18 12:56:33.270,417.0400950582591,1002
2024-09-18 12:56:33.501,417.0936362543724,998
2024-09-18 12:56:33.520,417.0159902714423,99
2024-09-18 12:56:33.646,417.0693228453078,97
2024-09-18 12:56:33.737,417.05359152659423,1003
2024-09-18 12:56:33.759,417.0665888618205,97
2024-09-18 12:56:33.930,417.0118661362224,997
2024-09-18 12:56:33.998,417.0556305318685,996
2024-09-18 12:56:34.031,417.10988172797215,101
2024-09-18 12:56:34.078,417.1008128030088,99
2024-09-18 12:56:34.088,417.09462519275513,1003
2024-09-18 12:56:34.146,417.1056359733851,1005
2024-09-18 12:56:34.159,417.108910626194,9
2024-09-18 12:56:34.178,417.1004265247772,8
2024-09-18 12:56:34.191,417.0771240647453,999
2024-09-18 12:56:34.238,417.0725358114928,1003
2024-09-18 12:56:34.239,417.07571851415616,6
2024-09-18 12:56:34.272,417.0919391189499,104
2024-09-18 12:56:34.359,417.1102659544539,8
2024-09-18 12:56:34.471,417.1112958337915,998
2024-09-18 12:56:34.573,417.09819126639394,105
2024-09-18 12:56:34.582,417.07211760152495,1004
2024-09-18 12:56:34.583,417.0572301507293,13
2024-09-18 12:56:34.607,417.0767877925393,11
2024-09-18 12:56:34.641,417.0801716812064,995
2024-09-18 12:56:34.660,417.09483334915416,999
2024-09-18 12:56:34.678,417.0945774520499,97
2024-09-18 12:56:34.694,417.1125940498639,102
2024-09-18 12:56:35.168,417.0467252045283,999
2024-09-18 12:56:35.367,417.0377843800275,995
2024-09-18 12:56:35.709,416.9991484135609,996
2024-09-18 12:56:35.734,417.06245565515366,1000
2024-09-18 12:56:35.784,417.0451654753428,98
2024-09-18 12:56:36.004,416.97553997460255,1005
2024-09-18 12:56:36.027,416.99122731303913,8
2024-09-18 12:56:36.039,416.9785766557858,1002
2024-09-18 12:56:36.059,416.9596181379081,5
2024-09-18 12:56:36.088,416.9682794886333,5
2024-09-18 12:56:36.106,416.98744074465634,998
2024-09-18 12:56:36.115,416.9543469848081,13
2024-09-18 12:56:36.261,416.9509084438352,99
2024-09-18 12:56:36.307,416.9603110978934,101
2024-09-18 12:56:36.308,,101
2024-09-18 12:56:36.313,416.9852857823762,12
2024-09-18 12:56:36.319,416.9611287768711,1002
2024-09-18 12:56:36.351,416.9373434985262,1000
2024-09-18 12:56:36.381,417.0176157558982,96
2024-09-18 12:56:36.386,,95
2024-09-18 12:56:36.470,416.990151054102,98
2024-09-18 12:56:36.542,416.97839285863137,98
2024-09-18 12:56:36.598,416.978859588409,104
2024-09-18 12:56:36.634,416.9603732352725,13
2024-09-18 12:56:36.643,416.96395013009135,1001
2024-09-18 12:56:36.684,416.9985501113175,997
2024-09-18 12:56:36.731,416.9992059235056,13
2024-09-18 12:56:36.747,416.9669609193981,105
2024-09-18 12:56:36.801,416.9857930734099,1000
2024-09-18 12:56:36.831,416.96793334855766,6
2024-09-18 12:56:36.864,416.9701408120684,98
2024-09-18 12:56:36.958,417.00165585365966,1005
2024-09-18 12:56:36.985,416.9480223949438,102
2024-09-18 12:56:37.001,416.9378820500117,5
2024-09-18 12:56:37.003,416.9149582395115,105
2024-09-18 12:56:37.023,416.9246935907783,1005
2024-09-18 12:56:37.059,416.9725461585887,101
2024-09-18 12:56:37.068,416.9554476073023,14
2024-09-18 12:56:37.102,416.9279493940202,10
2024-09-18 12:56:37.123,-416.94027169273136,97
2024-09-18 12:56:37.135,416.9484304633996,100
2024-09-18 12:56:37.169,416.8970706621835,999
2024-09-18 12:56:37.202,416.9132885865432,15
2024-09-18 12:56:37.205,416.9182137187434,99
2024-09-18 12:56:37.303,416.9398560424028,998
2024-09-18 12:56:37.321,416.92467029753954,13
2024-09-18 12:56:37.324,416.98223161051664,11
2024-09-18 12:56:37.353,416.9254292960079,1003
2024-09-18 12:56:37.354,416.937061287615,13
2024-09-18 12:56:37.359,416.9809142748348,1004
2024-09-18 12:56:37.365,416.9595162334267,6
2024-09-18 12:56:37.651,416.9522771777494,6
2024-09-18 12:56:37.665,416.9808542109394,1003
2024-09-18 12:56:37.748,416.927087983223,1005
2024-09-18 12:56:37.768,416.9360515743508,1004
2024-09-18 12:56:37.924,416.9011486534467,1002
2024-09-18 12:56:38.018,416.93743237466026,96
2024-09-18 12:56:38.044,41.697170946855714,1004
2024-09-18 12:56:38.112,416.89789538346287,1004
2024-09-18 12:56:38.132,416.9475999942328,102
2024-09-18 12:56:38.138,416.93904315911806,15
2024-09-18 12:56:38.147,416.9478638483132,103
2024-09-18 12:56:38.167,416.9151560996085,102
2024-09-18 12:56:38.192,416.9825081611133,998
2024-09-18 12:56:38.230,416.9463031464408,98
2024-09-18 12:56:38.239,416.943641197882,995
2024-09-18 12:56:38.272,416.9791578048415,1000
2024-09-18 12:56:38.281,416.970299442889,14
2024-09-18 12:56:38.325,416.9387787226978,996
2024-09-18 12:56:38.468,416.9081697540793,1003
2024-09-18 12:56:38.515,416.89626298666417,996
2024-09-18 12:56:38.518,41.69423241403485,14
2024-09-18 12:56:38.660,416.9494505181107,11
2024-09-18 12:56:38.661,416.9266039631101,995
2024-09-18 12:56:38.694,416.9391635878548,99
2024-09-18 12:56:38.754,416.9518117218256,1003
2024-09-18 12:56:38.855,416.9537245265295,104
2024-09-18 12:56:38.857,416.9423810205837,97
2024-09-18 12:56:38.966,416.9756077272791,999
2024-09-18 12:56:39.026,416.98681522336216,8
2024-09-18 12:56:39.224,416.9770666151481,1003
2024-09-18 12:56:39.286,416.9787258991266,1001
2024-09-18 12:56:39.353,416.9966717679287,101
2024-09-18 12:56:39.420,416.9953519799647,999
2024-09-18 12:56:39.459,416.9914508273839,1003
2024-09-18 12:56:39.712,416.9851505664993,98
2024-09-18 12:56:39.974,416.98847896342346,97
2024-09-18 12:56:40.005,416.9874697995468,1001
2024-09-18 12:56:40.370,417.0226767473793,102
2024-09-18 12:56:40.454,417.0211109095092,999
2024-09-18 12:56:40.493,417.0411093265877,105
2024-09-18 12:56:40.494,416.98535543262426,11
2024-09-18 12:56:40.534,416.9966752400718,9
2024-09-18 12:56:40.545,417.0337733274099,1004
2024-09-18 12:56:40.617,417.03787712638336,98
2024-09-18 12:56:40.638,417.00999300312617,101
2024-09-18 12:56:40.657,417.0116538510596,14
2024-09-18 12:56:40.664,417.0266723035919,104
2024-09-18 12:56:40.668,417.03302990370713,101
2024-09-18 12:56:40.684,417.022503789558,14
2024-09-18 12:56:40.710,417.0282864769949,96
2024-09-18 12:56:40.719,417.0037467580565,6
2024-09-18 12:56:40.852,417.0152825387752,1003
2024-09-18 12:56:40.968,417.0048519791642,1004
2024-09-18 12:56:41.094,417.0225315715516,14
2024-09-18 12:56:41.110,,5
2024-09-18 12:56:41.143,417.00308510991056,6
2024-09-18 12:56:41.163,416.9754449228236,99
2024-09-18 12:56:41.196,417.017858360843,99
2024-09-18 12:56:41.224,417.0252636205309,15
2024-09-18 12:56:41.258,416.9977157059272,9
2024-09-18 12:56:41.374,416.9875904357572,1001
2024-09-18 12:56:41.420,417.0040540323794,5
2024-09-18 12:56:41.449,417.0120131502021,995
2024-09-18 12:56:41.490,416.9769102528741,8
2024-09-18 12:56:41.492,417.0054003850821,100
2024-09-18 12:56:41.514,417.0149394730772,95
2024-09-18 12:56:41.516,417.0013413260553,15
2024-09-18 12:56:41.527,416.9843701037885,996
2024-09-18 12:56:41.543,417.0254159210936,5
2024-09-18 12:56:41.552,417.0173697586735,104
2024-09-18 12:56:41.578,416.98912993118137,995
2024-09-18 12:56:41.580,416.99410858352223,97
2024-09-18 12:56:41.633,417.0071136474707,102
2024-09-18 12:56:41.636,416.9764082422033,95
2024-09-18 12:56:41.679,416.9932974724168,14
2024-09-18 12:56:41.711,416.9923790672044,97
2024-09-18 12:56:41.739,416.9966523576579,1004
2024-09-18 12:56:41.866,416.9994604052561,14
2024-09-18 12:56:41.946,41.70012840696684,96
2024-09-18 12:56:41.948,416.99612755119824,6
2024-09-18 12:56:42.013,416.94528577484897,13
2024-09-18 12:56:42.150,416.9430736539278,15
2024-09-18 12:56:42.246,417.0109665721966,12
2024-09-18 12:56:42.252,417.0029644510207,13
2024-09-18 12:56:42.463,417.0000114551665,12
2024-09-18 12:56:42.549,416.97793226115857,1003
2024-09-18 12:56:42.563,416.9910704987415,102
2024-09-18 12:56:42.740,416.968396647697,1002
2024-09-18 12:56:42.787,416.9675088773688,6
2024-09-18 12:56:42.823,416.9929380040979,95
2024-09-18 12:56:42.851,416.9752600094349,101
2024-09-18 12:56:42.977,416.96012685125066,1005
2024-09-18 12:56:43.036,416.93095911530776,99
2024-09-18 12:56:43.081,416.9515441376324,7
2024-09-18 12:56:43.120,416.9328424152636,1000
2024-09-18 12:56:43.131,416.9585248039048,1003
2024-09-18 12:56:43.145,416.9328234718259,1003
2024-09-18 12:56:43.261,416.9465185024456,101
2024-09-18 12:56:43.305,416.9477055919208,7
2024-09-18 12:56:43.308,416.9344212667616,1000
2024-09-18 12:56:43.329,416.95892261035806,103
2024-09-18 12:56:43.335,416.95000788106313,11
2024-09-18 12:56:43.342,416.95219296807466,12
2024-09-18 12:56:43.446,416.9429628960182,8
2024-09-18 12:56:43.475,416.9432607859784,1005
2024-09-18 12:56:43.705,416.9461457287016,998
2024-09-18 12:56:43.809,416.9370022782625,998
2024-09-18 12:56:43.812,416.9461237252824,102
2024-09-18 12:56:43.895,416.95110366221536,15
2024-09-18 12:56:43.921,416.93906643777945,1004
2024-09-18 12:56:43.947,416.9599682453747,1000
2024-09-18 12:56:44.356,416.9397724211086,97
2024-09-18 12:56:44.646,416.9045776816176,995
2024-09-18 12:56:44.661,416.9245646515572,12
2024-09-18 12:56:44.931,416.9078181158423,97
2024-09-18 12:56:44.960,41.694462132203086,103
2024-09-18 12:56:45.113,416.9126762724388,1003
2024-09-18 12:56:45.527,416.91748192061664,99
2024-09-18 12:56:45.784,416.9053519937116,998
2024-09-18 12:56:46.021,416.8996246050519,1003
2024-09-18 12:56:46.022,416.88519746676906,997
2024-09-18 12:56:46.078,416.916481257666,101
2024-09-18 12:56:46.082,416.9155039901406,9
2024-09-18 12:56:46.083,416.88828097967854,1000
2024-09-18 12:56:46.116,416.9130965570258,100
2024-09-18 12:56:46.152,416.90581845730986,98
2024-09-18 12:56:46.193,416.895175611174,1004
2024-09-18 12:56:46.292,416.8867294429691,96
2024-09-18 12:56:46.306,416.9313303658919,101
2024-09-18 12:56:46.314,416.8956007244663,9
2024-09-18 12:56:46.377,416.9168552261772,13
2024-09-18 12:56:46.383,416.9133176460928,6
2024-09-18 12:56:46.489,416.8897763253581,5
2024-09-18 12:56:46.507,416.9033312797012,13
2024-09-18 12:56:46.512,416.8844375610568,1003
2024-09-18 12:56:46.548,416.8812931235296,97
2024-09-18 12:56:46.653,,1005
2024-09-18 12:56:46.712,416.9101496924344,13
2024-09-18 12:56:46.761,416.9286192200304,1004
2024-09-18 12:56:46.771,-416.90797174991167,97
2024-09-18 12:56:46.777,416.9358580637915,998
2024-09-18 12:56:46.830,416.9311731599683,98
2024-09-18 12:56:46.932,416.8991417531243,1003
2024-09-18 12:56:46.965,416.9116633357752,15
2024-09-18 12:56:47.062,416.9583674802533,1004
2024-09-18 12:56:47.166,416.9278141408868,100
2024-09-18 12:56:47.184,416.9729201638978,1000
2024-09-18 12:56:47.284,416.9483641631546,998
2024-09-18 12:56:47.323,416.9385978185413,997
2024-09-18 12:56:47.368,416.9446944806096,105
2024-09-18 12:56:47.465,,997
2024-09-18 12:56:47.467,416.9267997298645,8
2024-09-18 12:56:47.608,416.9325060666363,104
2024-09-18 12:56:47.614,416.9570456350313,100
2024-09-18 12:56:47.615,416.9638714444269,996
2024-09-18 12:56:47.632,416.9307871791284,998
2024-09-18 12:56:47.767,416.944160525064,102
2024-09-18 12:56:47.792,416.9447884874221,13
2024-09-18 12:56:47.832,416.969936029653,96
2024-09-18 12:56:47.866,416.9146164122316,100
2024-09-18 12:56:47.891,416.911962595612,104
2024-09-18 12:56:47.964,416.945044006979,1005
2024-09-18 12:56:48.076,416.9163255909871,103
2024-09-18 12:56:48.211,416.9308842304485,100
2024-09-18 12:56:48.218,416.8892667026376,9
2024-09-18 12:56:48.284,416.9265527273718,104
2024-09-18 12:56:48.406,416.8849128332653,998
2024-09-18 12:56:48.461,416.8946994831844,995
2024-09-18 12:56:48.484,416.87332737879865,11
2024-09-18 12:56:48.568,416.8979145693824,1000
2024-09-18 12:56:48.638,416.9434450346635,97
2024-09-18 12:56:48.698,416.9158463007584,998
2024-09-18 12:56:48.802,416.8884228562262,13
2024-09-18 12:56:48.913,416.9289837190396,8
2024-09-18 12:56:48.935,416.8972485885091,1002
2024-09-18 12:56:48.984,416.9120090286648,105
2024-09-18 12:56:49.793,416.8846154710297,12
2024-09-18 12:56:49.838,416.8600723326287,100
2024-09-18 12:56:49.883,416.8859784070072,1004
2024-09-18 12:56:49.914,416.82825123827473,97
2024-09-18 12:56:50.098,416.8343564858861,100
2024-09-18 12:56:50.110,416.816824108755,95
2024-09-18 12:56:50.374,416.85360299971865,995
2024-09-18 12:56:50.415,416.8598222073586,996
2024-09-18 12:56:50.432,416.80331480613006,6
2024-09-18 12:56:50.450,416.8300665080441,8
2024-09-18 12:56:50.454,416.8140811079676,98
2024-09-18 12:56:50.460,416.82054036497135,100
2024-09-18 12:56:50.523,416.8428206748876,5
2024-09-18 12:56:50.525,416.8338731710797,999
2024-09-18 12:56:50.560,41.68391436614459,995
2024-09-18 12:56:50.739,416.8604010579289,8
2024-09-18 12:56:50.858,416.8482989028319,1000
2024-09-18 12:56:50.873,416.8321956036712,96
2024-09-18 12:56:50.885,-416.8358472152074,1002
2024-09-18 12:56:51.051,416.89322335384185,103
2024-09-18 12:56:51.086,416.9032236664921,100
2024-09-18 12:56:51.136,416.857247065847,1000
2024-09-18 12:56:51.138,416.88787703285385,101
2024-09-18 12:56:51.190,416.8971745053751,1003
2024-09-18 12:56:51.216,416.8736807780989,12
2024-09-18 12:56:51.269,416.8813059626752,15
2024-09-18 12:56:51.299,416.87401696118206,1001
2024-09-18 12:56:51.303,416.8684884044105,998
2024-09-18 12:56:51.324,416.8681208607637,997
2024-09-18 12:56:51.374,416.884545777769,8
2024-09-18 12:56:51.415,416.89755764518907,9
2024-09-18 12:56:51.556,416.8719013043743,8
2024-09-18 12:56:51.559,416.875316324592,10
2024-09-18 12:56:51.569,416.8847891706943,998
2024-09-18 12:56:51.610,416.8728953361188,105
2024-09-18 12:56:51.669,416.88144864258345,7
2024-09-18 12:56:51.741,-416.8945048343892,6
2024-09-18 12:56:51.746,416.8964664551498,9
2024-09-18 12:56:51.888,416.8531983619366,15
2024-09-18 12:56:51.898,416.88285580922286,102
2024-09-18 12:56:51.913,416.8808064925967,105
2024-09-18 12:56:51.925,416.8559829522607,996
2024-09-18 12:56:51.955,416.8859142232195,6
2024-09-18 12:56:51.962,416.8521628969455,1004
2024-09-18 12:56:52.210,416.8417931828297,13
2024-09-18 12:56:52.556,416.8464437032862,104
2024-09-18 12:56:52.633,416.8507508180255,95
2024-09-18 12:56:52.673,416.84077646358986,15
2024-09-18 12:56:52.708,416.86061393232194,1000
2024-09-18 12:56:52.799,416.8569779397975,101
2024-09-18 12:56:53.089,416.7633571735027,95
2024-09-18 12:56:53.098,416.7494145013939,1000
2024-09-18 12:56:53.107,416.73402056368974,996
2024-09-18 12:56:53.119,416.8317037909853,13
2024-09-18 12:56:53.125,416.8110711711431,13
2024-09-18 12:56:53.134,416.8280354985174,1002
2024-09-18 12:56:53.146,416.7854166859597,103
2024-09-18 12:56:53.201,416.7451058416111,6
2024-09-18 12:56:53.216,416.7522192631676,999
2024-09-18 12:56:53.331,416.7278409159754,1005
2024-09-18 12:56:53.336,416.8534656913223,1000
2024-09-18 12:56:53.452,416.7470375149518,14
2024-09-18 12:56:53.466,416.7679219490724,103
2024-09-18 12:56:53.483,416.7815603720741,105
2024-09-18 12:56:53.569,416.7704966799048,1000
2024-09-18 12:56:53.605,416.74524568251394,11
2024-09-18 12:56:53.615,416.806677629009,100
2024-09-18 12:56:53.696,-416.807807108339,100
2024-09-18 12:56:53.736,416.814500082463,11
2024-09-18 12:56:53.759,416.7507319439911,103
2024-09-18 12:56:53.769,416.7546134778588,11
2024-09-18 12:56:53.773,416.7956648670568,1002
2024-09-18 12:56:53.932,416.8407389008036,101
2024-09-18 12:56:53.943,416.8363509072795,11
2024-09-18 12:56:53.989,416.7616307594125,5
2024-09-18 12:56:54.883,416.7571551281665,97
2024-09-18 12:56:55.018,416.755525404582,102
2024-09-18 12:56:55.097,416.75799491215446,11
2024-09-18 12:56:55.172,416.75413763992265,14
2024-09-18 12:56:55.179,416.7622909546466,12
2024-09-18 12:56:55.318,416.7548741788799,14
2024-09-18 12:56:55.385,416.7725109902761,10
2024-09-18 12:56:55.457,416.7872915815879,105
2024-09-18 12:56:55.512,416.7773149335411,11
2024-09-18 12:56:55.578,416.7661944744928,101
2024-09-18 12:56:55.660,416.7473028219408,997
2024-09-18 12:56:55.826,416.760262637786,997
2024-09-18 12:56:55.960,,13
2024-09-18 12:56:56.223,416.7811424754548,99
2024-09-18 12:56:57.000,416.7773143516575,9
2024-09-18 12:56:57.020,416.7747329815184,1003
2024-09-18 12:56:57.030,416.7371403570918,996
2024-09-18 12:56:57.125,416.751030762808,11
2024-09-18 12:56:57.148,416.7780949835188,7
2024-09-18 12:56:57.336,416.78083122888194,96
2024-09-18 12:56:57.354,416.7323293246596,104
2024-09-18 12:56:57.360,416.7779109645047,1004
2024-09-18 12:56:57.398,416.7656290710685,996
2024-09-18 12:56:57.401,416.7330573749182,104
2024-09-18 12:56:57.476,416.7597732666352,5
2024-09-18 12:56:57.481,416.77964108911726,999
2024-09-18 12:56:57.491,416.7644251513515,995
2024-09-18 12:56:57.516,416.76752989946255,1001
2024-09-18 12:56:57.545,416.7592403927472,1005
2024-09-18 12:56:57.671,416.77815507026224,95
2024-09-18 12:56:57.681,416.7648553189866,9
2024-09-18 12:56:57.835,416.7780653139694,1000
2024-09-18 12:56:57.866,416.7579548701328,103
2024-09-18 12:56:57.875,416.7619268368135,1001
2024-09-18 12:56:57.883,416.779366719641,99
2024-09-18 12:56:57.903,416.7563071544049,8
2024-09-18 12:56:57.921,416.7667202609698,104
2024-09-18 12:56:57.994,416.7409142505216,102
2024-09-18 12:56:57.995,416.7857038483285,6
2024-09-18 12:56:58.012,416.77440866994885,99
2024-09-18 12:56:58.075,416.7577804696773,996
2024-09-18 12:56:58.130,416.7510727346746,14
2024-09-18 12:56:58.133,416.8271131282312,97
2024-09-18 12:56:58.133,416.7927168909856,96
2024-09-18 12:56:58.151,416.76405716860165,12
2024-09-18 12:56:58.168,416.7615526521111,105
2024-09-18 12:56:58.176,416.753354673916,11
2024-09-18 12:56:58.239,416.7604890159128,1000
2024-09-18 12:56:58.294,416.75919754903,1005
2024-09-18 12:56:58.320,416.7708629031455,8
2024-09-18 12:56:58.383,416.7548396197812,99
2024-09-18 12:56:58.416,416.7783295053305,8
2024-09-18 12:56:58.497,416.7649942781345,999
2024-09-18 12:56:58.578,416.8182259428367,997
2024-09-18 12:56:58.658,416.7702366957295,995
2024-09-18 12:56:58.688,416.7993984457867,105
2024-09-18 12:56:58.839,416.7640598763705,104
2024-09-18 12:56:58.847,416.7813095167593,100
2024-09-18 12:56:58.872,416.7629069085239,14
2024-09-18 12:56:58.889,416.7553882154177,105
2024-09-18 12:56:58.935,416.7579434645949,12
2024-09-18 12:56:58.939,416.7903119796371,1000
2024-09-18 12:56:58.952,416.7575554919754,11
2024-09-18 12:56:58.968,416.7565681228476,1004
2024-09-18 12:56:59.042,416.8362152717038,14
2024-09-18 12:56:59.078,416.8666510453512,5
2024-09-18 12:56:59.084,416.8643702488189,7
2024-09-18 12:56:59.166,416.85835579604907,103
2024-09-18 12:56:59.188,416.8350283698093,7
2024-09-18 12:56:59.206,416.859147079517,10
2024-09-18 12:56:59.285,416.8216148026905,1003
2024-09-18 12:56:59.294,416.855802083785,10
2024-09-18 12:56:59.297,416.83410431529416,1002
2024-09-18 12:56:59.316,416.85134533067054,1001
2024-09-18 12:56:59.369,416.8170378472833,103
2024-09-18 12:56:59.406,416.87302454230297,995
2024-09-18 12:56:59.441,416.8430787127742,999
2024-09-18 12:56:59.457,416.8528686964521,15
2024-09-18 12:56:59.523,416.8847405239066,1004
2024-09-18 12:56:59.598,416.85517046891545,105
2024-09-18 12:56:59.610,416.86468295536,101
2024-09-18 12:56:59.621,416.8587968333578,1000
2024-09-18 12:56:59.647,-416.8847775410888,996
2024-09-18 12:56:59.839,416.8467464314976,104
2024-09-18 12:56:59.869,416.87197465607807,9
2024-09-18 12:56:59.897,416.8497043622551,98
2024-09-18 12:56:59.915,416.8782534804308,95
2024-09-18 12:56:59.931,416.8406563451285,1002
2024-09-18 12:56:59.954,416.87248535053095,97
2024-09-18 12:56:59.957,416.8481637624898,100
2024-09-18 12:56:59.957,416.8188644887909,7
2024-09-18 12:56:59.965,416.8297883283352,96
2024-09-18 12:56:59.996,416.8328330866155,7
