Timestamp,Price,Size
2024-09-16 12:43:00.000,417.87360137425947,101
2024-09-16 12:43:00.032,417.8797925733263,97
2024-09-16 12:43:00.067,417.8922458549525,999
2024-09-16 12:43:00.191,417.899027635836,1004
2024-09-16 12:43:00.193,417.8521604792503,100
2024-09-16 12:43:00.207,417.8357680440846,999
2024-09-16 12:43:00.220,417.8846450546465,999
2024-09-16 12:43:00.236,417.8905511617863,98
2024-09-16 12:43:00.270,417.9269440885859,97
2024-09-16 12:43:00.327,417.9149182176687,1002
2024-09-16 12:43:00.343,417.9124789405289,996
2024-09-16 12:43:00.381,417.8979997332596,101
2024-09-16 12:43:00.388,417.9093940510791,13
2024-09-16 12:43:00.501,417.8921182080716,15
2024-09-16 12:43:00.577,417.83330093771673,995
2024-09-16 12:43:00.581,417.911930298,104
2024-09-16 12:43:00.595,417.834149588029,1000
2024-09-16 12:43:00.599,417.7923491432522,8
2024-09-16 12:43:00.601,417.876897421332,15
2024-09-16 12:43:00.641,417.92332225498905,97
2024-09-16 12:43:00.687,417.87797555067885,15
2024-09-16 12:43:00.705,417.919944491388,995
2024-09-16 12:43:00.757,417.8231194916422,9
2024-09-16 12:43:00.801,417.8744523043922,9
2024-09-16 12:43:00.819,417.7837379288202,998
2024-09-16 12:43:00.835,417.8481226429964,97
2024-09-16 12:43:00.839,417.9246263308168,996
2024-09-16 12:43:00.873,417.91554697873096,1003
2024-09-16 12:43:00.895,417.8754937746375,102
2024-09-16 12:43:00.983,417.90877566380607,15
2024-09-16 12:43:02.222,417.9210560648895,10
2024-09-16 12:43:02.304,417.9142189961751,13
2024-09-16 12:43:02.374,417.9228180902948,1005
2024-09-16 12:43:02.538,417.9093651912462,14
2024-09-16 12:43:02.696,417.9165556190451,97
2024-09-16 12:43:02.799,417.9280972804042,1000
2024-09-16 12:43:03.005,417.9349852753557,1003
2024-09-16 12:43:03.116,-417.8966455775872,1003
2024-09-16 12:43:03.131,417.92508320469295,1002
2024-09-16 12:43:03.222,,997
2024-09-16 12:43:03.234,417.8971755178399,15
2024-09-16 12:43:03.244,417.8971846919064,97
2024-09-16 12:43:03.250,417.9170676545496,100
2024-09-16 12:43:03.270,417.9141868372201,1003
2024-09-16 12:43:03.291,417.87669298584944,99
2024-09-16 12:43:03.397,417.9236418939523,99
2024-09-16 12:43:03.425,417.9457776897624,97
2024-09-16 12:43:03.444,417.9080844541171,996
2024-09-16 12:43:03.462,417.91535145990014,1005
2024-09-16 12:43:03.469,417.9227977468295,9
2024-09-16 12:43:03.528,417.87008201558217,1002
2024-09-16 12:43:03.571,,999
2024-09-16 12:43:03.577,417.9092361070225,99
2024-09-16 12:43:03.639,417.916729620016,101
2024-09-16 12:43:03.667,417.9187292735119,100
2024-09-16 12:43:03.715,417.9277978584346,8
2024-09-16 12:43:03.743,417.9338403100529,12
2024-09-16 12:43:03.759,417.9189855250766,13
2024-09-16 12:43:03.765,417.9094471153777,9
2024-09-16 12:43:03.776,417.9404006664286,10
2024-09-16 12:43:03.784,41.78833700204745,8
2024-09-16 12:43:03.829,417.8865457599408,1000
2024-09-16 12:43:03.843,417.9169829782507,98
2024-09-16 12:43:03.857,417.9248858441007,15
2024-09-16 12:43:03.864,417.9027976212696,105
2024-09-16 12:43:04.003,417.9250613614815,9
2024-09-16 12:43:04.087,417.874665145259,1000
2024-09-16 12:43:04.193,417.89025032169707,102
2024-09-16 12:43:04.253,417.8992607085697,1003
2024-09-16 12:43:04.260,417.9158210184308,996
2024-09-16 12:43:04.323,417.8689863141555,100
2024-09-16 12:43:04.347,417.9009228844308,7
2024-09-16 12:43:04.381,417.8877962562212,95
2024-09-16 12:43:04.551,417.8680104633722,101
2024-09-16 12:43:04.702,417.8929457386965,8
2024-09-16 12:43:04.744,417.89053448985374,96
2024-09-16 12:43:04.823,417.88583478506985,104
2024-09-16 12:43:04.913,417.9292651773747,995
2024-09-16 12:43:05.219,417.8748142000184,96
2024-09-16 12:43:05.590,417.8848951481129,11
2024-09-16 12:43:05.754,417.8873023423102,1000
2024-09-16 12:43:05.763,417.8771352237639,15
2024-09-16 12:43:06.193,417.90797088758654,1004
2024-09-16 12:43:06.199,417.9130142832749,103
2024-09-16 12:43:06.279,417.9395430731599,1001
2024-09-16 12:43:06.291,417.9080564786341,6
2024-09-16 12:43:06.309,417.8859028809223,5
2024-09-16 12:43:06.381,417.91001320340695,999
2024-09-16 12:43:06.469,417.900387649504,1000
2024-09-16 12:43:06.485,41.79535032504239,999
2024-09-16 12:43:06.569,417.9085492074502,104
2024-09-16 12:43:06.583,417.931581049137,98
2024-09-16 12:43:06.585,417.9426185709628,104
2024-09-16 12:43:06.799,417.8936707459523,1000
2024-09-16 12:43:06.836,417.9509624853396,12
2024-09-16 12:43:06.850,417.88675919782986,95
2024-09-16 12:43:06.935,417.9554419992588,8
2024-09-16 12:43:06.963,417.899826235242,1003
2024-09-16 12:43:06.971,417.9583389400377,1004
2024-09-16 12:43:06.992,417.9364180980375,9
2024-09-16 12:43:07.019,417.9645786004876,104
2024-09-16 12:43:07.024,417.9729829069411,999
2024-09-16 12:43:07.024,417.9706628441467,1005
2024-09-16 12:43:07.067,417.964331965327,15
2024-09-16 12:43:07.085,417.9625283639952,1002
2024-09-16 12:43:07.109,417.9096684820764,995
2024-09-16 12:43:07.141,417.972440619298,1000
2024-09-16 12:43:07.171,417.9858547483464,995
2024-09-16 12:43:07.174,417.9304001931173,13
2024-09-16 12:43:07.246,417.9517652184698,14
2024-09-16 12:43:07.296,417.97761885272695,6
2024-09-16 12:43:07.317,417.86025257948086,999
2024-09-16 12:43:07.334,417.8508009883041,11
2024-09-16 12:43:07.335,417.8488345573149,105
2024-09-16 12:43:07.406,417.9563286504355,10
2024-09-16 12:43:07.422,417.8501799049042,95
2024-09-16 12:43:07.429,417.9594593789593,97
2024-09-16 12:43:07.431,417.98509872109344,8
2024-09-16 12:43:07.436,417.9801347343693,10
2024-09-16 12:43:07.538,417.96181090612873,1001
2024-09-16 12:43:07.550,417.940621327452,97
2024-09-16 12:43:07.716,417.9079500800705,6
2024-09-16 12:43:07.786,417.96991495256384,9
2024-09-16 12:43:07.811,417.86792109688207,95
2024-09-16 12:43:07.814,417.8520468672307,999
2024-09-16 12:43:07.956,417.9449783732626,997
2024-09-16 12:43:07.994,417.983851488269,99
2024-09-16 12:43:08.025,417.8843089157222,105
2024-09-16 12:43:08.055,417.8101245960787,98
2024-09-16 12:43:08.134,417.8806611540532,99
2024-09-16 12:43:08.169,417.87452738933047,1000
2024-09-16 12:43:08.185,417.892414605002,999
2024-09-16 12:43:08.188,417.7959033950459,104
2024-09-16 12:43:08.192,417.852816462132,101
2024-09-16 12:43:08.214,417.8102873564445,102
2024-09-16 12:43:08.253,417.8649638393323,1005
2024-09-16 12:43:08.310,417.8039781013522,1003
2024-09-16 12:43:08.328,417.8390132213379,1003
2024-09-16 12:43:08.334,417.7895510878639,995
2024-09-16 12:43:08.363,417.8520759042885,995
2024-09-16 12:43:08.529,417.7776669590074,15
2024-09-16 12:43:08.601,417.8883270312129,104
2024-09-16 12:43:08.619,417.8798690932679,5
2024-09-16 12:43:08.624,417.8052447468259,5
2024-09-16 12:43:08.630,417.8779974714426,999
2024-09-16 12:43:08.711,-417.8117902317047,104
2024-09-16 12:43:08.757,417.7897925054381,5
2024-09-16 12:43:08.815,417.86734983211534,97
2024-09-16 12:43:08.830,417.7743163373575,105
2024-09-16 12:43:08.875,417.8800149879089,996
2024-09-16 12:43:08.886,417.8599754404725,7
2024-09-16 12:43:08.891,417.8039442474987,14
2024-09-16 12:43:08.893,417.8865109313285,995
2024-09-16 12:43:08.949,417.8020699595051,100
2024-09-16 12:43:09.042,417.86565114814016,1001
2024-09-16 12:43:09.062,41.78685324783751,99
2024-09-16 12:43:09.082,417.85241879124834,1005
2024-09-16 12:43:09.102,417.8415743660326,995
2024-09-16 12:43:09.107,417.85787377103554,99
2024-09-16 12:43:09.149,417.86348429410026,95
2024-09-16 12:43:09.240,417.8571773756037,8
2024-09-16 12:43:09.244,417.85056037806726,101
2024-09-16 12:43:09.248,417.8217258049826,5
2024-09-16 12:43:09.254,417.8484733647312,105
2024-09-16 12:43:09.281,417.81516453938616,1003
2024-09-16 12:43:09.380,-417.846124461997,1005
2024-09-16 12:43:09.385,417.8807210151512,103
2024-09-16 12:43:09.456,417.8364458907442,11
2024-09-16 12:43:09.481,417.8710253043744,101
2024-09-16 12:43:09.496,417.82254978656255,97
2024-09-16 12:43:09.543,417.8424240960489,102
2024-09-16 12:43:09.564,417.8718678963551,97
2024-09-16 12:43:09.587,417.8586881155371,996
2024-09-16 12:43:09.728,417.8523543556069,14
2024-09-16 12:43:09.798,417.8534411849415,996
2024-09-16 12:43:09.807,417.87362204274496,998
2024-09-16 12:43:09.868,417.8229201994378,12
2024-09-16 12:43:09.888,417.8339589429415,9
2024-09-16 12:43:09.896,417.85529365491766,13
2024-09-16 12:43:09.902,417.8305481990965,1000
2024-09-16 12:43:09.931,417.8484539157302,1005
2024-09-16 12:43:09.963,417.8468407934075,8
2024-09-16 12:43:09.971,417.8305725637152,5
2024-09-16 12:43:09.997,417.869422352174,10
2024-09-16 12:43:10.040,417.8907126000363,100
2024-09-16 12:43:10.069,417.8487945041995,104
2024-09-16 12:43:10.131,417.86202249007897,9
2024-09-16 12:43:10.293,417.85095850196393,999
2024-09-16 12:43:10.394,417.8631571335861,7
2024-09-16 12:43:10.444,417.844802901098,1002
2024-09-16 12:43:10.559,417.8843345922914,997
2024-09-16 12:43:10.593,417.90074394857976,11
2024-09-16 12:43:10.812,417.84253882592577,100
2024-09-16 12:43:10.840,417.8886919481431,9
2024-09-16 12:43:11.043,417.7632626669399,101
2024-09-16 12:43:11.098,417.8090456762441,10
2024-09-16 12:43:11.099,417.7184769242917,995
2024-09-16 12:43:11.139,417.6951569913173,1004
2024-09-16 12:43:11.217,417.81175773236015,105
2024-09-16 12:43:11.227,417.7116127976166,999
2024-09-16 12:43:11.231,417.8123037640536,10
2024-09-16 12:43:11.252,417.845619417182,8
2024-09-16 12:43:11.280,417.7529425847972,1001
2024-09-16 12:43:11.280,417.8272930299436,99
2024-09-16 12:43:11.577,417.781935305515,105
2024-09-16 12:43:11.644,417.8175640643889,97
2024-09-16 12:43:11.647,417.8189414846488,15
2024-09-16 12:43:11.648,417.8104598913106,12
2024-09-16 12:43:11.658,417.825774978987,5
2024-09-16 12:43:11.704,417.8055766803195,1004
2024-09-16 12:43:11.719,417.83460964102113,997
2024-09-16 12:43:11.728,417.8375741334411,1004
2024-09-16 12:43:11.764,417.7306592772146,1001
2024-09-16 12:43:11.890,417.8186730135653,105
2024-09-16 12:43:11.937,417.7610361192028,7
2024-09-16 12:43:11.942,417.7881733576037,6
2024-09-16 12:43:12.054,417.7700901841126,10
2024-09-16 12:43:12.139,417.8265358003617,95
2024-09-16 12:43:12.156,417.8158060980244,9
2024-09-16 12:43:12.244,417.7532476494232,9
2024-09-16 12:43:12.284,417.7004600643499,1003
2024-09-16 12:43:12.294,417.7948871994298,100
2024-09-16 12:43:12.395,417.706199995081,99
2024-09-16 12:43:12.460,417.75788913547655,1000
2024-09-16 12:43:12.479,417.7880116811221,1000
2024-09-16 12:43:12.542,417.81252537689153,15
2024-09-16 12:43:12.639,417.745795618348,102
2024-09-16 12:43:12.678,417.7843969623444,1001
2024-09-16 12:43:12.681,417.8434467255769,96
2024-09-16 12:43:12.691,417.8157061931774,5
2024-09-16 12:43:12.710,417.75094179299657,101
2024-09-16 12:43:12.712,417.7868947037276,100
2024-09-16 12:43:12.725,417.7867124704448,13
2024-09-16 12:43:12.753,417.8273156667941,1002
2024-09-16 12:43:12.890,417.7281756667263,96
2024-09-16 12:43:12.930,417.82274973431913,102
2024-09-16 12:43:12.933,417.8217189822836,8
2024-09-16 12:43:12.970,417.7676170279474,12
2024-09-16 12:43:12.994,417.82270731378935,13
2024-09-16 12:43:13.956,417.840401317799,6
2024-09-16 12:43:14.115,417.8357248702693,100
2024-09-16 12:43:14.143,417.8180512153114,997
2024-09-16 12:43:14.402,417.8294328685813,97
2024-09-16 12:43:14.629,417.827593319236,105
2024-09-16 12:43:14.694,417.84589654122914,5
2024-09-16 12:43:14.697,417.835773509056,1004
2024-09-16 12:43:14.782,417.8326492050194,101
2024-09-16 12:43:15.156,417.8478868438429,999
2024-09-16 12:43:15.220,417.8383045538649,1004
2024-09-16 12:43:15.591,417.8291526234447,1001
2024-09-16 12:43:15.692,417.8441182943535,98
2024-09-16 12:43:15.732,417.82901643896486,999
2024-09-16 12:43:15.823,417.8680121556005,102
2024-09-16 12:43:15.925,417.8450178762092,98
2024-09-16 12:43:15.980,417.8496024975848,97
2024-09-16 12:43:16.013,417.9305682399852,1002
2024-09-16 12:43:16.037,417.9024698539188,100
2024-09-16 12:43:16.067,417.9394931433355,6
2024-09-16 12:43:16.082,417.9144259401153,99
2024-09-16 12:43:16.102,417.9085760746297,14
2024-09-16 12:43:16.225,417.9460845335572,102
2024-09-16 12:43:16.263,417.9431100522879,997
2024-09-16 12:43:16.273,417.94328056803874,9
2024-09-16 12:43:16.313,417.92332421650224,97
2024-09-16 12:43:16.327,417.88375800418015,1005
2024-09-16 12:43:16.358,417.942308218719,105
2024-09-16 12:43:16.368,417.9507642692606,999
2024-09-16 12:43:16.395,417.9310576811405,98
2024-09-16 12:43:16.397,417.91064070479536,8
2024-09-16 12:43:16.402,417.88770806896446,1005
2024-09-16 12:43:16.415,417.9663483502886,1000
2024-09-16 12:43:16.499,417.9651438157106,5
2024-09-16 12:43:16.529,417.9229224475096,8
2024-09-16 12:43:16.558,417.9433908804148,999
2024-09-16 12:43:16.575,417.9113382615791,7
2024-09-16 12:43:16.654,417.940460273804,996
2024-09-16 12:43:16.822,417.9557568580579,97
2024-09-16 12:43:16.890,417.94732218315113,103
2024-09-16 12:43:16.920,417.8643472485683,15
2024-09-16 12:43:16.923,417.9243701978404,103
2024-09-16 12:43:16.997,417.92763737119975,95
2024-09-16 12:43:17.473,417.9446947895489,999
2024-09-16 12:43:17.660,417.9395944137111,1002
2024-09-16 12:43:18.291,417.93262926732257,99
2024-09-16 12:43:19.257,417.9415171892829,96
2024-09-16 12:43:19.528,417.929979839123,11
2024-09-16 12:43:19.719,417.9569542042976,12
2024-09-16 12:43:19.882,417.9105625175061,11
2024-09-16 12:43:19.922,417.9337326510009,15
2024-09-16 12:43:19.960,417.9240299691133,96
2024-09-16 12:43:20.425,417.91976551799,8
2024-09-16 12:43:20.464,417.9133929597306,9
2024-09-16 12:43:20.518,417.9266170172514,1001
2024-09-16 12:43:20.961,417.90902670264586,15
2024-09-16 12:43:21.004,417.9207102419901,999
2024-09-16 12:43:21.127,417.9313825065824,101
2024-09-16 12:43:21.137,417.9369496977114,104
2024-09-16 12:43:21.206,417.92732645597766,12
2024-09-16 12:43:21.208,417.96002257386544,1002
2024-09-16 12:43:21.309,417.9414015181646,14
2024-09-16 12:43:21.482,417.9444191767311,1000
2024-09-16 12:43:21.555,417.9337385454773,7
2024-09-16 12:43:21.576,417.92058914095657,14
2024-09-16 12:43:21.647,417.9305744453712,999
2024-09-16 12:43:21.657,417.93496132109374,102
2024-09-16 12:43:21.670,417.9270276253923,104
2024-09-16 12:43:21.681,417.942757698541,1005
2024-09-16 12:43:21.833,417.9337695348182,104
2024-09-16 12:43:21.838,417.9262368752425,11
2024-09-16 12:43:21.858,417.9279718304552,100
2024-09-16 12:43:21.870,417.9273961703991,9
2024-09-16 12:43:21.994,417.93421486925695,99
2024-09-16 12:43:22.009,417.8481085910812,1002
2024-09-16 12:43:22.009,417.916538172457,997
2024-09-16 12:43:22.029,417.8586295385258,9
2024-09-16 12:43:22.044,417.8584230093588,11
2024-09-16 12:43:22.054,417.85335004080855,11
2024-09-16 12:43:22.120,417.86829300217465,995
2024-09-16 12:43:22.138,417.8486373228849,5
2024-09-16 12:43:22.178,417.8358788908231,14
2024-09-16 12:43:22.280,417.89519282495735,15
2024-09-16 12:43:22.294,417.85355993539633,7
2024-09-16 12:43:22.364,417.8493016311322,99
2024-09-16 12:43:22.449,417.8069899819047,101
2024-09-16 12:43:22.456,417.9218515695545,102
2024-09-16 12:43:22.504,417.8524364452392,13
2024-09-16 12:43:22.555,417.85557755609904,1000
2024-09-16 12:43:22.557,417.8567365590352,12
2024-09-16 12:43:22.601,417.9171384565235,996
2024-09-16 12:43:22.625,417.8370655641198,997
2024-09-16 12:43:22.630,417.8411668791805,12
2024-09-16 12:43:22.647,417.88275979129713,10
2024-09-16 12:43:22.662,417.7805528948447,11
2024-09-16 12:43:22.690,417.8482805444043,10
2024-09-16 12:43:22.702,417.7886634008456,9
2024-09-16 12:43:22.750,417.86744623392536,96
2024-09-16 12:43:22.925,417.843987868752,15
2024-09-16 12:43:23.516,417.78180297650886,9
2024-09-16 12:43:23.671,417.7346718915675,101
2024-09-16 12:43:23.887,417.7529129970014,104
2024-09-16 12:43:23.960,417.7478286902521,995
2024-09-16 12:43:24.028,417.6725119899151,105
2024-09-16 12:43:24.054,-417.7052237629193,100
2024-09-16 12:43:24.089,417.7074357570987,1001
2024-09-16 12:43:24.176,417.714598512671,9
2024-09-16 12:43:24.264,417.715696499239,100
2024-09-16 12:43:24.342,417.68005620541504,7
2024-09-16 12:43:24.383,417.7232108465465,1004
2024-09-16 12:43:24.395,417.6882988277607,996
2024-09-16 12:43:24.430,417.7199234790156,104
2024-09-16 12:43:24.579,417.6844624951824,101
2024-09-16 12:43:24.646,417.6871479408693,1004
2024-09-16 12:43:24.682,417.6806347474602,102
2024-09-16 12:43:24.703,417.6733124951915,1001
2024-09-16 12:43:24.733,417.720515824223,6
2024-09-16 12:43:24.830,417.6824331567759,101
2024-09-16 12:43:24.891,417.6848612528999,1003
2024-09-16 12:43:24.903,417.70649404186025,1005
2024-09-16 12:43:24.989,417.68708582040944,101
2024-09-16 12:43:24.997,417.7245547817652,5
2024-09-16 12:43:25.028,417.689436809873,10
2024-09-16 12:43:25.075,417.7127146264771,6
2024-09-16 12:43:25.166,417.7086864236931,6
2024-09-16 12:43:25.209,417.7017966354044,995
2024-09-16 12:43:25.210,417.6862937373657,1000
2024-09-16 12:43:25.242,417.6677850262474,100
2024-09-16 12:43:25.395,417.7106708926004,104
2024-09-16 12:43:25.687,417.6940271783084,1000
2024-09-16 12:43:25.724,417.70064454061577,1004
2024-09-16 12:43:25.944,417.7280757618367,998
2024-09-16 12:43:25.950,417.68526565379136,7
2024-09-16 12:43:25.986,417.69137561372463,1000
2024-09-16 12:43:26.085,417.7256334523953,996
2024-09-16 12:43:26.335,417.70227933792256,1003
2024-09-16 12:43:26.369,417.6997453569008,5
2024-09-16 12:43:26.438,417.6880872877021,999
2024-09-16 12:43:26.443,417.804663490389,104
2024-09-16 12:43:26.517,417.71343879361314,99
2024-09-16 12:43:26.552,417.8003249765613,13
2024-09-16 12:43:26.579,417.6775445180948,996
2024-09-16 12:43:26.604,417.8042799686328,13
2024-09-16 12:43:26.710,417.78651099015616,101
2024-09-16 12:43:26.760,417.746993032847,97
2024-09-16 12:43:26.761,417.7012117831867,8
2024-09-16 12:43:26.818,417.71543051515096,10
2024-09-16 12:43:26.855,417.74459204189566,996
2024-09-16 12:43:26.864,417.7885849181061,6
2024-09-16 12:43:26.870,417.7560929548448,1005
2024-09-16 12:43:26.927,417.7705048927055,1001
2024-09-16 12:43:26.932,417.75367479896994,10
2024-09-16 12:43:26.945,417.6885105542803,96
2024-09-16 12:43:27.007,417.8129517551768,1005
2024-09-16 12:43:27.018,417.7734966513808,101
2024-09-16 12:43:27.021,417.8095923140552,105
2024-09-16 12:43:27.034,417.78260493704863,1003
2024-09-16 12:43:27.041,417.8118616967293,9
2024-09-16 12:43:27.076,417.7627875268613,7
2024-09-16 12:43:27.124,417.8032646804584,95
2024-09-16 12:43:27.132,417.77331139679336,95
2024-09-16 12:43:27.134,417.8153956346488,1001
2024-09-16 12:43:27.139,417.8155148935524,11
2024-09-16 12:43:27.201,417.7698654516799,5
2024-09-16 12:43:27.241,417.7865143467752,10
2024-09-16 12:43:27.295,417.7738778502887,995
2024-09-16 12:43:27.326,417.8168145384434,105
2024-09-16 12:43:27.345,417.80099083930025,1003
2024-09-16 12:43:27.360,417.7788418280278,10
2024-09-16 12:43:27.417,417.78524064404,7
2024-09-16 12:43:27.440,417.7957895933772,14
2024-09-16 12:43:27.486,417.8223472999829,1001
2024-09-16 12:43:27.529,417.7970385301941,1004
2024-09-16 12:43:27.548,417.7810507059737,98
2024-09-16 12:43:27.561,417.79240702163344,1001
2024-09-16 12:43:27.571,417.8133067972311,14
2024-09-16 12:43:27.611,417.7773927190423,96
2024-09-16 12:43:27.693,417.7924372760699,100
2024-09-16 12:43:27.774,417.79482217849136,104
2024-09-16 12:43:27.924,417.8233914004853,6
2024-09-16 12:43:27.925,417.7761220902727,10
2024-09-16 12:43:28.055,417.8146083537162,103
2024-09-16 12:43:28.062,417.7910087212079,101
2024-09-16 12:43:28.121,417.7970190254102,100
2024-09-16 12:43:28.167,417.7834311728783,99
2024-09-16 12:43:28.216,417.7881344870144,12
2024-09-16 12:43:28.256,417.8012250430879,1004
2024-09-16 12:43:28.294,417.79953338949866,995
2024-09-16 12:43:28.358,417.8166172041337,995
2024-09-16 12:43:28.361,417.8020015898009,10
2024-09-16 12:43:28.456,417.8149041718844,99
2024-09-16 12:43:28.645,417.78726080685976,11
2024-09-16 12:43:28.750,417.7948930013653,102
2024-09-16 12:43:28.809,417.7996566267855,103
2024-09-16 12:43:28.875,417.8016184529764,98
2024-09-16 12:43:28.876,417.81091352307806,15
2024-09-16 12:43:28.903,417.7913114108399,999
2024-09-16 12:43:28.904,417.79813609062734,997
2024-09-16 12:43:28.928,417.8046198570925,102
2024-09-16 12:43:28.943,417.8132648367216,8
2024-09-16 12:43:29.039,417.8173351349989,8
2024-09-16 12:43:29.063,417.8535583243842,14
2024-09-16 12:43:29.107,417.8555616852231,5
2024-09-16 12:43:29.133,417.8418078525808,15
2024-09-16 12:43:29.141,417.80684991009207,103
2024-09-16 12:43:29.198,417.80888049648746,12
2024-09-16 12:43:29.253,417.81067928586,13
2024-09-16 12:43:29.270,417.8525113454952,1003
2024-09-16 12:43:29.370,417.8000003376549,12
2024-09-16 12:43:29.413,417.8109292398945,1003
2024-09-16 12:43:29.421,417.8067924174185,7
2024-09-16 12:43:29.431,417.79591763875953,7
2024-09-16 12:43:29.470,417.8230067620218,103
2024-09-16 12:43:29.480,417.8316058094692,101
2024-09-16 12:43:29.484,417.81913065906735,1004
2024-09-16 12:43:29.510,417.81477499398665,13
2024-09-16 12:43:29.540,417.8019362228962,12
2024-09-16 12:43:29.562,417.8457186252797,12
2024-09-16 12:43:29.573,417.7914843355628,10
2024-09-16 12:43:29.623,417.8498299788371,1001
2024-09-16 12:43:29.670,417.8247595616788,999
2024-09-16 12:43:29.739,417.8082179893033,1005
2024-09-16 12:43:29.741,417.7982456615276,999
2024-09-16 12:43:29.772,417.8027778343403,11
2024-09-16 12:43:29.784,417.8136473984906,100
2024-09-16 12:43:29.798,417.82761677531903,6
2024-09-16 12:43:29.806,417.7989481746758,14
2024-09-16 12:43:29.870,417.84826109949256,8
2024-09-16 12:43:29.878,417.81379101219017,998
2024-09-16 12:43:29.903,417.8201539728009,996
2024-09-16 12:43:30.000,417.7955358163216,99
2024-09-16 12:43:30.019,417.822841566459,1000
2024-09-16 12:43:30.083,417.9110068097661,9
2024-09-16 12:43:30.145,417.8552191488233,96
2024-09-16 12:43:30.178,417.908158464196,102
2024-09-16 12:43:30.241,417.8446185938361,1001
2024-09-16 12:43:30.258,417.81974921032753,13
2024-09-16 12:43:30.270,417.8124324098254,13
2024-09-16 12:43:30.274,417.8837466450103,1000
2024-09-16 12:43:30.294,417.7932844232627,9
2024-09-16 12:43:30.297,417.83178391868177,104
2024-09-16 12:43:30.319,417.7938644582814,995
2024-09-16 12:43:30.478,417.82612284993945,998
2024-09-16 12:43:30.491,417.907459365621,1000
2024-09-16 12:43:30.492,417.79855819029336,1005
2024-09-16 12:43:30.566,417.83225738050265,105
2024-09-16 12:43:30.618,417.8084736249115,6
2024-09-16 12:43:30.626,417.8089831816118,1000
2024-09-16 12:43:30.652,417.8717755417002,100
2024-09-16 12:43:30.671,417.7821748329647,1004
2024-09-16 12:43:30.689,417.8163197258576,11
2024-09-16 12:43:30.730,417.7897725995999,1003
2024-09-16 12:43:30.736,417.8107275099892,995
2024-09-16 12:43:30.736,417.7982218721273,997
2024-09-16 12:43:30.760,417.8463539130464,996
2024-09-16 12:43:30.771,417.8238951527404,12
2024-09-16 12:43:30.907,,9
2024-09-16 12:43:30.991,417.8679390948936,995
2024-09-16 12:43:31.113,417.9289263230817,100
2024-09-16 12:43:31.358,417.904304871249,103
2024-09-16 12:43:31.584,417.9320947882293,98
2024-09-16 12:43:31.697,417.93857937267103,6
2024-09-16 12:43:32.041,418.02456380664427,7
2024-09-16 12:43:32.131,417.94744637480375,104
2024-09-16 12:43:32.201,417.9712106894068,98
2024-09-16 12:43:32.217,417.9515810853042,10
2024-09-16 12:43:32.241,417.9601385948458,95
2024-09-16 12:43:32.301,41.79730789163721,998
2024-09-16 12:43:32.332,417.9452102811909,95
2024-09-16 12:43:32.413,417.9690235400882,1001
2024-09-16 12:43:32.428,418.01486352067445,8
2024-09-16 12:43:32.444,417.9912463685581,13
2024-09-16 12:43:32.473,417.9357999485307,99
2024-09-16 12:43:32.537,418.01015426040834,98
2024-09-16 12:43:32.561,418.0216951574593,100
2024-09-16 12:43:32.608,417.99153080208254,102
2024-09-16 12:43:32.710,417.98537763736806,100
2024-09-16 12:43:32.725,418.0326189339963,101
2024-09-16 12:43:32.777,417.9786403275514,101
2024-09-16 12:43:32.834,417.9375415690541,997
2024-09-16 12:43:32.884,417.95388669551215,12
2024-09-16 12:43:33.197,417.9999234742271,999
2024-09-16 12:43:33.216,41.81360394224863,999
2024-09-16 12:43:33.244,418.04649959963257,104
2024-09-16 12:43:33.282,418.1131314675076,102
2024-09-16 12:43:33.359,418.1351678857329,98
2024-09-16 12:43:33.414,418.1670289211898,1001
2024-09-16 12:43:33.488,418.00303515129553,102
2024-09-16 12:43:33.553,418.0077530217781,996
2024-09-16 12:43:33.556,418.048876847532,5
2024-09-16 12:43:33.657,418.12766831880606,96
2024-09-16 12:43:33.662,418.0169864496309,103
2024-09-16 12:43:33.762,418.0938488629181,996
2024-09-16 12:43:33.778,418.0019132758786,1003
2024-09-16 12:43:33.808,418.08956221925325,1000
2024-09-16 12:43:33.818,418.1497354828999,999
2024-09-16 12:43:33.824,418.0780912678432,14
2024-09-16 12:43:33.824,418.02790567725697,5
2024-09-16 12:43:34.062,418.1451362442649,999
2024-09-16 12:43:34.083,418.1743724045277,1003
2024-09-16 12:43:34.193,418.1419236636011,105
2024-09-16 12:43:34.204,418.1838191326035,997
2024-09-16 12:43:34.211,418.1704388856317,7
2024-09-16 12:43:34.214,418.1760175302506,1000
2024-09-16 12:43:34.238,418.1781533541184,1000
2024-09-16 12:43:34.262,418.145425143112,10
2024-09-16 12:43:34.319,418.1771652828565,13
2024-09-16 12:43:34.324,418.1704192489925,999
2024-09-16 12:43:34.399,418.1405477085305,105
2024-09-16 12:43:34.415,418.16652974411255,1003
2024-09-16 12:43:34.423,418.1523840764841,13
2024-09-16 12:43:34.561,418.135712467271,998
2024-09-16 12:43:34.651,418.18517742065626,100
2024-09-16 12:43:34.666,418.1329618487081,1002
2024-09-16 12:43:34.811,418.1603094674812,95
2024-09-16 12:43:34.830,418.1823121317742,1005
2024-09-16 12:43:34.842,418.1385808760232,11
2024-09-16 12:43:34.867,418.1471680802667,12
2024-09-16 12:43:34.889,418.1686291398421,8
2024-09-16 12:43:34.904,418.1868888430786,13
2024-09-16 12:43:34.925,418.1713183807702,996
2024-09-16 12:43:34.939,418.1410431608734,96
2024-09-16 12:43:35.753,418.1995741801721,13
2024-09-16 12:43:36.046,418.177874757628,5
2024-09-16 12:43:36.078,418.1113008476032,104
2024-09-16 12:43:36.113,418.2049503758133,12
2024-09-16 12:43:36.116,418.1851100001744,1003
2024-09-16 12:43:36.163,418.16412382970617,998
2024-09-16 12:43:36.307,418.10829031443984,997
2024-09-16 12:43:36.447,418.1295609000268,14
2024-09-16 12:43:36.472,418.17951276576974,1001
2024-09-16 12:43:36.475,418.1299723682978,995
2024-09-16 12:43:36.554,418.1157274685914,98
2024-09-16 12:43:36.592,418.1755576855153,5
2024-09-16 12:43:36.593,418.1105820873984,100
2024-09-16 12:43:36.611,418.1629350268155,998
2024-09-16 12:43:36.612,418.1199063849648,101
2024-09-16 12:43:36.651,418.13728713344153,7
2024-09-16 12:43:36.665,418.0964215839223,103
2024-09-16 12:43:36.674,418.17868127783146,103
2024-09-16 12:43:36.677,418.2002927056856,1000
2024-09-16 12:43:36.759,418.1786880839206,1001
2024-09-16 12:43:36.760,418.1852628447325,8
2024-09-16 12:43:36.767,418.2095473244448,10
2024-09-16 12:43:36.774,418.1391298752187,999
2024-09-16 12:43:36.848,418.170241265306,103
2024-09-16 12:43:36.916,418.1923877372299,1001
2024-09-16 12:43:37.044,418.1480476877479,104
2024-09-16 12:43:37.115,418.1470926915447,9
2024-09-16 12:43:37.187,418.1319439026495,1003
2024-09-16 12:43:37.193,418.1519827200674,995
2024-09-16 12:43:37.202,418.1508326604538,1001
2024-09-16 12:43:37.271,418.18010811621866,97
2024-09-16 12:43:37.320,418.08951426095575,95
2024-09-16 12:43:37.389,418.1694853818653,10
2024-09-16 12:43:37.410,418.1468973778696,15
2024-09-16 12:43:37.438,418.1083491366693,996
2024-09-16 12:43:37.502,418.1441846753267,999
2024-09-16 12:43:37.529,418.1046030991123,996
2024-09-16 12:43:37.530,418.1516877827489,999
2024-09-16 12:43:37.535,418.1878522106701,6
2024-09-16 12:43:37.550,418.1287054908732,97
2024-09-16 12:43:37.645,418.1148738499109,103
2024-09-16 12:43:37.663,418.1639126207375,1000
2024-09-16 12:43:37.664,418.1693799407248,96
2024-09-16 12:43:37.696,418.1859587059173,1001
2024-09-16 12:43:37.712,418.1469061725342,9
2024-09-16 12:43:37.859,418.15485233991257,100
2024-09-16 12:43:37.893,418.1622889866749,12
2024-09-16 12:43:37.934,418.13021711583,1002
2024-09-16 12:43:37.957,418.1417473595875,14
2024-09-16 12:43:37.987,418.1307545834883,105
2024-09-16 12:43:38.100,418.1544464347406,14
2024-09-16 12:43:38.197,,10
2024-09-16 12:43:38.453,418.14785676987697,98
2024-09-16 12:43:38.469,418.145682894154,98
2024-09-16 12:43:38.711,418.146699676339,996
2024-09-16 12:43:39.120,418.1487914545207,1003
2024-09-16 12:43:39.341,418.1608934215398,9
2024-09-16 12:43:39.451,418.1239173308014,1004
2024-09-16 12:43:39.490,418.17977363364975,96
2024-09-16 12:43:39.792,418.14494923322087,996
2024-09-16 12:43:39.795,418.1450072409719,1004
2024-09-16 12:43:39.952,418.1527464682278,1004
2024-09-16 12:43:39.965,418.122113101928,98
2024-09-16 12:43:40.034,41.823277842001126,101
2024-09-16 12:43:40.041,418.2387292883406,9
2024-09-16 12:43:40.114,-418.2146056638604,103
2024-09-16 12:43:40.121,418.2256629878304,999
2024-09-16 12:43:40.273,418.1783637395086,95
2024-09-16 12:43:40.278,418.23451851948187,101
2024-09-16 12:43:40.292,418.2401595447316,103
2024-09-16 12:43:40.345,418.2368341015199,12
2024-09-16 12:43:40.471,418.19159762552,1002
2024-09-16 12:43:40.492,418.2558842017591,1002
2024-09-16 12:43:40.505,418.21425524947057,1005
2024-09-16 12:43:40.526,418.1896559808376,95
2024-09-16 12:43:40.621,418.2411471125612,1003
2024-09-16 12:43:40.679,418.2426934187206,104
2024-09-16 12:43:40.727,418.2428772002455,96
2024-09-16 12:43:40.730,418.253992358923,996
2024-09-16 12:43:40.751,418.2186582913595,12
2024-09-16 12:43:40.761,418.2309683494682,10
2024-09-16 12:43:40.820,418.2159149093897,15
2024-09-16 12:43:40.872,418.20943899154594,1005
2024-09-16 12:43:40.924,418.2410571036824,1005
2024-09-16 12:43:40.939,418.2259699967807,104
2024-09-16 12:43:40.968,418.1858262933752,1003
2024-09-16 12:43:40.990,418.23865786596,11
2024-09-16 12:43:41.695,418.2591221508422,998
2024-09-16 12:43:41.761,418.2494319634924,104
2024-09-16 12:43:44.080,418.2911458674728,5
2024-09-16 12:43:44.084,418.2759406159745,99
2024-09-16 12:43:44.113,418.3093434841023,1003
2024-09-16 12:43:44.189,418.3080772629343,97
2024-09-16 12:43:44.247,418.2592544567223,13
2024-09-16 12:43:44.252,418.3009588853567,995
2024-09-16 12:43:44.300,418.2956664094453,1004
2024-09-16 12:43:44.352,418.2792441083657,96
2024-09-16 12:43:44.467,418.286609109719,96
2024-09-16 12:43:44.508,418.297563066974,1004
2024-09-16 12:43:44.559,418.30796966725273,14
2024-09-16 12:43:44.604,418.29487307972727,14
2024-09-16 12:43:44.669,418.2586547132119,95
2024-09-16 12:43:44.682,418.3005385368555,15
2024-09-16 12:43:44.752,418.2661894072361,100
2024-09-16 12:43:44.779,418.31517625095086,997
2024-09-16 12:43:44.877,418.2908230032173,8
2024-09-16 12:43:44.981,418.264662916574,995
2024-09-16 12:43:45.601,418.2797807427072,1004
2024-09-16 12:43:45.648,418.2774187715953,1004
2024-09-16 12:43:45.682,418.2931955711107,103
2024-09-16 12:43:45.774,418.3023371116865,7
2024-09-16 12:43:46.014,418.1556397083737,1000
2024-09-16 12:43:46.188,418.2356278621472,1002
2024-09-16 12:43:46.351,418.15834655121216,95
2024-09-16 12:43:46.473,418.28644909952703,9
2024-09-16 12:43:46.707,418.1772366910295,1001
2024-09-16 12:43:46.709,418.27853506038383,103
2024-09-16 12:43:46.722,418.24257877994665,996
2024-09-16 12:43:46.752,418.2367562563373,6
2024-09-16 12:43:46.878,418.2076717189832,995
2024-09-16 12:43:46.898,418.1490102155705,10
2024-09-16 12:43:46.946,418.15251011167805,7
2024-09-16 12:43:46.947,418.2630568513637,1001
2024-09-16 12:43:47.148,418.1832228915633,14
2024-09-16 12:43:47.210,418.1722491439024,12
2024-09-16 12:43:47.297,418.1323587273577,13
2024-09-16 12:43:47.305,418.1636566578147,998
2024-09-16 12:43:47.305,418.176719186109,10
2024-09-16 12:43:47.311,418.1842293318293,103
2024-09-16 12:43:47.371,418.1717639804173,11
2024-09-16 12:43:47.428,418.1723292188274,104
2024-09-16 12:43:47.480,418.1793189371751,996
2024-09-16 12:43:47.530,418.16453530373286,1004
2024-09-16 12:43:47.577,418.1396529861705,995
2024-09-16 12:43:47.604,418.18167703955305,96
2024-09-16 12:43:47.626,418.18705585533326,997
2024-09-16 12:43:47.695,418.1798621271205,100
2024-09-16 12:43:47.805,418.1838603122265,7
2024-09-16 12:43:47.842,418.1895185506722,1001
2024-09-16 12:43:47.845,418.1369403275861,1002
2024-09-16 12:43:47.980,418.165916773166,104
2024-09-16 12:43:48.031,418.2026929168153,997
2024-09-16 12:43:48.033,418.2030613757285,104
2024-09-16 12:43:48.111,418.20283527490966,996
2024-09-16 12:43:48.275,418.23810751101615,1002
2024-09-16 12:43:48.519,418.1786396693887,5
2024-09-16 12:43:48.566,418.20781751287245,101
2024-09-16 12:43:48.629,418.2050034418649,13
2024-09-16 12:43:48.807,418.1900464543053,8
2024-09-16 12:43:48.811,418.20297004019545,102
2024-09-16 12:43:48.890,418.2003125411973,999
2024-09-16 12:43:48.916,418.2227033543357,100
2024-09-16 12:43:49.049,418.23495793326913,104
2024-09-16 12:43:49.076,418.1862431392629,996
2024-09-16 12:43:49.079,418.1457257540837,8
2024-09-16 12:43:49.190,418.20108350285386,10
2024-09-16 12:43:49.212,418.1940744122815,12
2024-09-16 12:43:49.228,418.1290767515824,6
2024-09-16 12:43:49.254,418.18862670240856,14
2024-09-16 12:43:49.262,418.1664368341744,1003
2024-09-16 12:43:49.372,418.20841131775154,97
2024-09-16 12:43:49.410,418.2303021259245,95
2024-09-16 12:43:49.567,418.2399567129093,7
2024-09-16 12:43:49.591,418.1928144153641,105
2024-09-16 12:43:49.600,418.1759738516661,1005
2024-09-16 12:43:49.697,418.197022094596,6
2024-09-16 12:43:49.790,418.2161604331136,10
2024-09-16 12:43:50.027,418.1121101569519,14
2024-09-16 12:43:50.028,418.1002020387036,104
2024-09-16 12:43:50.029,418.1069109482826,1004
2024-09-16 12:43:50.048,418.1624226120771,998
2024-09-16 12:43:50.161,418.1128672510797,101
2024-09-16 12:43:50.163,418.0932317728206,996
2024-09-16 12:43:50.180,418.1260821885801,998
2024-09-16 12:43:50.212,418.1090126328423,1001
2024-09-16 12:43:50.254,418.1143235101718,6
2024-09-16 12:43:50.263,418.1579878209888,995
2024-09-16 12:43:50.319,418.1838345750483,10
2024-09-16 12:43:50.339,418.11562075321183,1002
2024-09-16 12:43:50.340,418.1123059538237,6
2024-09-16 12:43:50.529,418.1806427328948,6
2024-09-16 12:43:50.656,418.189251251111,104
2024-09-16 12:43:50.688,418.135158245086,13
2024-09-16 12:43:50.749,418.1318104535609,104
2024-09-16 12:43:50.751,418.164082982972,100
2024-09-16 12:43:50.752,418.0983007439252,15
2024-09-16 12:43:50.770,418.1327078039965,15
2024-09-16 12:43:50.787,418.15952708134586,96
2024-09-16 12:43:50.816,418.09665842851314,6
2024-09-16 12:43:50.845,418.1512770918565,10
2024-09-16 12:43:50.919,418.12149692179446,8
2024-09-16 12:43:51.022,418.1614450548351,6
2024-09-16 12:43:51.034,418.1557794531803,105
2024-09-16 12:43:51.083,418.1952336626202,1002
2024-09-16 12:43:51.115,418.1784735461379,8
2024-09-16 12:43:51.214,418.1415329132799,1005
2024-09-16 12:43:51.305,418.16357856638,101
2024-09-16 12:43:51.320,418.1530358286258,997
2024-09-16 12:43:51.417,418.152244933372,15
2024-09-16 12:43:51.462,418.1634027161256,996
2024-09-16 12:43:51.486,418.20765826746,996
2024-09-16 12:43:51.502,418.161232229171,15
2024-09-16 12:43:51.515,418.1617449363125,98
2024-09-16 12:43:51.538,418.1953843941829,97
2024-09-16 12:43:51.625,418.16169815942334,8
2024-09-16 12:43:51.660,418.15463654914174,100
2024-09-16 12:43:51.662,418.1637839929187,995
2024-09-16 12:43:51.670,418.193045870718,101
2024-09-16 12:43:51.698,418.1548171039773,8
2024-09-16 12:43:51.715,418.15041098594446,1000
2024-09-16 12:43:51.733,418.1482042968599,995
2024-09-16 12:43:51.768,418.1603173985275,9
2024-09-16 12:43:51.802,418.1535565686241,96
2024-09-16 12:43:51.945,418.15936375136,11
2024-09-16 12:43:51.982,418.1806373594552,7
2024-09-16 12:43:52.021,418.2225701528962,105
2024-09-16 12:43:52.098,418.23995988677245,98
2024-09-16 12:43:52.099,418.2562019162738,102
2024-09-16 12:43:52.223,418.2028978636176,105
2024-09-16 12:43:52.260,418.2141541457087,97
2024-09-16 12:43:52.356,418.2605805291078,100
2024-09-16 12:43:52.366,418.2378757000061,5
2024-09-16 12:43:52.386,418.2148258027767,12
2024-09-16 12:43:52.411,418.2200990012944,1001
2024-09-16 12:43:52.415,418.1940406132428,995
2024-09-16 12:43:52.445,418.2470411024496,5
2024-09-16 12:43:52.467,418.2199262998391,999
2024-09-16 12:43:52.483,418.24775385738974,12
2024-09-16 12:43:52.586,418.2525526493747,103
2024-09-16 12:43:52.592,418.257836298514,13
2024-09-16 12:43:52.690,418.2334143040455,98
2024-09-16 12:43:52.864,418.2468293300378,99
2024-09-16 12:43:52.876,418.2144320790958,104
2024-09-16 12:43:53.047,418.2337110151733,102
2024-09-16 12:43:53.456,418.2612145403322,1004
2024-09-16 12:43:54.243,418.2677632353904,1002
2024-09-16 12:43:54.358,418.2481725087389,1002
2024-09-16 12:43:54.394,418.28212374946406,13
2024-09-16 12:43:54.406,418.2447899332688,15
2024-09-16 12:43:54.570,418.2484106999107,1002
2024-09-16 12:43:54.747,418.2519031077676,101
2024-09-16 12:43:54.774,418.271542317023,998
2024-09-16 12:43:54.818,418.27538711870267,6
2024-09-16 12:43:54.834,418.23335617842446,98
2024-09-16 12:43:54.953,418.2685867313326,1002
2024-09-16 12:43:54.986,418.2487080553279,1003
2024-09-16 12:43:55.052,-418.27176384056463,997
2024-09-16 12:43:55.101,418.3202094276142,100
2024-09-16 12:43:55.104,418.3142326469412,105
2024-09-16 12:43:55.155,418.319363583124,101
2024-09-16 12:43:55.169,418.2987836520249,10
2024-09-16 12:43:55.173,418.2811193889749,97
2024-09-16 12:43:55.177,418.3204364320914,1001
2024-09-16 12:43:55.181,418.2810655827094,104
2024-09-16 12:43:55.320,418.2694336369058,102
2024-09-16 12:43:55.382,418.3036105037877,96
2024-09-16 12:43:55.440,418.30313923323376,12
2024-09-16 12:43:55.452,418.31771345933856,998
2024-09-16 12:43:55.456,418.307018853108,95
2024-09-16 12:43:55.492,418.2645689572025,96
2024-09-16 12:43:55.572,418.328766310333,95
2024-09-16 12:43:55.654,418.3198752954045,1005
2024-09-16 12:43:55.731,418.31448056565847,96
2024-09-16 12:43:55.794,418.285426052657,995
2024-09-16 12:43:55.813,418.3161865891373,5
2024-09-16 12:43:55.814,418.30121828515126,1005
2024-09-16 12:43:55.815,418.3114960788777,998
2024-09-16 12:43:55.841,418.30547980234405,14
2024-09-16 12:43:55.850,418.3119953801232,1004
2024-09-16 12:43:55.850,418.29567877516286,14
2024-09-16 12:43:55.878,418.3279043122126,998
2024-09-16 12:43:55.882,418.2680097816082,15
2024-09-16 12:43:55.936,418.2942557791145,97
2024-09-16 12:43:55.994,418.3027270363346,995
2024-09-16 12:43:56.012,418.29716368776025,102
2024-09-16 12:43:56.027,418.304704639578,1003
2024-09-16 12:43:56.228,418.2957404972772,996
2024-09-16 12:43:56.387,418.2996917722352,995
2024-09-16 12:43:57.765,,8
2024-09-16 12:43:58.058,418.28205781510496,1005
2024-09-16 12:43:58.063,418.36300540047216,95
2024-09-16 12:43:58.114,418.2793096231874,12
2024-09-16 12:43:58.187,418.28549821269047,98
2024-09-16 12:43:58.334,418.2939867866068,13
2024-09-16 12:43:58.360,418.3001941002564,11
2024-09-16 12:43:58.395,418.2772693343568,1004
2024-09-16 12:43:58.401,418.3780787597589,101
2024-09-16 12:43:58.459,418.3786208743769,9
2024-09-16 12:43:58.542,418.3630788401092,5
2024-09-16 12:43:58.556,418.291101286997,10
2024-09-16 12:43:58.721,418.3448576949724,15
2024-09-16 12:43:58.743,418.28782170847575,105
2024-09-16 12:43:58.756,418.38070172309614,103
2024-09-16 12:43:58.779,418.2832577320402,10
2024-09-16 12:43:58.799,418.2763570661751,11
2024-09-16 12:43:58.811,418.2883913248873,15
2024-09-16 12:43:58.820,418.29982642050777,13
2024-09-16 12:43:58.830,418.2920769853658,998
2024-09-16 12:43:58.984,418.3130905843877,12
2024-09-16 12:43:58.997,418.31148945219695,104
2024-09-16 12:43:59.060,418.3504661292182,95
2024-09-16 12:43:59.130,418.36357092884464,10
2024-09-16 12:43:59.325,418.3340541273104,10
2024-09-16 12:43:59.396,418.3534314307465,95
2024-09-16 12:43:59.645,418.3969489833373,96
2024-09-16 12:43:59.779,418.3321670251238,997
