Timestamp,Price,Size
2024-09-16 13:34:00.065,414.2902591408464,1001
2024-09-16 13:34:00.174,41.42477565774527,6
2024-09-16 13:34:00.182,414.2630229325902,101
2024-09-16 13:34:00.199,414.2524324013618,98
2024-09-16 13:34:00.252,414.2665113692939,13
2024-09-16 13:34:00.346,414.2231257768988,1001
2024-09-16 13:34:00.626,414.27007319581134,103
2024-09-16 13:34:00.654,414.2522387676201,101
2024-09-16 13:34:00.822,414.2460377050351,13
2024-09-16 13:34:00.840,414.2177420719486,100
2024-09-16 13:34:00.925,414.2682917954538,1005
2024-09-16 13:34:00.958,414.2463952575379,96
2024-09-16 13:34:01.033,414.1545459103797,1001
2024-09-16 13:34:01.074,414.22688651562487,1001
2024-09-16 13:34:01.091,414.2155089643761,1004
2024-09-16 13:34:01.176,414.2139954858976,1001
2024-09-16 13:34:01.204,414.19528181076186,996
2024-09-16 13:34:01.240,414.16298231992994,997
2024-09-16 13:34:01.260,414.2171969303215,11
2024-09-16 13:34:01.340,414.1995508648041,104
2024-09-16 13:34:01.399,414.1363110726957,105
2024-09-16 13:34:01.420,414.1379433151757,95
2024-09-16 13:34:01.471,414.176673151403,13
2024-09-16 13:34:01.481,414.2045734620976,101
2024-09-16 13:34:01.533,414.1767724588621,7
2024-09-16 13:34:01.572,414.1796513956302,998
2024-09-16 13:34:01.574,414.1990752803042,13
2024-09-16 13:34:01.641,414.1748821678964,99
2024-09-16 13:34:01.752,414.215922072553,1000
2024-09-16 13:34:01.765,414.1774873265627,104
2024-09-16 13:34:01.771,414.1815512969016,1001
2024-09-16 13:34:01.779,414.1553025826935,996
2024-09-16 13:34:01.918,414.1917604340775,98
2024-09-16 13:34:01.927,414.2029562624715,99
2024-09-16 13:34:01.954,414.1631863362651,996
2024-09-16 13:34:01.976,414.2225768745383,96
2024-09-16 13:34:03.142,414.2245012103579,100
2024-09-16 13:34:03.249,414.2151621618223,995
2024-09-16 13:34:03.295,414.1872887716829,1005
2024-09-16 13:34:03.295,414.21263859620615,101
2024-09-16 13:34:03.319,414.19427433843214,1005
2024-09-16 13:34:03.321,414.21301078678016,98
2024-09-16 13:34:03.332,414.2211958368084,14
2024-09-16 13:34:03.368,414.2158581270007,13
2024-09-16 13:34:03.403,414.2218895122412,1005
2024-09-16 13:34:03.417,414.2248337711084,102
2024-09-16 13:34:03.449,414.2200846476261,7
2024-09-16 13:34:03.472,414.2189679714271,1003
2024-09-16 13:34:03.509,414.2333668057372,102
2024-09-16 13:34:03.589,414.19566511675066,1005
2024-09-16 13:34:03.595,414.1981151361496,105
2024-09-16 13:34:03.675,414.2252468265226,1000
2024-09-16 13:34:03.711,414.21416584471376,10
2024-09-16 13:34:03.739,414.2126307087996,101
2024-09-16 13:34:03.748,414.2132356368682,96
2024-09-16 13:34:03.751,414.2087555277967,96
2024-09-16 13:34:03.827,414.2355348377763,7
2024-09-16 13:34:03.922,414.19229622653455,105
2024-09-16 13:34:03.923,414.2218270306574,12
2024-09-16 13:34:03.931,414.2098009177489,999
2024-09-16 13:34:03.949,414.1922719455074,1003
2024-09-16 13:34:03.975,414.1934245026109,95
2024-09-16 13:34:04.049,414.1864622477629,8
2024-09-16 13:34:04.080,414.2013190193412,10
2024-09-16 13:34:04.202,414.2033746445044,99
2024-09-16 13:34:04.215,414.2156563827023,95
2024-09-16 13:34:04.236,414.18108985959753,99
2024-09-16 13:34:04.277,414.22232183611845,1002
2024-09-16 13:34:04.341,414.1964405098288,103
2024-09-16 13:34:04.583,414.2216600007709,12
2024-09-16 13:34:04.594,414.20768354240647,997
2024-09-16 13:34:04.757,414.1771147801837,15
2024-09-16 13:34:04.984,414.18113049162696,1004
2024-09-16 13:34:04.992,414.1894457835663,7
2024-09-16 13:34:05.322,414.1912724478789,1005
2024-09-16 13:34:05.674,414.20325833564266,95
2024-09-16 13:34:05.762,414.20006631286,104
2024-09-16 13:34:06.087,414.17319864736095,99
2024-09-16 13:34:06.099,414.1148726438956,104
2024-09-16 13:34:06.114,414.19411078286856,100
2024-09-16 13:34:06.139,414.1289508439513,15
2024-09-16 13:34:06.155,414.13858922296686,1001
2024-09-16 13:34:06.168,414.1109559085869,100
2024-09-16 13:34:06.195,414.1297195944182,98
2024-09-16 13:34:06.211,414.1244768958186,1002
2024-09-16 13:34:06.249,414.1320038739263,104
2024-09-16 13:34:06.317,414.1175453213024,997
2024-09-16 13:34:06.422,414.17916815828863,5
2024-09-16 13:34:06.461,414.1334679453232,101
2024-09-16 13:34:06.478,414.1623409350409,999
2024-09-16 13:34:06.478,414.1663313934133,105
2024-09-16 13:34:06.566,414.1106635659504,995
2024-09-16 13:34:06.573,414.1283156349869,12
2024-09-16 13:34:06.593,414.1297926461479,9
2024-09-16 13:34:06.726,414.1459744625272,1000
2024-09-16 13:34:06.813,414.1608609183245,104
2024-09-16 13:34:06.991,414.1200203086797,105
2024-09-16 13:34:07.033,414.2112328072479,96
2024-09-16 13:34:07.167,414.21548199584936,1004
2024-09-16 13:34:07.199,414.20985549389695,102
2024-09-16 13:34:07.210,414.2064901578888,11
2024-09-16 13:34:07.213,414.1906063545697,95
2024-09-16 13:34:07.254,414.15814376360566,96
2024-09-16 13:34:07.268,414.1928327861148,101
2024-09-16 13:34:07.312,414.1374848942855,103
2024-09-16 13:34:07.430,414.1902794046493,9
2024-09-16 13:34:07.501,414.2195900389314,101
2024-09-16 13:34:07.502,414.1288480831461,104
2024-09-16 13:34:07.507,414.2030691005704,96
2024-09-16 13:34:07.508,414.13536830161866,996
2024-09-16 13:34:07.528,414.129574918125,995
2024-09-16 13:34:07.539,414.1375368211644,996
2024-09-16 13:34:07.637,414.1929430983286,7
2024-09-16 13:34:07.675,414.1850536528988,15
2024-09-16 13:34:07.740,414.1656065975014,1000
2024-09-16 13:34:07.874,414.2237709018596,1000
2024-09-16 13:34:07.893,414.2300969547957,1002
2024-09-16 13:34:07.906,414.22482376553415,1002
2024-09-16 13:34:07.925,414.1413432194535,9
2024-09-16 13:34:07.934,414.1991928814746,103
2024-09-16 13:34:07.979,414.14759819394186,100
2024-09-16 13:34:07.982,414.18880132172256,1002
2024-09-16 13:34:08.017,414.2068318332454,1001
2024-09-16 13:34:08.036,414.1957327059208,1001
2024-09-16 13:34:08.064,414.20583729223705,1000
2024-09-16 13:34:08.101,414.2162830688515,100
2024-09-16 13:34:08.196,414.2396565400989,5
2024-09-16 13:34:08.201,414.2563483751484,11
2024-09-16 13:34:08.281,414.22397837541087,1000
2024-09-16 13:34:08.323,414.1777195695401,14
2024-09-16 13:34:08.335,414.2269964533458,1003
2024-09-16 13:34:08.361,414.197428221818,7
2024-09-16 13:34:08.433,414.2038616001928,9
2024-09-16 13:34:08.449,414.2422618985901,98
2024-09-16 13:34:08.544,414.1950449219164,997
2024-09-16 13:34:08.656,414.1805181530278,97
2024-09-16 13:34:08.875,414.1896183503242,14
2024-09-16 13:34:08.908,414.22211243892207,1004
2024-09-16 13:34:08.929,414.1986665306216,103
2024-09-16 13:34:08.944,414.26565805230325,9
2024-09-16 13:34:08.954,414.2354791191979,1004
2024-09-16 13:34:08.962,414.2105458793752,103
2024-09-16 13:34:08.970,414.1957762629732,1004
2024-09-16 13:34:08.981,414.20767358340913,7
2024-09-16 13:34:09.018,414.2692381767793,1003
2024-09-16 13:34:09.058,41.42396839010164,6
2024-09-16 13:34:09.062,414.273922543172,97
2024-09-16 13:34:09.198,414.23467266547686,7
2024-09-16 13:34:09.307,414.2631418290492,13
2024-09-16 13:34:09.456,414.2159079188352,95
2024-09-16 13:34:09.693,414.25567137849816,102
2024-09-16 13:34:09.726,414.23650769494856,996
2024-09-16 13:34:09.748,414.2254260603674,103
2024-09-16 13:34:09.777,414.2265409119652,101
2024-09-16 13:34:09.910,-414.2509621973609,103
2024-09-16 13:34:09.949,414.2268039157606,95
2024-09-16 13:34:09.970,414.253618178944,100
2024-09-16 13:34:10.227,414.25772133552096,1005
2024-09-16 13:34:10.477,414.2427051898805,1001
2024-09-16 13:34:11.009,,13
2024-09-16 13:34:11.086,414.25238659076,97
2024-09-16 13:34:11.852,414.2507682227407,99
2024-09-16 13:34:11.875,414.2567155413343,995
2024-09-16 13:34:12.263,414.2656756935144,10
2024-09-16 13:34:12.315,414.2525592263259,996
2024-09-16 13:34:12.345,414.2803777627349,1000
2024-09-16 13:34:12.745,414.2579801908338,105
2024-09-16 13:34:12.816,414.2755390044243,999
2024-09-16 13:34:12.870,414.2669825745477,6
2024-09-16 13:34:14.067,414.2616185466357,995
2024-09-16 13:34:14.125,414.2579953260616,995
2024-09-16 13:34:14.177,414.2448328926845,99
2024-09-16 13:34:14.182,414.2186700116215,6
2024-09-16 13:34:14.211,414.2348974972997,102
2024-09-16 13:34:14.222,414.2359437396616,103
2024-09-16 13:34:14.223,414.2433326955117,8
2024-09-16 13:34:14.230,414.2568815582668,1005
2024-09-16 13:34:14.278,414.22762713103833,97
2024-09-16 13:34:14.290,414.2417261286487,997
2024-09-16 13:34:14.310,414.2175776138786,101
2024-09-16 13:34:14.393,414.27945298643147,13
2024-09-16 13:34:14.406,414.2435805763031,1002
2024-09-16 13:34:14.410,414.2587964679017,6
2024-09-16 13:34:14.417,414.2233350835104,7
2024-09-16 13:34:14.479,41.425281661056914,5
2024-09-16 13:34:14.533,414.2334195019008,99
2024-09-16 13:34:14.592,414.2621270356922,1001
2024-09-16 13:34:14.608,414.2284772936183,105
2024-09-16 13:34:14.654,414.23801935406703,11
2024-09-16 13:34:14.704,414.25240499543776,100
2024-09-16 13:34:14.745,414.23891034311583,95
2024-09-16 13:34:14.799,414.2455947496239,10
2024-09-16 13:34:14.804,414.25761888632303,995
2024-09-16 13:34:14.873,414.25285567848925,5
2024-09-16 13:34:14.884,414.23905786302913,100
2024-09-16 13:34:14.912,414.2494754196459,10
2024-09-16 13:34:14.935,414.2438400738033,105
2024-09-16 13:34:14.937,414.21954604321405,14
2024-09-16 13:34:14.971,414.2604637960653,96
2024-09-16 13:34:15.010,414.2215078447182,998
2024-09-16 13:34:15.105,414.1942112176602,15
2024-09-16 13:34:15.110,414.2634973991389,104
2024-09-16 13:34:15.120,414.2357769552976,995
2024-09-16 13:34:15.237,414.25941741117566,99
2024-09-16 13:34:15.328,414.2110248549296,997
2024-09-16 13:34:15.334,-414.1934466101443,996
2024-09-16 13:34:15.420,414.2152874461081,6
2024-09-16 13:34:15.444,414.2293355519696,15
2024-09-16 13:34:15.557,414.2300187387637,1000
2024-09-16 13:34:15.610,414.1947325199069,99
2024-09-16 13:34:15.627,414.21260184994713,6
2024-09-16 13:34:15.675,414.2297541285214,997
2024-09-16 13:34:15.688,414.2156473715182,97
2024-09-16 13:34:15.730,414.225560750605,1004
2024-09-16 13:34:15.796,414.2582126623289,104
2024-09-16 13:34:15.805,414.2719495211498,104
2024-09-16 13:34:15.836,414.2409908158219,96
2024-09-16 13:34:15.909,414.1870582363635,95
2024-09-16 13:34:15.940,414.2524007407664,12
2024-09-16 13:34:15.971,414.2265298963399,9
2024-09-16 13:34:15.998,414.235565694268,13
2024-09-16 13:34:16.012,414.3252230282323,9
2024-09-16 13:34:16.039,414.3400163988243,104
2024-09-16 13:34:16.115,414.3325424314144,13
2024-09-16 13:34:16.190,414.2851874189462,97
2024-09-16 13:34:16.195,414.3419141027442,100
2024-09-16 13:34:16.219,414.307452571471,996
2024-09-16 13:34:16.223,414.2450763520188,1004
2024-09-16 13:34:16.226,414.25533897793576,102
2024-09-16 13:34:16.378,41.43681481365445,8
2024-09-16 13:34:16.442,414.3366984453691,1000
2024-09-16 13:34:16.471,414.2662640265911,14
2024-09-16 13:34:16.471,414.342200142433,10
2024-09-16 13:34:16.513,414.3453092412192,99
2024-09-16 13:34:16.594,414.2887215993954,995
2024-09-16 13:34:16.626,414.360876728469,14
2024-09-16 13:34:16.783,414.2550723175578,1004
2024-09-16 13:34:16.786,414.3362351578067,6
2024-09-16 13:34:16.803,414.350396477974,100
2024-09-16 13:34:16.807,414.2774306659513,1002
2024-09-16 13:34:16.826,414.3479528213493,995
2024-09-16 13:34:16.841,414.3461359403595,103
2024-09-16 13:34:16.843,414.3308459696229,103
2024-09-16 13:34:16.877,414.33665246491137,1000
2024-09-16 13:34:16.877,414.2788788462105,7
2024-09-16 13:34:16.879,414.3426227317751,998
2024-09-16 13:34:16.903,414.3675746489641,1004
2024-09-16 13:34:16.960,414.27724055886586,996
2024-09-16 13:34:16.962,414.33404914369896,1000
2024-09-16 13:34:17.152,414.2935958384679,7
2024-09-16 13:34:17.257,414.2875657087933,95
2024-09-16 13:34:17.313,414.2736751636591,100
2024-09-16 13:34:17.422,414.35337528866216,995
2024-09-16 13:34:17.441,414.32851163012873,997
2024-09-16 13:34:17.494,414.2910650093996,103
2024-09-16 13:34:17.519,414.3135320409087,1000
2024-09-16 13:34:17.633,414.36048528029175,1002
2024-09-16 13:34:17.639,414.2799367821616,998
2024-09-16 13:34:17.881,414.2720510299845,5
2024-09-16 13:34:17.988,414.2816667615549,5
2024-09-16 13:34:18.103,414.2533769628248,1005
2024-09-16 13:34:18.169,414.3079598525693,11
2024-09-16 13:34:18.234,414.3138885022916,95
2024-09-16 13:34:18.330,414.28562398252257,1004
2024-09-16 13:34:18.401,414.2647807695449,5
2024-09-16 13:34:18.432,414.28752603917104,14
2024-09-16 13:34:18.537,414.27353367596623,95
2024-09-16 13:34:18.560,414.2710428558313,100
2024-09-16 13:34:18.625,414.30742336600514,1001
2024-09-16 13:34:18.979,414.2947283160448,7
2024-09-16 13:34:19.029,414.33910829993937,102
2024-09-16 13:34:19.151,414.3087129849333,5
2024-09-16 13:34:19.164,414.3604945880791,999
2024-09-16 13:34:19.195,414.3512140459658,5
2024-09-16 13:34:19.203,414.3422123408373,101
2024-09-16 13:34:19.245,414.3313461542986,102
2024-09-16 13:34:19.304,414.3553462488013,102
2024-09-16 13:34:19.486,414.4331464676595,105
2024-09-16 13:34:19.548,414.3943922539035,995
2024-09-16 13:34:19.572,414.379230952214,13
2024-09-16 13:34:19.580,414.3398469356022,995
2024-09-16 13:34:19.590,414.3551635121817,101
2024-09-16 13:34:19.623,414.324047337978,9
2024-09-16 13:34:19.625,414.4334513781511,999
2024-09-16 13:34:19.634,414.3351175392193,995
2024-09-16 13:34:19.704,414.36086049125015,997
2024-09-16 13:34:19.769,414.3089753987669,1004
2024-09-16 13:34:19.772,414.3747526716999,100
2024-09-16 13:34:19.773,414.3467416108118,7
2024-09-16 13:34:19.895,414.33876659100366,95
2024-09-16 13:34:19.970,414.3485104893909,10
2024-09-16 13:34:19.993,414.3514856492136,1002
2024-09-16 13:34:20.241,414.4849145675236,100
2024-09-16 13:34:20.267,414.4559682657299,103
2024-09-16 13:34:20.278,414.4982059418088,13
2024-09-16 13:34:20.336,414.4563875291152,12
2024-09-16 13:34:20.434,414.4758881673151,15
2024-09-16 13:34:20.613,414.4950136941175,100
2024-09-16 13:34:20.666,414.4484280539223,1003
2024-09-16 13:34:21.025,414.4267727342178,103
2024-09-16 13:34:21.031,414.4493678428866,5
2024-09-16 13:34:21.033,414.481274762789,15
2024-09-16 13:34:21.056,414.45602223647967,98
2024-09-16 13:34:21.082,414.4466920428687,6
2024-09-16 13:34:21.090,414.4498256118457,96
2024-09-16 13:34:21.412,414.4620826747972,11
2024-09-16 13:34:21.446,414.4657853840989,102
2024-09-16 13:34:21.469,414.4713282404942,1000
2024-09-16 13:34:21.559,414.4268136047602,1000
2024-09-16 13:34:21.570,414.4675691307346,5
2024-09-16 13:34:21.596,414.435426255612,14
2024-09-16 13:34:21.620,414.46002375115694,104
2024-09-16 13:34:21.637,414.4959394896333,1001
2024-09-16 13:34:21.711,414.4460285140965,104
2024-09-16 13:34:21.721,414.4909484814054,95
2024-09-16 13:34:21.752,414.4493840144741,104
2024-09-16 13:34:21.788,414.44648591145545,996
2024-09-16 13:34:21.822,414.4498941418458,8
2024-09-16 13:34:21.883,414.4746205073303,101
2024-09-16 13:34:21.904,414.4470937331514,9
2024-09-16 13:34:21.920,414.464213894886,1000
2024-09-16 13:34:21.921,414.44352666041857,8
2024-09-16 13:34:21.946,414.4498611502255,1002
2024-09-16 13:34:22.035,414.4624161047971,1001
2024-09-16 13:34:22.235,414.4518171690346,999
2024-09-16 13:34:22.447,414.444850180746,996
2024-09-16 13:34:22.917,414.44464210838015,104
2024-09-16 13:34:22.972,414.4423904156304,99
2024-09-16 13:34:23.010,414.48775359448535,12
2024-09-16 13:34:23.014,414.4414831544926,10
2024-09-16 13:34:23.098,414.4846075569008,1004
2024-09-16 13:34:23.108,414.52905517499255,1005
2024-09-16 13:34:23.114,414.529707559048,14
2024-09-16 13:34:23.171,414.5411486848181,102
2024-09-16 13:34:23.198,414.4448295840078,14
2024-09-16 13:34:23.247,414.4677039315809,1002
2024-09-16 13:34:23.356,414.46195196630254,6
2024-09-16 13:34:23.389,414.54214185210975,996
2024-09-16 13:34:23.391,414.5351778386679,103
2024-09-16 13:34:23.412,414.4470420067904,105
2024-09-16 13:34:23.452,414.5158760700161,10
2024-09-16 13:34:23.530,414.521011567642,105
2024-09-16 13:34:23.547,414.5611587923278,997
2024-09-16 13:34:23.579,414.4442481976721,15
2024-09-16 13:34:23.652,414.44926558792326,14
2024-09-16 13:34:23.677,414.5249046554568,6
2024-09-16 13:34:23.700,414.4449518845997,15
2024-09-16 13:34:23.797,414.453508336319,1004
2024-09-16 13:34:23.831,-414.4838223921495,10
2024-09-16 13:34:23.863,414.51467833152776,14
2024-09-16 13:34:23.874,414.4847166408159,1002
2024-09-16 13:34:23.926,414.47578767384846,1000
2024-09-16 13:34:23.937,414.4997775873184,105
2024-09-16 13:34:23.943,414.449205777528,95
2024-09-16 13:34:23.968,414.48934567039953,1001
2024-09-16 13:34:24.055,414.5412423157517,12
2024-09-16 13:34:24.090,414.56677376530206,105
2024-09-16 13:34:24.092,414.5124622785559,95
2024-09-16 13:34:24.121,414.5594520110318,100
2024-09-16 13:34:24.169,414.5428490830224,101
2024-09-16 13:34:24.189,-414.5772124194644,10
2024-09-16 13:34:24.190,414.5234567575442,105
2024-09-16 13:34:24.191,414.5356767676001,96
2024-09-16 13:34:24.219,414.5397868208552,98
2024-09-16 13:34:24.308,414.540622381888,1000
2024-09-16 13:34:24.345,414.54394972682064,999
2024-09-16 13:34:24.349,414.5550608782432,1004
2024-09-16 13:34:24.401,414.5688403519962,98
2024-09-16 13:34:24.420,414.56174702248967,15
2024-09-16 13:34:24.423,414.5356047239956,104
2024-09-16 13:34:24.459,414.5432479170141,5
2024-09-16 13:34:24.625,414.5598852340764,101
2024-09-16 13:34:24.663,414.5342502038334,14
2024-09-16 13:34:24.706,414.531687464165,997
2024-09-16 13:34:24.769,414.5288945850214,998
2024-09-16 13:34:24.944,414.5446815503213,102
2024-09-16 13:34:25.273,414.5484444476735,102
2024-09-16 13:34:26.045,,995
2024-09-16 13:34:26.051,414.56422386772186,999
2024-09-16 13:34:26.129,414.58741308574,1002
2024-09-16 13:34:26.271,414.5754188081119,95
2024-09-16 13:34:26.420,-414.56037664806433,96
2024-09-16 13:34:26.436,414.5517241401924,998
2024-09-16 13:34:26.441,414.5759512592158,97
2024-09-16 13:34:26.482,414.5647397074297,98
2024-09-16 13:34:26.570,414.5475990064031,998
2024-09-16 13:34:26.629,414.5781448325422,995
2024-09-16 13:34:26.634,414.5496643906895,1003
2024-09-16 13:34:26.684,414.5777611429612,12
2024-09-16 13:34:26.743,414.5893506464431,1004
2024-09-16 13:34:26.829,414.560061577742,6
2024-09-16 13:34:26.882,414.57021406408273,1005
2024-09-16 13:34:26.885,414.5818391413834,996
2024-09-16 13:34:26.919,414.5905716182447,9
2024-09-16 13:34:26.933,414.5564091631061,999
2024-09-16 13:34:27.017,414.51049997747646,7
2024-09-16 13:34:27.090,414.51142522364745,10
2024-09-16 13:34:27.093,414.5596920297977,1001
2024-09-16 13:34:27.114,414.5242266377017,1000
2024-09-16 13:34:27.122,414.5098816024661,95
2024-09-16 13:34:27.202,414.5849480044328,1001
2024-09-16 13:34:27.236,414.5309150155381,104
2024-09-16 13:34:27.350,414.5171461495337,997
2024-09-16 13:34:27.358,414.5755561165721,99
2024-09-16 13:34:27.407,414.5633306649495,100
2024-09-16 13:34:27.529,414.5796431609822,12
2024-09-16 13:34:27.538,414.57951615514486,999
2024-09-16 13:34:27.578,414.5150974390414,8
2024-09-16 13:34:27.727,414.5895656481307,1003
2024-09-16 13:34:27.778,414.5455478323251,1005
2024-09-16 13:34:27.803,414.5560821498729,6
2024-09-16 13:34:27.877,414.5109129040989,999
2024-09-16 13:34:27.986,414.50088447769343,101
2024-09-16 13:34:27.997,414.5002102270067,102
2024-09-16 13:34:28.003,414.48543382017897,105
2024-09-16 13:34:28.015,414.5329822852013,1004
2024-09-16 13:34:28.058,414.5249706647047,997
2024-09-16 13:34:28.061,414.5406142974827,997
2024-09-16 13:34:28.092,414.52777181175946,13
2024-09-16 13:34:28.269,414.5191599915144,7
2024-09-16 13:34:28.285,414.5410029056668,995
2024-09-16 13:34:28.331,414.55440086365775,1000
2024-09-16 13:34:28.434,414.5023949786702,102
2024-09-16 13:34:28.463,414.4961196372964,100
2024-09-16 13:34:28.552,414.49957966426894,15
2024-09-16 13:34:28.560,414.5451525729812,99
2024-09-16 13:34:28.598,414.5039389393317,96
2024-09-16 13:34:28.642,414.5380148432207,10
2024-09-16 13:34:28.738,414.51189857099513,7
2024-09-16 13:34:28.830,414.52093819592494,99
2024-09-16 13:34:28.912,414.5434079513028,1003
2024-09-16 13:34:28.933,414.5302516105066,95
2024-09-16 13:34:28.951,414.54236992768,1002
2024-09-16 13:34:29.015,414.6307080673616,1002
2024-09-16 13:34:29.020,414.6545304843704,7
2024-09-16 13:34:29.089,414.6466559492306,13
2024-09-16 13:34:29.221,414.58842056955183,10
2024-09-16 13:34:29.265,414.6426256216961,7
2024-09-16 13:34:29.305,414.5810432890757,995
2024-09-16 13:34:29.341,414.59901907770495,99
2024-09-16 13:34:29.383,414.657711786768,14
2024-09-16 13:34:29.572,414.61931986681697,102
2024-09-16 13:34:29.611,414.5905270010823,7
2024-09-16 13:34:29.692,414.6519376110549,995
2024-09-16 13:34:29.702,414.5968917883256,12
2024-09-16 13:34:29.725,414.6345210975449,100
2024-09-16 13:34:29.785,414.6463622356229,1003
2024-09-16 13:34:29.803,414.5816697902709,97
2024-09-16 13:34:29.806,414.5924176453033,5
2024-09-16 13:34:29.818,414.6342210200654,997
2024-09-16 13:34:29.832,414.5648173193277,95
2024-09-16 13:34:29.836,414.6475516438002,997
2024-09-16 13:34:29.857,414.5802581767071,14
2024-09-16 13:34:29.867,414.6163873749621,1002
2024-09-16 13:34:29.932,414.597651940616,15
2024-09-16 13:34:29.973,414.5773298793393,13
2024-09-16 13:34:30.025,414.6694044176279,14
2024-09-16 13:34:30.148,414.6853205950586,12
2024-09-16 13:34:30.155,414.696525033374,105
2024-09-16 13:34:30.187,414.7011604822938,1002
2024-09-16 13:34:30.278,414.674649845552,5
2024-09-16 13:34:30.402,414.6630035653039,103
2024-09-16 13:34:30.451,414.714406976478,1001
2024-09-16 13:34:30.550,414.690544702363,1000
2024-09-16 13:34:30.608,414.6835634325998,997
2024-09-16 13:34:30.683,414.6579337197076,15
2024-09-16 13:34:30.706,414.7059796561605,102
2024-09-16 13:34:30.739,414.6702640011902,7
2024-09-16 13:34:30.859,414.6785022701537,12
2024-09-16 13:34:32.035,414.71276582943017,99
2024-09-16 13:34:32.266,414.7145551607636,8
2024-09-16 13:34:32.301,414.6918190244708,11
2024-09-16 13:34:32.494,414.6963432536252,1001
2024-09-16 13:34:32.501,414.6945559776725,105
2024-09-16 13:34:32.547,414.6816492277051,95
2024-09-16 13:34:32.848,414.687598354665,13
2024-09-16 13:34:32.862,414.6785914060301,997
2024-09-16 13:34:32.916,414.6864322728393,13
2024-09-16 13:34:33.263,414.66573949402914,98
2024-09-16 13:34:33.411,414.6792636148966,11
2024-09-16 13:34:33.465,414.6702582271994,8
2024-09-16 13:34:33.483,414.6949839991528,13
2024-09-16 13:34:33.483,414.6438770789096,6
2024-09-16 13:34:33.571,414.6304440375326,8
2024-09-16 13:34:33.572,414.6769650276749,6
2024-09-16 13:34:33.589,414.6536372005542,104
2024-09-16 13:34:33.591,414.6729529857513,14
2024-09-16 13:34:33.596,414.6495302078961,98
2024-09-16 13:34:33.641,414.6633973694391,998
2024-09-16 13:34:33.651,414.6941475609741,1000
2024-09-16 13:34:33.759,414.69350226486193,995
2024-09-16 13:34:33.786,414.6901574338795,12
2024-09-16 13:34:33.812,414.645995836665,997
2024-09-16 13:34:34.023,414.7428100569431,98
2024-09-16 13:34:34.067,414.76008684000135,12
2024-09-16 13:34:34.072,414.66618838474494,14
2024-09-16 13:34:34.081,414.6641414931622,9
2024-09-16 13:34:34.091,414.67548410080633,96
2024-09-16 13:34:34.108,414.7351638695024,7
2024-09-16 13:34:34.141,414.670828828992,7
2024-09-16 13:34:34.192,414.76991930299545,7
2024-09-16 13:34:34.207,414.6823395462297,99
2024-09-16 13:34:34.252,414.6732313504164,999
2024-09-16 13:34:34.285,414.67785147830745,98
2024-09-16 13:34:34.392,41.46983883597149,8
2024-09-16 13:34:34.403,414.6772929329106,13
2024-09-16 13:34:34.493,414.6909815998361,95
2024-09-16 13:34:34.517,414.6824541683721,8
2024-09-16 13:34:34.590,414.76316380645767,100
2024-09-16 13:34:34.613,414.7158816095866,104
2024-09-16 13:34:34.624,414.6846948679182,1003
2024-09-16 13:34:34.646,414.679281243184,12
2024-09-16 13:34:34.720,414.6958575111144,95
2024-09-16 13:34:34.769,414.667329795814,997
2024-09-16 13:34:34.788,414.6740409864856,102
2024-09-16 13:34:34.789,414.6704247543824,1001
2024-09-16 13:34:34.819,414.679791332344,96
2024-09-16 13:34:34.873,414.6750913111746,100
2024-09-16 13:34:34.895,414.6617652628212,1000
2024-09-16 13:34:34.957,414.76664195137687,1003
2024-09-16 13:34:34.970,414.6923160372953,97
2024-09-16 13:34:34.975,414.74760293255326,997
2024-09-16 13:34:35.401,414.77486866284977,99
2024-09-16 13:34:35.699,414.7726631634345,98
2024-09-16 13:34:35.861,414.7718410227336,105
2024-09-16 13:34:36.094,414.7922422236521,1001
2024-09-16 13:34:36.147,414.8084877063788,11
2024-09-16 13:34:36.151,414.8042961326293,8
2024-09-16 13:34:36.194,414.8231483354319,996
2024-09-16 13:34:36.260,414.82269340589227,15
2024-09-16 13:34:36.264,414.840659052199,102
2024-09-16 13:34:36.450,414.8113999579902,8
2024-09-16 13:34:36.482,414.79383956466495,10
2024-09-16 13:34:36.484,414.7914387580604,1004
2024-09-16 13:34:36.549,414.80633632744747,5
2024-09-16 13:34:36.612,414.7979914470389,95
2024-09-16 13:34:36.624,414.7966996060207,99
2024-09-16 13:34:36.695,414.80524817370207,95
2024-09-16 13:34:36.744,414.8385205937946,14
2024-09-16 13:34:36.772,414.8133771983199,1000
2024-09-16 13:34:36.808,414.8054141421584,7
2024-09-16 13:34:36.823,414.79053065894726,12
2024-09-16 13:34:36.831,414.814944104958,1005
2024-09-16 13:34:36.837,414.7985396914647,1001
2024-09-16 13:34:36.888,414.8153743923465,103
2024-09-16 13:34:36.937,414.794913517466,13
2024-09-16 13:34:36.986,414.8140087508788,102
2024-09-16 13:34:36.988,414.82596932401225,6
2024-09-16 13:34:36.993,414.80201529505393,997
2024-09-16 13:34:37.001,414.8936853259618,1004
2024-09-16 13:34:37.051,414.9458219267444,999
2024-09-16 13:34:37.227,414.827566905882,8
2024-09-16 13:34:37.249,414.8334686361227,1003
2024-09-16 13:34:37.322,414.8634342332095,96
2024-09-16 13:34:37.351,414.8264814085518,14
2024-09-16 13:34:37.352,414.8650689546659,98
2024-09-16 13:34:37.370,414.8744620000692,997
2024-09-16 13:34:37.430,414.8909101796754,8
2024-09-16 13:34:37.442,414.8857188127745,997
2024-09-16 13:34:37.463,414.8715901073837,6
2024-09-16 13:34:37.486,414.91955276068416,8
2024-09-16 13:34:37.487,414.9689588504151,14
2024-09-16 13:34:37.491,41.49582497316978,1005
2024-09-16 13:34:37.492,414.8556996922769,9
2024-09-16 13:34:37.507,414.9450208493247,10
2024-09-16 13:34:37.525,414.8641491612661,995
2024-09-16 13:34:37.530,414.868169721066,15
2024-09-16 13:34:37.682,414.8177903378153,104
2024-09-16 13:34:37.709,414.8774030445647,101
2024-09-16 13:34:37.730,414.954418983016,103
2024-09-16 13:34:37.733,414.8946394013436,100
2024-09-16 13:34:37.760,414.8868694109316,999
2024-09-16 13:34:37.924,414.8338390397405,1000
2024-09-16 13:34:37.948,414.8763092232865,997
2024-09-16 13:34:37.991,414.9601993392661,998
2024-09-16 13:34:37.998,,1001
2024-09-16 13:34:38.013,414.83509337684745,1004
2024-09-16 13:34:38.055,414.78358544852927,1003
2024-09-16 13:34:38.097,414.83935982214007,13
2024-09-16 13:34:38.206,414.89520074336303,13
2024-09-16 13:34:38.299,414.8012967762648,8
2024-09-16 13:34:38.310,414.90465505769794,99
2024-09-16 13:34:38.311,414.9257208148713,1000
2024-09-16 13:34:38.392,414.83370311944367,9
2024-09-16 13:34:38.449,414.796545114422,995
2024-09-16 13:34:38.528,,14
2024-09-16 13:34:38.562,414.80926959905065,96
2024-09-16 13:34:38.578,414.8003303345317,11
2024-09-16 13:34:38.634,414.8410013776107,996
2024-09-16 13:34:38.741,414.7889954902621,5
2024-09-16 13:34:38.756,414.8168536394885,1003
2024-09-16 13:34:38.781,414.94163749092905,102
2024-09-16 13:34:38.784,414.8086032160904,101
2024-09-16 13:34:38.797,414.8010166723743,97
2024-09-16 13:34:38.799,,13
2024-09-16 13:34:38.844,414.8213176814831,99
2024-09-16 13:34:38.878,414.8020176116959,104
2024-09-16 13:34:38.899,414.80357706919057,5
2024-09-16 13:34:38.927,414.8057982695106,1001
2024-09-16 13:34:38.953,414.7888469635772,13
2024-09-16 13:34:38.992,414.80170335769657,6
2024-09-16 13:34:38.999,414.7943547359732,101
2024-09-16 13:34:38.999,414.7870098828511,1004
2024-09-16 13:34:39.142,414.8133631637232,103
2024-09-16 13:34:39.330,414.81128918719855,100
2024-09-16 13:34:39.399,414.78956158792187,995
2024-09-16 13:34:39.438,414.7723658800646,998
2024-09-16 13:34:39.474,414.7643364117176,95
2024-09-16 13:34:39.648,414.7719305305124,98
2024-09-16 13:34:39.726,414.7894980767633,11
2024-09-16 13:34:39.799,414.760220782866,101
2024-09-16 13:34:39.838,414.771713489528,14
2024-09-16 13:34:39.911,414.7924507369533,95
2024-09-16 13:34:40.029,414.8376636872668,1001
2024-09-16 13:34:40.186,414.8283115009749,11
2024-09-16 13:34:40.192,414.8359941191223,1004
2024-09-16 13:34:40.198,414.8201807432283,104
2024-09-16 13:34:40.305,414.8183355128816,995
2024-09-16 13:34:40.426,414.83876246952144,15
2024-09-16 13:34:40.463,414.83531530376746,1004
2024-09-16 13:34:40.467,414.9034762492324,104
2024-09-16 13:34:40.579,414.8227710382039,995
2024-09-16 13:34:40.678,41.48351651299169,5
2024-09-16 13:34:40.825,414.8801403606238,98
2024-09-16 13:34:40.845,414.8482387547434,101
2024-09-16 13:34:40.965,414.846040499288,102
2024-09-16 13:34:40.970,414.85201562686274,995
2024-09-16 13:34:41.061,414.9555884667554,13
2024-09-16 13:34:41.134,414.9190736648921,1001
2024-09-16 13:34:41.185,414.89731476655584,13
2024-09-16 13:34:41.193,414.94618528344864,11
2024-09-16 13:34:41.226,414.95509200570064,97
2024-09-16 13:34:41.262,414.9451699462914,1005
2024-09-16 13:34:41.269,414.9251492979048,95
2024-09-16 13:34:41.281,414.9245226353022,12
2024-09-16 13:34:41.312,414.920076353188,13
2024-09-16 13:34:41.315,414.94521582732295,1003
2024-09-16 13:34:41.367,414.9416449709964,99
2024-09-16 13:34:41.426,414.9386145729253,97
2024-09-16 13:34:41.428,414.9811558066096,96
2024-09-16 13:34:41.474,,13
2024-09-16 13:34:41.610,414.9206924352473,103
2024-09-16 13:34:41.639,414.9395825027229,97
2024-09-16 13:34:41.667,414.9127662753247,95
2024-09-16 13:34:41.680,414.9100020963934,999
2024-09-16 13:34:41.685,414.9490900976055,1004
2024-09-16 13:34:41.713,414.9114997863967,997
2024-09-16 13:34:41.727,414.9451260484526,95
2024-09-16 13:34:41.728,414.9386146297022,9
2024-09-16 13:34:41.745,414.9919767073693,95
2024-09-16 13:34:41.881,414.8969664190576,996
2024-09-16 13:34:41.883,414.9299541067321,995
2024-09-16 13:34:41.974,414.90194085231616,104
2024-09-16 13:34:42.012,414.94816701524906,1001
2024-09-16 13:34:42.036,414.95770038530713,99
2024-09-16 13:34:42.123,414.9522484879861,96
2024-09-16 13:34:42.178,414.93882752892586,100
2024-09-16 13:34:42.183,414.9637753599065,1005
2024-09-16 13:34:42.209,414.9615232566062,1003
2024-09-16 13:34:42.265,414.93404130190805,100
2024-09-16 13:34:42.281,414.9578017489168,15
2024-09-16 13:34:42.333,414.9634574435547,99
2024-09-16 13:34:42.426,414.9428308553296,1003
2024-09-16 13:34:42.569,414.93814911376313,96
2024-09-16 13:34:42.611,414.950662403057,101
2024-09-16 13:34:42.639,414.95052863486734,97
2024-09-16 13:34:42.706,414.94374482877737,96
2024-09-16 13:34:42.897,414.9347177350778,99
2024-09-16 13:34:42.909,414.9812594276252,98
2024-09-16 13:34:42.919,414.9590355340943,11
2024-09-16 13:34:42.922,414.983466420524,999
2024-09-16 13:34:44.033,414.9625061024017,102
2024-09-16 13:34:44.071,,99
2024-09-16 13:34:44.099,414.948202114251,999
2024-09-16 13:34:44.216,414.9407317727299,12
2024-09-16 13:34:44.253,414.9512854692391,96
2024-09-16 13:34:44.329,414.98311159191815,12
2024-09-16 13:34:44.332,414.9678347935972,1002
2024-09-16 13:34:44.544,414.9554182758779,8
2024-09-16 13:34:44.605,414.96222903857216,11
2024-09-16 13:34:44.735,414.9506594959536,996
2024-09-16 13:34:44.782,414.9832934081959,105
2024-09-16 13:34:44.928,414.9769142779711,7
2024-09-16 13:34:44.953,414.98921982000473,102
2024-09-16 13:34:44.977,414.9632109705586,105
2024-09-16 13:34:44.995,414.982428411498,11
2024-09-16 13:34:45.018,414.96043667642607,14
2024-09-16 13:34:45.036,415.0227432417786,100
2024-09-16 13:34:45.047,414.99526018887786,95
2024-09-16 13:34:45.057,414.9961583438263,95
2024-09-16 13:34:45.102,414.9947368435104,15
2024-09-16 13:34:45.148,414.9622089566964,10
2024-09-16 13:34:45.234,414.9674723300837,103
2024-09-16 13:34:45.313,414.962647142549,6
2024-09-16 13:34:45.318,414.96457995182425,101
2024-09-16 13:34:45.609,414.9546498012125,998
2024-09-16 13:34:45.624,414.98243368134285,997
2024-09-16 13:34:45.702,414.96460912478494,9
2024-09-16 13:34:45.719,414.9580485386596,1002
2024-09-16 13:34:45.784,414.9748236385197,98
2024-09-16 13:34:45.819,414.9719672235495,100
2024-09-16 13:34:45.860,414.9707435258878,100
2024-09-16 13:34:45.876,414.9976233238248,995
2024-09-16 13:34:46.008,415.05842573803073,95
2024-09-16 13:34:46.122,415.02296083066216,8
2024-09-16 13:34:46.143,415.0284260377946,98
2024-09-16 13:34:46.199,415.03105069876347,6
2024-09-16 13:34:46.301,415.0616861971095,12
2024-09-16 13:34:46.338,414.9874011259675,105
2024-09-16 13:34:46.366,415.01922859476167,6
2024-09-16 13:34:46.448,415.0069390993579,1004
2024-09-16 13:34:46.460,415.0283816769543,103
2024-09-16 13:34:46.472,415.0032448323296,6
2024-09-16 13:34:46.589,414.9791116811117,103
2024-09-16 13:34:46.694,415.01069456250855,9
2024-09-16 13:34:46.703,415.0509445536951,15
2024-09-16 13:34:46.750,415.012891809729,995
2024-09-16 13:34:46.795,415.0069418201253,1003
2024-09-16 13:34:46.868,415.0090285472981,13
2024-09-16 13:34:46.948,415.0176020139346,5
2024-09-16 13:34:46.972,415.0147408943941,99
2024-09-16 13:34:46.976,414.9939644464701,7
2024-09-16 13:34:47.002,415.0411425930552,998
2024-09-16 13:34:47.046,415.0638194805076,6
2024-09-16 13:34:47.061,415.0614846321216,1001
2024-09-16 13:34:47.182,415.0434874696552,96
2024-09-16 13:34:47.238,415.0535393513859,1004
2024-09-16 13:34:47.252,415.03884024596914,104
2024-09-16 13:34:47.366,415.0653679563397,96
2024-09-16 13:34:47.398,415.0489876247286,1003
2024-09-16 13:34:47.477,415.0427084725722,999
2024-09-16 13:34:47.491,415.0300093351755,7
2024-09-16 13:34:47.543,415.0535114024216,9
2024-09-16 13:34:47.586,415.0469401541855,99
2024-09-16 13:34:47.651,415.0491576530829,997
2024-09-16 13:34:47.658,415.058136752347,105
2024-09-16 13:34:47.754,415.0429897200865,102
2024-09-16 13:34:47.774,415.04441360420674,9
2024-09-16 13:34:47.784,415.0469480480553,998
2024-09-16 13:34:47.815,415.0441927021154,95
2024-09-16 13:34:47.875,415.0528350321833,14
2024-09-16 13:34:47.914,415.02821943094887,103
2024-09-16 13:34:47.917,415.050700423127,9
2024-09-16 13:34:48.092,415.0734050446022,100
2024-09-16 13:34:48.363,415.0758962416319,97
2024-09-16 13:34:48.486,415.0834665227566,99
2024-09-16 13:34:48.554,415.0621308065636,15
2024-09-16 13:34:48.581,415.0570859790827,1004
2024-09-16 13:34:48.724,415.0811959022856,998
2024-09-16 13:34:48.732,415.04023802199833,101
2024-09-16 13:34:49.045,415.0806601707372,6
2024-09-16 13:34:49.216,415.0867129129625,7
2024-09-16 13:34:49.250,415.0652081389857,15
2024-09-16 13:34:49.304,415.0650359522125,14
2024-09-16 13:34:49.548,415.0915674750301,11
2024-09-16 13:34:49.621,415.1107556752086,1002
2024-09-16 13:34:49.690,415.0516047492879,100
2024-09-16 13:34:49.808,415.0729982424026,104
2024-09-16 13:34:50.203,415.0389447140985,9
2024-09-16 13:34:50.238,415.0444938522032,14
2024-09-16 13:34:50.288,415.0819315391387,998
2024-09-16 13:34:50.294,415.0543177642488,996
2024-09-16 13:34:50.495,415.0717127301732,14
2024-09-16 13:34:50.568,415.0445129133282,103
2024-09-16 13:34:50.963,415.03736671761584,14
2024-09-16 13:34:50.972,415.0430570655644,99
2024-09-16 13:34:51.020,415.0262752951077,11
2024-09-16 13:34:51.033,415.020554154426,100
2024-09-16 13:34:51.091,415.0371637513725,10
2024-09-16 13:34:51.112,415.047738674718,5
2024-09-16 13:34:51.145,415.02052829871184,9
2024-09-16 13:34:51.152,415.0118698446148,999
2024-09-16 13:34:51.155,415.0588286777381,15
2024-09-16 13:34:51.161,415.0529703943523,10
2024-09-16 13:34:51.217,415.03153687973565,10
2024-09-16 13:34:51.291,415.038726757866,105
2024-09-16 13:34:51.309,415.0293990209854,999
2024-09-16 13:34:51.311,-415.02289409507216,105
2024-09-16 13:34:51.315,415.0342942095269,6
2024-09-16 13:34:51.337,,995
2024-09-16 13:34:51.368,415.0324298216975,6
2024-09-16 13:34:51.434,415.0430857373668,1005
2024-09-16 13:34:51.537,415.0258914905514,100
2024-09-16 13:34:51.580,415.0644866986288,7
2024-09-16 13:34:51.665,415.0604036940561,1004
2024-09-16 13:34:51.667,415.05756009917695,13
2024-09-16 13:34:51.699,415.03707802115406,1001
2024-09-16 13:34:51.711,415.040205483991,15
2024-09-16 13:34:51.784,415.0206359482318,999
2024-09-16 13:34:51.909,415.03729631783216,997
2024-09-16 13:34:51.979,415.0416568350373,15
2024-09-16 13:34:52.013,415.0568119074685,101
2024-09-16 13:34:52.179,415.0534410994039,11
2024-09-16 13:34:52.227,415.06567446128616,6
2024-09-16 13:34:52.255,415.0605295000698,1005
2024-09-16 13:34:52.278,415.1026061179042,999
2024-09-16 13:34:52.336,415.0808877445953,96
2024-09-16 13:34:52.340,415.06988338888834,7
2024-09-16 13:34:52.371,415.06836766479,13
2024-09-16 13:34:52.506,415.0427234502724,997
2024-09-16 13:34:52.607,415.05087811350296,1002
2024-09-16 13:34:52.678,415.1103747545009,998
2024-09-16 13:34:52.730,415.0714441678825,96
2024-09-16 13:34:52.740,415.10073416318994,97
2024-09-16 13:34:52.766,415.06764523558,98
2024-09-16 13:34:52.851,415.0469861531045,997
2024-09-16 13:34:52.945,415.0764055582807,999
2024-09-16 13:34:53.071,415.1046781571277,102
2024-09-16 13:34:53.223,415.1300893818746,104
2024-09-16 13:34:53.274,415.12478982547657,996
2024-09-16 13:34:53.339,415.1210256129907,13
2024-09-16 13:34:53.368,415.1157869595535,1004
2024-09-16 13:34:53.664,415.1416302843338,95
2024-09-16 13:34:53.708,415.10433652985046,99
2024-09-16 13:34:53.722,415.0905957248497,995
2024-09-16 13:34:53.855,415.1437523174016,12
2024-09-16 13:34:53.863,415.1078595001048,104
2024-09-16 13:34:53.988,415.1006068640153,96
2024-09-16 13:34:54.202,415.1252652332632,6
2024-09-16 13:34:54.267,415.1404901384765,12
2024-09-16 13:34:54.268,415.1107930848007,14
2024-09-16 13:34:54.298,415.09655148123625,97
2024-09-16 13:34:54.302,415.1138228001063,100
2024-09-16 13:34:54.319,415.1293411498832,1001
2024-09-16 13:34:54.332,415.1264808428833,96
2024-09-16 13:34:54.340,415.1154727089482,12
2024-09-16 13:34:54.412,415.1625414863405,1000
2024-09-16 13:34:54.450,415.1278378000075,1001
2024-09-16 13:34:54.451,415.12912959965854,104
2024-09-16 13:34:54.487,415.1053625842423,996
2024-09-16 13:34:54.540,415.1461693142916,15
2024-09-16 13:34:54.562,,999
2024-09-16 13:34:54.570,415.1584009951865,9
2024-09-16 13:34:54.614,415.14797558322806,100
2024-09-16 13:34:54.623,415.15752180601663,996
2024-09-16 13:34:54.652,415.1194738969232,98
2024-09-16 13:34:54.668,415.1069940628869,1003
2024-09-16 13:34:54.745,415.1315945099966,14
2024-09-16 13:34:54.875,415.1222830453685,95
2024-09-16 13:34:54.887,415.1228043497039,96
2024-09-16 13:34:54.925,415.1187366268226,1003
2024-09-16 13:34:54.986,415.1475177057166,1004
2024-09-16 13:34:55.124,415.08270784160817,100
2024-09-16 13:34:55.242,415.08556451631904,103
2024-09-16 13:34:55.374,415.0876677110522,6
2024-09-16 13:34:55.411,415.1209641055119,8
2024-09-16 13:34:55.543,415.1439400230349,1003
2024-09-16 13:34:55.560,415.0603913247075,100
2024-09-16 13:34:55.671,415.1000664531096,100
2024-09-16 13:34:55.794,415.0613382998616,95
2024-09-16 13:34:55.833,415.1080022423365,11
2024-09-16 13:34:55.891,415.0798112514905,105
2024-09-16 13:34:55.967,415.1126297079722,95
2024-09-16 13:34:55.971,415.0954996988534,10
2024-09-16 13:34:56.033,415.1161283971052,14
2024-09-16 13:34:56.085,415.12186933568313,1000
2024-09-16 13:34:56.445,415.1406740313661,100
2024-09-16 13:34:56.454,415.1283821790588,1003
2024-09-16 13:34:56.657,415.108171876906,14
2024-09-16 13:34:56.753,415.1256194083899,1004
2024-09-16 13:34:57.017,415.0938280467351,105
2024-09-16 13:34:57.033,415.0841508018632,96
2024-09-16 13:34:57.082,415.1060375448725,14
2024-09-16 13:34:57.116,415.0968396675319,97
2024-09-16 13:34:57.160,415.11466503483103,996
2024-09-16 13:34:57.181,415.1323384024627,11
2024-09-16 13:34:57.311,415.1094868555304,13
2024-09-16 13:34:57.398,415.1206911435368,10
2024-09-16 13:34:57.448,415.0950474493801,95
2024-09-16 13:34:57.773,415.0867211130794,1002
2024-09-16 13:34:57.834,415.0725268966409,11
2024-09-16 13:34:57.850,415.0968736979698,99
2024-09-16 13:34:57.877,415.0987435265712,10
2024-09-16 13:34:57.976,415.0927323970279,99
2024-09-16 13:34:57.997,415.0782435029657,15
2024-09-16 13:34:58.009,415.12751861906,97
2024-09-16 13:34:58.110,415.0468043651928,5
2024-09-16 13:34:58.232,415.1133833397943,995
2024-09-16 13:34:58.334,415.1357687655574,9
2024-09-16 13:34:58.423,415.0125825597738,1001
2024-09-16 13:34:58.493,415.0539617105259,7
2024-09-16 13:34:58.532,415.1013119867018,1003
2024-09-16 13:34:58.538,415.11614022336175,14
2024-09-16 13:34:58.560,415.0175036174331,1002
2024-09-16 13:34:58.591,415.1302444965045,999
2024-09-16 13:34:58.781,415.025858208337,1004
2024-09-16 13:34:58.836,415.1027357882993,97
2024-09-16 13:34:58.899,415.0708767536492,997
2024-09-16 13:34:58.913,415.04621206085983,13
2024-09-16 13:34:58.956,415.1014296855281,1005
2024-09-16 13:34:58.967,415.1192582102073,1004
2024-09-16 13:34:59.001,415.0307665340969,6
2024-09-16 13:34:59.070,41.50180221414465,997
2024-09-16 13:34:59.185,415.0367627018344,6
2024-09-16 13:34:59.203,415.03014486344273,1003
2024-09-16 13:34:59.277,415.0113808193692,1001
2024-09-16 13:34:59.316,415.0254727142161,11
2024-09-16 13:34:59.324,415.0652420812007,13
2024-09-16 13:34:59.326,415.04176553550286,1002
2024-09-16 13:34:59.339,415.0079408029482,1000
2024-09-16 13:34:59.368,415.0402050513625,1000
2024-09-16 13:34:59.411,415.0334311299378,1000
2024-09-16 13:34:59.452,415.0075064513729,1004
2024-09-16 13:34:59.478,415.041877331214,995
2024-09-16 13:34:59.483,415.01146204309794,12
2024-09-16 13:34:59.602,415.0176271341838,102
2024-09-16 13:34:59.630,415.03602845025904,95
2024-09-16 13:34:59.644,415.0191023511099,998
2024-09-16 13:34:59.644,415.0212315736758,1000
2024-09-16 13:34:59.664,415.0703735344716,13
2024-09-16 13:34:59.669,415.0394687568545,99
2024-09-16 13:34:59.712,415.005186157885,998
2024-09-16 13:34:59.735,415.0291414532126,1004
2024-09-16 13:34:59.748,415.0298688980871,12
2024-09-16 13:34:59.808,415.05047456290487,95
2024-09-16 13:34:59.838,414.9895385367789,11
2024-09-16 13:34:59.890,415.0414915162922,997
2024-09-16 13:34:59.948,415.07402995380687,996
