Timestamp,Price,Size
2024-09-17 14:06:00.017,402.3985687866183,1002
2024-09-17 14:06:00.077,402.4026807986818,12
2024-09-17 14:06:00.216,402.3931258692912,96
2024-09-17 14:06:00.287,402.40383523520046,1002
2024-09-17 14:06:01.057,402.3718401092476,102
2024-09-17 14:06:01.082,402.3716271902514,998
2024-09-17 14:06:01.166,402.387533901024,997
2024-09-17 14:06:01.171,402.3693025829036,999
2024-09-17 14:06:01.333,402.3763818281046,101
2024-09-17 14:06:02.046,402.28008620943774,101
2024-09-17 14:06:02.067,402.3616383300101,8
2024-09-17 14:06:02.091,402.3677526615396,14
2024-09-17 14:06:02.099,402.28546141328025,6
2024-09-17 14:06:02.392,402.3825059257187,98
2024-09-17 14:06:02.496,402.3803450648512,6
2024-09-17 14:06:02.537,402.3763373342321,99
2024-09-17 14:06:02.558,402.3005298153005,995
2024-09-17 14:06:02.582,402.32485279157646,95
2024-09-17 14:06:02.641,402.3297030094054,995
2024-09-17 14:06:02.660,402.3786161895753,14
2024-09-17 14:06:02.673,402.3197428063793,8
2024-09-17 14:06:02.765,402.30857327668775,5
2024-09-17 14:06:02.824,402.33332071741233,1004
2024-09-17 14:06:02.874,402.35009373166287,9
2024-09-17 14:06:02.900,402.3830640604589,999
2024-09-17 14:06:02.989,402.3453397440574,5
2024-09-17 14:06:03.044,402.27133260839713,100
2024-09-17 14:06:03.057,402.3075861200916,6
2024-09-17 14:06:03.083,402.2710645814134,102
2024-09-17 14:06:03.102,402.2656551042199,104
2024-09-17 14:06:03.192,402.2920095362026,99
2024-09-17 14:06:03.220,402.2728797576505,997
2024-09-17 14:06:03.245,402.26662430478825,5
2024-09-17 14:06:03.257,402.3260391530284,11
2024-09-17 14:06:03.332,402.2734898521093,997
2024-09-17 14:06:03.400,402.3159768769948,101
2024-09-17 14:06:03.503,402.2799000588742,995
2024-09-17 14:06:03.568,402.2770959047481,105
2024-09-17 14:06:03.573,402.32420646618834,97
2024-09-17 14:06:03.599,402.2736034998063,104
2024-09-17 14:06:03.610,402.2757651316219,5
2024-09-17 14:06:03.620,402.2910937414159,95
2024-09-17 14:06:03.752,402.2644138531264,15
2024-09-17 14:06:03.777,402.3084963303667,95
2024-09-17 14:06:03.792,402.2648661117324,1005
2024-09-17 14:06:03.827,402.3047266617185,102
2024-09-17 14:06:03.897,402.31372072710144,996
2024-09-17 14:06:04.017,402.316501955132,8
2024-09-17 14:06:04.040,402.3438872126557,999
2024-09-17 14:06:04.057,402.3260578619632,998
2024-09-17 14:06:04.082,402.3472186939468,101
2024-09-17 14:06:04.179,402.3349635247644,998
2024-09-17 14:06:04.238,402.3555846211896,105
2024-09-17 14:06:04.264,402.3066888703131,6
2024-09-17 14:06:04.397,402.31714118691065,10
2024-09-17 14:06:04.569,402.34700782923255,12
2024-09-17 14:06:04.594,402.3549806446677,13
2024-09-17 14:06:04.654,402.32541996845407,7
2024-09-17 14:06:04.674,402.3534081884505,12
2024-09-17 14:06:04.823,402.3160645155899,996
2024-09-17 14:06:04.908,402.3360597633981,97
2024-09-17 14:06:04.973,402.3359427443805,999
2024-09-17 14:06:04.984,402.3221114121177,998
2024-09-17 14:06:04.990,402.3530654837191,997
2024-09-17 14:06:05.020,402.3345728810081,13
2024-09-17 14:06:05.029,402.3408301161689,101
2024-09-17 14:06:05.044,402.35609039525343,998
2024-09-17 14:06:05.049,402.3513181500465,1002
2024-09-17 14:06:05.083,402.3440293859238,995
2024-09-17 14:06:05.180,402.3672626670205,999
2024-09-17 14:06:05.191,402.39832603769753,8
2024-09-17 14:06:05.304,402.3826816491442,100
2024-09-17 14:06:05.331,402.3917102902145,7
2024-09-17 14:06:05.386,402.3505815131306,996
2024-09-17 14:06:05.470,402.3728678351112,999
2024-09-17 14:06:05.511,402.3760763978482,98
2024-09-17 14:06:05.556,402.3241909612713,5
2024-09-17 14:06:05.627,402.3810962313022,15
2024-09-17 14:06:05.800,402.3356829141868,998
2024-09-17 14:06:05.804,402.41620129716455,102
2024-09-17 14:06:05.898,402.3413715045417,5
2024-09-17 14:06:05.975,402.3373470690268,100
2024-09-17 14:06:06.718,402.3989419892578,996
2024-09-17 14:06:07.005,402.4010739515924,12
2024-09-17 14:06:07.008,402.3883867079927,101
2024-09-17 14:06:07.038,402.3731641793334,1003
2024-09-17 14:06:07.097,402.3828982611988,12
2024-09-17 14:06:07.205,402.40135927250174,14
2024-09-17 14:06:07.242,402.3980276378031,5
2024-09-17 14:06:07.369,402.40062772519553,1001
2024-09-17 14:06:07.487,402.3995925310917,1001
2024-09-17 14:06:07.541,402.3984139049099,11
2024-09-17 14:06:07.719,402.3706906230541,99
2024-09-17 14:06:07.729,402.4051316401048,100
2024-09-17 14:06:07.774,402.37990028887367,102
2024-09-17 14:06:07.858,402.3815635566401,104
2024-09-17 14:06:07.937,402.3959119611435,100
2024-09-17 14:06:07.977,402.4031260091968,1000
2024-09-17 14:06:08.005,402.4585378717991,96
2024-09-17 14:06:08.038,402.3983656192789,996
2024-09-17 14:06:08.052,402.4869510281511,12
2024-09-17 14:06:08.071,402.3568993415682,1003
2024-09-17 14:06:08.104,402.4313765238184,997
2024-09-17 14:06:08.127,402.45570727611465,5
2024-09-17 14:06:08.146,402.4598331324357,12
2024-09-17 14:06:08.172,402.4633050402766,7
2024-09-17 14:06:08.236,402.4041592872033,10
2024-09-17 14:06:08.259,402.4131765958512,10
2024-09-17 14:06:08.344,402.4132088117465,104
2024-09-17 14:06:08.383,402.4649949678696,995
2024-09-17 14:06:08.384,402.45708580104593,102
2024-09-17 14:06:08.398,402.4158231304954,96
2024-09-17 14:06:08.419,402.4482859069346,995
2024-09-17 14:06:08.469,402.457620917088,104
2024-09-17 14:06:08.525,402.468323491482,6
2024-09-17 14:06:08.593,402.39492290205385,1001
2024-09-17 14:06:08.603,402.4045508224111,99
2024-09-17 14:06:08.629,402.399012123772,997
2024-09-17 14:06:08.651,402.3854460577037,1004
2024-09-17 14:06:08.655,402.4240078727433,11
2024-09-17 14:06:08.683,402.4439035570871,96
2024-09-17 14:06:08.816,402.3921733330546,11
2024-09-17 14:06:08.865,402.4162401090057,1000
2024-09-17 14:06:08.980,402.43376530847297,95
2024-09-17 14:06:08.985,402.4568754367977,995
2024-09-17 14:06:10.246,402.38041567254,96
2024-09-17 14:06:10.277,402.39571080184464,1000
2024-09-17 14:06:10.334,402.3965110549422,104
2024-09-17 14:06:10.354,402.3731605476521,102
2024-09-17 14:06:10.431,402.36900051679794,999
2024-09-17 14:06:10.574,402.3727710153633,5
2024-09-17 14:06:10.645,402.3845292429143,105
2024-09-17 14:06:10.772,402.3847788917292,101
2024-09-17 14:06:11.276,402.45981418528754,6
2024-09-17 14:06:11.376,402.4190317609741,996
2024-09-17 14:06:11.427,402.4303461278254,10
2024-09-17 14:06:11.598,402.4409441466024,13
2024-09-17 14:06:11.614,402.45788402182393,14
2024-09-17 14:06:11.616,402.4653700173701,995
2024-09-17 14:06:11.678,402.4453339490576,101
2024-09-17 14:06:11.692,-402.4719435826368,103
2024-09-17 14:06:11.753,402.4464608616733,95
2024-09-17 14:06:11.854,402.4359777189096,1004
2024-09-17 14:06:11.871,402.4220235911893,1004
2024-09-17 14:06:11.895,402.41838231771385,6
2024-09-17 14:06:12.121,402.4536735272585,13
2024-09-17 14:06:12.250,402.4437107512125,1001
2024-09-17 14:06:12.517,402.45894277209504,995
2024-09-17 14:06:13.183,402.4376494376379,7
2024-09-17 14:06:13.311,402.4441265382053,8
2024-09-17 14:06:13.384,402.4584565974793,997
2024-09-17 14:06:13.679,402.451113112008,14
2024-09-17 14:06:14.061,402.4281675781136,10
2024-09-17 14:06:14.074,402.4203285872607,101
2024-09-17 14:06:14.094,402.427641443172,1000
2024-09-17 14:06:14.121,402.4376448334392,9
2024-09-17 14:06:14.123,402.45445374703365,96
2024-09-17 14:06:14.133,402.4260163322196,7
2024-09-17 14:06:14.202,402.4389782031511,6
2024-09-17 14:06:14.214,402.4325613659826,1005
2024-09-17 14:06:14.236,402.4709412885955,1000
2024-09-17 14:06:14.249,402.4141550922792,1005
2024-09-17 14:06:14.274,402.41138800023634,102
2024-09-17 14:06:14.301,402.4764165492052,1001
2024-09-17 14:06:14.348,402.42116069613263,12
2024-09-17 14:06:14.368,402.4636347831204,101
2024-09-17 14:06:14.424,402.4623967957483,9
2024-09-17 14:06:14.457,402.4731834915427,97
2024-09-17 14:06:14.472,402.4583770660519,1005
2024-09-17 14:06:14.489,,13
2024-09-17 14:06:14.592,402.4713691090715,11
2024-09-17 14:06:14.623,402.4838107463286,12
2024-09-17 14:06:14.672,402.45063936162944,101
2024-09-17 14:06:14.735,402.4459958554636,8
2024-09-17 14:06:14.834,402.4479601822566,95
2024-09-17 14:06:14.881,402.4219313949331,103
2024-09-17 14:06:14.937,402.4179197892911,102
2024-09-17 14:06:15.102,402.3442356428935,999
2024-09-17 14:06:15.108,402.3457653870069,1001
2024-09-17 14:06:15.178,402.3541665305822,7
2024-09-17 14:06:15.200,402.3830342306251,15
2024-09-17 14:06:15.281,402.3559159123502,15
2024-09-17 14:06:15.325,402.377234781554,1000
2024-09-17 14:06:15.333,402.3630820884849,10
2024-09-17 14:06:15.343,402.3927791746453,1005
2024-09-17 14:06:15.353,402.3630463291021,999
2024-09-17 14:06:15.356,402.3438576153696,102
2024-09-17 14:06:15.367,402.4007093916895,999
2024-09-17 14:06:15.413,402.3936805292863,14
2024-09-17 14:06:15.468,402.3954339303304,97
2024-09-17 14:06:15.471,402.3689176835038,7
2024-09-17 14:06:15.512,402.4186294839006,1000
2024-09-17 14:06:15.557,402.4068477668253,1005
2024-09-17 14:06:15.564,402.4026150893189,102
2024-09-17 14:06:15.579,402.39537005875474,96
2024-09-17 14:06:15.611,402.3999193432357,997
2024-09-17 14:06:15.632,402.405866398462,5
2024-09-17 14:06:15.636,40.24002656213911,995
2024-09-17 14:06:15.655,402.39715527695495,10
2024-09-17 14:06:15.669,402.39909848796896,995
2024-09-17 14:06:15.726,402.395222214887,11
2024-09-17 14:06:15.786,402.3835064532456,14
2024-09-17 14:06:15.855,402.399071326236,1002
2024-09-17 14:06:15.899,402.36664053744136,11
2024-09-17 14:06:15.935,402.41587324426985,998
2024-09-17 14:06:15.962,,8
2024-09-17 14:06:16.020,402.3970638959773,14
2024-09-17 14:06:16.054,402.3354837996689,5
2024-09-17 14:06:16.092,402.3097375073514,6
2024-09-17 14:06:16.248,402.3273543641866,101
2024-09-17 14:06:16.338,402.3274829724184,10
2024-09-17 14:06:16.342,402.4018444881852,1005
2024-09-17 14:06:16.347,402.2838332980643,102
2024-09-17 14:06:16.397,402.42740170421337,996
2024-09-17 14:06:16.491,402.39033764525215,998
2024-09-17 14:06:16.491,402.311981793775,96
2024-09-17 14:06:16.508,402.37043567749777,995
2024-09-17 14:06:16.524,402.3049325996737,13
2024-09-17 14:06:16.528,402.33442642353833,998
2024-09-17 14:06:16.549,402.3765131142872,8
2024-09-17 14:06:16.573,402.3100702357752,13
2024-09-17 14:06:16.576,402.3471716059567,100
2024-09-17 14:06:16.655,402.3758935167331,103
2024-09-17 14:06:16.695,402.30782687064624,5
2024-09-17 14:06:16.747,402.3389272224154,996
2024-09-17 14:06:16.752,402.40358783681006,97
2024-09-17 14:06:16.778,402.3479553659491,6
2024-09-17 14:06:16.780,402.3048872332398,995
2024-09-17 14:06:16.785,40.23306229466051,1004
2024-09-17 14:06:16.833,402.3164099673303,7
2024-09-17 14:06:16.864,402.31866628596487,14
2024-09-17 14:06:16.882,402.3116774747506,13
2024-09-17 14:06:16.916,402.37828973993146,98
2024-09-17 14:06:16.938,402.4020200693881,9
2024-09-17 14:06:16.950,402.3135720753248,999
2024-09-17 14:06:16.980,402.31267520736577,97
2024-09-17 14:06:17.041,402.2734751268,999
2024-09-17 14:06:17.316,402.2416774424663,97
2024-09-17 14:06:17.322,402.2621943717543,14
2024-09-17 14:06:17.347,402.2502877527839,995
2024-09-17 14:06:17.402,402.2462689705221,12
2024-09-17 14:06:17.403,402.2588650292433,97
2024-09-17 14:06:17.420,402.2791651190139,105
2024-09-17 14:06:17.427,402.2777761047185,1001
2024-09-17 14:06:17.433,402.2695974991151,102
2024-09-17 14:06:17.449,402.2415593007449,6
2024-09-17 14:06:17.545,402.26857677640936,996
2024-09-17 14:06:17.578,402.2728399727855,996
2024-09-17 14:06:17.588,402.2762093529544,97
2024-09-17 14:06:17.627,402.2450112765012,15
2024-09-17 14:06:17.681,402.2651916821737,996
2024-09-17 14:06:17.726,402.2503391453344,5
2024-09-17 14:06:17.777,402.2786501085829,105
2024-09-17 14:06:17.793,402.2511061926278,12
2024-09-17 14:06:17.847,402.2709994228858,96
2024-09-17 14:06:17.899,402.26885199132414,13
2024-09-17 14:06:17.918,402.26305988906887,13
2024-09-17 14:06:17.962,402.25181915648494,100
2024-09-17 14:06:18.004,402.2887429301249,1001
2024-09-17 14:06:18.074,402.3336684307233,995
2024-09-17 14:06:18.112,402.37066026241285,100
2024-09-17 14:06:18.172,402.3672735764649,14
2024-09-17 14:06:18.185,402.341129559818,96
2024-09-17 14:06:18.193,402.3296127290903,98
2024-09-17 14:06:18.250,402.3652817563072,98
2024-09-17 14:06:18.259,402.3121394177423,101
2024-09-17 14:06:18.261,402.31935623497,105
2024-09-17 14:06:18.362,402.38403606941546,1001
2024-09-17 14:06:18.375,402.3578985696217,1002
2024-09-17 14:06:18.390,402.36962483829626,99
2024-09-17 14:06:18.422,402.2889872664915,99
2024-09-17 14:06:18.423,402.312803955152,7
2024-09-17 14:06:18.439,,105
2024-09-17 14:06:18.441,402.36971147142606,998
2024-09-17 14:06:18.458,402.3401902969121,13
2024-09-17 14:06:18.594,402.29868748849935,5
2024-09-17 14:06:18.605,402.3674234413442,12
2024-09-17 14:06:18.639,402.3252515335894,5
2024-09-17 14:06:18.645,402.3761105255241,13
2024-09-17 14:06:18.651,402.3604293765536,14
2024-09-17 14:06:18.683,402.3497475540983,96
2024-09-17 14:06:18.758,402.3397242459526,95
2024-09-17 14:06:18.786,402.3948891088372,1003
2024-09-17 14:06:18.806,402.39725166365247,95
2024-09-17 14:06:18.893,402.36130210904366,104
2024-09-17 14:06:18.898,402.3467241829177,997
2024-09-17 14:06:18.912,402.3553084452026,1004
2024-09-17 14:06:18.990,402.3384447188463,6
2024-09-17 14:06:19.057,402.40442312463546,102
2024-09-17 14:06:19.130,402.383332473865,9
2024-09-17 14:06:19.147,402.4066032227144,96
2024-09-17 14:06:19.214,402.3917277858721,101
2024-09-17 14:06:19.360,,10
2024-09-17 14:06:19.384,402.39151054734657,97
2024-09-17 14:06:19.453,402.4149806545576,1004
2024-09-17 14:06:19.455,402.4048111447353,102
2024-09-17 14:06:19.496,402.335361787665,6
2024-09-17 14:06:19.603,402.40997952586434,9
2024-09-17 14:06:19.696,402.3865907983116,995
2024-09-17 14:06:19.714,402.42785883841,1004
2024-09-17 14:06:19.760,402.4039134395559,997
2024-09-17 14:06:19.862,402.3599678477935,97
2024-09-17 14:06:19.870,402.4002121551165,96
2024-09-17 14:06:19.908,402.4091960716401,100
2024-09-17 14:06:19.931,402.4118600619356,5
2024-09-17 14:06:20.005,402.2718762748759,997
2024-09-17 14:06:20.007,402.2850950929797,15
2024-09-17 14:06:20.052,402.2603854195987,103
2024-09-17 14:06:20.055,402.2608213219032,5
2024-09-17 14:06:20.075,402.27184070791577,96
2024-09-17 14:06:20.082,402.2587332260495,96
2024-09-17 14:06:20.093,402.2702060431809,14
2024-09-17 14:06:20.109,402.2672781377877,100
2024-09-17 14:06:20.124,402.2632272153581,1005
2024-09-17 14:06:20.182,402.269426907406,8
2024-09-17 14:06:20.206,402.2931722449774,100
2024-09-17 14:06:20.255,402.277921147385,102
2024-09-17 14:06:20.302,402.28116233633847,103
2024-09-17 14:06:20.303,402.2666320083953,14
2024-09-17 14:06:20.308,402.265761937526,103
2024-09-17 14:06:20.347,402.2565060376755,103
2024-09-17 14:06:20.350,402.30556422473006,103
2024-09-17 14:06:20.440,402.26747219785136,10
2024-09-17 14:06:20.480,402.2543425435298,97
2024-09-17 14:06:20.608,402.2762739997658,11
2024-09-17 14:06:20.675,402.3182168777281,1002
2024-09-17 14:06:20.732,402.32565108142416,1004
2024-09-17 14:06:20.815,402.2712680812572,9
2024-09-17 14:06:20.820,402.27178143217066,101
2024-09-17 14:06:20.893,402.2985772592164,7
2024-09-17 14:06:20.946,402.2638117266042,11
2024-09-17 14:06:20.947,402.3441427000123,11
2024-09-17 14:06:21.042,402.3380030313632,105
2024-09-17 14:06:21.095,402.28018322432393,1001
2024-09-17 14:06:21.117,402.30922887292434,105
2024-09-17 14:06:21.118,402.3337698836052,96
2024-09-17 14:06:21.130,402.377710568742,8
2024-09-17 14:06:21.137,402.34990204644816,15
2024-09-17 14:06:21.160,402.3056600726849,9
2024-09-17 14:06:21.172,402.3713703231349,102
2024-09-17 14:06:21.173,402.2893694127962,12
2024-09-17 14:06:21.350,402.28615556436586,9
2024-09-17 14:06:21.375,402.2836404341496,1004
2024-09-17 14:06:21.427,402.2940329175757,10
2024-09-17 14:06:21.444,402.2822293582353,104
2024-09-17 14:06:21.491,402.2847253666505,99
2024-09-17 14:06:21.527,402.3624310639568,1003
2024-09-17 14:06:21.584,402.3469631500168,6
2024-09-17 14:06:21.590,402.3673971654488,999
2024-09-17 14:06:21.681,402.3266510881247,1001
2024-09-17 14:06:21.685,402.3164726327273,5
2024-09-17 14:06:21.753,402.3186930140415,98
2024-09-17 14:06:21.792,402.3719005518861,100
2024-09-17 14:06:21.826,402.3401132822522,12
2024-09-17 14:06:21.854,402.3435828517659,95
2024-09-17 14:06:21.860,402.3296114988683,95
2024-09-17 14:06:21.946,402.2832204906196,999
2024-09-17 14:06:21.962,402.3441045830194,12
2024-09-17 14:06:22.038,402.3984082494949,102
2024-09-17 14:06:22.272,402.3867669514512,995
2024-09-17 14:06:22.338,402.3903641282877,15
2024-09-17 14:06:22.430,402.3887978414177,103
2024-09-17 14:06:22.460,402.3732797321189,996
2024-09-17 14:06:22.472,402.3859156028227,9
2024-09-17 14:06:22.863,402.3945930053155,1002
2024-09-17 14:06:22.865,402.3882968028927,6
2024-09-17 14:06:22.914,402.38462867222427,996
2024-09-17 14:06:23.041,402.32844925117513,105
2024-09-17 14:06:23.082,402.335078579247,15
2024-09-17 14:06:23.183,402.33384256317447,8
2024-09-17 14:06:23.239,402.33195057314623,5
2024-09-17 14:06:23.240,402.34902940971415,999
2024-09-17 14:06:23.254,402.3960201201135,1001
2024-09-17 14:06:23.280,402.3379699878621,995
2024-09-17 14:06:23.283,402.3558456127616,9
2024-09-17 14:06:23.284,402.3559623318477,10
2024-09-17 14:06:23.345,402.3261098365869,999
2024-09-17 14:06:23.364,402.3926435701292,101
2024-09-17 14:06:23.434,402.3583669289833,998
2024-09-17 14:06:23.481,402.3275263870602,101
2024-09-17 14:06:23.501,402.3792292419117,997
2024-09-17 14:06:23.541,402.39910763080303,101
2024-09-17 14:06:23.591,402.3334490331994,98
2024-09-17 14:06:23.593,402.4019742960418,105
2024-09-17 14:06:23.599,402.35901619805367,96
2024-09-17 14:06:23.664,402.35450740180585,996
2024-09-17 14:06:23.863,402.34862730424265,9
2024-09-17 14:06:23.872,402.4024992754258,8
2024-09-17 14:06:23.881,402.3558251923011,997
2024-09-17 14:06:23.959,402.35547052726815,10
2024-09-17 14:06:23.966,402.3593979019081,998
2024-09-17 14:06:24.142,402.3335167195351,10
2024-09-17 14:06:24.154,402.3352528271981,998
2024-09-17 14:06:24.267,402.36825758864205,8
2024-09-17 14:06:24.312,402.3465216200604,99
2024-09-17 14:06:24.354,402.3302052023884,14
2024-09-17 14:06:24.384,402.3225527136319,95
2024-09-17 14:06:24.436,402.3348912530643,96
2024-09-17 14:06:24.437,40.23467185520382,9
2024-09-17 14:06:24.450,402.3398453219155,1005
2024-09-17 14:06:24.458,402.330763791237,98
2024-09-17 14:06:24.464,402.3199338071986,5
2024-09-17 14:06:24.469,402.3234848951778,13
2024-09-17 14:06:24.477,402.325400088536,104
2024-09-17 14:06:24.507,402.3417596124413,1005
2024-09-17 14:06:24.541,402.3315674600671,97
2024-09-17 14:06:24.544,402.3505267282623,8
2024-09-17 14:06:24.554,402.347179393341,12
2024-09-17 14:06:24.564,402.3523115291807,95
2024-09-17 14:06:24.622,402.3342467104699,96
2024-09-17 14:06:24.629,402.36327730420544,7
2024-09-17 14:06:24.663,402.3051140617864,103
2024-09-17 14:06:24.674,402.32607659618594,1000
2024-09-17 14:06:24.753,402.3398515963229,102
2024-09-17 14:06:24.755,402.3229296964964,95
2024-09-17 14:06:24.776,402.3212020427829,10
2024-09-17 14:06:24.945,402.3395785235327,995
2024-09-17 14:06:24.978,,995
2024-09-17 14:06:25.336,402.3369368217676,10
2024-09-17 14:06:25.728,402.3505231892957,10
2024-09-17 14:06:25.728,402.35952880071073,12
2024-09-17 14:06:26.102,402.33483240194056,8
2024-09-17 14:06:26.158,402.3020153097155,14
2024-09-17 14:06:26.200,402.3224258367294,14
2024-09-17 14:06:26.240,402.351728829535,1002
2024-09-17 14:06:26.242,402.33756950964914,104
2024-09-17 14:06:26.250,402.32976740911016,101
2024-09-17 14:06:26.266,402.31976542496176,13
2024-09-17 14:06:26.424,402.3653036779834,5
2024-09-17 14:06:26.429,402.3588135614174,103
2024-09-17 14:06:26.431,402.3343073385617,14
2024-09-17 14:06:26.484,402.32411564713294,100
2024-09-17 14:06:26.515,-402.30535983660855,11
2024-09-17 14:06:26.579,402.3605642289325,995
2024-09-17 14:06:26.605,402.3263480347036,96
2024-09-17 14:06:26.642,402.3323255208541,996
2024-09-17 14:06:26.693,402.33031063486055,105
2024-09-17 14:06:26.705,402.340131725175,14
2024-09-17 14:06:26.714,402.3537014736823,5
2024-09-17 14:06:26.734,402.3466482737298,104
2024-09-17 14:06:26.766,402.30816869755097,996
2024-09-17 14:06:26.797,402.3091693374248,996
2024-09-17 14:06:26.921,40.23338256603895,998
2024-09-17 14:06:26.954,402.3344449681005,100
2024-09-17 14:06:26.955,402.3284387868453,998
2024-09-17 14:06:27.012,402.39877289455166,7
2024-09-17 14:06:27.022,402.364326349584,7
2024-09-17 14:06:27.024,402.3604023100288,5
2024-09-17 14:06:27.109,402.41335690393134,1001
2024-09-17 14:06:27.114,402.349478670887,103
2024-09-17 14:06:27.136,402.41105743762085,9
2024-09-17 14:06:27.139,402.3765540782511,104
2024-09-17 14:06:27.140,402.3516266366247,12
2024-09-17 14:06:27.181,402.3850016598154,1004
2024-09-17 14:06:27.183,402.4096842805407,7
2024-09-17 14:06:27.199,402.408387485808,1004
2024-09-17 14:06:27.209,402.3522580804605,7
2024-09-17 14:06:27.235,402.39608945544296,98
2024-09-17 14:06:27.354,402.3825846804584,98
2024-09-17 14:06:27.376,402.3620152658113,8
2024-09-17 14:06:27.384,402.3473321125878,1000
2024-09-17 14:06:27.389,402.36533443910326,10
2024-09-17 14:06:27.500,402.3644731235963,12
2024-09-17 14:06:27.672,402.4166350736725,98
2024-09-17 14:06:27.737,402.38183158340286,15
2024-09-17 14:06:27.742,402.38406492305234,13
2024-09-17 14:06:27.841,402.4070896350328,1002
2024-09-17 14:06:27.858,402.4077790150378,1002
2024-09-17 14:06:27.868,402.40532544475445,999
2024-09-17 14:06:27.935,402.3913158922927,1002
2024-09-17 14:06:28.037,402.3144208139766,5
2024-09-17 14:06:28.289,402.313872995765,995
2024-09-17 14:06:28.294,402.29879410852703,95
2024-09-17 14:06:28.332,402.31123949174827,101
2024-09-17 14:06:28.351,402.3374452886898,12
2024-09-17 14:06:28.353,402.3140069545464,105
2024-09-17 14:06:28.359,402.2966608465124,995
2024-09-17 14:06:28.365,402.3457313933867,1005
2024-09-17 14:06:28.519,402.3333713140472,1005
2024-09-17 14:06:28.674,402.3011329417678,15
2024-09-17 14:06:28.793,402.29867567665946,1003
2024-09-17 14:06:28.950,402.3548868762906,9
2024-09-17 14:06:29.015,,9
2024-09-17 14:06:29.196,402.3150660059924,104
2024-09-17 14:06:29.287,402.28566623279056,98
2024-09-17 14:06:29.329,402.2932100119635,13
2024-09-17 14:06:29.392,402.3171633029814,12
2024-09-17 14:06:29.410,402.32233463691017,998
2024-09-17 14:06:29.420,402.3140342089522,103
2024-09-17 14:06:29.482,402.3074586028701,103
2024-09-17 14:06:29.575,402.2978710195535,9
2024-09-17 14:06:29.661,402.2833703039113,995
2024-09-17 14:06:29.858,402.32040136295495,1001
2024-09-17 14:06:29.919,402.2699728644019,12
2024-09-17 14:06:30.001,402.2457014649144,1005
2024-09-17 14:06:30.121,402.23719387763686,1000
2024-09-17 14:06:30.158,402.2296772805615,1003
2024-09-17 14:06:30.175,402.26310073506926,104
2024-09-17 14:06:30.223,402.25828604140366,97
2024-09-17 14:06:30.268,402.24142895359904,105
2024-09-17 14:06:30.386,402.2450109126548,14
2024-09-17 14:06:30.457,402.24632074468985,1001
2024-09-17 14:06:30.473,402.2423582352291,14
2024-09-17 14:06:30.532,402.2571726790354,95
2024-09-17 14:06:30.723,402.2534843224619,97
2024-09-17 14:06:30.835,402.2642297645527,6
2024-09-17 14:06:30.942,402.2299952176217,13
2024-09-17 14:06:30.953,402.2747322992963,1005
2024-09-17 14:06:30.969,402.240375335215,1001
2024-09-17 14:06:30.999,402.2390977477476,1002
2024-09-17 14:06:31.093,402.232405203308,99
2024-09-17 14:06:31.182,402.2304398446857,95
2024-09-17 14:06:31.341,402.2346750927127,1000
2024-09-17 14:06:31.468,402.2130901219586,8
2024-09-17 14:06:31.470,402.2459595919264,11
2024-09-17 14:06:31.512,402.2197290086581,100
2024-09-17 14:06:31.989,402.2267806969052,104
2024-09-17 14:06:32.205,402.2576496626504,10
2024-09-17 14:06:32.424,402.2525073949083,995
2024-09-17 14:06:32.492,402.2558394103804,12
2024-09-17 14:06:33.034,402.2437527914181,997
2024-09-17 14:06:33.131,402.2359601567653,996
2024-09-17 14:06:33.153,402.256819992618,5
2024-09-17 14:06:33.155,402.2496691467664,95
2024-09-17 14:06:33.169,402.2515301681156,15
2024-09-17 14:06:33.254,402.245554329294,1001
2024-09-17 14:06:33.289,402.249396933194,999
2024-09-17 14:06:33.383,,998
2024-09-17 14:06:33.410,,996
2024-09-17 14:06:33.421,402.2568437627201,101
2024-09-17 14:06:33.441,402.2402429636882,98
2024-09-17 14:06:33.451,402.265755783435,96
2024-09-17 14:06:33.462,402.2314990282791,102
2024-09-17 14:06:33.626,402.25655181346303,98
2024-09-17 14:06:33.704,402.2220977192478,996
2024-09-17 14:06:33.706,402.22609452395983,104
2024-09-17 14:06:33.716,402.2342248633664,1003
2024-09-17 14:06:33.773,-402.2448869598464,12
2024-09-17 14:06:33.816,402.2373580714772,100
2024-09-17 14:06:33.849,402.21059813588096,1004
2024-09-17 14:06:33.859,402.2532186676257,13
2024-09-17 14:06:33.942,402.2453786177115,13
2024-09-17 14:06:34.652,402.22785553908966,99
2024-09-17 14:06:34.786,402.2212572309554,100
2024-09-17 14:06:35.011,402.2589740812433,1000
2024-09-17 14:06:35.027,402.2657794892349,95
2024-09-17 14:06:35.035,402.2283746479217,13
2024-09-17 14:06:35.104,402.2618958104716,995
2024-09-17 14:06:35.182,402.2715120381374,15
2024-09-17 14:06:35.587,402.2573656038229,6
2024-09-17 14:06:35.790,402.26060279789306,102
2024-09-17 14:06:35.815,402.2754671481409,7
2024-09-17 14:06:35.828,402.2422468673092,8
2024-09-17 14:06:35.936,402.22479880533774,15
2024-09-17 14:06:36.001,402.3119148422612,996
2024-09-17 14:06:36.043,402.3144870429302,99
2024-09-17 14:06:36.194,402.3385346636676,105
2024-09-17 14:06:36.311,402.3315500425373,997
2024-09-17 14:06:36.432,402.3116762044448,100
2024-09-17 14:06:36.643,402.2884242855368,96
2024-09-17 14:06:36.813,402.2774873651879,7
2024-09-17 14:06:36.839,402.3414983785583,101
2024-09-17 14:06:36.852,402.29714881866994,105
2024-09-17 14:06:36.857,40.22777389088032,97
2024-09-17 14:06:36.903,402.3106663810791,98
2024-09-17 14:06:37.023,402.35714676374033,995
2024-09-17 14:06:37.353,402.3745578687709,95
2024-09-17 14:06:37.527,402.40961879207697,996
2024-09-17 14:06:37.530,402.3785385755729,12
2024-09-17 14:06:37.534,402.3680373644957,7
2024-09-17 14:06:37.573,402.3911904392232,103
2024-09-17 14:06:37.625,402.4210623588018,8
2024-09-17 14:06:37.953,402.3457625447746,995
2024-09-17 14:06:38.040,402.42169642124514,1005
2024-09-17 14:06:38.136,402.4294808553613,9
2024-09-17 14:06:38.219,402.4243710623125,999
2024-09-17 14:06:38.250,402.4435410362823,9
2024-09-17 14:06:38.296,402.4295119595823,98
2024-09-17 14:06:38.306,402.41333112943374,1000
2024-09-17 14:06:38.420,402.3992512084752,8
2024-09-17 14:06:38.551,402.4391712518726,996
2024-09-17 14:06:38.638,402.41963783428,995
2024-09-17 14:06:38.707,402.4255629811128,11
2024-09-17 14:06:38.715,402.4516019007781,14
2024-09-17 14:06:38.750,,8
2024-09-17 14:06:38.764,402.3879316073318,1005
2024-09-17 14:06:38.803,402.4297620744897,97
2024-09-17 14:06:39.084,402.4151649507999,105
2024-09-17 14:06:39.099,402.4268086615361,1000
2024-09-17 14:06:39.204,402.4265913943255,1001
2024-09-17 14:06:39.242,402.3986924435428,96
2024-09-17 14:06:39.279,402.4049061102866,996
2024-09-17 14:06:39.292,402.4237568808485,7
2024-09-17 14:06:39.384,402.3877382635228,95
2024-09-17 14:06:39.440,402.4051418334587,9
2024-09-17 14:06:39.680,402.3921308430139,99
2024-09-17 14:06:39.740,402.4137297989018,1001
2024-09-17 14:06:39.857,402.37809123126925,100
2024-09-17 14:06:39.931,402.4215158903368,998
2024-09-17 14:06:40.012,402.3975798874157,1001
2024-09-17 14:06:40.381,402.3896014899223,95
2024-09-17 14:06:40.761,402.3775797438714,999
2024-09-17 14:06:40.937,402.3728448668811,102
2024-09-17 14:06:41.327,402.3818261775742,14
2024-09-17 14:06:41.562,402.3839476756952,995
2024-09-17 14:06:41.685,402.3935779564547,1001
2024-09-17 14:06:41.892,402.37484490409065,7
2024-09-17 14:06:42.025,402.3743642327616,97
2024-09-17 14:06:42.228,402.3950641310945,1004
2024-09-17 14:06:42.259,402.38070134064094,101
2024-09-17 14:06:42.299,402.4046666312583,995
2024-09-17 14:06:42.351,402.38758904208566,999
2024-09-17 14:06:42.450,402.3864525573443,98
2024-09-17 14:06:42.491,402.4014231406224,95
2024-09-17 14:06:42.493,402.4043580871604,5
2024-09-17 14:06:42.588,402.3503468313512,5
2024-09-17 14:06:42.648,402.4016566486162,1003
2024-09-17 14:06:42.662,402.4000978067329,1002
2024-09-17 14:06:42.768,402.4002338726124,999
2024-09-17 14:06:42.786,402.38023315538976,5
2024-09-17 14:06:42.806,402.3838933534217,101
2024-09-17 14:06:42.848,402.3899697818105,998
2024-09-17 14:06:42.949,402.3754458505244,14
2024-09-17 14:06:42.954,402.3836132102228,995
2024-09-17 14:06:42.998,402.39838290718046,95
2024-09-17 14:06:43.081,402.3694712969111,103
2024-09-17 14:06:43.083,402.3224703710433,1004
2024-09-17 14:06:43.137,402.3271067601426,8
2024-09-17 14:06:43.188,402.364682172094,1004
2024-09-17 14:06:43.621,402.2922927566823,15
2024-09-17 14:06:43.653,402.30185929140254,98
2024-09-17 14:06:43.665,402.30840602688767,102
2024-09-17 14:06:43.803,402.3140048866407,99
2024-09-17 14:06:43.816,402.35114519411,1001
2024-09-17 14:06:43.906,402.3187743471841,104
2024-09-17 14:06:44.088,402.31708670380993,11
2024-09-17 14:06:44.146,402.32683077772106,104
2024-09-17 14:06:44.213,402.36169404101554,11
2024-09-17 14:06:44.267,402.35639249819513,105
2024-09-17 14:06:44.321,402.2952589275658,100
2024-09-17 14:06:44.827,402.3455536968406,99
2024-09-17 14:06:44.933,402.3015410281139,1000
2024-09-17 14:06:44.933,402.3005463870722,5
2024-09-17 14:06:45.074,402.36026019895,104
2024-09-17 14:06:45.859,,14
2024-09-17 14:06:46.032,402.3813668186692,10
2024-09-17 14:06:46.122,402.3694036379414,1003
2024-09-17 14:06:46.127,402.3858131353423,98
2024-09-17 14:06:46.186,402.38763062489016,1002
2024-09-17 14:06:46.218,402.3552530190853,8
2024-09-17 14:06:46.224,402.3455404142687,1001
2024-09-17 14:06:46.281,402.3851919580108,6
2024-09-17 14:06:46.285,402.36934353563936,996
2024-09-17 14:06:46.301,402.35972585482,14
2024-09-17 14:06:46.344,402.3782301528656,995
2024-09-17 14:06:46.345,402.36173620906766,7
2024-09-17 14:06:46.355,40.23843328411561,9
2024-09-17 14:06:46.515,402.3541610195734,15
2024-09-17 14:06:46.535,402.3881714643354,100
2024-09-17 14:06:46.645,402.340422994188,1002
2024-09-17 14:06:46.829,402.3617299758934,98
2024-09-17 14:06:46.832,402.3925214678448,102
2024-09-17 14:06:47.013,402.3246460421617,10
2024-09-17 14:06:47.023,402.3748208638469,99
2024-09-17 14:06:47.119,402.3000563007095,998
2024-09-17 14:06:47.128,402.3142942994205,1005
2024-09-17 14:06:47.186,402.370308889152,13
2024-09-17 14:06:47.204,402.3708275922765,997
2024-09-17 14:06:47.241,402.3685391325963,96
2024-09-17 14:06:47.392,,995
2024-09-17 14:06:47.439,402.3272638862404,12
2024-09-17 14:06:47.490,402.3358634536621,1002
2024-09-17 14:06:47.494,402.3789328649255,12
2024-09-17 14:06:47.521,402.3234670994028,13
2024-09-17 14:06:47.547,402.2908338571632,12
2024-09-17 14:06:47.585,402.35977567535735,1002
2024-09-17 14:06:47.595,402.338922532569,8
2024-09-17 14:06:47.668,402.3763467255845,9
2024-09-17 14:06:47.711,402.3299700296168,999
2024-09-17 14:06:47.741,402.31832812169097,10
2024-09-17 14:06:47.813,402.32535553343496,1001
2024-09-17 14:06:47.840,402.3722483306421,12
2024-09-17 14:06:47.861,402.32706090811655,96
2024-09-17 14:06:47.958,402.3369831400644,15
2024-09-17 14:06:47.961,402.3431532893303,12
2024-09-17 14:06:47.974,402.3186058783901,10
2024-09-17 14:06:47.994,402.3125825266966,1003
2024-09-17 14:06:48.102,402.3396794900056,105
2024-09-17 14:06:48.229,402.34778429935926,7
2024-09-17 14:06:48.290,402.3507341661579,1003
2024-09-17 14:06:48.309,402.2997986381724,14
2024-09-17 14:06:48.387,402.3614087909529,1004
2024-09-17 14:06:48.428,402.3231557938256,101
2024-09-17 14:06:48.544,402.3420142530105,6
2024-09-17 14:06:48.622,402.3318915259904,12
2024-09-17 14:06:48.797,402.3158170667157,996
2024-09-17 14:06:48.799,402.3472338303529,13
2024-09-17 14:06:48.899,402.3474718507189,15
2024-09-17 14:06:49.022,402.33339956706266,12
2024-09-17 14:06:49.030,402.36063799846727,102
2024-09-17 14:06:49.085,402.3391545758917,6
2024-09-17 14:06:49.161,402.3830561297484,99
2024-09-17 14:06:49.179,402.3386897462332,10
2024-09-17 14:06:49.181,402.36901091600095,12
2024-09-17 14:06:49.189,402.3601898602004,104
2024-09-17 14:06:49.213,402.36337643526247,1004
2024-09-17 14:06:49.257,40.23830856922129,13
2024-09-17 14:06:49.332,402.3863012027292,1003
2024-09-17 14:06:49.372,402.37508799587465,1002
2024-09-17 14:06:49.431,402.3617955442976,105
2024-09-17 14:06:49.568,402.330952874028,12
2024-09-17 14:06:49.608,402.3428706067767,105
2024-09-17 14:06:49.749,402.39108226512775,10
2024-09-17 14:06:49.783,402.3883760609391,102
2024-09-17 14:06:49.787,402.3920448164589,12
2024-09-17 14:06:49.825,402.3268586194137,999
2024-09-17 14:06:49.827,402.3517519654092,10
2024-09-17 14:06:49.828,402.329041196769,98
2024-09-17 14:06:49.912,402.3288138272321,1005
2024-09-17 14:06:49.934,402.3938700020578,97
2024-09-17 14:06:49.937,402.3802547690785,101
2024-09-17 14:06:49.963,402.3664951705907,103
2024-09-17 14:06:50.056,402.3757703593338,104
2024-09-17 14:06:50.057,402.3513813392788,10
2024-09-17 14:06:50.147,402.4258454583646,13
2024-09-17 14:06:50.177,402.3484209263207,14
2024-09-17 14:06:50.214,402.4290518283438,1004
2024-09-17 14:06:50.241,402.37225287649824,1004
2024-09-17 14:06:50.249,402.34210548239656,96
2024-09-17 14:06:50.250,402.4164478540216,1000
2024-09-17 14:06:50.276,402.3901325628047,12
2024-09-17 14:06:50.300,402.427764855304,996
2024-09-17 14:06:50.335,402.391821735308,12
2024-09-17 14:06:50.345,402.3655815195439,97
2024-09-17 14:06:50.353,402.36151496180287,996
2024-09-17 14:06:50.388,402.4414833643653,5
2024-09-17 14:06:50.391,402.3519863871125,997
2024-09-17 14:06:50.406,402.4109091494362,100
2024-09-17 14:06:50.420,402.42349360677366,99
2024-09-17 14:06:50.460,402.366279942705,997
2024-09-17 14:06:50.534,402.3526134658192,95
2024-09-17 14:06:50.558,402.39567615991206,1001
2024-09-17 14:06:50.563,402.4127469636479,995
2024-09-17 14:06:50.624,402.4168058415877,9
2024-09-17 14:06:50.830,402.4262497271981,9
2024-09-17 14:06:50.889,402.3539960354725,1001
2024-09-17 14:06:50.901,402.3533925135,6
2024-09-17 14:06:50.987,402.36587302275166,999
2024-09-17 14:06:51.225,402.37498981116863,1004
2024-09-17 14:06:51.567,402.3593914631936,96
2024-09-17 14:06:51.581,402.3591222990727,99
2024-09-17 14:06:51.740,402.3583959248479,105
2024-09-17 14:06:51.756,402.3573406991089,12
2024-09-17 14:06:51.770,402.3649070199754,104
2024-09-17 14:06:51.811,402.3653067708689,6
2024-09-17 14:06:51.868,402.35913860904,7
2024-09-17 14:06:51.868,402.3521437129692,102
2024-09-17 14:06:51.978,402.36256248367744,99
2024-09-17 14:06:51.989,402.3702991943406,995
2024-09-17 14:06:52.091,402.33481865488096,15
2024-09-17 14:06:52.129,402.346034322944,1005
2024-09-17 14:06:52.216,402.332690609948,14
2024-09-17 14:06:52.231,402.34238830386727,13
2024-09-17 14:06:52.332,402.3582191893967,1003
2024-09-17 14:06:52.810,402.3460768598076,999
2024-09-17 14:06:52.871,402.3267031082579,6
2024-09-17 14:06:52.972,402.3527821282799,12
2024-09-17 14:06:53.128,-402.350485890412,11
2024-09-17 14:06:53.238,402.3437930662512,98
2024-09-17 14:06:53.287,402.3565713199077,997
2024-09-17 14:06:53.393,402.3408400952681,1003
2024-09-17 14:06:53.501,402.3277089991243,8
2024-09-17 14:06:53.641,402.329193587221,9
2024-09-17 14:06:53.698,402.3296551796821,96
2024-09-17 14:06:53.732,402.34008405107113,99
2024-09-17 14:06:53.883,402.3504619075077,97
2024-09-17 14:06:54.053,402.33964922205394,97
2024-09-17 14:06:54.057,402.3766590704839,1004
2024-09-17 14:06:54.064,402.3344712339631,1005
2024-09-17 14:06:54.155,402.34254961197047,998
2024-09-17 14:06:54.180,402.37747592964337,99
2024-09-17 14:06:54.257,402.3289503012824,1000
2024-09-17 14:06:54.266,402.3661399479121,1001
2024-09-17 14:06:54.337,402.3448105786495,7
2024-09-17 14:06:54.369,402.350258215741,996
2024-09-17 14:06:54.373,402.371101956821,1003
2024-09-17 14:06:54.529,402.3451848831679,1001
2024-09-17 14:06:54.541,402.3424618733059,996
2024-09-17 14:06:54.591,402.3446081069714,98
2024-09-17 14:06:54.597,402.32182287574096,95
2024-09-17 14:06:54.602,402.3407246360284,101
2024-09-17 14:06:54.636,402.3548367149039,999
2024-09-17 14:06:54.638,402.3305999964006,100
2024-09-17 14:06:54.640,402.3651361798742,8
2024-09-17 14:06:54.652,402.3669802703874,9
2024-09-17 14:06:54.666,402.3716263171388,11
2024-09-17 14:06:54.704,402.3258870149815,98
2024-09-17 14:06:54.753,402.3559082842533,99
2024-09-17 14:06:54.805,402.3592169889968,7
2024-09-17 14:06:54.872,402.3435628656095,1001
2024-09-17 14:06:54.899,402.34249844165936,98
2024-09-17 14:06:54.940,402.370210979707,1005
2024-09-17 14:06:54.955,402.3346938780842,13
2024-09-17 14:06:55.054,402.3256022064591,11
2024-09-17 14:06:55.065,402.34784100509086,1000
2024-09-17 14:06:55.093,402.35072955767714,5
2024-09-17 14:06:55.145,402.30540904290535,7
2024-09-17 14:06:55.324,,5
2024-09-17 14:06:55.485,402.3351441166735,12
2024-09-17 14:06:55.548,,9
2024-09-17 14:06:55.744,402.2933562224076,15
2024-09-17 14:06:55.841,402.2914240110183,98
2024-09-17 14:06:55.902,402.3196664433375,101
2024-09-17 14:06:55.918,402.3179936324344,104
2024-09-17 14:06:55.983,402.2987250218135,99
2024-09-17 14:06:56.006,402.3398906656639,100
2024-09-17 14:06:56.027,402.3162728346095,13
2024-09-17 14:06:56.133,-402.319902397002,1003
2024-09-17 14:06:56.166,402.3175465723245,1005
2024-09-17 14:06:56.234,402.3267611571449,1005
2024-09-17 14:06:56.250,402.29043707836615,7
2024-09-17 14:06:56.253,402.3046291131905,104
2024-09-17 14:06:56.264,402.2939359994231,5
2024-09-17 14:06:56.290,402.3413803499309,1001
2024-09-17 14:06:56.503,402.3076137607432,998
2024-09-17 14:06:56.544,402.3371163957789,15
2024-09-17 14:06:56.557,402.3267166796687,99
2024-09-17 14:06:56.572,402.3053369181116,10
2024-09-17 14:06:56.662,402.33727721264495,997
2024-09-17 14:06:56.746,402.3010003533598,1001
2024-09-17 14:06:56.808,402.32082635498017,105
2024-09-17 14:06:56.935,402.3390737855713,102
2024-09-17 14:06:56.939,402.28885288650696,100
2024-09-17 14:06:56.987,402.3236348861347,6
2024-09-17 14:06:57.044,402.3389909651759,997
2024-09-17 14:06:57.052,402.3365402110026,97
2024-09-17 14:06:57.084,402.33391713668,996
2024-09-17 14:06:57.156,402.34615574712507,15
2024-09-17 14:06:57.246,402.3253515476356,7
2024-09-17 14:06:57.262,402.34959029555256,998
2024-09-17 14:06:57.320,402.3186457061907,999
2024-09-17 14:06:57.330,402.32879103622,1000
2024-09-17 14:06:57.413,,8
2024-09-17 14:06:57.492,402.3459965425169,15
2024-09-17 14:06:57.507,402.34745203607457,14
2024-09-17 14:06:57.522,402.3108239344247,104
2024-09-17 14:06:57.542,402.3138804980045,5
2024-09-17 14:06:57.582,-402.33244528214215,96
2024-09-17 14:06:57.601,402.30786558813975,102
2024-09-17 14:06:57.626,402.3583334539597,104
2024-09-17 14:06:57.814,402.3259098949978,1005
2024-09-17 14:06:57.899,402.3396382801064,8
2024-09-17 14:06:57.906,402.3116941348343,1005
2024-09-17 14:06:58.199,402.3776759852265,102
2024-09-17 14:06:58.284,402.35469482681873,95
2024-09-17 14:06:58.370,402.33460434722815,100
2024-09-17 14:06:58.503,402.35017855630167,998
2024-09-17 14:06:58.513,402.3272226379888,995
2024-09-17 14:06:58.599,402.3618039432931,1004
2024-09-17 14:06:58.613,402.3782129944957,1000
2024-09-17 14:06:58.702,402.3328094204708,13
2024-09-17 14:06:58.722,402.3724307565823,98
2024-09-17 14:06:58.730,402.3541429228465,9
2024-09-17 14:06:58.776,402.3111068217423,104
2024-09-17 14:06:58.784,402.3430595537116,104
2024-09-17 14:06:59.005,402.3599142973349,9
2024-09-17 14:06:59.051,402.35397641212194,7
2024-09-17 14:06:59.089,402.3916759580508,101
2024-09-17 14:06:59.155,402.3308421002767,8
2024-09-17 14:06:59.177,402.3446503868269,10
2024-09-17 14:06:59.201,402.4109792825788,9
2024-09-17 14:06:59.203,402.3252348585151,995
2024-09-17 14:06:59.258,402.4040160530479,15
2024-09-17 14:06:59.263,402.3453239223529,104
2024-09-17 14:06:59.290,402.3477443361207,1004
2024-09-17 14:06:59.319,402.37042595413175,995
2024-09-17 14:06:59.329,402.3451946072128,95
2024-09-17 14:06:59.351,402.3440962828079,101
2024-09-17 14:06:59.375,402.3556559807951,5
2024-09-17 14:06:59.408,402.3351423655987,96
2024-09-17 14:06:59.447,402.3357780936474,6
2024-09-17 14:06:59.453,402.3390583310084,96
2024-09-17 14:06:59.554,402.4131009775442,1001
2024-09-17 14:06:59.625,402.4014814025342,997
2024-09-17 14:06:59.700,402.3771060550402,999
2024-09-17 14:06:59.717,402.4139318892569,10
2024-09-17 14:06:59.750,402.31929850221,1001
2024-09-17 14:06:59.762,402.3361385912793,1002
2024-09-17 14:06:59.788,402.3665618937852,998
2024-09-17 14:06:59.859,402.4089365438339,997
2024-09-17 14:06:59.918,402.3789712455799,100
