Timestamp,Price,Size
2024-09-18 13:09:00.027,415.7697858815221,98
2024-09-18 13:09:00.031,415.7659352512515,99
2024-09-18 13:09:00.056,415.73324580580737,98
2024-09-18 13:09:00.069,415.7670586228329,96
2024-09-18 13:09:00.091,415.754166939675,1000
2024-09-18 13:09:00.123,-415.7748027028984,102
2024-09-18 13:09:00.159,415.7532528410113,13
2024-09-18 13:09:00.189,415.7566540893285,11
2024-09-18 13:09:00.220,415.7710351292669,1005
2024-09-18 13:09:00.289,415.74641211777663,103
2024-09-18 13:09:00.333,415.7357103297504,999
2024-09-18 13:09:00.372,415.7430001645825,13
2024-09-18 13:09:00.425,415.75033793711873,5
2024-09-18 13:09:00.492,415.7625627130028,99
2024-09-18 13:09:00.589,415.7697687601668,15
2024-09-18 13:09:00.731,415.7554874835118,101
2024-09-18 13:09:00.772,415.7827439723467,7
2024-09-18 13:09:00.773,415.7348164914856,101
2024-09-18 13:09:00.787,415.7355745350768,13
2024-09-18 13:09:00.821,415.7317247193845,7
2024-09-18 13:09:00.840,415.7678091023633,995
2024-09-18 13:09:00.843,415.7401034088553,103
2024-09-18 13:09:00.902,415.7712950683117,1002
2024-09-18 13:09:00.939,415.7332598061338,1000
2024-09-18 13:09:00.944,415.7570120960655,12
2024-09-18 13:09:01.026,415.729462759157,1000
2024-09-18 13:09:01.065,415.7183634331016,100
2024-09-18 13:09:01.213,415.73436348036944,6
2024-09-18 13:09:02.028,415.8076199018822,102
2024-09-18 13:09:02.053,415.7334880734587,95
2024-09-18 13:09:02.151,415.7592772048068,105
2024-09-18 13:09:02.188,415.7542697715377,997
2024-09-18 13:09:02.251,415.7255355611913,11
2024-09-18 13:09:02.274,415.7274894333149,105
2024-09-18 13:09:02.361,415.7602553282616,9
2024-09-18 13:09:02.390,415.7388182285585,1002
2024-09-18 13:09:02.425,415.76786907087705,95
2024-09-18 13:09:02.467,415.74074368382026,998
2024-09-18 13:09:02.633,415.71641334532507,5
2024-09-18 13:09:02.807,415.749130399097,1001
2024-09-18 13:09:02.931,415.7692019254909,8
2024-09-18 13:09:02.934,415.7905565109148,15
2024-09-18 13:09:02.974,415.72282818571136,95
2024-09-18 13:09:02.984,415.7376076963929,97
2024-09-18 13:09:03.084,415.78923301694095,997
2024-09-18 13:09:03.409,415.824042231252,99
2024-09-18 13:09:03.439,415.8180664247168,15
2024-09-18 13:09:03.806,415.8104301853386,14
2024-09-18 13:09:03.912,415.7923094671305,104
2024-09-18 13:09:04.564,415.8079337185716,98
2024-09-18 13:09:05.005,415.7993133435602,98
2024-09-18 13:09:05.095,415.8716572606347,99
2024-09-18 13:09:05.096,415.83172146663065,104
2024-09-18 13:09:05.199,415.81237456830667,1001
2024-09-18 13:09:05.254,415.8094390906828,995
2024-09-18 13:09:05.281,415.8377511419692,8
2024-09-18 13:09:05.287,415.83789839031584,13
2024-09-18 13:09:05.378,415.85083460480735,96
2024-09-18 13:09:05.397,415.8387190474984,998
2024-09-18 13:09:05.585,415.8121132071371,997
2024-09-18 13:09:05.664,415.8059858781203,100
2024-09-18 13:09:05.694,415.8423606760019,997
2024-09-18 13:09:05.744,415.86898267819913,102
2024-09-18 13:09:05.764,415.8217014295148,999
2024-09-18 13:09:05.774,415.8472980897252,97
2024-09-18 13:09:05.859,415.8264247940276,1000
2024-09-18 13:09:05.952,415.8332378456116,8
2024-09-18 13:09:05.986,,95
2024-09-18 13:09:05.996,415.80049059389,13
2024-09-18 13:09:06.074,415.8619014052396,995
2024-09-18 13:09:06.211,415.84854802239033,10
2024-09-18 13:09:06.221,415.87455348647154,105
2024-09-18 13:09:06.305,415.85412594342,14
2024-09-18 13:09:06.321,415.8556550378474,13
2024-09-18 13:09:06.433,415.8435432583376,105
2024-09-18 13:09:06.445,415.85250592679085,8
2024-09-18 13:09:06.513,415.8657080581006,998
2024-09-18 13:09:06.659,415.8636616978275,101
2024-09-18 13:09:06.740,415.84918881861256,12
2024-09-18 13:09:06.896,415.85384200831095,95
2024-09-18 13:09:07.060,415.9378556469565,6
2024-09-18 13:09:07.327,415.9227824866072,1002
2024-09-18 13:09:07.347,415.9675316847507,998
2024-09-18 13:09:07.355,415.89872653787165,10
2024-09-18 13:09:07.424,415.8922895932906,95
2024-09-18 13:09:07.451,415.9784338136143,8
2024-09-18 13:09:07.454,415.9400201921141,102
2024-09-18 13:09:07.565,415.96649757982425,105
2024-09-18 13:09:07.685,415.94683205781786,14
2024-09-18 13:09:07.773,415.95482596150674,5
2024-09-18 13:09:07.853,415.9589856756101,995
2024-09-18 13:09:07.913,415.8687254769981,104
2024-09-18 13:09:07.917,415.96868034458345,100
2024-09-18 13:09:07.943,415.9135370386532,96
2024-09-18 13:09:08.186,415.9794683047146,96
2024-09-18 13:09:08.562,415.9641769154752,97
2024-09-18 13:09:08.670,415.9695038563128,104
2024-09-18 13:09:08.856,415.9511119365519,6
2024-09-18 13:09:09.073,415.8908298081199,6
2024-09-18 13:09:09.073,415.9345353709803,99
2024-09-18 13:09:09.081,415.9428666777595,996
2024-09-18 13:09:09.211,415.9349602466391,7
2024-09-18 13:09:09.212,415.9302634581479,996
2024-09-18 13:09:09.311,415.9234202893506,14
2024-09-18 13:09:09.331,415.92360583329565,1000
2024-09-18 13:09:09.399,415.9227272131977,102
2024-09-18 13:09:09.434,415.8743169425916,996
2024-09-18 13:09:09.437,415.92692658191856,1000
2024-09-18 13:09:09.481,415.927403748938,1001
2024-09-18 13:09:09.483,415.9019583200472,96
2024-09-18 13:09:09.502,415.9836064045962,97
2024-09-18 13:09:09.547,415.9285737239175,1004
2024-09-18 13:09:09.566,415.9229779606112,98
2024-09-18 13:09:09.569,415.9448395020231,99
2024-09-18 13:09:09.663,415.94495905620784,9
2024-09-18 13:09:09.688,,100
2024-09-18 13:09:09.697,415.9704379360974,1002
2024-09-18 13:09:09.717,415.9487838408802,97
2024-09-18 13:09:09.729,415.9362833651391,999
2024-09-18 13:09:09.760,415.9435435940724,995
2024-09-18 13:09:09.773,415.9269221246837,1002
2024-09-18 13:09:09.791,415.8889295559444,995
2024-09-18 13:09:09.894,415.93157615278665,10
2024-09-18 13:09:09.909,415.9254629924861,1003
2024-09-18 13:09:09.921,415.9402599645977,105
2024-09-18 13:09:10.012,415.8815537133368,96
2024-09-18 13:09:10.033,415.83770980035234,997
2024-09-18 13:09:10.068,415.86887062974927,10
2024-09-18 13:09:10.085,415.8719204870483,9
2024-09-18 13:09:10.123,415.8799580844379,103
2024-09-18 13:09:10.156,415.8613172171735,1000
2024-09-18 13:09:10.189,415.8531571904796,96
2024-09-18 13:09:10.192,415.84772838036406,1001
2024-09-18 13:09:10.261,415.8458400763598,998
2024-09-18 13:09:10.283,415.8607440176862,997
2024-09-18 13:09:10.339,415.86372063859454,12
2024-09-18 13:09:10.347,415.8421200747002,995
2024-09-18 13:09:10.440,415.86240628635625,11
2024-09-18 13:09:10.524,415.8892306430261,998
2024-09-18 13:09:10.609,415.8564912212179,15
2024-09-18 13:09:10.659,415.86753533819206,1000
2024-09-18 13:09:10.721,415.868140676336,97
2024-09-18 13:09:10.749,415.8556219235499,96
2024-09-18 13:09:10.766,415.8650312751645,103
2024-09-18 13:09:10.791,,103
2024-09-18 13:09:10.794,415.85530653097015,15
2024-09-18 13:09:10.880,415.8649996831922,999
2024-09-18 13:09:10.895,415.8919913506534,998
2024-09-18 13:09:11.087,415.8681482698981,104
2024-09-18 13:09:11.090,415.8624005340153,102
2024-09-18 13:09:11.182,415.8680940841305,9
2024-09-18 13:09:11.191,415.84995057881736,10
2024-09-18 13:09:11.330,415.8504593694476,1003
2024-09-18 13:09:11.387,415.8828491606793,96
2024-09-18 13:09:11.416,415.86860870500334,999
2024-09-18 13:09:11.481,415.8865888611458,996
2024-09-18 13:09:11.578,415.8690723101226,104
2024-09-18 13:09:11.609,415.89548645218815,995
2024-09-18 13:09:11.648,415.876072353183,97
2024-09-18 13:09:11.649,415.86608887638334,1005
2024-09-18 13:09:11.678,415.88568731199086,99
2024-09-18 13:09:11.710,415.8619177332741,9
2024-09-18 13:09:11.871,415.8748854214423,105
2024-09-18 13:09:11.922,415.8967003096563,1000
2024-09-18 13:09:11.935,415.8665097384662,999
2024-09-18 13:09:12.341,415.82982655045015,1004
2024-09-18 13:09:12.493,415.824737696421,10
2024-09-18 13:09:12.717,415.82710727737776,97
2024-09-18 13:09:12.841,415.8224604022841,101
2024-09-18 13:09:12.872,415.8187078011528,104
2024-09-18 13:09:13.006,-415.8367946438216,1003
2024-09-18 13:09:13.030,415.8762011196731,103
2024-09-18 13:09:13.082,415.8445821052652,96
2024-09-18 13:09:13.104,415.8348731629141,95
2024-09-18 13:09:13.157,415.82832865991,13
2024-09-18 13:09:13.202,415.87834382065455,97
2024-09-18 13:09:13.219,415.8349924907285,12
2024-09-18 13:09:13.327,415.86467096133873,1002
2024-09-18 13:09:13.658,415.8477955387149,1005
2024-09-18 13:09:13.704,415.8402504041242,98
2024-09-18 13:09:13.778,415.8714782913289,97
2024-09-18 13:09:13.805,415.854759949193,1002
2024-09-18 13:09:13.842,415.8480669748077,104
2024-09-18 13:09:13.907,415.85883959988,5
2024-09-18 13:09:13.956,415.872620159649,97
2024-09-18 13:09:13.962,415.8610622303113,12
2024-09-18 13:09:14.033,-415.8484081478432,96
2024-09-18 13:09:14.085,415.8860025695183,105
2024-09-18 13:09:14.107,415.8451921980939,5
2024-09-18 13:09:14.133,415.8538504138141,6
2024-09-18 13:09:14.164,415.8539832115088,103
2024-09-18 13:09:14.164,415.874871907367,996
2024-09-18 13:09:14.170,415.8588801754531,105
2024-09-18 13:09:14.197,415.8804476867084,97
2024-09-18 13:09:14.215,415.8681610378831,6
2024-09-18 13:09:14.278,415.85047222747545,10
2024-09-18 13:09:14.349,415.89341067382816,95
2024-09-18 13:09:14.427,415.857045595799,995
2024-09-18 13:09:14.543,415.83890144670295,5
2024-09-18 13:09:14.545,415.8562175751075,998
2024-09-18 13:09:14.553,415.8614432627374,10
2024-09-18 13:09:14.557,415.8472693044793,96
2024-09-18 13:09:14.594,415.8560779324792,11
2024-09-18 13:09:14.625,415.8829374056911,1000
2024-09-18 13:09:14.796,415.8688583382095,996
2024-09-18 13:09:14.809,,997
2024-09-18 13:09:14.829,415.8622008002996,100
2024-09-18 13:09:14.873,415.8624677135719,103
2024-09-18 13:09:14.919,415.8556753911759,103
2024-09-18 13:09:14.971,415.8742523680232,998
2024-09-18 13:09:15.006,415.863631314885,9
2024-09-18 13:09:15.045,415.8237355584381,1001
2024-09-18 13:09:15.073,415.84157739464376,7
2024-09-18 13:09:15.125,415.8900078015669,8
2024-09-18 13:09:15.131,415.8643798984945,10
2024-09-18 13:09:15.238,415.8704495891307,1005
2024-09-18 13:09:15.285,415.8373105330788,13
2024-09-18 13:09:15.346,415.8820512849922,996
2024-09-18 13:09:15.346,415.87424036860426,99
2024-09-18 13:09:15.358,415.85921984101856,13
2024-09-18 13:09:15.368,415.89715132209113,103
2024-09-18 13:09:15.376,415.86983514954005,1004
2024-09-18 13:09:15.382,415.8687372181049,13
2024-09-18 13:09:15.388,415.87351307848616,13
2024-09-18 13:09:15.395,415.8457494945415,96
2024-09-18 13:09:15.413,415.8437031529805,7
2024-09-18 13:09:15.448,415.8455503117274,998
2024-09-18 13:09:15.512,415.8745777807658,104
2024-09-18 13:09:15.566,415.8506490163931,6
2024-09-18 13:09:15.619,415.8505409452768,96
2024-09-18 13:09:15.627,415.84307424126325,105
2024-09-18 13:09:15.641,415.8574642503248,15
2024-09-18 13:09:15.744,415.86142724625046,14
2024-09-18 13:09:15.807,415.8428317317705,1002
2024-09-18 13:09:15.813,415.8388115275163,12
2024-09-18 13:09:15.837,415.8658909601487,5
2024-09-18 13:09:15.856,415.9014903515121,6
2024-09-18 13:09:15.871,415.8851080116135,103
2024-09-18 13:09:15.890,415.8854057081927,7
2024-09-18 13:09:15.917,415.83982502634245,7
2024-09-18 13:09:16.005,415.9407104897537,1003
2024-09-18 13:09:16.013,415.9350554994168,97
2024-09-18 13:09:16.067,415.9482671278904,101
2024-09-18 13:09:16.081,415.9565888635889,96
2024-09-18 13:09:16.118,415.93641464284,97
2024-09-18 13:09:16.178,415.9373061056503,10
2024-09-18 13:09:16.279,415.9513696907426,999
2024-09-18 13:09:16.335,415.925037448959,104
2024-09-18 13:09:16.353,415.9602108386569,1004
2024-09-18 13:09:16.416,,6
2024-09-18 13:09:16.434,415.91228929962426,7
2024-09-18 13:09:16.517,415.9324720011665,101
2024-09-18 13:09:16.556,415.95479592920367,95
2024-09-18 13:09:16.567,415.9502336848246,7
2024-09-18 13:09:16.568,415.9645822264517,105
2024-09-18 13:09:16.583,415.9274778704636,15
2024-09-18 13:09:16.584,415.9198114611522,97
2024-09-18 13:09:16.595,415.9672995083884,1002
2024-09-18 13:09:16.608,415.933054262595,1002
2024-09-18 13:09:16.654,415.9757481603306,1004
2024-09-18 13:09:16.654,415.92706794216826,12
2024-09-18 13:09:16.778,415.93695538736506,101
2024-09-18 13:09:16.837,415.9399415135369,5
2024-09-18 13:09:16.900,415.9455276567304,995
2024-09-18 13:09:16.950,415.97115590693886,1005
2024-09-18 13:09:16.983,415.9183716007001,5
2024-09-18 13:09:18.003,415.95857421168085,101
2024-09-18 13:09:20.275,415.9819785681297,1003
2024-09-18 13:09:20.285,415.9778935623812,100
2024-09-18 13:09:20.307,41.59764320807026,13
2024-09-18 13:09:20.595,415.97797997196153,7
2024-09-18 13:09:20.966,415.98912634755976,99
2024-09-18 13:09:21.011,415.9802602206349,6
2024-09-18 13:09:21.018,416.0532602390519,101
2024-09-18 13:09:21.027,416.0017073710319,5
2024-09-18 13:09:21.058,415.9731264284442,6
2024-09-18 13:09:21.091,416.0525661667283,996
2024-09-18 13:09:21.152,415.9826852302727,104
2024-09-18 13:09:21.161,416.0396882113953,96
2024-09-18 13:09:21.208,415.9665308658585,96
2024-09-18 13:09:21.293,415.9797101457689,5
2024-09-18 13:09:21.300,416.05517419983306,100
2024-09-18 13:09:21.308,415.98870385408753,12
2024-09-18 13:09:21.405,415.9690301317199,8
2024-09-18 13:09:21.419,416.0267050158005,5
2024-09-18 13:09:21.421,416.03480900908266,99
2024-09-18 13:09:21.454,416.0857586632141,102
2024-09-18 13:09:21.535,415.988861120194,105
2024-09-18 13:09:21.570,415.99697566280827,11
2024-09-18 13:09:21.577,415.9799808958729,102
2024-09-18 13:09:21.627,416.0584560910252,102
2024-09-18 13:09:21.654,415.9809908963413,15
2024-09-18 13:09:21.689,415.9623312886605,13
2024-09-18 13:09:21.710,416.05571146016223,1004
2024-09-18 13:09:21.721,416.07375319701686,100
2024-09-18 13:09:21.803,416.00209391428,998
2024-09-18 13:09:21.812,415.989307550791,101
2024-09-18 13:09:21.861,416.06148516917176,998
2024-09-18 13:09:21.966,416.0479891591214,99
2024-09-18 13:09:21.970,416.0750605671816,96
2024-09-18 13:09:22.159,416.0805695729705,95
2024-09-18 13:09:22.520,416.08911980198,1003
2024-09-18 13:09:22.534,416.09021934536696,103
2024-09-18 13:09:23.031,416.1041138520416,105
2024-09-18 13:09:23.106,416.1230920880981,13
2024-09-18 13:09:23.142,416.100386165631,5
2024-09-18 13:09:23.215,416.0895480769154,8
2024-09-18 13:09:23.224,416.1025702489717,99
2024-09-18 13:09:23.248,416.0857729519983,1002
2024-09-18 13:09:23.323,416.0817839487013,6
2024-09-18 13:09:23.398,416.0819278100601,103
2024-09-18 13:09:23.472,416.1000389560944,5
2024-09-18 13:09:23.476,416.0939595490868,13
2024-09-18 13:09:23.528,416.1037753704077,1000
2024-09-18 13:09:23.531,416.09487866564416,11
2024-09-18 13:09:23.583,416.1053519634862,9
2024-09-18 13:09:23.792,416.1023660767047,98
2024-09-18 13:09:23.916,,7
2024-09-18 13:09:23.928,416.09990347936736,15
2024-09-18 13:09:23.946,416.0934666184868,1001
2024-09-18 13:09:24.000,416.0870010694041,998
2024-09-18 13:09:24.024,416.0821118269015,5
2024-09-18 13:09:24.024,416.0887084469167,104
2024-09-18 13:09:24.112,416.0673941298765,1000
2024-09-18 13:09:24.127,416.051020270497,995
2024-09-18 13:09:24.205,416.0394485487127,9
2024-09-18 13:09:24.237,416.0619488183871,1001
2024-09-18 13:09:24.405,416.0757119251,100
2024-09-18 13:09:24.421,416.0289145253347,105
2024-09-18 13:09:24.429,416.034974375766,6
2024-09-18 13:09:24.437,416.02320475484777,13
2024-09-18 13:09:24.521,416.0473644858243,99
2024-09-18 13:09:24.615,416.02986973432616,1000
2024-09-18 13:09:24.639,416.0687192543636,101
2024-09-18 13:09:24.671,416.0963605935256,101
2024-09-18 13:09:24.719,416.0692358963318,101
2024-09-18 13:09:24.721,416.0294766555109,96
2024-09-18 13:09:24.778,416.0406978625963,10
2024-09-18 13:09:24.833,416.0598783302344,11
2024-09-18 13:09:24.954,416.0769103483156,1005
2024-09-18 13:09:24.971,416.041154111162,6
2024-09-18 13:09:24.988,416.0728125501392,6
2024-09-18 13:09:25.040,416.0101154975268,998
2024-09-18 13:09:25.311,415.9995981913107,98
2024-09-18 13:09:25.322,416.0621664627176,102
2024-09-18 13:09:25.336,416.0141237942138,997
2024-09-18 13:09:25.355,416.0054437195467,95
2024-09-18 13:09:25.361,416.0803466155521,104
2024-09-18 13:09:25.365,416.01041346815725,105
2024-09-18 13:09:25.382,416.0262122970141,8
2024-09-18 13:09:25.415,416.07878554600126,9
2024-09-18 13:09:25.454,416.08707396197616,95
2024-09-18 13:09:25.538,416.0084333515458,1000
2024-09-18 13:09:25.560,416.0160815660466,1003
2024-09-18 13:09:25.584,416.0643980820337,8
2024-09-18 13:09:25.619,416.04425645720266,995
2024-09-18 13:09:25.632,416.01729229434375,1001
2024-09-18 13:09:25.635,416.0267655559937,9
2024-09-18 13:09:25.689,416.0510496178503,10
2024-09-18 13:09:25.706,416.0066809948147,1004
2024-09-18 13:09:25.740,416.037048618171,999
2024-09-18 13:09:25.769,416.0112237787162,996
2024-09-18 13:09:25.796,416.0177390053436,12
2024-09-18 13:09:25.842,416.060941901721,1002
2024-09-18 13:09:25.961,415.99900235708753,12
2024-09-18 13:09:26.173,415.9838557493503,100
2024-09-18 13:09:26.216,415.99600158793857,8
2024-09-18 13:09:26.245,415.9803413121227,996
2024-09-18 13:09:26.249,415.999372667828,6
2024-09-18 13:09:26.488,415.99396984351887,6
2024-09-18 13:09:26.586,415.9825181346233,5
2024-09-18 13:09:26.978,415.9826322246775,11
2024-09-18 13:09:26.999,415.9927226457359,98
2024-09-18 13:09:27.009,416.0421350201745,1003
2024-09-18 13:09:27.079,415.9833664957723,6
2024-09-18 13:09:27.182,415.9801968239019,7
2024-09-18 13:09:27.421,416.0130290727256,102
2024-09-18 13:09:27.457,416.0257283158785,103
2024-09-18 13:09:27.601,415.9982569617359,8
2024-09-18 13:09:27.619,415.98897373372927,102
2024-09-18 13:09:27.693,416.0213266328212,1003
2024-09-18 13:09:27.768,416.0004533965407,1001
2024-09-18 13:09:27.800,416.0579166859519,1000
2024-09-18 13:09:27.936,415.9791241490464,101
2024-09-18 13:09:27.962,416.0289998774912,7
2024-09-18 13:09:27.967,416.0308459697749,11
2024-09-18 13:09:27.978,415.999073719522,105
2024-09-18 13:09:28.249,41.60753848913918,103
2024-09-18 13:09:28.398,416.09004037686,999
2024-09-18 13:09:28.407,416.0596145229475,1002
2024-09-18 13:09:28.443,416.04610357947024,1005
2024-09-18 13:09:28.531,416.04747077779285,101
2024-09-18 13:09:28.531,416.1221721079686,105
2024-09-18 13:09:28.566,416.0541583962996,999
2024-09-18 13:09:28.689,416.0824292130485,7
2024-09-18 13:09:28.715,416.0575822056336,9
2024-09-18 13:09:28.817,416.04686664466,1002
2024-09-18 13:09:28.837,416.0528090091885,99
2024-09-18 13:09:28.853,416.0483712429144,105
2024-09-18 13:09:28.914,416.07613217140846,101
2024-09-18 13:09:28.935,416.06379664936566,997
2024-09-18 13:09:28.984,416.09746539587405,1002
2024-09-18 13:09:29.010,416.1739932482087,1002
2024-09-18 13:09:29.098,416.17513657353294,999
2024-09-18 13:09:29.192,416.1428521744917,7
2024-09-18 13:09:29.213,416.1647721962412,97
2024-09-18 13:09:29.239,416.1779206326202,14
2024-09-18 13:09:29.341,416.1726984875692,995
2024-09-18 13:09:29.344,416.1695836119554,99
2024-09-18 13:09:29.416,416.1867520611665,998
2024-09-18 13:09:29.441,416.151329835726,100
2024-09-18 13:09:29.564,416.1989479083912,997
2024-09-18 13:09:29.595,416.18758154171127,14
2024-09-18 13:09:29.737,416.1913942327192,9
2024-09-18 13:09:29.858,416.19070491205946,98
2024-09-18 13:09:29.865,416.1855951130639,9
2024-09-18 13:09:29.868,416.1785715093711,98
2024-09-18 13:09:29.882,416.1856750207344,999
2024-09-18 13:09:29.954,416.197661001304,103
2024-09-18 13:09:29.954,416.1574944718454,1004
2024-09-18 13:09:29.961,416.1530694116592,11
2024-09-18 13:09:29.973,416.18402761609593,104
2024-09-18 13:09:30.023,416.1817169596537,1001
2024-09-18 13:09:30.024,416.172720634909,9
2024-09-18 13:09:30.032,416.18296516072,103
2024-09-18 13:09:30.046,416.1412705485173,1001
2024-09-18 13:09:30.070,416.189251343104,5
2024-09-18 13:09:30.090,416.1579992648648,99
2024-09-18 13:09:30.217,416.1760770223353,1003
2024-09-18 13:09:30.325,416.182639393391,9
2024-09-18 13:09:30.328,416.17856264637294,1001
2024-09-18 13:09:30.368,416.1560089741181,1002
2024-09-18 13:09:30.391,416.2000676846023,10
2024-09-18 13:09:30.408,416.19295669369313,999
2024-09-18 13:09:30.414,416.1708132622801,1002
2024-09-18 13:09:30.428,41.61850649555052,996
2024-09-18 13:09:30.429,416.183447579226,1003
2024-09-18 13:09:30.479,416.1433673798547,103
2024-09-18 13:09:30.527,416.1799760921805,997
2024-09-18 13:09:30.562,416.18466768174136,97
2024-09-18 13:09:30.573,416.20033984110415,99
2024-09-18 13:09:30.597,416.1759521821152,102
2024-09-18 13:09:30.687,416.1682930294463,11
2024-09-18 13:09:30.690,416.2085950642589,99
2024-09-18 13:09:30.745,416.17027696154673,1002
2024-09-18 13:09:30.774,416.1728492562916,11
2024-09-18 13:09:30.782,41.6138128674797,11
2024-09-18 13:09:30.783,416.173176958045,102
2024-09-18 13:09:30.826,416.161134360331,9
2024-09-18 13:09:30.895,416.1847486367399,996
2024-09-18 13:09:30.930,416.1939123559912,1002
2024-09-18 13:09:31.246,416.1309072807602,996
2024-09-18 13:09:31.806,416.1298316814766,103
2024-09-18 13:09:33.070,416.1431398694832,5
2024-09-18 13:09:33.207,416.1275951487186,95
2024-09-18 13:09:33.255,416.1557464581484,14
2024-09-18 13:09:33.272,416.1864135495677,999
2024-09-18 13:09:33.320,416.1783758755606,11
2024-09-18 13:09:33.338,416.1433679024384,5
2024-09-18 13:09:33.368,416.1639587162777,14
2024-09-18 13:09:33.403,416.1629874978426,1004
2024-09-18 13:09:33.447,416.16768766389015,98
2024-09-18 13:09:33.462,416.1597752590943,100
2024-09-18 13:09:33.471,416.1358791808088,996
2024-09-18 13:09:33.517,416.1175038030317,997
2024-09-18 13:09:33.518,416.1285946743801,8
2024-09-18 13:09:33.520,416.10685183363705,12
2024-09-18 13:09:33.552,416.1021018514452,5
2024-09-18 13:09:33.568,416.13172585988286,10
2024-09-18 13:09:33.594,416.1293345167874,5
2024-09-18 13:09:33.645,416.0970739431112,999
2024-09-18 13:09:33.678,416.09916107632006,15
2024-09-18 13:09:33.686,416.18568563541953,95
2024-09-18 13:09:33.730,416.1624761980029,98
2024-09-18 13:09:33.767,416.1776560075526,8
2024-09-18 13:09:33.789,416.15104303753947,13
2024-09-18 13:09:33.794,416.14573180321287,997
2024-09-18 13:09:33.796,416.1205584149365,95
2024-09-18 13:09:33.834,416.1771311855243,1005
2024-09-18 13:09:33.911,416.14772709974005,7
2024-09-18 13:09:33.915,416.1010985882714,96
2024-09-18 13:09:33.940,416.1810173941209,1003
2024-09-18 13:09:33.986,416.179594520219,15
2024-09-18 13:09:34.004,416.20812642406446,11
2024-09-18 13:09:34.098,416.1692089941509,98
2024-09-18 13:09:34.126,416.16824103464194,8
2024-09-18 13:09:34.196,416.204513943288,104
2024-09-18 13:09:34.220,416.1898888691754,97
2024-09-18 13:09:34.334,416.1565175618767,996
2024-09-18 13:09:34.413,416.15753921937335,1004
2024-09-18 13:09:34.416,416.2147141746152,12
2024-09-18 13:09:34.460,416.2048746818871,996
2024-09-18 13:09:34.555,416.2108215614992,1002
2024-09-18 13:09:34.565,416.1871948163404,104
2024-09-18 13:09:34.640,416.1541504914334,102
2024-09-18 13:09:34.643,416.19651239913617,7
2024-09-18 13:09:34.698,416.19354273047946,1003
2024-09-18 13:09:34.702,416.165075557496,8
2024-09-18 13:09:34.706,416.1852840378293,12
2024-09-18 13:09:34.712,416.1675831237072,11
2024-09-18 13:09:34.719,416.2297285207019,102
2024-09-18 13:09:34.742,416.1744737363829,95
2024-09-18 13:09:34.746,416.190627721079,1000
2024-09-18 13:09:34.805,416.19495860928095,1005
2024-09-18 13:09:34.820,416.2041178566277,95
2024-09-18 13:09:34.971,416.2015336464255,100
2024-09-18 13:09:35.046,416.12494407163695,104
2024-09-18 13:09:35.081,416.1341258717815,5
2024-09-18 13:09:35.131,416.12618286509945,6
2024-09-18 13:09:35.206,416.181003557322,999
2024-09-18 13:09:35.288,-416.1436936995011,99
2024-09-18 13:09:35.464,416.1952768666572,998
2024-09-18 13:09:35.768,416.1211540735175,1000
2024-09-18 13:09:35.820,416.1297009450992,1003
2024-09-18 13:09:35.855,416.1519671965767,98
2024-09-18 13:09:35.857,416.1252382536844,5
2024-09-18 13:09:35.873,416.1380116939307,96
2024-09-18 13:09:35.942,416.2088185478968,1001
2024-09-18 13:09:36.043,416.1641148230079,98
2024-09-18 13:09:36.084,41.61774208763592,1001
2024-09-18 13:09:36.093,416.1706738823463,1001
2024-09-18 13:09:36.135,416.1600986124676,1002
2024-09-18 13:09:36.184,416.1681187046036,95
2024-09-18 13:09:36.410,416.1785369640176,10
2024-09-18 13:09:36.479,416.1544463298325,997
2024-09-18 13:09:36.567,416.165090859798,13
2024-09-18 13:09:36.608,,998
2024-09-18 13:09:36.722,416.1652328871684,7
2024-09-18 13:09:36.785,416.1715764138639,995
2024-09-18 13:09:36.841,416.1512093947349,15
2024-09-18 13:09:36.955,416.1353881230976,13
2024-09-18 13:09:37.029,416.18533836810286,995
2024-09-18 13:09:37.287,416.1563384234627,1003
2024-09-18 13:09:37.340,416.1456182430295,1002
2024-09-18 13:09:37.443,416.182442203,98
2024-09-18 13:09:37.562,416.1468149789218,10
2024-09-18 13:09:38.183,416.1987755424423,1001
2024-09-18 13:09:38.473,416.19640904432725,998
2024-09-18 13:09:38.646,41.62043644151189,13
2024-09-18 13:09:38.849,416.1977865257591,5
2024-09-18 13:09:39.030,416.1048830409494,999
2024-09-18 13:09:39.043,416.1382786468519,13
2024-09-18 13:09:39.076,416.1772770781217,997
2024-09-18 13:09:39.130,416.1481440538117,1000
2024-09-18 13:09:39.132,416.12710302600914,1004
2024-09-18 13:09:39.143,416.1721766822691,13
2024-09-18 13:09:39.193,416.127942204416,1002
2024-09-18 13:09:39.249,416.1167126333702,103
2024-09-18 13:09:39.275,416.1586425417274,96
2024-09-18 13:09:39.278,416.1188354023095,9
2024-09-18 13:09:39.343,416.1600163973303,6
2024-09-18 13:09:39.344,416.1182862178407,103
2024-09-18 13:09:39.367,416.1381911989387,995
2024-09-18 13:09:39.390,416.164486389641,1000
2024-09-18 13:09:39.412,416.1170157220784,6
2024-09-18 13:09:39.445,416.2002566848227,5
2024-09-18 13:09:39.467,416.1608740862941,998
2024-09-18 13:09:39.492,416.1037617262356,995
2024-09-18 13:09:39.532,416.1751084174373,12
2024-09-18 13:09:39.539,416.1106382308975,14
2024-09-18 13:09:39.542,416.1127556644148,101
2024-09-18 13:09:39.583,,103
2024-09-18 13:09:39.605,416.1413846031745,12
2024-09-18 13:09:39.623,416.1443457638833,1001
2024-09-18 13:09:39.680,416.1247601278437,996
2024-09-18 13:09:39.708,416.1192276753692,1005
2024-09-18 13:09:39.944,416.099193030404,102
2024-09-18 13:09:39.951,416.1581634701121,105
2024-09-18 13:09:40.006,416.0954395247901,995
2024-09-18 13:09:40.037,416.06335386846393,105
2024-09-18 13:09:40.085,416.0511171004399,96
2024-09-18 13:09:40.103,416.0427705597178,12
2024-09-18 13:09:40.103,416.10639713803687,104
2024-09-18 13:09:40.224,416.04658299041466,1003
2024-09-18 13:09:40.237,416.03957920127294,96
2024-09-18 13:09:40.258,416.06041155038383,8
2024-09-18 13:09:40.298,416.0296297198194,10
2024-09-18 13:09:40.325,416.0222059618954,100
2024-09-18 13:09:40.363,416.0628439161932,5
2024-09-18 13:09:40.408,416.0582554485861,101
2024-09-18 13:09:40.443,416.03206866564784,999
2024-09-18 13:09:40.512,416.0646164343698,998
2024-09-18 13:09:40.557,416.07162519709146,8
2024-09-18 13:09:40.591,416.0389021477253,101
2024-09-18 13:09:40.606,416.059186677355,997
2024-09-18 13:09:40.801,416.08068153133775,13
2024-09-18 13:09:40.809,416.0364850173455,10
2024-09-18 13:09:40.862,416.0294266788714,5
2024-09-18 13:09:40.939,416.02804575684667,12
2024-09-18 13:09:40.958,416.0326785546931,97
2024-09-18 13:09:41.032,416.0245273050248,98
2024-09-18 13:09:41.095,416.045486028806,100
2024-09-18 13:09:41.243,416.03268986825054,1001
2024-09-18 13:09:41.847,416.0577734583021,997
2024-09-18 13:09:42.004,416.0789007695639,998
2024-09-18 13:09:42.012,416.1206484215816,999
2024-09-18 13:09:42.111,416.130723208467,12
2024-09-18 13:09:42.156,416.0634029223972,99
2024-09-18 13:09:42.208,416.1380160841349,6
2024-09-18 13:09:42.251,416.0739910304233,1004
2024-09-18 13:09:42.269,416.0748281849808,104
2024-09-18 13:09:42.291,416.05465874402046,9
2024-09-18 13:09:42.303,416.0720699059963,995
2024-09-18 13:09:42.306,416.09902779955473,98
2024-09-18 13:09:42.321,416.0890621769615,13
2024-09-18 13:09:42.351,416.0721364846403,101
2024-09-18 13:09:42.443,416.0660748359208,12
2024-09-18 13:09:42.531,416.08952395785656,11
2024-09-18 13:09:42.538,416.1420054931178,996
2024-09-18 13:09:42.551,416.1407744437888,14
2024-09-18 13:09:42.567,416.0545788314106,5
2024-09-18 13:09:42.590,416.1153036081956,103
2024-09-18 13:09:42.694,416.1120762797461,101
2024-09-18 13:09:42.721,416.070303882793,1005
2024-09-18 13:09:42.901,416.1457725626604,998
2024-09-18 13:09:42.943,416.0803573311488,9
2024-09-18 13:09:42.943,416.07472591927103,999
2024-09-18 13:09:42.949,416.0714350477777,101
2024-09-18 13:09:42.990,416.0985831322176,103
2024-09-18 13:09:42.996,416.0805981297608,997
2024-09-18 13:09:43.587,416.0849867794208,10
2024-09-18 13:09:43.687,416.09487675844383,101
2024-09-18 13:09:43.880,416.0966081735716,13
2024-09-18 13:09:44.008,416.159599420801,105
2024-09-18 13:09:44.085,416.1066062537048,9
2024-09-18 13:09:44.201,416.15906230696896,95
2024-09-18 13:09:44.337,416.0811455917116,11
2024-09-18 13:09:44.351,416.1103450915797,9
2024-09-18 13:09:44.385,416.091339674829,995
2024-09-18 13:09:44.419,416.1510516740301,102
2024-09-18 13:09:44.479,416.0935352905687,999
2024-09-18 13:09:44.569,416.0831765100635,97
2024-09-18 13:09:44.570,416.09766774149085,97
2024-09-18 13:09:44.624,416.1677404795997,1000
2024-09-18 13:09:44.696,416.162939307378,1003
2024-09-18 13:09:44.716,416.1308881188793,9
2024-09-18 13:09:44.776,416.1247815554598,101
2024-09-18 13:09:44.782,416.1529046735329,15
2024-09-18 13:09:44.795,416.1601221563732,13
2024-09-18 13:09:44.832,416.1298198478465,9
2024-09-18 13:09:44.854,416.1255646558976,998
2024-09-18 13:09:44.914,416.0957877639535,997
2024-09-18 13:09:44.929,416.1255246945538,5
2024-09-18 13:09:45.039,416.1770593450306,6
2024-09-18 13:09:45.231,416.2102925170161,101
2024-09-18 13:09:45.293,416.21114160652087,5
2024-09-18 13:09:45.354,416.1562253434147,5
2024-09-18 13:09:45.363,416.2329218128892,1001
2024-09-18 13:09:45.412,416.1604134888251,6
2024-09-18 13:09:45.492,416.18284603713823,998
2024-09-18 13:09:45.503,416.2118239790315,5
2024-09-18 13:09:45.569,416.1868872893956,104
2024-09-18 13:09:45.650,416.2042405456829,997
2024-09-18 13:09:45.986,416.2280979367524,5
2024-09-18 13:09:46.159,416.2348352371463,10
2024-09-18 13:09:46.213,416.21437178859145,102
2024-09-18 13:09:46.219,416.2428621133671,104
2024-09-18 13:09:46.279,416.2627607255801,8
2024-09-18 13:09:46.293,416.2413558335732,11
2024-09-18 13:09:46.369,416.2700761138485,101
2024-09-18 13:09:46.456,416.24204257552816,96
2024-09-18 13:09:46.505,416.22318957230505,1000
2024-09-18 13:09:46.512,416.2241496559705,1004
2024-09-18 13:09:46.602,416.23587995026566,1004
2024-09-18 13:09:46.911,416.2070779233,102
2024-09-18 13:09:46.921,416.2257448018176,997
2024-09-18 13:09:46.962,416.2515683431978,96
2024-09-18 13:09:47.032,416.2562075014554,1001
2024-09-18 13:09:47.209,416.2858856339428,1003
2024-09-18 13:09:47.238,416.2536103945112,104
2024-09-18 13:09:47.278,416.268681733815,1002
2024-09-18 13:09:47.343,416.2426597477837,101
2024-09-18 13:09:47.363,416.2281294851392,5
2024-09-18 13:09:47.376,416.21899567758845,102
2024-09-18 13:09:47.501,416.23410504798886,1003
2024-09-18 13:09:47.510,416.2424177057596,1005
2024-09-18 13:09:47.535,416.22054034605287,99
2024-09-18 13:09:47.605,416.2552074426759,996
2024-09-18 13:09:47.621,416.2210758674248,6
2024-09-18 13:09:47.647,416.2473644125682,996
2024-09-18 13:09:47.652,416.28003318715525,1000
2024-09-18 13:09:47.729,416.250254652932,1001
2024-09-18 13:09:47.760,416.2350297066794,1005
2024-09-18 13:09:47.762,416.2686099536164,995
2024-09-18 13:09:47.771,416.2125578155152,103
2024-09-18 13:09:47.800,416.2631835825929,14
2024-09-18 13:09:47.825,416.23846649995073,1005
2024-09-18 13:09:47.829,416.2449957898201,9
2024-09-18 13:09:47.835,416.2404105956421,10
2024-09-18 13:09:47.878,416.2334757511656,98
2024-09-18 13:09:47.890,416.26801737559134,996
2024-09-18 13:09:47.919,416.2428504486223,14
2024-09-18 13:09:47.946,416.26606797715687,5
2024-09-18 13:09:48.008,416.221280215367,7
2024-09-18 13:09:48.057,416.2290687650522,1004
2024-09-18 13:09:48.073,416.2201963658904,996
2024-09-18 13:09:48.133,416.222352755875,999
2024-09-18 13:09:48.148,416.2312480007946,9
2024-09-18 13:09:48.153,416.2573016736533,14
2024-09-18 13:09:48.273,416.2047792808127,1001
2024-09-18 13:09:48.287,416.205829937517,998
2024-09-18 13:09:48.316,416.2154904648421,99
2024-09-18 13:09:48.382,416.2199978778277,999
2024-09-18 13:09:48.477,416.2285811548021,1005
2024-09-18 13:09:48.516,416.2235173239048,9
2024-09-18 13:09:48.539,416.2157804870547,100
2024-09-18 13:09:48.570,416.2585143441417,95
2024-09-18 13:09:48.584,416.2181620622742,13
2024-09-18 13:09:48.617,416.2304320940575,997
2024-09-18 13:09:48.639,416.2183492345175,999
2024-09-18 13:09:48.755,416.2226450761374,13
2024-09-18 13:09:48.910,416.2340571469895,5
2024-09-18 13:09:48.942,416.2375098070714,10
2024-09-18 13:09:48.953,416.25737338973255,13
2024-09-18 13:09:49.116,-416.2146255325138,10
2024-09-18 13:09:49.212,416.2017639853684,7
2024-09-18 13:09:49.405,416.1958282931502,96
2024-09-18 13:09:49.440,416.2246679704139,996
2024-09-18 13:09:49.501,-416.2016390501993,101
2024-09-18 13:09:49.575,416.2054750414186,103
2024-09-18 13:09:49.610,416.2091147536267,10
2024-09-18 13:09:49.632,416.21349162972143,6
2024-09-18 13:09:49.779,416.2139566794305,998
2024-09-18 13:09:49.878,416.210147262657,1001
2024-09-18 13:09:49.910,416.230519732314,95
2024-09-18 13:09:49.910,416.2034120320808,95
2024-09-18 13:09:49.968,416.2187797955751,9
2024-09-18 13:09:50.033,416.22119540553297,100
2024-09-18 13:09:50.220,416.227739248014,997
2024-09-18 13:09:50.251,41.62355941153978,999
2024-09-18 13:09:50.465,416.2328451097728,100
2024-09-18 13:09:50.768,416.19047827492494,1004
2024-09-18 13:09:50.844,416.22893344625226,99
2024-09-18 13:09:50.847,416.2083344174845,1001
2024-09-18 13:09:50.885,416.2167500544003,101
2024-09-18 13:09:50.928,416.2453979530701,97
2024-09-18 13:09:50.978,416.2393415954932,102
2024-09-18 13:09:51.023,416.259041440322,1002
2024-09-18 13:09:51.094,416.2627484123896,105
2024-09-18 13:09:51.101,416.24048744534,101
2024-09-18 13:09:51.133,416.2865160457688,13
2024-09-18 13:09:51.136,416.2704421604517,100
2024-09-18 13:09:51.157,416.2664191340699,6
2024-09-18 13:09:51.169,416.2707890220044,1000
2024-09-18 13:09:51.205,416.2204276936706,995
2024-09-18 13:09:51.256,416.28523706372255,105
2024-09-18 13:09:51.398,416.2516875177262,1003
2024-09-18 13:09:51.537,416.2878296923126,97
2024-09-18 13:09:51.584,416.2615094067618,105
2024-09-18 13:09:51.620,416.25804805586375,100
2024-09-18 13:09:51.658,416.2685828332529,997
2024-09-18 13:09:51.684,416.277530503309,12
2024-09-18 13:09:51.753,416.26125421559016,999
2024-09-18 13:09:51.816,416.2901261023107,1001
2024-09-18 13:09:51.839,416.2623018953684,15
2024-09-18 13:09:51.851,416.2599096852055,999
2024-09-18 13:09:51.864,416.2599647835751,15
2024-09-18 13:09:51.869,416.28265508961806,99
2024-09-18 13:09:52.180,416.1383077975514,99
2024-09-18 13:09:52.181,416.17992386342246,1004
2024-09-18 13:09:52.336,416.2328201676543,15
2024-09-18 13:09:52.362,416.2025903516179,7
2024-09-18 13:09:52.526,416.17023920474975,103
2024-09-18 13:09:52.595,416.1618813719508,101
2024-09-18 13:09:52.679,416.1340351905881,98
2024-09-18 13:09:52.718,416.2301101710901,1002
2024-09-18 13:09:52.758,416.18670793051103,13
2024-09-18 13:09:53.006,416.1052551252303,13
2024-09-18 13:09:53.042,416.12900331667913,98
2024-09-18 13:09:53.148,416.098848353149,995
2024-09-18 13:09:53.189,416.117410487631,5
2024-09-18 13:09:53.355,416.10196298095775,996
2024-09-18 13:09:53.393,416.1285401944277,12
2024-09-18 13:09:53.417,416.1273704147165,998
2024-09-18 13:09:53.525,416.1241241775226,10
2024-09-18 13:09:53.564,416.1215049902247,98
2024-09-18 13:09:54.051,416.1369346470346,8
2024-09-18 13:09:54.079,416.0918343467748,7
2024-09-18 13:09:54.114,416.1350527381365,996
2024-09-18 13:09:54.131,416.1468213610335,1003
2024-09-18 13:09:54.155,416.0246292749131,999
2024-09-18 13:09:54.237,416.16169237913726,97
2024-09-18 13:09:54.279,416.1360772365696,999
2024-09-18 13:09:54.288,416.15092252285103,15
2024-09-18 13:09:54.296,416.14055752716536,103
2024-09-18 13:09:54.314,416.1651407501562,995
2024-09-18 13:09:54.319,416.16529636961656,101
2024-09-18 13:09:54.326,41.60517030837792,1001
2024-09-18 13:09:54.516,416.1402627021805,98
2024-09-18 13:09:54.522,416.11521492661296,11
2024-09-18 13:09:54.634,416.1513677272768,996
2024-09-18 13:09:54.718,416.1147817088964,98
2024-09-18 13:09:54.738,416.1405998511285,1001
2024-09-18 13:09:54.738,416.08141767412377,100
2024-09-18 13:09:54.794,416.1619241457983,1004
2024-09-18 13:09:54.795,416.0816702305974,10
2024-09-18 13:09:54.809,416.07387237620736,105
2024-09-18 13:09:54.833,416.1109138238217,996
2024-09-18 13:09:54.845,416.1576297572099,105
2024-09-18 13:09:54.914,416.13838689908505,7
2024-09-18 13:09:54.923,416.1328922800644,8
2024-09-18 13:09:54.972,416.1293668774816,105
2024-09-18 13:09:54.977,416.1394644763411,1004
2024-09-18 13:09:55.078,415.9388112684112,9
2024-09-18 13:09:55.082,415.9013735226843,996
2024-09-18 13:09:55.099,415.9676605578381,10
2024-09-18 13:09:55.148,415.91839246732,11
2024-09-18 13:09:55.224,415.9651489194741,98
2024-09-18 13:09:55.263,415.8830251938127,9
2024-09-18 13:09:55.270,415.8595532569816,10
2024-09-18 13:09:55.333,415.8299101956037,101
2024-09-18 13:09:55.333,415.9338790640855,96
2024-09-18 13:09:55.356,415.84631134492463,997
2024-09-18 13:09:55.369,415.81867648244486,997
2024-09-18 13:09:55.376,415.8343335391335,997
2024-09-18 13:09:55.381,415.9609020442856,998
2024-09-18 13:09:55.401,415.839394519448,13
2024-09-18 13:09:55.431,415.995677964838,997
2024-09-18 13:09:55.527,415.90774802010014,1004
2024-09-18 13:09:55.538,415.99331748431786,11
2024-09-18 13:09:55.545,415.9445539420603,996
2024-09-18 13:09:55.587,415.9100106131174,105
2024-09-18 13:09:55.605,415.91569187779686,11
2024-09-18 13:09:55.632,415.9486279918427,104
2024-09-18 13:09:55.750,415.9310960876141,995
2024-09-18 13:09:55.784,415.8849754542151,100
2024-09-18 13:09:55.794,416.0174924521008,7
2024-09-18 13:09:55.862,415.90525163722265,1004
2024-09-18 13:09:55.881,415.98360115794526,10
2024-09-18 13:09:55.985,415.9621675855853,998
2024-09-18 13:09:56.001,,997
2024-09-18 13:09:56.094,415.77591497101497,12
2024-09-18 13:09:56.163,415.7830818106775,1004
2024-09-18 13:09:56.169,415.7666770034375,10
2024-09-18 13:09:56.232,415.7594936671521,100
2024-09-18 13:09:56.236,415.7926015125737,99
2024-09-18 13:09:56.248,415.765085475477,101
2024-09-18 13:09:56.304,415.7639899961938,995
2024-09-18 13:09:56.333,415.77212844717553,10
2024-09-18 13:09:56.345,415.7774356112337,12
2024-09-18 13:09:56.350,415.7501369895772,103
2024-09-18 13:09:56.364,415.80758503612606,98
2024-09-18 13:09:56.428,415.8073441914475,1004
2024-09-18 13:09:56.433,415.7933047004302,95
2024-09-18 13:09:56.458,415.7918661134927,103
2024-09-18 13:09:56.473,415.7838250482842,1002
2024-09-18 13:09:56.514,415.78431897157327,11
2024-09-18 13:09:56.514,415.7847177684672,999
2024-09-18 13:09:56.550,415.780793209969,995
2024-09-18 13:09:56.554,415.79496531521033,5
2024-09-18 13:09:56.582,415.7975180394032,1002
2024-09-18 13:09:56.618,415.7955446246953,1005
2024-09-18 13:09:56.707,415.773492488868,11
2024-09-18 13:09:56.755,415.7625504541797,1000
2024-09-18 13:09:56.821,415.775865707632,998
2024-09-18 13:09:56.831,415.7858444954086,5
2024-09-18 13:09:56.845,415.7762445668454,1002
2024-09-18 13:09:56.864,415.8115037889058,10
2024-09-18 13:09:56.982,415.7638267602252,996
2024-09-18 13:09:57.011,415.7357366142703,98
2024-09-18 13:09:57.027,415.7086151161267,14
2024-09-18 13:09:57.090,415.79208387718427,14
2024-09-18 13:09:57.100,415.67475811063633,1004
2024-09-18 13:09:57.220,415.6965180123388,15
2024-09-18 13:09:57.268,415.68263102981086,96
2024-09-18 13:09:57.318,415.6958031784104,9
2024-09-18 13:09:57.398,-415.6726097986044,96
2024-09-18 13:09:57.438,415.792610845389,9
2024-09-18 13:09:57.467,415.7915898009628,7
2024-09-18 13:09:57.487,415.6671141300572,14
2024-09-18 13:09:57.503,415.6994970641349,104
2024-09-18 13:09:57.522,415.6816322548135,11
2024-09-18 13:09:57.608,415.75208080982657,996
2024-09-18 13:09:57.669,415.69909018691385,98
2024-09-18 13:09:57.674,415.7155173188557,5
2024-09-18 13:09:57.692,415.7292773049716,13
2024-09-18 13:09:57.697,415.67741867275896,103
2024-09-18 13:09:57.725,415.6761220036417,102
2024-09-18 13:09:57.769,415.6786123431079,995
2024-09-18 13:09:57.788,415.7760896653581,1003
2024-09-18 13:09:57.799,415.71980879751993,15
2024-09-18 13:09:57.819,415.6888446297452,95
2024-09-18 13:09:57.921,415.80664646966994,996
2024-09-18 13:09:57.952,415.6812430941859,8
2024-09-18 13:09:57.993,415.69000923055904,999
2024-09-18 13:09:58.115,415.6761026442226,998
2024-09-18 13:09:58.122,415.68232787717176,95
2024-09-18 13:09:58.200,415.68287381962966,95
2024-09-18 13:09:58.236,415.6680302854585,6
2024-09-18 13:09:58.355,415.6734729277981,97
2024-09-18 13:09:58.748,415.6837189536341,1001
2024-09-18 13:09:58.888,415.6581771904566,996
2024-09-18 13:09:58.955,415.67853420170434,5
2024-09-18 13:09:59.009,415.7049745529222,96
2024-09-18 13:09:59.072,415.6945804146183,1002
2024-09-18 13:09:59.267,415.7566268998911,5
2024-09-18 13:09:59.352,415.7673834062453,995
2024-09-18 13:09:59.380,415.7508824484043,1002
2024-09-18 13:09:59.400,415.69244127296986,1004
2024-09-18 13:09:59.414,415.7120920656682,103
2024-09-18 13:09:59.425,415.7535657338646,5
2024-09-18 13:09:59.480,415.7210140561892,997
2024-09-18 13:09:59.559,415.71003306024295,1001
2024-09-18 13:09:59.615,415.7169767524475,15
2024-09-18 13:09:59.622,415.77493621065264,97
2024-09-18 13:09:59.684,415.7595050994525,99
2024-09-18 13:09:59.714,415.7659599752752,6
2024-09-18 13:09:59.741,415.7686494235286,8
2024-09-18 13:09:59.762,415.7448547482549,995
2024-09-18 13:09:59.790,415.6996868704586,1003
2024-09-18 13:09:59.792,415.6877135444129,9
2024-09-18 13:09:59.844,415.74054642157125,10
2024-09-18 13:09:59.850,415.756220899405,6
2024-09-18 13:09:59.861,415.6986642251261,1005
2024-09-18 13:09:59.862,415.7280729419554,1003
2024-09-18 13:09:59.934,415.7089287316667,7
2024-09-18 13:09:59.960,415.7022647637115,15
2024-09-18 13:09:59.991,415.7622450850996,999
