Timestamp,Price,Size
2024-09-19 13:04:00.014,421.4396963709546,7
2024-09-19 13:04:00.110,421.44753659883247,7
2024-09-19 13:04:00.128,421.4348640731444,104
2024-09-19 13:04:00.128,421.44420803784567,1005
2024-09-19 13:04:00.217,421.46647613141937,8
2024-09-19 13:04:00.217,421.442202501998,102
2024-09-19 13:04:00.242,421.4427889152803,1004
2024-09-19 13:04:00.257,421.4553403781076,97
2024-09-19 13:04:00.388,421.4629401948795,1003
2024-09-19 13:04:00.440,421.45422042180667,998
2024-09-19 13:04:00.445,421.4517358060817,14
2024-09-19 13:04:00.561,421.4651615788112,97
2024-09-19 13:04:00.645,421.4641408829108,95
2024-09-19 13:04:00.651,421.4673889099919,99
2024-09-19 13:04:00.653,421.4405321382315,103
2024-09-19 13:04:00.675,421.46295453834506,8
2024-09-19 13:04:00.832,421.4537806897393,1001
2024-09-19 13:04:00.862,421.44364333908896,5
2024-09-19 13:04:00.970,421.450616082208,999
2024-09-19 13:04:01.021,421.50265300616,9
2024-09-19 13:04:01.036,421.4663693608607,12
2024-09-19 13:04:01.156,421.4462228509927,997
2024-09-19 13:04:01.183,421.4100181062586,10
2024-09-19 13:04:01.272,421.4578810669961,8
2024-09-19 13:04:01.296,421.4163457427486,6
2024-09-19 13:04:01.340,421.46892190851366,105
2024-09-19 13:04:01.415,421.45132476973794,101
2024-09-19 13:04:01.474,421.4447556588868,12
2024-09-19 13:04:01.531,421.4667783838133,13
2024-09-19 13:04:01.557,421.47657292360816,10
2024-09-19 13:04:01.592,421.4700121007471,999
2024-09-19 13:04:01.608,421.4984591477007,999
2024-09-19 13:04:01.711,42.14192641489174,9
2024-09-19 13:04:01.719,421.4138642370775,98
2024-09-19 13:04:01.719,421.4316204644367,103
2024-09-19 13:04:01.730,421.4477935115377,5
2024-09-19 13:04:01.741,421.4450640416407,999
2024-09-19 13:04:01.807,421.4933151876841,102
2024-09-19 13:04:01.876,,100
2024-09-19 13:04:01.910,421.4337449749385,8
2024-09-19 13:04:01.966,421.4501588094006,97
2024-09-19 13:04:02.013,421.4860670148472,6
2024-09-19 13:04:02.040,421.51201553764776,996
2024-09-19 13:04:02.106,,9
2024-09-19 13:04:02.187,421.53227793553606,14
2024-09-19 13:04:02.196,421.5175700955901,103
2024-09-19 13:04:02.198,421.46677149589175,102
2024-09-19 13:04:02.207,421.5144985137792,5
2024-09-19 13:04:02.234,421.514930239475,5
2024-09-19 13:04:02.240,421.52944753669993,11
2024-09-19 13:04:02.272,421.4893841588346,997
2024-09-19 13:04:02.304,421.5192156722076,7
2024-09-19 13:04:02.313,421.5028425055388,1002
2024-09-19 13:04:02.335,421.5354721039264,999
2024-09-19 13:04:02.471,421.51111649828937,1001
2024-09-19 13:04:02.496,421.54683487115096,10
2024-09-19 13:04:02.578,421.49554372207393,15
2024-09-19 13:04:02.618,421.55567212742017,102
2024-09-19 13:04:02.631,421.5595258087258,7
2024-09-19 13:04:02.726,421.5181350935353,1000
2024-09-19 13:04:02.742,421.49308982987446,1003
2024-09-19 13:04:02.785,421.4764498725951,104
2024-09-19 13:04:02.823,42.15213237866708,1002
2024-09-19 13:04:02.844,421.5292048550277,1001
2024-09-19 13:04:02.847,421.5283928282527,15
2024-09-19 13:04:02.906,-421.5128761936981,10
2024-09-19 13:04:03.007,421.5478619084522,1003
2024-09-19 13:04:03.027,421.54911044979366,998
2024-09-19 13:04:03.075,421.5062136937672,1004
2024-09-19 13:04:03.207,421.5525425141656,99
2024-09-19 13:04:03.243,421.5644780824258,98
2024-09-19 13:04:03.279,421.5448416987024,104
2024-09-19 13:04:03.361,421.55443188804,995
2024-09-19 13:04:03.397,421.5158189502636,1005
2024-09-19 13:04:03.477,421.5247718087697,11
2024-09-19 13:04:03.528,421.4995895997093,5
2024-09-19 13:04:03.603,421.5034331779401,7
2024-09-19 13:04:03.651,421.554437834712,1001
2024-09-19 13:04:03.785,421.5645088873718,12
2024-09-19 13:04:03.785,421.5340031395463,9
2024-09-19 13:04:04.020,421.53016516776006,15
2024-09-19 13:04:04.139,421.52693531248434,995
2024-09-19 13:04:04.187,421.5264540766113,98
2024-09-19 13:04:04.217,421.5130569986349,6
2024-09-19 13:04:04.217,421.55722327732974,14
2024-09-19 13:04:04.250,421.5235205888334,13
2024-09-19 13:04:04.293,421.5729303870347,1002
2024-09-19 13:04:04.405,421.560565151106,15
2024-09-19 13:04:04.420,421.5568186208442,12
2024-09-19 13:04:04.429,421.5725464303792,99
2024-09-19 13:04:04.582,421.5328957494268,998
2024-09-19 13:04:04.755,421.55970661526993,1001
2024-09-19 13:04:04.789,421.5269784842552,1002
2024-09-19 13:04:04.859,421.5064439317457,7
2024-09-19 13:04:05.019,421.6084478163622,15
2024-09-19 13:04:05.257,421.5981056564149,1001
2024-09-19 13:04:05.274,421.6096083237933,996
2024-09-19 13:04:05.347,421.6075899437538,95
2024-09-19 13:04:05.398,421.60685768010205,14
2024-09-19 13:04:05.437,421.5875113866351,10
2024-09-19 13:04:05.456,421.5953646548533,96
2024-09-19 13:04:05.490,421.59686902799865,1005
2024-09-19 13:04:05.536,421.5995521399239,96
2024-09-19 13:04:05.547,421.5923126970778,998
2024-09-19 13:04:05.770,421.58737535667535,104
2024-09-19 13:04:05.824,421.593805217037,997
2024-09-19 13:04:05.912,421.6062634497799,95
2024-09-19 13:04:06.078,421.6393258569861,1001
2024-09-19 13:04:06.221,421.6641837452552,100
2024-09-19 13:04:06.259,421.637251648793,96
2024-09-19 13:04:06.342,421.6033612868779,14
2024-09-19 13:04:06.390,421.59844528928255,101
2024-09-19 13:04:06.403,421.6170829532147,103
2024-09-19 13:04:06.477,421.60393181505975,1002
2024-09-19 13:04:06.496,421.6182326534523,105
2024-09-19 13:04:06.534,421.6462550810366,8
2024-09-19 13:04:06.545,421.59742918780086,9
2024-09-19 13:04:06.608,421.6375927953337,11
2024-09-19 13:04:06.766,421.6380966047565,102
2024-09-19 13:04:06.896,421.63326031364215,12
2024-09-19 13:04:06.915,421.6544726813714,12
2024-09-19 13:04:06.927,421.6091830288698,105
2024-09-19 13:04:07.026,421.65602909434415,999
2024-09-19 13:04:07.051,421.64962874352375,7
2024-09-19 13:04:07.150,421.63917724788,104
2024-09-19 13:04:07.191,421.67134571904313,1001
2024-09-19 13:04:07.268,421.6542552128525,1004
2024-09-19 13:04:07.302,421.66543886538767,1001
2024-09-19 13:04:07.327,421.6503905036786,1003
2024-09-19 13:04:07.353,421.6433461733936,100
2024-09-19 13:04:07.374,421.655227501519,103
2024-09-19 13:04:07.385,421.6300182422297,12
2024-09-19 13:04:07.407,421.6308667659092,5
2024-09-19 13:04:07.417,421.6477881534786,1005
2024-09-19 13:04:07.439,421.6474968133593,12
2024-09-19 13:04:07.467,421.6337286385847,5
2024-09-19 13:04:07.491,421.68591784654666,96
2024-09-19 13:04:07.540,421.6834920693846,12
2024-09-19 13:04:07.570,421.6277227396624,6
2024-09-19 13:04:07.609,421.6602654392377,1002
2024-09-19 13:04:07.685,421.6812770953472,1000
2024-09-19 13:04:07.704,421.6456177434531,999
2024-09-19 13:04:07.739,-421.6512015083263,11
2024-09-19 13:04:07.739,421.6412386758498,1005
2024-09-19 13:04:07.848,421.6226517673631,997
2024-09-19 13:04:07.855,421.63866887754665,98
2024-09-19 13:04:07.919,421.6446468058412,9
2024-09-19 13:04:07.936,421.6574594765237,1002
2024-09-19 13:04:07.973,421.64097832274,95
2024-09-19 13:04:07.989,421.6704745872729,105
2024-09-19 13:04:08.036,421.6524276403375,13
2024-09-19 13:04:08.040,421.6512194676103,9
2024-09-19 13:04:08.108,421.6235470931281,1004
2024-09-19 13:04:08.110,421.5714067987103,102
2024-09-19 13:04:08.167,421.57650542346624,995
2024-09-19 13:04:08.180,421.63653233433314,13
2024-09-19 13:04:08.183,421.58011563053446,6
2024-09-19 13:04:08.207,421.64570253725776,15
2024-09-19 13:04:08.287,,96
2024-09-19 13:04:08.294,421.6397612308245,9
2024-09-19 13:04:08.298,421.5841878120561,101
2024-09-19 13:04:08.308,421.6511432330609,999
2024-09-19 13:04:08.314,421.6488312481362,10
2024-09-19 13:04:08.347,421.65860942818966,102
2024-09-19 13:04:08.347,421.6093732909876,996
2024-09-19 13:04:08.389,421.6604297742283,5
2024-09-19 13:04:08.641,421.63936047915496,6
2024-09-19 13:04:08.690,421.5937073261972,998
2024-09-19 13:04:08.695,421.5548976747475,104
2024-09-19 13:04:08.703,421.6210954676234,9
2024-09-19 13:04:08.741,421.6388195847149,14
2024-09-19 13:04:08.867,421.6430448438592,103
2024-09-19 13:04:08.886,421.6442847099258,98
2024-09-19 13:04:08.911,421.6436799292021,98
2024-09-19 13:04:08.998,421.6457665475921,101
2024-09-19 13:04:09.032,421.6035763394081,13
2024-09-19 13:04:09.038,421.6325748235752,996
2024-09-19 13:04:09.127,421.6328205885778,15
2024-09-19 13:04:09.149,421.5862108562412,999
2024-09-19 13:04:09.220,421.5941960455706,999
2024-09-19 13:04:09.279,421.66089896029007,8
2024-09-19 13:04:09.279,421.6444822123468,8
2024-09-19 13:04:09.287,421.6011310362103,12
2024-09-19 13:04:09.307,421.613771037,1001
2024-09-19 13:04:09.324,421.582094166038,995
2024-09-19 13:04:09.482,421.58484919754153,995
2024-09-19 13:04:09.492,421.6112887319825,103
2024-09-19 13:04:09.507,421.56049595961167,997
2024-09-19 13:04:09.534,421.5849058168813,10
2024-09-19 13:04:09.534,421.6241869338614,12
2024-09-19 13:04:09.578,421.5575839954664,1004
2024-09-19 13:04:09.581,421.5564413142607,998
2024-09-19 13:04:09.583,421.58543225128017,1005
2024-09-19 13:04:09.606,421.5513277581147,11
2024-09-19 13:04:09.644,421.593331282224,13
2024-09-19 13:04:09.649,421.5928997005621,13
2024-09-19 13:04:09.669,421.5502596671528,7
2024-09-19 13:04:09.682,421.6270210510964,100
2024-09-19 13:04:09.762,421.5846917848416,103
2024-09-19 13:04:09.766,421.63998386750944,1001
2024-09-19 13:04:09.777,421.62842406804026,12
2024-09-19 13:04:09.830,421.5711168581892,99
2024-09-19 13:04:09.969,421.5549292164165,11
2024-09-19 13:04:09.970,421.59186624766494,997
2024-09-19 13:04:09.970,421.6276835898398,15
2024-09-19 13:04:10.011,421.6288304078916,99
2024-09-19 13:04:10.058,421.69346411346726,5
2024-09-19 13:04:10.080,421.6811456814149,11
2024-09-19 13:04:10.092,421.6357578178676,10
2024-09-19 13:04:10.096,421.5989970811833,99
2024-09-19 13:04:10.146,421.6609969640955,1002
2024-09-19 13:04:10.173,421.6448921914308,6
2024-09-19 13:04:10.358,421.6078630890229,5
2024-09-19 13:04:10.385,421.6205105806271,995
2024-09-19 13:04:10.436,421.6638713925408,6
2024-09-19 13:04:10.476,421.6352666169861,999
2024-09-19 13:04:10.485,421.67295052882673,999
2024-09-19 13:04:10.490,421.6193437955318,101
2024-09-19 13:04:10.516,421.6786196621513,14
2024-09-19 13:04:10.558,421.5869025616348,96
2024-09-19 13:04:10.626,421.598992138715,9
2024-09-19 13:04:10.770,421.6283103158887,6
2024-09-19 13:04:10.796,421.6451397897915,5
2024-09-19 13:04:10.800,421.5718312126136,10
2024-09-19 13:04:10.909,421.62734635929314,104
2024-09-19 13:04:10.914,421.6011867799297,8
2024-09-19 13:04:10.933,421.6045286399879,998
2024-09-19 13:04:10.953,421.6684827873448,1000
2024-09-19 13:04:11.045,421.5667290507712,1004
2024-09-19 13:04:11.190,421.550820913352,999
2024-09-19 13:04:11.269,421.54951136714544,996
2024-09-19 13:04:11.604,421.5421000648699,11
2024-09-19 13:04:11.926,421.55731894420177,996
2024-09-19 13:04:11.965,421.5427173257365,996
2024-09-19 13:04:12.007,421.5979736319317,96
2024-09-19 13:04:12.033,421.59228589902654,13
2024-09-19 13:04:12.130,421.6091170333592,101
2024-09-19 13:04:12.161,421.61382223034695,995
2024-09-19 13:04:12.197,421.5677685473905,102
2024-09-19 13:04:12.258,421.609570397836,100
2024-09-19 13:04:12.273,421.5997208699924,6
2024-09-19 13:04:12.329,421.60963638373175,997
2024-09-19 13:04:12.345,421.604803750804,1005
2024-09-19 13:04:12.519,421.6163506503415,999
2024-09-19 13:04:12.528,421.5792396083992,8
2024-09-19 13:04:12.573,421.55696121057525,1005
2024-09-19 13:04:12.582,421.6112778718492,99
2024-09-19 13:04:12.598,421.6283017207746,1004
2024-09-19 13:04:12.598,421.6238692470928,996
2024-09-19 13:04:12.627,421.61931233067696,15
2024-09-19 13:04:12.704,421.5684528169138,9
2024-09-19 13:04:12.761,421.6056815411819,996
2024-09-19 13:04:12.827,421.61292858455727,1004
2024-09-19 13:04:12.880,421.6165511204391,99
2024-09-19 13:04:12.880,421.6291204796193,9
2024-09-19 13:04:12.954,421.5286162295792,95
2024-09-19 13:04:13.003,421.5890689712333,105
2024-09-19 13:04:13.024,421.61509000352777,96
2024-09-19 13:04:13.054,421.5739694800508,99
2024-09-19 13:04:13.140,421.5902287280714,95
2024-09-19 13:04:13.146,421.5905924252844,102
2024-09-19 13:04:13.215,421.58458430329705,95
2024-09-19 13:04:13.287,421.5812726080241,995
2024-09-19 13:04:13.447,421.6066305752552,12
2024-09-19 13:04:13.450,421.5879659595765,11
2024-09-19 13:04:13.520,421.5864206123789,102
2024-09-19 13:04:13.537,421.5892505168928,10
2024-09-19 13:04:13.643,421.56451512108447,96
2024-09-19 13:04:13.670,421.6015339904181,5
2024-09-19 13:04:13.673,421.614058590046,999
2024-09-19 13:04:13.743,421.55057830687537,999
2024-09-19 13:04:13.760,421.589054971256,1000
2024-09-19 13:04:13.788,421.5604264861342,996
2024-09-19 13:04:13.845,421.5723703316021,98
2024-09-19 13:04:13.863,421.5473270798631,999
2024-09-19 13:04:13.868,421.6007299441827,1000
2024-09-19 13:04:13.926,421.617411523255,997
2024-09-19 13:04:14.117,421.6063727458823,5
2024-09-19 13:04:14.159,421.5988748888291,998
2024-09-19 13:04:14.165,421.55879434408575,1003
2024-09-19 13:04:14.188,421.5681393602353,998
2024-09-19 13:04:14.329,421.6006309979982,95
2024-09-19 13:04:14.348,421.5769890022321,10
2024-09-19 13:04:14.450,421.5922789809591,1002
2024-09-19 13:04:14.529,421.5601975177077,1001
2024-09-19 13:04:14.566,421.596482503968,11
2024-09-19 13:04:14.576,421.60267505848105,96
2024-09-19 13:04:14.666,421.5952800198728,100
2024-09-19 13:04:14.679,421.5919861838122,1001
2024-09-19 13:04:14.718,421.5929277945723,13
2024-09-19 13:04:14.756,421.5774913182561,1003
2024-09-19 13:04:14.778,421.5728258634285,104
2024-09-19 13:04:14.787,421.5695612844215,13
2024-09-19 13:04:14.824,421.58048804466273,98
2024-09-19 13:04:14.842,421.57222052893184,95
2024-09-19 13:04:14.869,421.5883808927194,1000
2024-09-19 13:04:14.945,421.5791336644165,103
2024-09-19 13:04:15.006,421.59538769592416,99
2024-09-19 13:04:15.015,421.560191609855,11
2024-09-19 13:04:15.022,421.5491821141272,996
2024-09-19 13:04:15.057,421.5387045576,96
2024-09-19 13:04:15.125,,12
2024-09-19 13:04:15.158,421.5540514878604,998
2024-09-19 13:04:15.235,421.5766461121699,997
2024-09-19 13:04:15.272,421.57906181603767,1005
2024-09-19 13:04:15.284,421.5721799230518,1002
2024-09-19 13:04:15.377,421.5569170733536,6
2024-09-19 13:04:15.390,421.58892258936703,999
2024-09-19 13:04:15.406,421.5450249410798,103
2024-09-19 13:04:15.415,421.5996492901891,102
2024-09-19 13:04:15.468,421.5737507542054,13
2024-09-19 13:04:15.473,421.589835242959,998
2024-09-19 13:04:15.481,421.55992424738287,100
2024-09-19 13:04:15.622,421.5678657894561,102
2024-09-19 13:04:15.634,421.6131180358621,100
2024-09-19 13:04:15.638,421.5393584985958,12
2024-09-19 13:04:15.684,421.5278328740533,995
2024-09-19 13:04:15.693,,105
2024-09-19 13:04:15.785,421.5878718624818,95
2024-09-19 13:04:15.828,421.58304511020935,995
2024-09-19 13:04:15.893,421.589508734277,15
2024-09-19 13:04:15.920,421.57795034864847,95
2024-09-19 13:04:15.929,421.6026692891878,1004
2024-09-19 13:04:15.940,421.57175494196497,996
2024-09-19 13:04:15.947,421.5533180257089,96
2024-09-19 13:04:15.958,421.5734512970645,1002
2024-09-19 13:04:15.968,421.6087656075312,1004
2024-09-19 13:04:16.230,421.576596582379,103
2024-09-19 13:04:16.366,421.56314517804265,95
2024-09-19 13:04:16.415,421.5830010670265,1003
2024-09-19 13:04:16.458,421.6060033359855,1001
2024-09-19 13:04:16.592,-421.5793829049791,98
2024-09-19 13:04:16.610,421.594518807996,104
2024-09-19 13:04:16.678,421.58114038576986,12
2024-09-19 13:04:16.695,421.57280778128506,5
2024-09-19 13:04:16.859,421.5837706028103,998
2024-09-19 13:04:17.069,421.64463368008745,1000
2024-09-19 13:04:17.266,421.6140825148945,998
2024-09-19 13:04:17.273,421.6095694316873,9
2024-09-19 13:04:17.333,421.6370648800285,14
2024-09-19 13:04:17.353,421.61117113863617,999
2024-09-19 13:04:17.391,421.6297648550204,1005
2024-09-19 13:04:17.428,421.6154110222001,105
2024-09-19 13:04:17.521,421.61094689389466,103
2024-09-19 13:04:17.593,421.6106088161612,97
2024-09-19 13:04:17.603,421.6026801758401,995
2024-09-19 13:04:17.711,421.6022819223071,1001
2024-09-19 13:04:17.746,421.6047631082389,96
2024-09-19 13:04:17.954,421.6095916262842,15
2024-09-19 13:04:17.984,42.16361810907221,998
2024-09-19 13:04:18.020,421.5527106013421,103
2024-09-19 13:04:18.031,421.55015531692,97
2024-09-19 13:04:18.093,421.5462740371264,104
2024-09-19 13:04:18.138,421.5711610258397,996
2024-09-19 13:04:18.258,421.5599162550448,13
2024-09-19 13:04:18.259,421.514276569232,14
2024-09-19 13:04:18.260,421.5812106919802,997
2024-09-19 13:04:18.265,-421.57193794452905,998
2024-09-19 13:04:18.266,421.5623932377739,99
2024-09-19 13:04:18.310,421.5569944976816,10
2024-09-19 13:04:18.364,421.57636932261823,11
2024-09-19 13:04:18.447,421.57724714853873,8
2024-09-19 13:04:18.456,421.5328168454844,95
2024-09-19 13:04:18.460,421.5748815638004,102
2024-09-19 13:04:18.466,421.589224542504,97
2024-09-19 13:04:18.509,421.56057127654526,105
2024-09-19 13:04:18.550,421.5456487055222,15
2024-09-19 13:04:18.624,421.56086853370994,12
2024-09-19 13:04:18.640,421.5392724618806,96
2024-09-19 13:04:18.641,421.5413353762481,103
2024-09-19 13:04:18.700,421.5623106504914,7
2024-09-19 13:04:18.764,421.53221973743337,1000
2024-09-19 13:04:18.815,421.580609762632,1004
2024-09-19 13:04:18.894,421.5648641618455,1005
2024-09-19 13:04:18.955,421.549256227259,15
2024-09-19 13:04:19.011,421.622896941306,97
2024-09-19 13:04:19.071,421.5877830184384,14
2024-09-19 13:04:19.132,421.6484362626554,5
2024-09-19 13:04:19.160,421.6171301058876,13
2024-09-19 13:04:19.161,421.6405639611066,11
2024-09-19 13:04:19.165,421.5854408076663,102
2024-09-19 13:04:19.178,421.6799271811981,1002
2024-09-19 13:04:19.239,421.58480232879,14
2024-09-19 13:04:19.335,421.6170857033563,10
2024-09-19 13:04:19.363,421.68668791552886,996
2024-09-19 13:04:19.407,421.6448259675337,7
2024-09-19 13:04:19.459,421.60984263290425,13
2024-09-19 13:04:19.509,421.59560925448096,9
2024-09-19 13:04:19.513,421.64408936192376,102
2024-09-19 13:04:19.563,421.59790675872887,5
2024-09-19 13:04:19.597,421.6063344910697,101
2024-09-19 13:04:19.614,421.65791186979976,15
2024-09-19 13:04:19.622,421.5814356682974,14
2024-09-19 13:04:19.806,421.6288540430846,11
2024-09-19 13:04:19.920,421.63939605419336,10
2024-09-19 13:04:19.949,421.6507205484813,102
2024-09-19 13:04:19.957,421.667712948887,1004
2024-09-19 13:04:20.001,421.6519729514967,995
2024-09-19 13:04:20.088,421.670503656499,1000
2024-09-19 13:04:20.137,421.6460093087824,105
2024-09-19 13:04:20.199,421.6518156049858,101
2024-09-19 13:04:20.250,421.6543113982953,5
2024-09-19 13:04:20.395,421.6439383084735,103
2024-09-19 13:04:20.549,421.660585842067,1001
2024-09-19 13:04:20.623,421.6327723572888,95
2024-09-19 13:04:20.781,421.6481405259099,101
2024-09-19 13:04:21.041,421.67165607238246,995
2024-09-19 13:04:22.283,421.6624508240264,12
2024-09-19 13:04:22.297,421.6642241807085,999
2024-09-19 13:04:22.633,421.6681822423288,8
2024-09-19 13:04:22.817,421.6650964212111,14
2024-09-19 13:04:23.043,421.7170590446579,103
2024-09-19 13:04:23.076,421.6705084992471,1002
2024-09-19 13:04:23.110,421.7258348243339,6
2024-09-19 13:04:23.132,-421.7345178080628,14
2024-09-19 13:04:23.139,421.6708636836768,101
2024-09-19 13:04:23.163,421.7339718779351,7
2024-09-19 13:04:23.268,421.7075305756624,1005
2024-09-19 13:04:23.411,421.7400076840178,97
2024-09-19 13:04:23.413,421.7189011908685,10
2024-09-19 13:04:23.430,421.6667259103851,102
2024-09-19 13:04:23.503,421.736709184655,10
2024-09-19 13:04:23.512,421.6776936584693,6
2024-09-19 13:04:23.548,-421.689940379463,1004
2024-09-19 13:04:23.554,421.690315607041,5
2024-09-19 13:04:23.625,421.737272725975,101
2024-09-19 13:04:23.657,421.735165244024,13
2024-09-19 13:04:23.702,421.7353770480439,6
2024-09-19 13:04:23.722,421.7269439964954,95
2024-09-19 13:04:23.770,421.6749085078605,103
2024-09-19 13:04:23.781,421.6666265930765,101
2024-09-19 13:04:23.785,421.6655546796467,1004
2024-09-19 13:04:23.792,421.6972587730328,99
2024-09-19 13:04:23.848,421.7148833470262,6
2024-09-19 13:04:23.896,421.7247629935372,102
2024-09-19 13:04:23.928,421.6974474579868,8
2024-09-19 13:04:23.947,421.7279106665055,9
2024-09-19 13:04:23.950,421.68611122489193,1005
2024-09-19 13:04:23.964,421.6808091915185,95
2024-09-19 13:04:24.175,421.7235087120357,97
2024-09-19 13:04:24.379,421.7307390320012,9
2024-09-19 13:04:24.392,421.7541890430108,103
2024-09-19 13:04:24.614,421.7408971567603,102
2024-09-19 13:04:24.652,421.7519561584908,100
2024-09-19 13:04:24.713,421.74859337959936,7
2024-09-19 13:04:24.955,421.7446035277589,1004
2024-09-19 13:04:25.013,421.74459937464286,102
2024-09-19 13:04:25.040,421.7458056927409,15
2024-09-19 13:04:25.215,421.7578623903242,1003
2024-09-19 13:04:25.691,421.7697277795357,996
2024-09-19 13:04:25.841,,999
2024-09-19 13:04:26.183,421.7188759069047,12
2024-09-19 13:04:26.442,421.7194828639622,1003
2024-09-19 13:04:26.616,421.72681547242166,105
2024-09-19 13:04:26.729,421.7290060965976,8
2024-09-19 13:04:26.986,421.7176796013951,1002
2024-09-19 13:04:28.169,421.79524823627935,5
2024-09-19 13:04:28.171,421.75592618207065,105
2024-09-19 13:04:28.228,421.8527483966055,1001
2024-09-19 13:04:28.237,421.7986158520224,1000
2024-09-19 13:04:28.257,421.8227623854371,98
2024-09-19 13:04:28.275,421.826525749552,998
2024-09-19 13:04:28.293,421.859662003571,12
2024-09-19 13:04:28.563,421.84146194338166,9
2024-09-19 13:04:28.750,,998
2024-09-19 13:04:28.761,421.82864917372,8
2024-09-19 13:04:28.780,421.8532082367034,14
2024-09-19 13:04:28.803,421.82571686001927,14
2024-09-19 13:04:28.811,421.8403757673969,8
2024-09-19 13:04:28.832,421.8532487915717,97
2024-09-19 13:04:28.890,421.7875399392003,102
2024-09-19 13:04:29.016,421.8303665633644,103
2024-09-19 13:04:29.061,42.18210947104132,104
2024-09-19 13:04:29.091,421.85760276913567,1001
2024-09-19 13:04:29.124,421.8383624668312,101
2024-09-19 13:04:29.188,421.8531055734863,12
2024-09-19 13:04:29.229,421.8259079338124,96
2024-09-19 13:04:29.236,421.8354083718627,8
2024-09-19 13:04:29.289,421.8397779097122,1000
2024-09-19 13:04:29.321,421.8323174964928,8
2024-09-19 13:04:29.386,421.8352006057869,996
2024-09-19 13:04:29.506,421.80973901424295,100
2024-09-19 13:04:29.640,421.8502179727225,100
2024-09-19 13:04:29.827,421.86102477661154,9
2024-09-19 13:04:29.844,421.8407638717197,104
2024-09-19 13:04:29.849,421.83164855897417,13
2024-09-19 13:04:29.926,421.8351736211421,11
2024-09-19 13:04:30.343,421.8106049907256,996
2024-09-19 13:04:30.735,421.8327552900846,102
2024-09-19 13:04:31.204,421.76672926050486,1001
2024-09-19 13:04:31.267,421.7396043100018,11
2024-09-19 13:04:31.334,421.7290028045775,11
2024-09-19 13:04:31.405,421.8076777409289,105
2024-09-19 13:04:31.724,421.7796578223655,998
2024-09-19 13:04:31.849,421.7437538594442,97
2024-09-19 13:04:32.015,421.6984450731448,105
2024-09-19 13:04:32.120,421.7094840433494,1005
2024-09-19 13:04:32.155,421.7018823726915,6
2024-09-19 13:04:32.347,421.7173836509039,996
2024-09-19 13:04:32.368,421.6984484655121,103
2024-09-19 13:04:32.399,421.7080337826794,999
2024-09-19 13:04:32.436,421.71078934673903,97
2024-09-19 13:04:32.465,421.7134956715551,998
2024-09-19 13:04:32.590,421.7176925534296,10
2024-09-19 13:04:32.790,-421.7136603667088,5
2024-09-19 13:04:32.960,421.7178443444495,15
2024-09-19 13:04:33.011,-421.7033839947292,995
2024-09-19 13:04:33.042,421.7048473043509,998
2024-09-19 13:04:33.157,421.69685737611286,105
2024-09-19 13:04:33.186,421.7080042949745,8
2024-09-19 13:04:33.365,421.67665972549656,104
2024-09-19 13:04:33.692,421.66363865184536,95
2024-09-19 13:04:33.863,421.6981667532861,1002
2024-09-19 13:04:33.889,421.6974992958281,10
2024-09-19 13:04:33.946,421.68188511731705,1001
2024-09-19 13:04:34.013,421.6776953825898,105
2024-09-19 13:04:34.054,421.6549016391071,8
2024-09-19 13:04:34.096,421.6530402275772,100
2024-09-19 13:04:34.154,421.68985346676186,1004
2024-09-19 13:04:34.331,421.6714696983985,1002
2024-09-19 13:04:34.350,421.6457357268774,1002
2024-09-19 13:04:34.435,421.6496637902702,1002
2024-09-19 13:04:34.451,42.165159766479015,1001
2024-09-19 13:04:34.482,421.6610442930605,95
2024-09-19 13:04:34.540,421.6950423167553,995
2024-09-19 13:04:34.582,421.65964600528696,12
2024-09-19 13:04:34.655,421.6536567681798,14
2024-09-19 13:04:34.717,421.6599526312157,8
2024-09-19 13:04:34.739,421.6583149083772,9
2024-09-19 13:04:34.763,421.6634192821389,97
2024-09-19 13:04:34.798,421.6628846610859,1003
2024-09-19 13:04:34.803,421.6550928905409,103
2024-09-19 13:04:34.806,421.6400497178764,102
2024-09-19 13:04:34.850,421.6444388400794,997
2024-09-19 13:04:34.899,421.6993229660108,8
2024-09-19 13:04:35.168,421.6128529717469,998
2024-09-19 13:04:35.244,421.6326185605952,1003
2024-09-19 13:04:35.246,421.5992791510028,1001
2024-09-19 13:04:35.302,421.606259270809,102
2024-09-19 13:04:35.401,421.5978800248718,12
2024-09-19 13:04:35.428,421.60530873448926,99
2024-09-19 13:04:35.439,421.6039363045877,7
2024-09-19 13:04:35.549,421.62147305002486,96
2024-09-19 13:04:35.549,421.6021322615481,997
2024-09-19 13:04:35.589,421.6064392880654,102
2024-09-19 13:04:35.606,421.60455576225297,997
2024-09-19 13:04:35.626,421.610101881708,12
2024-09-19 13:04:35.679,421.6156942366755,101
2024-09-19 13:04:35.734,421.63778642734167,100
2024-09-19 13:04:35.782,421.6019079354591,9
2024-09-19 13:04:35.821,421.651202378376,100
2024-09-19 13:04:35.825,421.62147126860856,12
2024-09-19 13:04:35.829,421.5962213425415,13
2024-09-19 13:04:35.832,421.60458452986666,999
2024-09-19 13:04:35.890,421.5957066381152,1003
2024-09-19 13:04:36.086,421.6379683436449,12
2024-09-19 13:04:36.115,421.7006702489736,999
2024-09-19 13:04:36.182,421.7258531486096,14
2024-09-19 13:04:36.187,421.6709506491868,104
2024-09-19 13:04:36.267,421.64211578857226,13
2024-09-19 13:04:36.279,421.6426907534606,15
2024-09-19 13:04:36.352,421.6173603943837,9
2024-09-19 13:04:36.389,421.64884665900576,1003
2024-09-19 13:04:36.441,421.7118443596335,998
2024-09-19 13:04:36.459,421.64161074324153,996
2024-09-19 13:04:36.470,421.6445806533821,96
2024-09-19 13:04:36.474,421.71066445327216,1003
2024-09-19 13:04:36.504,421.6450344667746,1002
2024-09-19 13:04:36.509,421.6316793021816,105
2024-09-19 13:04:36.560,421.6420333001354,1004
2024-09-19 13:04:36.562,421.634247343808,10
2024-09-19 13:04:36.664,421.7225517270058,13
2024-09-19 13:04:36.786,421.6465492961022,997
2024-09-19 13:04:36.797,421.61908474242654,105
2024-09-19 13:04:36.822,421.6913602483353,95
2024-09-19 13:04:36.834,421.6969654568108,1003
2024-09-19 13:04:36.862,421.6382281885925,10
2024-09-19 13:04:36.956,421.660018211976,1005
2024-09-19 13:04:37.267,421.7120001770501,100
2024-09-19 13:04:37.422,421.6980104683972,101
2024-09-19 13:04:37.450,421.7171153533815,6
2024-09-19 13:04:37.547,421.7026032367849,13
2024-09-19 13:04:37.576,421.73517002418527,9
2024-09-19 13:04:37.729,421.7425473335075,1003
2024-09-19 13:04:37.736,421.7257100122511,103
2024-09-19 13:04:37.748,421.718596831576,13
2024-09-19 13:04:37.770,421.7196961223658,101
2024-09-19 13:04:38.013,421.6997596537165,1001
2024-09-19 13:04:38.030,421.7011950359609,95
2024-09-19 13:04:38.106,421.6922085813863,999
2024-09-19 13:04:38.122,421.7946669542282,99
2024-09-19 13:04:38.127,421.7614864685581,6
2024-09-19 13:04:38.142,421.7558915806686,96
2024-09-19 13:04:38.233,421.7638598324088,11
2024-09-19 13:04:38.392,421.7547763374603,6
2024-09-19 13:04:38.411,421.6994751837586,9
2024-09-19 13:04:38.421,421.8084620712435,8
2024-09-19 13:04:38.485,421.7895904060957,10
2024-09-19 13:04:38.533,421.7962426779657,100
2024-09-19 13:04:38.566,421.71212381057694,998
2024-09-19 13:04:38.639,,6
2024-09-19 13:04:38.669,421.73657339872057,1000
2024-09-19 13:04:38.671,421.6840449217247,101
2024-09-19 13:04:38.817,421.7901508067893,103
2024-09-19 13:04:38.878,421.6829514929821,104
2024-09-19 13:04:38.879,421.7636133545518,997
2024-09-19 13:04:38.952,421.7175351876235,97
2024-09-19 13:04:38.987,421.683938666968,101
2024-09-19 13:04:39.018,421.77304751250415,11
2024-09-19 13:04:39.233,421.7686724108833,96
2024-09-19 13:04:39.598,421.77882741362976,104
2024-09-19 13:04:39.610,421.7980642040448,10
2024-09-19 13:04:39.680,421.7986323395203,7
2024-09-19 13:04:39.688,421.7873575113238,7
2024-09-19 13:04:39.808,421.7782296883108,998
2024-09-19 13:04:39.926,421.76510039434,1000
2024-09-19 13:04:40.031,421.85098835482887,101
2024-09-19 13:04:40.040,421.825583383216,103
2024-09-19 13:04:40.092,421.8042409793208,105
2024-09-19 13:04:40.162,421.8404981710618,8
2024-09-19 13:04:40.175,421.8292767596768,6
2024-09-19 13:04:40.188,421.8188966389124,104
2024-09-19 13:04:40.210,421.8416303594592,97
2024-09-19 13:04:40.230,421.80727707463393,5
2024-09-19 13:04:40.383,421.81465222913937,95
2024-09-19 13:04:40.385,421.8133528596792,11
2024-09-19 13:04:40.433,421.8315641332038,1001
2024-09-19 13:04:40.440,421.8452903991556,1005
2024-09-19 13:04:40.467,421.80772388573394,104
2024-09-19 13:04:40.489,421.8149172429718,14
2024-09-19 13:04:40.493,421.7987866553752,14
2024-09-19 13:04:40.499,421.81688497593706,998
2024-09-19 13:04:40.569,421.8142191649483,14
2024-09-19 13:04:40.635,421.8288029708661,9
2024-09-19 13:04:40.640,421.835299025165,10
2024-09-19 13:04:40.654,,13
2024-09-19 13:04:40.661,421.82682878371054,98
2024-09-19 13:04:40.779,421.8468020089872,12
2024-09-19 13:04:40.904,421.7941362665193,999
2024-09-19 13:04:40.929,421.8448599413008,100
2024-09-19 13:04:41.263,421.80699940238014,102
2024-09-19 13:04:41.269,421.81757064728527,15
2024-09-19 13:04:41.334,421.8056001579652,13
2024-09-19 13:04:41.372,421.8013595085736,95
2024-09-19 13:04:41.469,421.8111590768703,8
2024-09-19 13:04:41.476,421.8118783563269,97
2024-09-19 13:04:41.520,421.8092148757796,14
2024-09-19 13:04:41.562,421.8301091908593,1002
2024-09-19 13:04:41.573,42.18445549013629,102
2024-09-19 13:04:41.624,421.8139226096217,13
2024-09-19 13:04:42.010,421.7918143784154,103
2024-09-19 13:04:42.222,421.8202179480536,12
2024-09-19 13:04:42.229,421.82308741240814,97
2024-09-19 13:04:42.272,421.8562517985586,104
2024-09-19 13:04:42.342,421.7711785290732,96
2024-09-19 13:04:42.426,421.8068146895622,99
2024-09-19 13:04:42.522,421.7653887071422,999
2024-09-19 13:04:42.543,421.7715386669716,104
2024-09-19 13:04:42.548,421.8447183537662,1001
2024-09-19 13:04:42.666,421.840604475497,99
2024-09-19 13:04:42.689,421.8304912286196,98
2024-09-19 13:04:42.693,421.8445213106969,1004
2024-09-19 13:04:42.701,421.8217929411962,1005
2024-09-19 13:04:42.723,421.7971484395777,1002
2024-09-19 13:04:42.825,421.7930355727768,7
2024-09-19 13:04:42.837,421.80759483481904,96
2024-09-19 13:04:42.883,421.7702283937383,1004
2024-09-19 13:04:42.926,421.7530507448213,995
2024-09-19 13:04:43.056,421.7673814994503,5
2024-09-19 13:04:43.106,421.7872721724655,997
2024-09-19 13:04:43.172,421.7680657433112,995
2024-09-19 13:04:43.172,421.796270728223,1001
2024-09-19 13:04:43.182,421.7680847346721,996
2024-09-19 13:04:43.236,421.7957679962026,1003
2024-09-19 13:04:43.261,421.7632202216719,1002
2024-09-19 13:04:43.302,421.7650111115975,1002
2024-09-19 13:04:43.383,421.7849931991135,96
2024-09-19 13:04:43.422,421.780141204777,10
2024-09-19 13:04:43.459,421.733794864774,96
2024-09-19 13:04:43.566,421.7775044511474,8
2024-09-19 13:04:43.576,421.74816786816143,99
2024-09-19 13:04:43.577,421.79830289196326,103
2024-09-19 13:04:43.618,421.7285115874555,1005
2024-09-19 13:04:43.696,421.7338687887119,6
2024-09-19 13:04:43.713,421.754864581528,1004
2024-09-19 13:04:43.721,421.74272088950784,97
2024-09-19 13:04:43.738,421.754065103744,1005
2024-09-19 13:04:43.751,421.7251668540586,100
2024-09-19 13:04:43.756,421.7789115243208,105
2024-09-19 13:04:43.776,421.7963237059669,1005
2024-09-19 13:04:43.777,421.7580882793881,97
2024-09-19 13:04:43.838,421.7739171228835,12
2024-09-19 13:04:43.880,421.7370497523153,8
2024-09-19 13:04:43.880,421.7631443640334,14
2024-09-19 13:04:44.094,421.8210495725421,1003
2024-09-19 13:04:44.165,421.8261909248537,8
2024-09-19 13:04:44.253,421.8171614563688,98
2024-09-19 13:04:44.365,421.82455462742536,101
2024-09-19 13:04:44.618,421.7931937860042,999
2024-09-19 13:04:44.641,421.7732305784678,101
2024-09-19 13:04:44.972,421.8182952453573,96
2024-09-19 13:04:45.023,421.82252449045154,995
2024-09-19 13:04:45.109,421.83637366914775,99
2024-09-19 13:04:45.114,421.82730912681154,14
2024-09-19 13:04:45.153,421.8119209119535,95
2024-09-19 13:04:45.280,421.8257830123503,999
2024-09-19 13:04:45.297,421.836815431328,97
2024-09-19 13:04:45.324,421.8419975511516,995
2024-09-19 13:04:45.344,421.8242870404357,102
2024-09-19 13:04:45.382,421.8325917078661,14
2024-09-19 13:04:45.388,421.8405735229034,95
2024-09-19 13:04:45.438,421.8024213761579,999
2024-09-19 13:04:45.481,421.82463158553526,1002
2024-09-19 13:04:45.495,421.8141669422234,1001
2024-09-19 13:04:45.500,421.82240701016735,1002
2024-09-19 13:04:45.541,421.826017458554,98
2024-09-19 13:04:45.618,421.8401860536264,96
2024-09-19 13:04:45.628,,103
2024-09-19 13:04:45.666,421.82533383127833,6
2024-09-19 13:04:45.701,421.8417166999312,997
2024-09-19 13:04:45.714,421.8151085819654,12
2024-09-19 13:04:45.726,421.7916597461564,996
2024-09-19 13:04:45.742,421.8270209425142,12
2024-09-19 13:04:45.758,421.82792757685866,1002
2024-09-19 13:04:45.799,421.802598657478,100
2024-09-19 13:04:45.817,421.8233134672788,100
2024-09-19 13:04:45.918,421.8021392623168,5
2024-09-19 13:04:45.927,421.8331424789298,11
2024-09-19 13:04:46.052,421.7785350018519,1005
2024-09-19 13:04:46.068,421.76142818039216,10
2024-09-19 13:04:46.112,421.7922679690665,9
2024-09-19 13:04:46.114,421.79013165082864,9
2024-09-19 13:04:46.116,421.7680490357882,996
2024-09-19 13:04:46.161,421.7826629769881,97
2024-09-19 13:04:46.292,421.7734679161029,95
2024-09-19 13:04:46.329,421.75591397843743,14
2024-09-19 13:04:46.374,421.7627309453008,10
2024-09-19 13:04:46.376,421.7740040973264,6
2024-09-19 13:04:46.392,421.767153731687,105
2024-09-19 13:04:46.408,421.7573514189739,11
2024-09-19 13:04:46.450,421.76180957832224,105
2024-09-19 13:04:46.473,421.7738806519871,1002
2024-09-19 13:04:46.513,421.7798420108593,9
2024-09-19 13:04:46.526,421.7648921883192,100
2024-09-19 13:04:46.538,421.7794793471333,103
2024-09-19 13:04:46.562,421.7740932092376,7
2024-09-19 13:04:46.691,421.77937699259286,97
2024-09-19 13:04:46.716,421.7810379847618,100
2024-09-19 13:04:46.722,421.7923863352035,100
2024-09-19 13:04:46.868,421.7608648207466,999
2024-09-19 13:04:46.898,421.7654705699106,105
2024-09-19 13:04:46.901,421.7619852409259,95
2024-09-19 13:04:47.006,421.7031741089699,103
2024-09-19 13:04:47.098,421.7362871284122,1001
2024-09-19 13:04:47.123,421.7721279939005,1005
2024-09-19 13:04:47.140,421.7000110503348,103
2024-09-19 13:04:47.168,421.7678730665347,97
2024-09-19 13:04:47.188,421.7612165002788,11
2024-09-19 13:04:47.272,421.6925482563055,95
2024-09-19 13:04:47.276,421.783277830285,7
2024-09-19 13:04:47.283,421.75021809152906,97
2024-09-19 13:04:47.378,421.748925199758,101
2024-09-19 13:04:47.394,421.7006039691557,100
2024-09-19 13:04:47.491,421.7244517835465,15
2024-09-19 13:04:47.549,421.7600778748923,15
2024-09-19 13:04:47.596,421.70066717746096,1005
2024-09-19 13:04:47.782,421.74199317067655,10
2024-09-19 13:04:47.816,421.7481351568269,95
2024-09-19 13:04:47.865,421.7826772794178,1002
2024-09-19 13:04:48.001,-421.7098426202713,1004
2024-09-19 13:04:48.627,421.70610614285454,996
2024-09-19 13:04:48.985,421.6977256212373,6
2024-09-19 13:04:49.537,421.71950686964334,8
2024-09-19 13:04:50.124,421.70310300848297,1000
2024-09-19 13:04:50.145,421.7165003330453,5
2024-09-19 13:04:50.253,421.7179782576413,10
2024-09-19 13:04:50.278,421.6947595323008,14
2024-09-19 13:04:50.331,421.700968359684,15
2024-09-19 13:04:50.370,421.7196800784322,1004
2024-09-19 13:04:50.456,421.721403661441,98
2024-09-19 13:04:50.508,421.71240182448,997
2024-09-19 13:04:50.561,421.6914804432898,96
2024-09-19 13:04:50.795,421.6996749558643,5
2024-09-19 13:04:50.992,421.688828665002,101
2024-09-19 13:04:50.993,-421.7083361090487,12
2024-09-19 13:04:51.040,421.6682688315099,9
2024-09-19 13:04:51.068,421.7292507183437,105
2024-09-19 13:04:51.068,421.6871375245161,7
2024-09-19 13:04:51.119,421.5922310775263,98
2024-09-19 13:04:51.170,421.6584003406828,8
2024-09-19 13:04:51.225,421.62412633086535,1002
2024-09-19 13:04:51.265,421.6141308325633,105
2024-09-19 13:04:51.325,421.7057468836593,6
2024-09-19 13:04:51.499,421.7137966997642,9
2024-09-19 13:04:51.533,421.74777055218567,15
2024-09-19 13:04:51.660,421.6125258771064,96
2024-09-19 13:04:51.708,421.6604220125444,8
2024-09-19 13:04:51.753,421.71957509790167,10
2024-09-19 13:04:51.765,421.7336173723311,13
2024-09-19 13:04:51.789,421.6442851936905,105
2024-09-19 13:04:51.815,421.7364047495877,1005
2024-09-19 13:04:51.854,421.6075439073134,97
2024-09-19 13:04:51.858,421.7432057538541,98
2024-09-19 13:04:51.895,421.68225769342126,1002
2024-09-19 13:04:51.898,421.6565307409264,97
2024-09-19 13:04:51.959,421.7496243271064,97
2024-09-19 13:04:51.994,421.7118129782058,100
2024-09-19 13:04:52.088,421.6386510008767,102
2024-09-19 13:04:52.094,421.6231251606381,11
2024-09-19 13:04:52.100,421.6133534050403,998
2024-09-19 13:04:52.188,-421.62940130500857,12
2024-09-19 13:04:52.190,421.6318662348282,15
2024-09-19 13:04:52.218,421.590711782811,14
2024-09-19 13:04:52.248,421.6326260674701,7
2024-09-19 13:04:52.250,421.6363018241212,101
2024-09-19 13:04:52.292,421.5959648580802,95
2024-09-19 13:04:52.794,421.620747185139,1004
2024-09-19 13:04:52.851,421.6086033392223,1003
2024-09-19 13:04:52.922,421.6325104851534,8
2024-09-19 13:04:52.946,421.6032866748184,1000
2024-09-19 13:04:53.151,421.6192410732658,996
2024-09-19 13:04:53.206,421.63642711360745,5
2024-09-19 13:04:53.237,421.62447945655214,995
2024-09-19 13:04:53.276,421.6284522243629,6
2024-09-19 13:04:53.282,421.6562068783967,103
2024-09-19 13:04:53.293,421.6506542416668,102
2024-09-19 13:04:53.330,421.6406364009153,103
2024-09-19 13:04:53.339,421.6257585988758,1002
2024-09-19 13:04:53.435,421.6414898243505,999
2024-09-19 13:04:53.515,421.6333741900694,6
2024-09-19 13:04:53.552,421.6428768312432,1004
2024-09-19 13:04:53.645,-421.6262380298635,998
2024-09-19 13:04:53.663,421.6413201362956,1004
2024-09-19 13:04:53.699,421.64417401523167,97
2024-09-19 13:04:53.833,421.6203920049407,104
2024-09-19 13:04:53.834,421.62120221963306,1002
2024-09-19 13:04:53.866,421.62334513461855,997
2024-09-19 13:04:53.972,421.6386109100891,1003
2024-09-19 13:04:53.992,421.6395286379283,100
2024-09-19 13:04:54.078,421.6674542321867,8
2024-09-19 13:04:54.151,421.67045112922426,998
2024-09-19 13:04:54.185,421.5821256881752,1000
2024-09-19 13:04:54.244,421.5592314503729,100
2024-09-19 13:04:54.281,421.6263447716352,99
2024-09-19 13:04:54.378,421.63200701984977,9
2024-09-19 13:04:54.384,421.5956123145617,1004
2024-09-19 13:04:54.389,421.6212620780688,1000
2024-09-19 13:04:54.420,421.5909845109897,95
2024-09-19 13:04:54.458,421.5932763305052,100
2024-09-19 13:04:54.523,421.66400208038255,101
2024-09-19 13:04:54.526,421.5781849704396,97
2024-09-19 13:04:54.543,421.59920734684704,95
2024-09-19 13:04:54.575,421.60382346233496,101
2024-09-19 13:04:54.610,421.5873097172754,97
2024-09-19 13:04:54.647,421.6149601786119,1001
2024-09-19 13:04:54.654,421.6313074696222,104
2024-09-19 13:04:54.676,421.63639547474446,105
2024-09-19 13:04:54.736,421.6080226767114,5
2024-09-19 13:04:54.750,421.6164658037548,105
2024-09-19 13:04:54.775,,14
2024-09-19 13:04:54.798,421.6496965976697,15
2024-09-19 13:04:54.896,421.6923085589739,99
2024-09-19 13:04:54.916,421.6497815623193,104
2024-09-19 13:04:54.929,421.6467523277024,99
2024-09-19 13:04:54.940,421.66255611614025,14
2024-09-19 13:04:54.978,421.5444525200034,1003
2024-09-19 13:04:55.095,421.5506321053252,5
2024-09-19 13:04:55.161,421.5621200970275,999
2024-09-19 13:04:55.163,421.5600418359066,96
2024-09-19 13:04:55.184,421.56800452617017,9
2024-09-19 13:04:55.184,421.5770131971439,7
2024-09-19 13:04:55.188,421.5367998144752,14
2024-09-19 13:04:55.203,421.5446801176839,1000
2024-09-19 13:04:55.213,421.5313351692825,96
2024-09-19 13:04:55.246,421.556940927622,14
2024-09-19 13:04:55.254,42.15562637749865,1000
2024-09-19 13:04:55.267,421.558990095361,98
2024-09-19 13:04:55.302,421.54146752807065,102
2024-09-19 13:04:55.315,421.5436081409655,8
2024-09-19 13:04:55.369,421.5732613169223,1003
2024-09-19 13:04:55.371,421.5651347959566,996
2024-09-19 13:04:55.431,421.54716679232047,1001
2024-09-19 13:04:55.438,421.5396877103044,97
2024-09-19 13:04:55.446,421.54507016913306,105
2024-09-19 13:04:55.452,421.5458091112794,100
2024-09-19 13:04:55.660,421.5570272026948,10
2024-09-19 13:04:55.696,421.55422742713273,98
2024-09-19 13:04:55.758,421.56422440108565,996
2024-09-19 13:04:55.818,421.5522203792585,6
2024-09-19 13:04:55.889,421.5514204501824,8
2024-09-19 13:04:55.909,421.5853492660112,97
2024-09-19 13:04:55.914,421.551319858756,105
2024-09-19 13:04:55.971,421.54761128857615,11
2024-09-19 13:04:56.088,421.62151652326367,98
2024-09-19 13:04:56.165,421.5898348481194,96
2024-09-19 13:04:56.199,421.6532243849884,13
2024-09-19 13:04:56.199,421.5778635014296,1000
2024-09-19 13:04:56.247,421.6309799284805,97
2024-09-19 13:04:56.322,-421.5890424617649,1002
2024-09-19 13:04:56.393,421.62529045307343,9
2024-09-19 13:04:56.399,421.6578468178858,8
2024-09-19 13:04:56.428,421.57227227475937,10
2024-09-19 13:04:56.493,421.6588297831787,13
2024-09-19 13:04:56.499,421.5813383380374,5
2024-09-19 13:04:56.507,421.6141579835073,995
2024-09-19 13:04:56.571,421.6150455671497,997
2024-09-19 13:04:56.690,421.5788073528286,1000
2024-09-19 13:04:56.703,421.6130815399674,9
2024-09-19 13:04:56.730,421.6669497555085,101
2024-09-19 13:04:56.772,421.63930710688646,7
2024-09-19 13:04:56.803,421.6180003047416,996
2024-09-19 13:04:56.806,421.6068674828472,996
2024-09-19 13:04:56.908,421.6184478693922,996
2024-09-19 13:04:56.996,421.5907038182418,103
2024-09-19 13:04:57.005,421.7612621745878,8
2024-09-19 13:04:57.008,421.7271092852519,1000
2024-09-19 13:04:57.051,421.7652498280101,5
2024-09-19 13:04:57.071,421.7298702670415,1001
2024-09-19 13:04:57.079,421.6877856069229,10
2024-09-19 13:04:57.292,421.7603037916626,103
2024-09-19 13:04:57.303,421.7073828361288,997
2024-09-19 13:04:57.323,421.71209031007874,1003
2024-09-19 13:04:57.332,421.7496064567557,1001
2024-09-19 13:04:57.400,421.783064664703,105
2024-09-19 13:04:57.406,421.758971734146,98
2024-09-19 13:04:57.501,421.7408376062434,999
2024-09-19 13:04:57.664,421.6916093371843,104
2024-09-19 13:04:57.727,421.6928793675224,101
2024-09-19 13:04:57.806,421.7096786898652,99
2024-09-19 13:04:57.846,421.695575627532,8
2024-09-19 13:04:57.864,421.7175324424069,998
2024-09-19 13:04:57.866,421.78360225984574,996
2024-09-19 13:04:57.881,421.67065862167976,95
2024-09-19 13:04:57.921,421.6944989061036,995
2024-09-19 13:04:57.956,421.76235319344937,999
2024-09-19 13:04:57.969,421.7863446350495,5
2024-09-19 13:04:57.978,421.7746605064458,5
2024-09-19 13:04:58.091,421.7483802208519,99
2024-09-19 13:04:58.092,421.7460367644842,104
2024-09-19 13:04:58.116,421.7512040593327,996
2024-09-19 13:04:58.132,421.7720253091428,99
2024-09-19 13:04:58.278,421.7598297191472,1004
2024-09-19 13:04:58.390,421.7587296334749,97
2024-09-19 13:04:58.521,421.7460504338402,95
2024-09-19 13:04:58.648,421.7781428660268,105
2024-09-19 13:04:58.698,421.7262987424381,99
2024-09-19 13:04:58.790,421.75554150433015,11
2024-09-19 13:04:58.794,421.7516788508344,996
2024-09-19 13:04:58.845,421.7415357744728,101
2024-09-19 13:04:58.864,421.7353264110975,14
2024-09-19 13:04:58.952,421.74831605832463,12
2024-09-19 13:04:59.066,421.76476498010425,7
2024-09-19 13:04:59.066,421.7652099612408,10
2024-09-19 13:04:59.149,421.79965900945024,9
2024-09-19 13:04:59.196,421.7846656979648,103
2024-09-19 13:04:59.211,421.7678997631593,105
2024-09-19 13:04:59.256,421.8013560743957,1000
2024-09-19 13:04:59.261,421.801690600548,8
2024-09-19 13:04:59.278,421.79288104091125,102
2024-09-19 13:04:59.304,421.77540632693865,1001
2024-09-19 13:04:59.317,421.8018233324568,5
2024-09-19 13:04:59.318,421.81791097975565,1004
2024-09-19 13:04:59.346,421.76773679875726,14
2024-09-19 13:04:59.358,421.7573543568448,97
2024-09-19 13:04:59.360,421.7618022030717,7
2024-09-19 13:04:59.399,421.76381786312015,5
2024-09-19 13:04:59.433,421.7653287284209,102
2024-09-19 13:04:59.446,421.7897636894544,104
2024-09-19 13:04:59.537,421.75940343455954,102
2024-09-19 13:04:59.592,421.77577818019176,7
2024-09-19 13:04:59.626,421.7934317291804,995
2024-09-19 13:04:59.633,421.7764969222448,6
2024-09-19 13:04:59.664,421.778272528,11
2024-09-19 13:04:59.689,421.79836263970526,9
2024-09-19 13:04:59.760,421.7738544966557,1003
2024-09-19 13:04:59.783,421.75343303534015,99
2024-09-19 13:04:59.790,421.79431619090434,14
2024-09-19 13:04:59.823,421.79837907867727,5
2024-09-19 13:04:59.922,421.77240824241966,8
2024-09-19 13:04:59.977,421.75328245790695,6
