Timestamp,Price,Size
2024-09-17 13:41:00.315,400.8195704896591,1003
2024-09-17 13:41:00.402,400.8210833223857,10
2024-09-17 13:41:00.662,400.8326415215482,11
2024-09-17 13:41:00.695,400.8144851722323,8
2024-09-17 13:41:01.177,400.7783199912945,15
2024-09-17 13:41:01.271,400.8009020373341,7
2024-09-17 13:41:01.324,400.8289859229143,11
2024-09-17 13:41:01.324,400.8122409231264,1004
2024-09-17 13:41:01.345,400.8332283575037,10
2024-09-17 13:41:01.348,400.8081785699175,15
2024-09-17 13:41:01.386,400.7885293489741,13
2024-09-17 13:41:01.394,400.827632138505,998
2024-09-17 13:41:01.406,400.8566820030394,104
2024-09-17 13:41:01.546,400.80831740552975,12
2024-09-17 13:41:01.566,400.85243334581895,995
2024-09-17 13:41:01.583,400.8640547736474,998
2024-09-17 13:41:01.884,400.7866411622632,1005
2024-09-17 13:41:02.056,400.88968836952114,9
2024-09-17 13:41:02.076,400.909228717854,11
2024-09-17 13:41:02.247,400.8601758665783,11
2024-09-17 13:41:02.275,400.9078769296134,10
2024-09-17 13:41:02.372,400.890177868675,5
2024-09-17 13:41:02.411,400.8272154895356,11
2024-09-17 13:41:02.424,400.83710706834734,15
2024-09-17 13:41:02.465,400.8787479739841,5
2024-09-17 13:41:02.492,400.90458509422143,6
2024-09-17 13:41:02.548,400.8693254492826,1004
2024-09-17 13:41:02.561,400.9248255375777,1001
2024-09-17 13:41:02.600,400.8872270235368,9
2024-09-17 13:41:02.644,400.9066302913884,5
2024-09-17 13:41:02.679,400.8690030183975,1001
2024-09-17 13:41:02.710,400.919519339522,13
2024-09-17 13:41:02.746,400.8631214782925,15
2024-09-17 13:41:02.972,400.892738877668,13
2024-09-17 13:41:02.982,400.89460836990673,1004
2024-09-17 13:41:03.025,400.8531909451519,15
2024-09-17 13:41:03.317,400.8503428801138,7
2024-09-17 13:41:03.481,400.8525834632188,100
2024-09-17 13:41:03.621,400.90480502753326,95
2024-09-17 13:41:03.676,400.87812992863326,14
2024-09-17 13:41:03.966,400.8523385345642,995
2024-09-17 13:41:04.017,400.8205427227675,995
2024-09-17 13:41:04.052,400.82255615457206,999
2024-09-17 13:41:04.116,400.8343418866365,1003
2024-09-17 13:41:04.146,400.836365671294,95
2024-09-17 13:41:04.177,400.8442174264989,95
2024-09-17 13:41:04.184,400.82565284193447,1005
2024-09-17 13:41:04.186,400.8416963675985,6
2024-09-17 13:41:04.191,400.8433108420121,105
2024-09-17 13:41:04.292,,98
2024-09-17 13:41:04.294,400.8075022623619,100
2024-09-17 13:41:04.294,400.8196643197625,1003
2024-09-17 13:41:04.360,400.8402611184535,15
2024-09-17 13:41:04.369,400.8620821371632,95
2024-09-17 13:41:04.393,400.8600808188569,102
2024-09-17 13:41:04.432,40.08480239949336,104
2024-09-17 13:41:04.479,400.8075105116977,95
2024-09-17 13:41:04.517,400.83471896086775,100
2024-09-17 13:41:04.553,400.85633765740585,96
2024-09-17 13:41:04.696,400.8276728721918,12
2024-09-17 13:41:04.778,400.85369997453193,11
2024-09-17 13:41:04.798,400.83774805354216,15
2024-09-17 13:41:04.817,400.80108716667866,998
2024-09-17 13:41:04.823,400.8213814714249,999
2024-09-17 13:41:04.868,400.79766313906015,15
2024-09-17 13:41:04.945,400.8435613285848,9
2024-09-17 13:41:05.077,400.8270464395508,95
2024-09-17 13:41:05.087,400.8356641120458,1003
2024-09-17 13:41:05.287,400.8394602637328,97
2024-09-17 13:41:05.642,400.8492008532072,8
2024-09-17 13:41:05.770,400.83798976186114,998
2024-09-17 13:41:05.930,400.8305454963229,15
2024-09-17 13:41:06.160,400.8832955812885,998
2024-09-17 13:41:06.238,400.898490229469,15
2024-09-17 13:41:06.368,400.885757892204,1003
2024-09-17 13:41:06.405,400.8389213341182,7
2024-09-17 13:41:06.428,400.9196589590009,13
2024-09-17 13:41:06.478,400.90625351448347,5
2024-09-17 13:41:06.498,400.9050697499119,1002
2024-09-17 13:41:06.532,400.84518516455626,7
2024-09-17 13:41:06.544,400.9302269661036,1002
2024-09-17 13:41:06.559,400.9097460686901,14
2024-09-17 13:41:06.559,400.845958941733,997
2024-09-17 13:41:06.568,400.8451673568573,1003
2024-09-17 13:41:06.644,400.84570055768864,13
2024-09-17 13:41:06.671,400.9034913506417,99
2024-09-17 13:41:06.684,400.8395130075704,1004
2024-09-17 13:41:06.750,400.9199523259755,13
2024-09-17 13:41:06.777,400.8863612012781,103
2024-09-17 13:41:06.807,400.9171649159204,97
2024-09-17 13:41:06.827,400.8937105967932,12
2024-09-17 13:41:06.835,400.8963661538812,95
2024-09-17 13:41:06.851,400.8868810651635,10
2024-09-17 13:41:06.911,400.8467957107727,6
2024-09-17 13:41:06.927,400.9222916735985,103
2024-09-17 13:41:06.937,400.82982600202416,98
2024-09-17 13:41:06.941,400.8735080057253,98
2024-09-17 13:41:07.010,400.907944440269,103
2024-09-17 13:41:07.056,400.90507490591295,997
2024-09-17 13:41:07.151,400.93410951241344,11
2024-09-17 13:41:07.293,40.08845300866148,104
2024-09-17 13:41:07.362,,995
2024-09-17 13:41:07.398,400.8840537944861,1001
2024-09-17 13:41:07.401,400.88600448024624,1004
2024-09-17 13:41:07.415,400.9169746775209,1005
2024-09-17 13:41:07.433,400.8947874779102,95
2024-09-17 13:41:07.487,400.8875154891917,996
2024-09-17 13:41:07.492,400.88205220772096,98
2024-09-17 13:41:07.503,400.8773902435756,7
2024-09-17 13:41:07.571,400.89463731452486,1002
2024-09-17 13:41:07.634,400.9115882639963,96
2024-09-17 13:41:07.692,400.9019305034855,12
2024-09-17 13:41:07.719,400.9152983001227,999
2024-09-17 13:41:07.762,400.8956589652759,15
2024-09-17 13:41:07.786,400.8757023243216,13
2024-09-17 13:41:07.788,400.8941949495447,15
2024-09-17 13:41:07.803,400.9041724540667,1003
2024-09-17 13:41:07.810,400.8912924746431,13
2024-09-17 13:41:07.913,400.8802976201853,1002
2024-09-17 13:41:07.928,400.8720986000155,9
2024-09-17 13:41:07.966,400.886076297766,9
2024-09-17 13:41:07.973,400.93232204142765,103
2024-09-17 13:41:08.008,400.9021515696813,103
2024-09-17 13:41:08.035,400.8764216515123,1000
2024-09-17 13:41:08.049,400.8777645657458,1002
2024-09-17 13:41:08.110,400.8878863217177,995
2024-09-17 13:41:08.157,400.8767303311817,9
2024-09-17 13:41:08.196,400.8601383402128,100
2024-09-17 13:41:08.271,400.8937718432765,9
2024-09-17 13:41:08.322,400.8886896269668,996
2024-09-17 13:41:08.397,400.88017609356586,6
2024-09-17 13:41:08.435,400.9007094038234,97
2024-09-17 13:41:08.436,400.86356179149817,104
2024-09-17 13:41:08.446,400.8664102591432,1003
2024-09-17 13:41:08.493,400.8780071037667,96
2024-09-17 13:41:08.514,400.874200792334,105
2024-09-17 13:41:08.529,40.08977892008963,95
2024-09-17 13:41:08.556,400.8627178561115,998
2024-09-17 13:41:08.625,400.90558630406906,6
2024-09-17 13:41:08.656,400.9040106365617,997
2024-09-17 13:41:08.660,400.8791386697901,997
2024-09-17 13:41:08.684,400.8732696344412,8
2024-09-17 13:41:08.689,400.8722818074268,7
2024-09-17 13:41:08.699,400.8946162838396,1004
2024-09-17 13:41:08.708,400.8526080239873,995
2024-09-17 13:41:08.748,400.8986197016352,13
2024-09-17 13:41:08.768,400.8828871886004,995
2024-09-17 13:41:08.788,400.86831987086384,996
2024-09-17 13:41:08.793,400.9004699935784,100
2024-09-17 13:41:08.837,400.9027294137491,1004
2024-09-17 13:41:08.861,400.8673978253203,8
2024-09-17 13:41:08.873,400.8952359109609,100
2024-09-17 13:41:09.391,400.86376117144766,102
2024-09-17 13:41:09.447,400.8715918523589,1002
2024-09-17 13:41:09.811,400.8908775226493,1005
2024-09-17 13:41:09.903,400.8724990854666,1000
2024-09-17 13:41:09.926,400.85543535645024,999
2024-09-17 13:41:09.964,400.8552973988348,99
2024-09-17 13:41:10.004,400.91214658761095,999
2024-09-17 13:41:10.021,400.88755915031504,1004
2024-09-17 13:41:10.046,400.852330695434,15
2024-09-17 13:41:10.063,400.87489595196905,100
2024-09-17 13:41:10.067,,998
2024-09-17 13:41:10.122,400.8785434407602,6
2024-09-17 13:41:10.124,400.8623007618634,97
2024-09-17 13:41:10.169,400.8409240093644,11
2024-09-17 13:41:10.176,400.9094032877235,98
2024-09-17 13:41:10.223,400.90081319989264,7
2024-09-17 13:41:10.276,400.9066980304927,995
2024-09-17 13:41:10.293,400.91563332329,13
2024-09-17 13:41:10.319,400.8928377143986,997
2024-09-17 13:41:10.381,400.9007351729827,996
2024-09-17 13:41:10.417,400.8857569446509,102
2024-09-17 13:41:10.428,400.8515922264437,105
2024-09-17 13:41:10.468,400.86835196388,1003
2024-09-17 13:41:10.542,400.87287559433634,7
2024-09-17 13:41:10.549,400.8791307873621,997
2024-09-17 13:41:10.629,400.9007191630068,102
2024-09-17 13:41:10.710,400.8963649212066,12
2024-09-17 13:41:10.791,-400.9034912675658,99
2024-09-17 13:41:11.048,400.9334248659045,104
2024-09-17 13:41:11.131,400.888736392792,999
2024-09-17 13:41:11.137,400.936151427937,5
2024-09-17 13:41:11.148,400.9310680348202,96
2024-09-17 13:41:11.178,400.9123686876532,13
2024-09-17 13:41:11.211,400.9138799346434,105
2024-09-17 13:41:11.229,400.9361826745813,13
2024-09-17 13:41:11.314,400.908652016902,105
2024-09-17 13:41:11.345,400.9144914815715,1001
2024-09-17 13:41:11.364,400.9208751289492,103
2024-09-17 13:41:11.409,400.908711498865,997
2024-09-17 13:41:11.512,400.8919126507423,9
2024-09-17 13:41:11.521,400.92404421634586,996
2024-09-17 13:41:11.540,400.9254458272735,100
2024-09-17 13:41:11.553,400.92072955310186,14
2024-09-17 13:41:11.587,400.9268042926466,11
2024-09-17 13:41:11.683,400.9320673237324,995
2024-09-17 13:41:11.772,400.9244863481238,96
2024-09-17 13:41:11.798,400.9220067011481,95
2024-09-17 13:41:11.837,400.91185072783134,99
2024-09-17 13:41:11.888,400.9170275286227,1005
2024-09-17 13:41:11.948,400.93653235979616,101
2024-09-17 13:41:12.044,400.896941541098,14
2024-09-17 13:41:12.953,400.8764214351372,1003
2024-09-17 13:41:13.131,400.9021733607723,997
2024-09-17 13:41:13.794,400.902042112198,999
2024-09-17 13:41:14.060,400.9138122512765,104
2024-09-17 13:41:14.096,400.921681383698,13
2024-09-17 13:41:14.182,400.92570939659686,7
2024-09-17 13:41:14.231,400.91088515601376,6
2024-09-17 13:41:14.235,400.944821639844,98
2024-09-17 13:41:14.292,400.9028323676762,103
2024-09-17 13:41:14.297,400.9066129727496,9
2024-09-17 13:41:14.317,400.9338338289728,95
2024-09-17 13:41:14.437,400.90797636095726,15
2024-09-17 13:41:14.453,,96
2024-09-17 13:41:14.608,400.9423329275282,98
2024-09-17 13:41:14.653,400.91849214407335,1002
2024-09-17 13:41:14.694,400.90401147655706,1004
2024-09-17 13:41:14.779,400.92445007796624,995
2024-09-17 13:41:14.834,400.9333521230892,998
2024-09-17 13:41:14.850,400.8984992486727,10
2024-09-17 13:41:14.961,400.9359740267107,5
2024-09-17 13:41:15.015,400.89737842811496,14
2024-09-17 13:41:15.173,400.9179404518806,12
2024-09-17 13:41:15.232,400.8912463690161,996
2024-09-17 13:41:15.256,400.9566317255175,12
2024-09-17 13:41:15.342,400.9089800093262,1001
2024-09-17 13:41:15.440,400.8970112284619,1001
2024-09-17 13:41:15.449,400.8784681991396,6
2024-09-17 13:41:15.689,400.9041947439273,8
2024-09-17 13:41:15.814,400.9040295740739,96
2024-09-17 13:41:15.844,400.89171434051445,997
2024-09-17 13:41:15.897,400.8982842535754,999
2024-09-17 13:41:17.237,400.9802005315208,998
2024-09-17 13:41:17.414,400.9528275381009,995
2024-09-17 13:41:17.568,400.9743860759679,10
2024-09-17 13:41:17.977,400.9822017228809,8
2024-09-17 13:41:18.171,401.05371187783777,1004
2024-09-17 13:41:18.195,401.0203288370743,102
2024-09-17 13:41:18.211,401.007671404792,5
2024-09-17 13:41:18.226,401.02029716319424,95
2024-09-17 13:41:18.265,401.0461362310962,13
2024-09-17 13:41:18.284,-401.0138953923201,7
2024-09-17 13:41:18.321,401.0423408890812,105
2024-09-17 13:41:18.428,401.0541972509324,95
2024-09-17 13:41:18.442,400.9798705687559,100
2024-09-17 13:41:18.466,400.9982679328637,15
2024-09-17 13:41:18.513,400.99778519404623,996
2024-09-17 13:41:18.548,401.0701490526915,997
2024-09-17 13:41:18.555,401.0550933466299,100
2024-09-17 13:41:18.559,401.0349949542217,100
2024-09-17 13:41:18.581,401.0295502220259,995
2024-09-17 13:41:18.619,401.0432953012132,97
2024-09-17 13:41:18.641,401.07729598957167,11
2024-09-17 13:41:18.727,401.0432334320381,1000
2024-09-17 13:41:18.804,401.0131247585767,999
2024-09-17 13:41:18.810,400.9734808669032,15
2024-09-17 13:41:18.815,401.0138119667586,999
2024-09-17 13:41:18.833,401.0527780728953,998
2024-09-17 13:41:18.854,401.073575342232,998
2024-09-17 13:41:18.916,40.10258740901902,996
2024-09-17 13:41:18.949,401.0687812895217,102
2024-09-17 13:41:18.960,401.06291665003806,96
2024-09-17 13:41:18.996,401.00702391224087,997
2024-09-17 13:41:19.022,401.0198006908345,15
2024-09-17 13:41:19.722,401.01624359750735,1002
2024-09-17 13:41:19.923,401.0070551507293,10
2024-09-17 13:41:20.044,401.01991842604406,1004
2024-09-17 13:41:20.189,401.0396281543853,995
2024-09-17 13:41:20.232,401.0509186122893,1000
2024-09-17 13:41:20.250,401.0101231625525,1002
2024-09-17 13:41:20.334,401.03563215808646,1004
2024-09-17 13:41:20.338,401.04206335017966,1003
2024-09-17 13:41:20.343,401.03861112109047,1003
2024-09-17 13:41:20.420,401.03050395105794,8
2024-09-17 13:41:20.579,400.99785017443946,105
2024-09-17 13:41:20.634,401.0393077820991,14
2024-09-17 13:41:20.684,401.05708485347895,5
2024-09-17 13:41:20.736,401.0366641154299,5
2024-09-17 13:41:20.778,401.048534274956,13
2024-09-17 13:41:20.947,401.053718631851,1003
2024-09-17 13:41:20.989,401.0278331435086,11
2024-09-17 13:41:21.108,400.981007719106,103
2024-09-17 13:41:21.238,400.96648742136057,103
2024-09-17 13:41:21.347,400.96737007097175,14
2024-09-17 13:41:21.432,400.9866897300088,1000
2024-09-17 13:41:21.470,400.9615786923824,105
2024-09-17 13:41:21.472,400.9785776925713,1001
2024-09-17 13:41:21.585,400.9933283812117,103
2024-09-17 13:41:21.646,400.9868024913196,102
2024-09-17 13:41:21.704,400.9729915872452,998
2024-09-17 13:41:21.788,400.9794692316384,104
2024-09-17 13:41:21.838,400.97473910047614,104
2024-09-17 13:41:21.863,400.9809152707893,995
2024-09-17 13:41:21.884,400.9637685028669,997
2024-09-17 13:41:21.941,400.9682316856428,104
2024-09-17 13:41:22.018,400.98379138117,1000
2024-09-17 13:41:22.019,400.9982482861786,7
2024-09-17 13:41:22.021,400.9754183698317,97
2024-09-17 13:41:22.039,401.0132031064805,12
2024-09-17 13:41:22.104,401.0073682958397,11
2024-09-17 13:41:22.214,400.9504243143616,10
2024-09-17 13:41:22.252,400.94939437915326,997
2024-09-17 13:41:22.275,400.9709945524459,97
2024-09-17 13:41:22.309,400.9397895234906,1002
2024-09-17 13:41:22.335,400.9997518617719,5
2024-09-17 13:41:22.433,400.9916628092541,995
2024-09-17 13:41:22.433,401.0012770471623,101
2024-09-17 13:41:22.466,400.9655587317096,998
2024-09-17 13:41:22.470,401.0093591791485,1002
2024-09-17 13:41:22.496,-400.9659486072894,9
2024-09-17 13:41:22.518,400.95334125505326,104
2024-09-17 13:41:22.542,401.0236283351932,98
2024-09-17 13:41:22.626,400.9496241195593,9
2024-09-17 13:41:22.653,400.9615083624787,995
2024-09-17 13:41:22.695,401.00448067526094,1000
2024-09-17 13:41:22.737,400.9960464595342,102
2024-09-17 13:41:22.816,400.9748686579906,104
2024-09-17 13:41:22.834,400.9986721818488,1002
2024-09-17 13:41:22.859,400.9781032798849,100
2024-09-17 13:41:22.898,400.9538902335352,11
2024-09-17 13:41:22.900,401.0391231352754,1004
2024-09-17 13:41:22.975,400.9941526080248,997
2024-09-17 13:41:22.978,400.9521307639413,102
2024-09-17 13:41:23.037,400.9838363459316,1005
2024-09-17 13:41:23.044,401.0078875317217,998
2024-09-17 13:41:23.053,401.00614771760735,10
2024-09-17 13:41:23.085,401.017178984517,15
2024-09-17 13:41:23.110,401.0141751909688,1004
2024-09-17 13:41:23.136,401.0055315214355,1005
2024-09-17 13:41:23.179,401.0153900004474,13
2024-09-17 13:41:23.215,400.99280621551424,1000
2024-09-17 13:41:23.257,401.0102010478285,5
2024-09-17 13:41:23.379,400.9941429950864,10
2024-09-17 13:41:23.402,401.0140629804935,97
2024-09-17 13:41:23.458,400.9976039570937,104
2024-09-17 13:41:23.462,400.9910459326129,1000
2024-09-17 13:41:23.491,401.0105676494823,95
2024-09-17 13:41:23.499,401.0033657483406,10
2024-09-17 13:41:23.550,401.0192113450875,100
2024-09-17 13:41:23.570,400.9934811371821,1001
2024-09-17 13:41:23.644,400.98438376330256,98
2024-09-17 13:41:23.706,400.9839951309521,98
2024-09-17 13:41:23.829,400.9869537995802,104
2024-09-17 13:41:23.841,401.00851741271833,1003
2024-09-17 13:41:23.843,401.0063750479897,12
2024-09-17 13:41:23.875,401.0009669967187,97
2024-09-17 13:41:23.899,401.024766237362,15
2024-09-17 13:41:23.965,400.98385579715176,1003
2024-09-17 13:41:23.994,400.99638476552894,996
2024-09-17 13:41:24.056,400.9915493445778,999
2024-09-17 13:41:24.093,400.9753936739524,1003
2024-09-17 13:41:24.098,400.98893231570025,97
2024-09-17 13:41:24.109,400.9750952349057,997
2024-09-17 13:41:24.138,400.9725362556726,97
2024-09-17 13:41:24.161,400.9856973011418,6
2024-09-17 13:41:24.267,400.9741297662778,1005
2024-09-17 13:41:24.312,400.967998971584,13
2024-09-17 13:41:24.384,401.0083606615762,102
2024-09-17 13:41:24.454,400.9656570026143,6
2024-09-17 13:41:24.468,400.98432212331466,12
2024-09-17 13:41:24.539,400.9589619587604,997
2024-09-17 13:41:24.545,400.9816788077074,97
2024-09-17 13:41:24.615,400.976028910101,996
2024-09-17 13:41:24.666,400.96234920933847,102
2024-09-17 13:41:24.836,400.95639084396464,104
2024-09-17 13:41:24.900,400.97282987498176,1001
2024-09-17 13:41:25.000,400.9742988352892,15
2024-09-17 13:41:25.045,400.9672686699982,105
2024-09-17 13:41:25.058,400.9601076408955,1005
2024-09-17 13:41:25.070,400.9766220707818,1004
2024-09-17 13:41:25.174,400.9704654903484,1001
2024-09-17 13:41:25.367,400.9659691386696,7
2024-09-17 13:41:25.543,400.9829586220512,102
2024-09-17 13:41:25.578,400.9741450258837,14
2024-09-17 13:41:25.582,400.9514393232865,95
2024-09-17 13:41:25.702,-400.9633794876007,1003
2024-09-17 13:41:25.745,400.9528566886439,7
2024-09-17 13:41:25.771,-400.9552123766523,101
2024-09-17 13:41:25.834,400.9627734111989,101
2024-09-17 13:41:25.899,400.9574742978896,104
2024-09-17 13:41:25.961,400.9666222910471,9
2024-09-17 13:41:26.016,400.9724124137066,14
2024-09-17 13:41:26.112,400.9544272233511,8
2024-09-17 13:41:26.207,400.9793097631908,102
2024-09-17 13:41:26.263,400.9617939745526,11
2024-09-17 13:41:26.339,400.9610412545173,999
2024-09-17 13:41:26.366,400.9746702817883,13
2024-09-17 13:41:26.390,400.9487661916498,998
2024-09-17 13:41:26.417,-400.972689522855,11
2024-09-17 13:41:26.434,400.9728877291982,98
2024-09-17 13:41:26.554,400.967234269231,15
2024-09-17 13:41:26.560,400.9642131664872,96
2024-09-17 13:41:26.707,400.9544690813042,997
2024-09-17 13:41:26.819,400.9700147838602,13
2024-09-17 13:41:27.031,401.0424813799724,14
2024-09-17 13:41:27.035,401.03493656339606,9
2024-09-17 13:41:27.082,401.0360908094392,100
2024-09-17 13:41:27.138,400.9858582377096,8
2024-09-17 13:41:27.228,-401.0313921957108,98
2024-09-17 13:41:27.239,400.97060580400114,103
2024-09-17 13:41:27.255,400.9961226575358,6
2024-09-17 13:41:27.261,401.0233087834629,9
2024-09-17 13:41:27.320,400.9659643758892,105
2024-09-17 13:41:27.363,401.0009449419075,103
2024-09-17 13:41:27.665,400.9794072026561,1000
2024-09-17 13:41:27.874,401.029246782938,103
2024-09-17 13:41:27.908,400.9982679223807,12
2024-09-17 13:41:28.062,401.0522804738081,997
2024-09-17 13:41:28.071,401.01967730068384,995
2024-09-17 13:41:28.136,400.995406113048,1003
2024-09-17 13:41:28.163,401.01800123594256,98
2024-09-17 13:41:28.166,401.0208288439123,8
2024-09-17 13:41:28.167,40.10115761475649,104
2024-09-17 13:41:28.212,401.0272136010223,99
2024-09-17 13:41:28.438,401.0339984469824,9
2024-09-17 13:41:28.453,400.98352586031046,103
2024-09-17 13:41:28.471,401.03049831769965,1005
2024-09-17 13:41:28.482,401.03628432491433,99
2024-09-17 13:41:28.650,401.0097260394867,14
2024-09-17 13:41:28.718,401.0212385134606,11
2024-09-17 13:41:28.767,400.9831801888077,11
2024-09-17 13:41:28.770,400.989263933791,9
2024-09-17 13:41:28.881,401.04806983931314,6
2024-09-17 13:41:28.981,401.01489329677526,98
2024-09-17 13:41:28.996,401.0140111303889,1002
2024-09-17 13:41:29.035,401.0399121942797,996
2024-09-17 13:41:29.040,401.024836004083,998
2024-09-17 13:41:29.118,401.0461402851424,10
2024-09-17 13:41:29.156,401.0432774760687,13
2024-09-17 13:41:29.303,401.0086050200993,105
2024-09-17 13:41:29.391,401.005634104849,1001
2024-09-17 13:41:29.419,401.0324203792225,96
2024-09-17 13:41:29.422,401.04302519114935,5
2024-09-17 13:41:29.434,401.0412688265629,14
2024-09-17 13:41:29.434,400.97464014975606,14
2024-09-17 13:41:29.448,401.0487057562533,6
2024-09-17 13:41:29.478,401.0447228525053,100
2024-09-17 13:41:29.494,401.0081050878219,997
2024-09-17 13:41:29.506,400.9938959829897,99
2024-09-17 13:41:29.543,400.9948325295762,1001
2024-09-17 13:41:29.643,401.01251588588985,99
2024-09-17 13:41:29.687,401.0246859490359,105
2024-09-17 13:41:29.704,400.98588934778536,8
2024-09-17 13:41:29.722,400.9919555451294,10
2024-09-17 13:41:29.750,401.0019202063766,101
2024-09-17 13:41:29.750,401.0288894891894,7
2024-09-17 13:41:29.775,401.0424281458544,996
2024-09-17 13:41:29.836,400.9898597518098,1003
2024-09-17 13:41:29.862,401.0424803794967,97
2024-09-17 13:41:29.897,401.0428189774401,1000
2024-09-17 13:41:29.931,401.0172586189732,100
2024-09-17 13:41:29.977,400.9916477650543,105
2024-09-17 13:41:29.994,400.9786544915947,1005
2024-09-17 13:41:30.105,401.0543391161295,1000
2024-09-17 13:41:30.247,401.0667301716148,11
2024-09-17 13:41:30.727,401.0505306482364,998
2024-09-17 13:41:30.764,401.05673452432126,100
2024-09-17 13:41:30.857,401.06877787795776,100
2024-09-17 13:41:31.004,401.12307806609465,97
2024-09-17 13:41:31.149,401.04924062667,97
2024-09-17 13:41:31.169,401.0367852042,1001
2024-09-17 13:41:31.445,401.1307625525423,12
2024-09-17 13:41:31.507,401.1402135944286,96
2024-09-17 13:41:31.603,401.1189470968729,1005
2024-09-17 13:41:31.717,401.0671793756638,15
2024-09-17 13:41:31.739,401.1106869191417,6
2024-09-17 13:41:31.795,401.0807419099236,14
2024-09-17 13:41:31.836,401.1090041989693,96
2024-09-17 13:41:31.849,401.1181470739285,104
2024-09-17 13:41:31.920,401.06255040022177,13
2024-09-17 13:41:32.008,401.1041773628465,95
2024-09-17 13:41:32.177,401.107906577292,103
2024-09-17 13:41:32.186,401.1161355634394,998
2024-09-17 13:41:32.256,401.0935388059783,997
2024-09-17 13:41:32.303,401.1250671386669,11
2024-09-17 13:41:32.367,401.1332343433767,15
2024-09-17 13:41:32.392,401.11308859259407,1000
2024-09-17 13:41:32.397,401.1102291336279,996
2024-09-17 13:41:32.597,401.0902782554795,996
2024-09-17 13:41:32.657,401.10010063346175,1001
2024-09-17 13:41:32.799,401.09407302594497,103
2024-09-17 13:41:32.815,401.13192509152486,995
2024-09-17 13:41:32.854,401.109182369514,995
2024-09-17 13:41:32.859,401.1178737966384,1004
2024-09-17 13:41:32.877,401.1255493821826,104
2024-09-17 13:41:32.968,401.1130792179038,96
2024-09-17 13:41:33.058,401.1339894220019,8
2024-09-17 13:41:33.064,401.0962464903001,96
2024-09-17 13:41:33.071,401.0919454837944,99
2024-09-17 13:41:33.092,401.0706525525837,105
2024-09-17 13:41:33.203,401.097819140402,11
2024-09-17 13:41:33.286,401.0591877038896,998
2024-09-17 13:41:33.323,401.06957803292505,105
2024-09-17 13:41:33.386,401.0624002716235,13
2024-09-17 13:41:33.444,401.1215847053802,96
2024-09-17 13:41:33.532,401.1076703907238,1003
2024-09-17 13:41:33.565,401.09767315094297,10
2024-09-17 13:41:33.638,401.1419380336473,97
2024-09-17 13:41:33.640,401.07833463246095,5
2024-09-17 13:41:33.660,401.08292166302834,95
2024-09-17 13:41:33.680,401.073987473991,997
2024-09-17 13:41:33.730,401.1403908554623,10
2024-09-17 13:41:33.740,401.1319510496868,7
2024-09-17 13:41:33.742,401.1067414055743,995
2024-09-17 13:41:33.742,401.0761666321796,95
2024-09-17 13:41:33.786,401.1256954255111,100
2024-09-17 13:41:33.798,401.11852395636566,1002
2024-09-17 13:41:33.850,401.0891296435919,1001
2024-09-17 13:41:33.858,401.0965250347728,9
2024-09-17 13:41:33.866,401.10321922559535,105
2024-09-17 13:41:33.952,401.0912825386306,5
2024-09-17 13:41:34.013,401.0906277309167,999
2024-09-17 13:41:34.015,401.0916979797584,998
2024-09-17 13:41:34.259,401.0856226991569,14
2024-09-17 13:41:34.342,401.0981549288145,1005
2024-09-17 13:41:34.352,401.1111750204021,102
2024-09-17 13:41:34.425,401.0916585175672,7
2024-09-17 13:41:34.432,401.095120612885,97
2024-09-17 13:41:34.744,401.0981229972807,996
2024-09-17 13:41:34.755,401.0925276119832,15
2024-09-17 13:41:34.766,401.0714907607692,101
2024-09-17 13:41:34.780,401.09111219791976,995
2024-09-17 13:41:34.825,401.1129445723101,1001
2024-09-17 13:41:34.874,401.0937802440939,1004
2024-09-17 13:41:34.894,401.10194805177,105
2024-09-17 13:41:35.090,401.0827073359388,13
2024-09-17 13:41:35.101,401.1154784446756,8
2024-09-17 13:41:35.104,-401.08867827583407,997
2024-09-17 13:41:35.108,401.1046282941744,10
2024-09-17 13:41:35.124,401.0672403739188,14
2024-09-17 13:41:35.138,401.0937108668387,101
2024-09-17 13:41:35.179,401.04491922366105,1000
2024-09-17 13:41:35.235,401.1139505483388,999
2024-09-17 13:41:35.238,401.074175304245,102
2024-09-17 13:41:35.254,401.0371182183725,7
2024-09-17 13:41:35.270,401.1056633261297,1002
2024-09-17 13:41:35.319,401.08223777473046,11
2024-09-17 13:41:35.397,401.084166769629,1001
2024-09-17 13:41:35.480,401.0723509162045,99
2024-09-17 13:41:35.524,401.1072223647886,105
2024-09-17 13:41:35.528,401.0354812034098,11
2024-09-17 13:41:35.549,401.0717470668871,1005
2024-09-17 13:41:35.585,401.0573904014788,99
2024-09-17 13:41:35.766,401.0861615553711,15
2024-09-17 13:41:35.770,401.0861328844331,8
2024-09-17 13:41:35.801,401.1027885062911,997
2024-09-17 13:41:35.838,401.1028853483203,102
2024-09-17 13:41:35.850,401.12285307121584,98
2024-09-17 13:41:35.866,401.093120595948,996
2024-09-17 13:41:35.884,401.1095365787032,101
2024-09-17 13:41:35.889,401.1058892074929,10
2024-09-17 13:41:35.920,401.11331829138953,95
2024-09-17 13:41:35.946,401.11041122552297,11
2024-09-17 13:41:36.054,401.0276903124813,10
2024-09-17 13:41:36.074,401.0454597034212,1004
2024-09-17 13:41:36.100,401.0273362612955,13
2024-09-17 13:41:36.126,40.1039342511543,8
2024-09-17 13:41:36.126,401.0258224695344,9
2024-09-17 13:41:36.190,401.0574237437926,11
2024-09-17 13:41:36.207,401.04162911677,6
2024-09-17 13:41:36.229,401.0354452704056,9
2024-09-17 13:41:36.310,400.999835110455,1004
2024-09-17 13:41:36.321,401.0573530472466,12
2024-09-17 13:41:36.509,401.0418791767357,8
2024-09-17 13:41:36.548,401.0523408541231,14
2024-09-17 13:41:36.606,401.0178254462632,10
2024-09-17 13:41:36.643,401.0455971766147,5
2024-09-17 13:41:36.654,401.0331827434138,998
2024-09-17 13:41:36.699,400.9956301321415,998
2024-09-17 13:41:36.700,401.007261876888,104
2024-09-17 13:41:36.802,401.04360863084463,8
2024-09-17 13:41:36.878,401.0723972076168,5
2024-09-17 13:41:36.880,400.99976209005376,101
2024-09-17 13:41:36.905,400.9928385430868,6
2024-09-17 13:41:36.964,401.0155790456593,5
2024-09-17 13:41:37.007,401.069202831131,101
2024-09-17 13:41:37.092,401.0967427906145,1004
2024-09-17 13:41:37.117,401.1098015934622,100
2024-09-17 13:41:37.209,401.0495683416066,13
2024-09-17 13:41:37.296,401.14099668939446,9
2024-09-17 13:41:37.320,401.07053590953376,9
2024-09-17 13:41:37.341,401.0872154083583,995
2024-09-17 13:41:37.354,401.0708972753259,102
2024-09-17 13:41:37.394,401.0673387276846,98
2024-09-17 13:41:37.515,401.1102496257505,1005
2024-09-17 13:41:37.525,401.1437972423985,995
2024-09-17 13:41:37.540,401.0642474503889,10
2024-09-17 13:41:37.580,401.0539147830354,103
2024-09-17 13:41:37.597,401.1519505844883,1000
2024-09-17 13:41:37.617,401.0479256860171,101
2024-09-17 13:41:37.633,401.10225003617705,11
2024-09-17 13:41:37.730,401.0677206823031,9
2024-09-17 13:41:37.822,401.13242499744433,1004
2024-09-17 13:41:37.845,401.0819271849461,105
2024-09-17 13:41:37.871,401.11851450691546,1000
2024-09-17 13:41:37.874,401.1071097715673,11
2024-09-17 13:41:37.893,401.0493878425042,12
2024-09-17 13:41:37.903,401.1240622538946,99
2024-09-17 13:41:37.909,401.04131208681287,102
2024-09-17 13:41:37.923,401.0735803439296,105
2024-09-17 13:41:37.939,401.0525285375194,101
2024-09-17 13:41:38.232,401.1358090739959,105
2024-09-17 13:41:38.313,401.1383349113628,99
2024-09-17 13:41:38.512,401.1129107505162,999
2024-09-17 13:41:38.695,401.1456398161071,101
2024-09-17 13:41:38.848,401.1197995675231,1005
2024-09-17 13:41:38.897,401.1369537368988,995
2024-09-17 13:41:39.082,401.1067399067824,98
2024-09-17 13:41:39.091,401.12405460055743,1004
2024-09-17 13:41:39.103,401.0956212983893,1005
2024-09-17 13:41:39.111,401.04958079906993,9
2024-09-17 13:41:39.131,401.06858066614586,998
2024-09-17 13:41:39.135,401.0879953783384,1002
2024-09-17 13:41:39.233,401.1070645966951,6
2024-09-17 13:41:39.273,401.1101647179968,97
2024-09-17 13:41:39.321,401.10050079748805,9
2024-09-17 13:41:39.337,,1001
2024-09-17 13:41:39.465,401.1039595282927,1005
2024-09-17 13:41:39.522,401.090165533682,12
2024-09-17 13:41:39.554,401.1035154558691,1000
2024-09-17 13:41:39.586,401.0939226514611,5
2024-09-17 13:41:39.681,401.1051477492033,1000
2024-09-17 13:41:39.770,401.0975539639,995
2024-09-17 13:41:39.780,401.0750559085109,14
2024-09-17 13:41:39.804,401.075617117,1004
2024-09-17 13:41:39.831,401.0901583892256,5
2024-09-17 13:41:39.871,401.0914073122348,1002
2024-09-17 13:41:39.906,401.0913069696319,103
2024-09-17 13:41:39.979,401.1030195197223,99
2024-09-17 13:41:39.992,401.0809171003925,995
2024-09-17 13:41:39.994,401.0690955975071,102
2024-09-17 13:41:39.994,401.0582486506568,1002
2024-09-17 13:41:39.999,401.0765199425659,15
2024-09-17 13:41:40.029,401.0397956436013,104
2024-09-17 13:41:40.051,401.0647096431621,105
2024-09-17 13:41:40.119,401.0251379599737,15
2024-09-17 13:41:40.198,401.0314245751384,995
2024-09-17 13:41:40.250,401.04413731958914,8
2024-09-17 13:41:40.361,401.0452612982292,12
2024-09-17 13:41:40.428,401.02996526996367,995
2024-09-17 13:41:40.459,40.10310181669806,1004
2024-09-17 13:41:40.537,40.10487415223543,8
2024-09-17 13:41:40.574,401.0406370501429,13
2024-09-17 13:41:40.634,401.03028216425207,1002
2024-09-17 13:41:40.708,401.0670081485104,101
2024-09-17 13:41:40.773,401.0527714250241,1002
2024-09-17 13:41:40.787,401.05454599657503,995
2024-09-17 13:41:40.789,401.06582174114914,13
2024-09-17 13:41:40.807,401.07679821803504,14
2024-09-17 13:41:40.862,401.03489334239663,1000
2024-09-17 13:41:40.872,401.0505977601767,998
2024-09-17 13:41:41.063,401.0134821298953,101
2024-09-17 13:41:41.067,400.9768862076444,997
2024-09-17 13:41:41.100,401.0380676954263,98
2024-09-17 13:41:41.117,401.0644780446365,1001
2024-09-17 13:41:41.143,400.9887266464905,5
2024-09-17 13:41:41.179,401.0544631252004,104
2024-09-17 13:41:41.225,,100
2024-09-17 13:41:41.315,400.9782851717659,12
2024-09-17 13:41:41.412,400.9767499925175,102
2024-09-17 13:41:41.470,400.9895075063589,997
2024-09-17 13:41:41.509,400.9698850124096,999
2024-09-17 13:41:41.534,400.9796939921504,102
2024-09-17 13:41:41.563,401.00439499945657,105
2024-09-17 13:41:41.563,400.99313237671686,8
2024-09-17 13:41:41.594,400.9896076495893,998
2024-09-17 13:41:41.603,400.9816324735691,100
2024-09-17 13:41:41.612,401.0606154590822,98
2024-09-17 13:41:41.627,401.0576468867741,1001
2024-09-17 13:41:41.679,400.98162975132846,96
2024-09-17 13:41:41.708,400.9801644381928,1002
2024-09-17 13:41:41.766,401.025986151842,100
2024-09-17 13:41:41.834,401.0428144069962,12
2024-09-17 13:41:41.900,401.0583632981022,1000
2024-09-17 13:41:41.914,400.9768677335532,1003
2024-09-17 13:41:41.926,401.0568707485471,1000
2024-09-17 13:41:41.928,400.975036247641,996
2024-09-17 13:41:41.974,400.9837743851923,97
2024-09-17 13:41:41.979,401.0540037942548,996
2024-09-17 13:41:41.988,400.9778344957036,995
2024-09-17 13:41:42.025,401.0124891269985,97
2024-09-17 13:41:42.065,400.9679465681981,996
2024-09-17 13:41:42.148,400.999098828628,13
2024-09-17 13:41:42.175,401.0180851811788,1003
2024-09-17 13:41:42.257,400.9362952057552,1005
2024-09-17 13:41:42.281,400.99849515702414,102
2024-09-17 13:41:42.311,401.0081978662814,105
2024-09-17 13:41:42.399,400.9332689851067,101
2024-09-17 13:41:42.518,400.9913312701958,105
2024-09-17 13:41:42.525,400.948804817159,8
2024-09-17 13:41:42.557,400.9677399412795,100
2024-09-17 13:41:42.590,400.9916325649171,8
2024-09-17 13:41:42.694,400.9623214333583,104
2024-09-17 13:41:42.838,401.0106993428038,999
2024-09-17 13:41:42.915,,996
2024-09-17 13:41:42.947,400.9667992189068,103
2024-09-17 13:41:43.404,400.9310029321125,998
2024-09-17 13:41:43.497,400.9291370434633,999
2024-09-17 13:41:43.512,400.9315940916965,996
2024-09-17 13:41:43.548,40.09424133736793,10
2024-09-17 13:41:43.556,400.941054705228,95
2024-09-17 13:41:43.583,400.9253737437614,1000
2024-09-17 13:41:43.721,400.9370370178319,95
2024-09-17 13:41:43.781,400.9410639399278,102
2024-09-17 13:41:44.021,400.9460879471445,11
2024-09-17 13:41:44.156,400.9409760387356,102
2024-09-17 13:41:44.306,400.9235655098445,95
2024-09-17 13:41:44.390,400.9463598870627,99
2024-09-17 13:41:44.478,400.9341369710455,11
2024-09-17 13:41:44.640,400.9409152566142,995
2024-09-17 13:41:44.688,400.9442776375532,998
2024-09-17 13:41:44.733,400.9216572847057,14
2024-09-17 13:41:44.842,-400.9320351328228,14
2024-09-17 13:41:44.961,400.9137792657893,103
2024-09-17 13:41:45.132,400.9571177215763,1000
2024-09-17 13:41:45.663,400.9358869114533,100
2024-09-17 13:41:45.738,400.9458887571733,7
2024-09-17 13:41:45.960,400.9358621241807,5
2024-09-17 13:41:46.022,400.9460767831894,998
2024-09-17 13:41:47.096,400.9997332389707,996
2024-09-17 13:41:47.130,401.0071037567332,15
2024-09-17 13:41:47.336,401.0210583026091,1001
2024-09-17 13:41:47.530,400.9804522046288,15
2024-09-17 13:41:47.544,400.9755684821711,101
2024-09-17 13:41:47.608,401.0125827402085,105
2024-09-17 13:41:47.684,400.9851870061239,1003
2024-09-17 13:41:47.689,401.0016203294035,1004
2024-09-17 13:41:47.707,401.0087235616707,995
2024-09-17 13:41:47.795,401.0026441975444,8
2024-09-17 13:41:47.804,401.02133032946494,1001
2024-09-17 13:41:47.810,401.0142428183512,97
2024-09-17 13:41:47.884,,8
2024-09-17 13:41:47.946,401.0011475473628,95
2024-09-17 13:41:48.148,400.9765739577438,97
2024-09-17 13:41:48.183,401.0167148183339,15
2024-09-17 13:41:48.187,400.99313425609495,1003
2024-09-17 13:41:48.231,401.0099919097553,95
2024-09-17 13:41:48.255,400.9857263394745,102
2024-09-17 13:41:48.282,401.0061769330607,1002
2024-09-17 13:41:48.387,400.9629375548308,96
2024-09-17 13:41:48.409,400.9654612426737,1003
2024-09-17 13:41:48.415,400.983015605906,1003
2024-09-17 13:41:48.436,400.9873065172508,99
2024-09-17 13:41:48.438,400.9634568011725,6
2024-09-17 13:41:48.562,401.0210119102768,8
2024-09-17 13:41:48.625,,99
2024-09-17 13:41:48.656,401.0120599623713,1004
2024-09-17 13:41:48.722,400.98854420320384,102
2024-09-17 13:41:48.728,400.9904735901079,998
2024-09-17 13:41:48.777,400.9817735568914,13
2024-09-17 13:41:48.902,401.04757273934143,8
2024-09-17 13:41:48.945,,6
2024-09-17 13:41:48.948,400.9971542710466,1005
2024-09-17 13:41:48.950,401.0454879166548,1000
2024-09-17 13:41:48.971,401.00683305576354,102
2024-09-17 13:41:48.977,400.9775789934977,997
2024-09-17 13:41:49.042,401.0076882801541,1001
2024-09-17 13:41:49.197,401.0424183791741,98
2024-09-17 13:41:49.253,401.0286188141964,999
2024-09-17 13:41:49.259,401.0198227491188,13
2024-09-17 13:41:49.260,401.01232517994674,997
2024-09-17 13:41:49.292,401.02040676046863,998
2024-09-17 13:41:49.350,401.0383197989191,11
2024-09-17 13:41:49.404,401.0346457682125,11
2024-09-17 13:41:49.607,,5
2024-09-17 13:41:49.777,401.0346388938409,996
2024-09-17 13:41:49.861,401.03510387690153,997
2024-09-17 13:41:50.070,401.0244590092871,95
2024-09-17 13:41:50.104,401.037298768564,1005
2024-09-17 13:41:50.225,401.0109465671636,1002
2024-09-17 13:41:50.227,,101
2024-09-17 13:41:50.230,401.0014923100221,100
2024-09-17 13:41:50.264,401.0419629835413,1005
2024-09-17 13:41:50.546,401.0345032697796,1000
2024-09-17 13:41:50.573,401.0185138610708,95
2024-09-17 13:41:50.804,401.03694084119553,6
2024-09-17 13:41:51.102,400.9998042132417,95
2024-09-17 13:41:51.195,400.97012923486346,104
2024-09-17 13:41:51.232,400.96288024366186,99
2024-09-17 13:41:51.253,400.9807021291312,999
2024-09-17 13:41:51.361,400.978150811944,997
2024-09-17 13:41:51.435,400.97689869239537,14
2024-09-17 13:41:51.577,400.96144419377936,95
2024-09-17 13:41:51.753,401.0022687711514,996
2024-09-17 13:41:51.760,400.9955199272632,996
2024-09-17 13:41:52.081,400.9618374648092,105
2024-09-17 13:41:52.100,400.9842959969858,1001
2024-09-17 13:41:52.142,400.9779447844113,95
2024-09-17 13:41:52.286,400.9527261403892,1000
2024-09-17 13:41:52.345,400.9711914702429,101
2024-09-17 13:41:52.402,400.9891537914863,102
2024-09-17 13:41:52.406,400.9580547301383,95
2024-09-17 13:41:52.430,400.9975885133039,1001
2024-09-17 13:41:52.455,400.96518165032506,997
2024-09-17 13:41:52.523,400.9486197961915,10
2024-09-17 13:41:52.671,400.9632270613779,6
2024-09-17 13:41:52.679,400.967519053589,1004
2024-09-17 13:41:52.681,400.9715220610268,102
2024-09-17 13:41:52.691,401.0019210108706,1002
2024-09-17 13:41:52.691,400.978212889304,12
2024-09-17 13:41:52.789,400.9710431068618,104
2024-09-17 13:41:52.844,401.02322773804775,100
2024-09-17 13:41:52.883,40.10008547516333,7
2024-09-17 13:41:52.963,400.9599882386062,9
2024-09-17 13:41:53.070,400.9482011303767,103
2024-09-17 13:41:53.176,400.9596664924494,95
2024-09-17 13:41:53.226,400.9704394960872,95
2024-09-17 13:41:53.307,400.96342863708185,104
2024-09-17 13:41:53.373,400.9716920183932,11
2024-09-17 13:41:53.476,400.9575072352338,104
2024-09-17 13:41:53.515,400.9362969007921,15
2024-09-17 13:41:53.688,400.94215816261055,14
2024-09-17 13:41:53.816,400.9502237248621,15
2024-09-17 13:41:53.872,400.9623010640531,98
2024-09-17 13:41:54.194,400.96524550370697,1005
2024-09-17 13:41:54.505,400.9597225170814,97
2024-09-17 13:41:54.622,,104
2024-09-17 13:41:54.768,400.96158924463,97
2024-09-17 13:41:54.800,400.91940744072633,13
2024-09-17 13:41:54.805,400.9090369429822,104
2024-09-17 13:41:54.817,400.91843194149,997
2024-09-17 13:41:54.929,400.9617184591465,101
2024-09-17 13:41:54.955,400.94263787855726,14
2024-09-17 13:41:55.083,400.98772044013344,995
2024-09-17 13:41:55.103,400.9169883154786,1002
2024-09-17 13:41:55.122,400.94710936462286,8
2024-09-17 13:41:55.168,400.9196877264796,1000
2024-09-17 13:41:55.199,400.9169629423709,100
2024-09-17 13:41:55.230,400.9319930599058,100
2024-09-17 13:41:55.239,400.9160280967281,1002
2024-09-17 13:41:55.318,-400.9232209811973,95
2024-09-17 13:41:55.360,400.93997855252223,5
2024-09-17 13:41:55.370,400.9158428262817,1002
2024-09-17 13:41:55.392,400.9727177970219,13
2024-09-17 13:41:55.406,400.9081699373539,15
2024-09-17 13:41:55.422,400.92382933316594,99
2024-09-17 13:41:55.463,400.9189223631525,99
2024-09-17 13:41:55.505,400.9161445496142,8
2024-09-17 13:41:55.564,400.91533795201775,1005
2024-09-17 13:41:55.630,400.9139141841456,97
2024-09-17 13:41:55.650,400.9294312384361,97
2024-09-17 13:41:55.659,400.8926451576636,95
2024-09-17 13:41:55.678,400.9267024481815,15
2024-09-17 13:41:55.683,400.9189323483078,996
2024-09-17 13:41:55.725,400.91072306514025,1003
2024-09-17 13:41:55.731,400.9247944078922,7
2024-09-17 13:41:55.748,400.9177691699184,12
2024-09-17 13:41:55.749,400.9149315127806,12
2024-09-17 13:41:55.815,400.911278341056,101
2024-09-17 13:41:55.884,400.8903826671582,14
2024-09-17 13:41:56.088,400.9937573410769,102
2024-09-17 13:41:56.347,400.9930415158311,15
2024-09-17 13:41:56.549,400.9845518457017,1001
2024-09-17 13:41:56.873,400.98267674485487,7
2024-09-17 13:41:56.961,400.9907731282256,15
2024-09-17 13:41:56.994,401.0169967348327,103
2024-09-17 13:41:57.007,401.01688371200567,101
2024-09-17 13:41:57.044,40.10058635160596,995
2024-09-17 13:41:57.122,401.01563940077466,1000
2024-09-17 13:41:57.201,-401.01550998761576,105
2024-09-17 13:41:57.324,401.0057619850871,97
2024-09-17 13:41:57.444,401.0178795691689,1004
2024-09-17 13:41:57.467,401.04253928315205,996
2024-09-17 13:41:57.564,401.0414347709551,1001
2024-09-17 13:41:57.571,401.0124424897403,105
2024-09-17 13:41:57.653,401.00080886844336,6
2024-09-17 13:41:57.826,401.0332123007614,5
2024-09-17 13:41:57.852,401.0136137868214,995
2024-09-17 13:41:57.912,401.02553400197706,11
2024-09-17 13:41:58.172,401.0224104845696,1002
2024-09-17 13:41:58.241,401.0508261200465,1001
2024-09-17 13:41:58.339,401.0218929651934,12
2024-09-17 13:41:58.482,401.04655781409735,12
2024-09-17 13:41:58.518,401.01060356858,15
2024-09-17 13:41:58.581,401.0435568338408,10
2024-09-17 13:41:58.717,401.0658031230442,98
2024-09-17 13:41:58.721,401.0367044063453,1005
2024-09-17 13:41:58.733,401.05131143996806,100
2024-09-17 13:41:58.769,401.0441016647932,99
2024-09-17 13:41:58.815,401.0254102027956,7
2024-09-17 13:41:58.864,401.0138683246163,999
2024-09-17 13:41:59.473,401.0109116984957,8
2024-09-17 13:41:59.500,401.0319916297706,1002
2024-09-17 13:41:59.523,401.00312007864,101
2024-09-17 13:41:59.747,401.05020412817896,8
