Timestamp,Price,Size
2024-09-16 10:06:00.025,419.0178100784759,998
2024-09-16 10:06:00.055,419.0912339585676,13
2024-09-16 10:06:00.192,419.0810466742902,9
2024-09-16 10:06:00.204,419.10463412747487,8
2024-09-16 10:06:00.273,419.0304463478367,997
2024-09-16 10:06:00.334,419.07465642695496,9
2024-09-16 10:06:00.473,419.1019105417329,12
2024-09-16 10:06:00.584,419.0223494157439,11
2024-09-16 10:06:00.622,419.0987758646963,7
2024-09-16 10:06:00.630,419.0817178200332,6
2024-09-16 10:06:00.678,419.0127287753685,1003
2024-09-16 10:06:00.878,419.0532272233411,97
2024-09-16 10:06:00.898,419.0969288014964,5
2024-09-16 10:06:01.014,419.02495393198166,11
2024-09-16 10:06:01.277,-419.0523376546654,1003
2024-09-16 10:06:01.327,419.01852158524247,9
2024-09-16 10:06:01.813,419.04236794642514,9
2024-09-16 10:06:02.933,419.0634733205401,1000
2024-09-16 10:06:03.020,419.0634649753187,995
2024-09-16 10:06:03.045,419.02905926612544,103
2024-09-16 10:06:03.095,419.0432421535626,8
2024-09-16 10:06:03.272,419.0227536947192,103
2024-09-16 10:06:03.507,419.0121768445304,96
2024-09-16 10:06:03.515,419.0490916528536,1000
2024-09-16 10:06:03.790,,11
2024-09-16 10:06:03.813,419.0527684204124,12
2024-09-16 10:06:03.975,419.0414610849376,1001
2024-09-16 10:06:04.065,419.049944230314,996
2024-09-16 10:06:04.217,419.0178281978921,1005
2024-09-16 10:06:04.432,419.0053852568915,104
2024-09-16 10:06:04.492,419.01836339573146,14
2024-09-16 10:06:04.750,419.0562813669967,6
2024-09-16 10:06:04.751,419.0617892051099,9
2024-09-16 10:06:04.896,419.0441597222396,1002
2024-09-16 10:06:04.968,419.03183636932425,1000
2024-09-16 10:06:05.008,419.0195703377169,995
2024-09-16 10:06:05.059,419.0500130795878,998
2024-09-16 10:06:05.068,419.019362544704,999
2024-09-16 10:06:05.161,419.031123518539,5
2024-09-16 10:06:05.194,418.991566154014,8
2024-09-16 10:06:05.200,419.0500904414082,5
2024-09-16 10:06:05.221,419.0263014113858,101
2024-09-16 10:06:05.225,419.04225837869245,995
2024-09-16 10:06:05.232,419.0481905211191,11
2024-09-16 10:06:05.259,419.0396102704669,12
2024-09-16 10:06:05.261,41.904432910370005,1002
2024-09-16 10:06:05.264,419.0229899230329,1001
2024-09-16 10:06:05.280,419.01389047020245,100
2024-09-16 10:06:05.290,419.01535862627145,95
2024-09-16 10:06:05.358,419.0459452919716,999
2024-09-16 10:06:05.424,419.0492630273599,1005
2024-09-16 10:06:05.537,419.0220898826726,1002
2024-09-16 10:06:05.551,419.0088447998175,8
2024-09-16 10:06:05.585,419.0194368369451,9
2024-09-16 10:06:05.595,419.0375877539241,11
2024-09-16 10:06:05.750,419.0168458726672,10
2024-09-16 10:06:05.885,419.0377046978765,1000
2024-09-16 10:06:05.944,419.0377610524384,10
2024-09-16 10:06:06.306,418.9826017575346,104
2024-09-16 10:06:06.792,418.9807063441375,995
2024-09-16 10:06:07.053,418.9939040315817,1004
2024-09-16 10:06:07.145,418.9759835474815,99
2024-09-16 10:06:07.186,418.9623187835209,15
2024-09-16 10:06:07.241,418.9935205858925,1002
2024-09-16 10:06:07.244,419.02176610583103,97
2024-09-16 10:06:07.308,418.976378940573,12
2024-09-16 10:06:07.332,419.01385817203817,11
2024-09-16 10:06:07.370,418.99932190716765,997
2024-09-16 10:06:07.403,418.9965207691373,100
2024-09-16 10:06:07.407,418.98570640344457,997
2024-09-16 10:06:07.442,418.97499800399663,96
2024-09-16 10:06:07.481,418.9962483764232,101
2024-09-16 10:06:07.493,418.96155087608224,7
2024-09-16 10:06:07.568,419.0115916999592,995
2024-09-16 10:06:07.572,418.9979794875078,100
2024-09-16 10:06:07.576,419.0110333912044,1002
2024-09-16 10:06:07.582,418.9847034484745,1005
2024-09-16 10:06:07.673,418.9653232876549,11
2024-09-16 10:06:07.673,418.9778396183338,996
2024-09-16 10:06:07.751,41.90052479691055,11
2024-09-16 10:06:07.814,418.9936316481793,999
2024-09-16 10:06:07.854,418.9815472967849,98
2024-09-16 10:06:07.888,418.9870387532901,99
2024-09-16 10:06:07.968,418.98097945307256,5
2024-09-16 10:06:07.970,418.967677262309,6
2024-09-16 10:06:08.004,419.0598536997887,996
2024-09-16 10:06:08.005,418.99849748245066,1000
2024-09-16 10:06:08.070,419.05239291745664,13
2024-09-16 10:06:08.190,419.0133549425785,997
2024-09-16 10:06:08.199,419.01851914164814,12
2024-09-16 10:06:08.220,419.0307687879074,95
2024-09-16 10:06:08.239,419.052546019635,997
2024-09-16 10:06:08.247,419.0592212172994,1004
2024-09-16 10:06:08.324,419.0637964756344,995
2024-09-16 10:06:08.372,419.0047848234452,97
2024-09-16 10:06:08.384,419.0230625713209,14
2024-09-16 10:06:08.434,419.0145927117054,103
2024-09-16 10:06:08.482,419.0663774598444,996
2024-09-16 10:06:08.494,419.0524602432982,100
2024-09-16 10:06:08.563,419.0384875107229,15
2024-09-16 10:06:08.584,419.0457670909293,5
2024-09-16 10:06:08.655,419.0731099257752,14
2024-09-16 10:06:08.664,419.019965443778,102
2024-09-16 10:06:08.729,419.0587266912417,97
2024-09-16 10:06:08.752,419.034777998613,1003
2024-09-16 10:06:08.786,419.0421709237296,101
2024-09-16 10:06:08.788,419.0743263031063,99
2024-09-16 10:06:08.808,419.0232863575957,14
2024-09-16 10:06:08.848,419.05163728658425,1004
2024-09-16 10:06:08.897,419.0686071230791,1003
2024-09-16 10:06:08.913,419.05056870872585,1001
2024-09-16 10:06:08.948,419.0540857943705,101
2024-09-16 10:06:09.001,418.9642345307083,105
2024-09-16 10:06:09.013,418.95482876630615,98
2024-09-16 10:06:09.034,418.9921534537969,100
2024-09-16 10:06:09.081,418.9650459347056,998
2024-09-16 10:06:09.132,418.9843160393952,996
2024-09-16 10:06:09.207,418.9775928850544,995
2024-09-16 10:06:09.318,418.994698479441,9
2024-09-16 10:06:09.390,418.9959356571032,1000
2024-09-16 10:06:09.401,418.9844816298044,7
2024-09-16 10:06:09.403,418.9955120310989,104
2024-09-16 10:06:09.414,418.95262053847097,8
2024-09-16 10:06:09.459,418.9987338524484,1004
2024-09-16 10:06:09.482,418.985107435668,9
2024-09-16 10:06:09.485,419.0103934412004,102
2024-09-16 10:06:09.496,418.98484970664526,5
2024-09-16 10:06:09.527,418.9847947471235,97
2024-09-16 10:06:09.529,419.0074659584633,996
2024-09-16 10:06:09.568,418.9997546207509,97
2024-09-16 10:06:09.761,418.9735582642759,100
2024-09-16 10:06:09.792,418.9722430044542,6
2024-09-16 10:06:09.821,418.9765144297487,14
2024-09-16 10:06:09.850,418.9698065020154,14
2024-09-16 10:06:09.898,418.9920998125941,105
2024-09-16 10:06:09.916,418.94191007754966,1003
2024-09-16 10:06:09.922,418.98190551850337,998
2024-09-16 10:06:09.949,418.9637712852938,1005
2024-09-16 10:06:09.959,418.955074707546,1004
2024-09-16 10:06:09.973,418.9840565830243,103
2024-09-16 10:06:10.062,418.9643494566154,15
2024-09-16 10:06:10.127,418.9559801259605,10
2024-09-16 10:06:10.234,418.95159523453816,9
2024-09-16 10:06:10.316,418.95819366463365,95
2024-09-16 10:06:10.427,418.98431913547785,105
2024-09-16 10:06:10.684,418.9824717356729,5
2024-09-16 10:06:10.791,418.9429879848958,12
2024-09-16 10:06:10.926,418.9397600686288,15
2024-09-16 10:06:11.124,419.0059631564876,8
2024-09-16 10:06:11.343,419.00078649135736,100
2024-09-16 10:06:12.014,418.9497074240112,104
2024-09-16 10:06:12.079,419.0048605738265,999
2024-09-16 10:06:12.104,418.93310053346266,100
2024-09-16 10:06:12.163,418.9164291508612,102
2024-09-16 10:06:12.166,418.9714197055491,102
2024-09-16 10:06:12.218,418.8906996927075,97
2024-09-16 10:06:12.299,418.9328209288068,996
2024-09-16 10:06:12.356,418.946261305043,102
2024-09-16 10:06:12.379,418.9483711682008,101
2024-09-16 10:06:12.393,418.91249735115446,7
2024-09-16 10:06:12.442,418.9085658475661,12
2024-09-16 10:06:12.525,418.91358795277984,1005
2024-09-16 10:06:12.560,418.92737914464,1004
2024-09-16 10:06:12.598,418.90528418231406,13
2024-09-16 10:06:12.622,418.9914245556959,96
2024-09-16 10:06:12.634,418.9282423315314,11
2024-09-16 10:06:12.716,418.9598948018655,5
2024-09-16 10:06:12.731,418.94775767204567,13
2024-09-16 10:06:12.771,418.9242133985119,96
2024-09-16 10:06:12.772,418.9408536444414,999
2024-09-16 10:06:12.795,418.969136902606,103
2024-09-16 10:06:12.844,418.9124374352034,97
2024-09-16 10:06:12.892,418.917654469066,100
2024-09-16 10:06:12.895,418.899969141572,997
2024-09-16 10:06:13.671,418.89930047110414,5
2024-09-16 10:06:14.064,418.8857876533827,14
2024-09-16 10:06:14.076,418.86529356111663,97
2024-09-16 10:06:14.123,418.8882039266319,14
2024-09-16 10:06:14.209,418.8745032511122,1004
2024-09-16 10:06:14.364,418.8899948411325,1002
2024-09-16 10:06:14.515,418.89851100904576,11
2024-09-16 10:06:14.637,418.8983583981092,1001
2024-09-16 10:06:14.703,-418.89504529553614,1003
2024-09-16 10:06:14.728,418.869152800564,14
2024-09-16 10:06:14.768,418.8863151720791,10
2024-09-16 10:06:14.996,418.88781941770526,104
2024-09-16 10:06:15.009,418.8458372616884,15
2024-09-16 10:06:15.116,418.8392631692535,97
2024-09-16 10:06:15.196,41.88724965533875,15
2024-09-16 10:06:15.296,418.83594565218766,996
2024-09-16 10:06:15.482,418.8591107918213,1002
2024-09-16 10:06:15.532,418.8610655550557,6
2024-09-16 10:06:15.680,418.8546993373488,1002
2024-09-16 10:06:15.846,418.8667174209237,8
2024-09-16 10:06:15.899,418.8540470992339,102
2024-09-16 10:06:16.186,418.8226560868489,1003
2024-09-16 10:06:16.229,418.8082926772105,100
2024-09-16 10:06:16.231,418.824337030298,1001
2024-09-16 10:06:16.279,418.8215772060472,98
2024-09-16 10:06:16.663,-418.8241027759664,100
2024-09-16 10:06:16.677,418.8118503192183,9
2024-09-16 10:06:16.683,418.8602957729902,98
2024-09-16 10:06:16.786,418.834133607172,105
2024-09-16 10:06:17.099,418.8985972359656,100
2024-09-16 10:06:17.115,418.8733678542772,104
2024-09-16 10:06:17.426,418.8656288044714,96
2024-09-16 10:06:17.543,418.86531396556313,1002
2024-09-16 10:06:17.586,418.8823660246449,96
2024-09-16 10:06:17.590,418.90694499193125,12
2024-09-16 10:06:17.596,418.8894277271772,105
2024-09-16 10:06:17.598,418.9170747796253,101
2024-09-16 10:06:17.638,418.8912702587758,1003
2024-09-16 10:06:17.777,418.8529763280668,995
2024-09-16 10:06:17.851,418.8327214325112,11
2024-09-16 10:06:17.890,418.8898651206267,101
2024-09-16 10:06:17.908,418.8920466250551,1003
2024-09-16 10:06:17.987,418.8716572137042,11
2024-09-16 10:06:18.083,418.8623466931015,97
2024-09-16 10:06:18.432,418.8660021734664,1003
2024-09-16 10:06:18.612,418.8655213842306,95
2024-09-16 10:06:18.799,418.8640514033066,101
2024-09-16 10:06:18.813,418.8657876643516,999
2024-09-16 10:06:18.826,418.8670675563427,105
2024-09-16 10:06:18.890,418.8624929426061,104
2024-09-16 10:06:19.050,418.87864401796463,5
2024-09-16 10:06:19.070,418.9255372248044,97
2024-09-16 10:06:19.151,418.92121273971696,12
2024-09-16 10:06:19.153,418.9164784035666,15
2024-09-16 10:06:19.178,418.87221353529407,14
2024-09-16 10:06:19.194,418.9292939699509,5
2024-09-16 10:06:19.204,418.91148889191663,6
2024-09-16 10:06:19.294,418.870113335218,995
2024-09-16 10:06:19.294,418.84153786209686,11
2024-09-16 10:06:19.315,418.83604385406073,997
2024-09-16 10:06:19.323,418.89795514156623,11
2024-09-16 10:06:19.494,418.86137071354375,11
2024-09-16 10:06:19.531,418.9145982106823,1001
2024-09-16 10:06:19.537,418.8669363456595,11
2024-09-16 10:06:19.578,418.9135134392189,98
2024-09-16 10:06:19.613,418.9216662355588,999
2024-09-16 10:06:19.621,418.89932086548816,10
2024-09-16 10:06:19.655,418.87338164276935,102
2024-09-16 10:06:19.687,418.8417600164416,8
2024-09-16 10:06:19.703,418.8467481104177,5
2024-09-16 10:06:19.739,418.8492230388268,1002
2024-09-16 10:06:19.817,418.948181218124,99
2024-09-16 10:06:19.848,418.85649006829607,6
2024-09-16 10:06:19.900,418.8297584646703,12
2024-09-16 10:06:20.015,418.92716025434055,8
2024-09-16 10:06:20.222,418.9283585955446,997
2024-09-16 10:06:20.501,418.92537726375366,9
2024-09-16 10:06:20.885,418.9447238444238,8
2024-09-16 10:06:21.114,418.8475179154291,1005
2024-09-16 10:06:21.205,-418.87989434683993,14
2024-09-16 10:06:21.371,418.847117119409,7
2024-09-16 10:06:21.374,418.8517687112701,95
2024-09-16 10:06:21.385,418.8378717615337,1000
2024-09-16 10:06:21.504,418.85774950121214,999
2024-09-16 10:06:21.570,418.8448458305697,1003
2024-09-16 10:06:21.672,418.90449493977707,101
2024-09-16 10:06:21.689,418.8469562926876,10
2024-09-16 10:06:22.032,418.83100116696943,1005
2024-09-16 10:06:22.083,418.8045733702421,9
2024-09-16 10:06:22.129,418.8293013489916,12
2024-09-16 10:06:22.190,418.8167561082813,105
2024-09-16 10:06:22.204,418.8568292670512,104
2024-09-16 10:06:22.247,418.8140065882242,12
2024-09-16 10:06:22.258,418.8487501191359,996
2024-09-16 10:06:22.266,418.7982655064109,10
2024-09-16 10:06:22.296,-418.8280184439316,102
2024-09-16 10:06:22.317,418.8066043100527,998
2024-09-16 10:06:22.327,418.8330420276271,7
2024-09-16 10:06:22.342,-41.88444927983377,1004
2024-09-16 10:06:22.373,418.8507269066714,105
2024-09-16 10:06:22.603,418.763545851835,97
2024-09-16 10:06:22.637,418.83711278210126,999
2024-09-16 10:06:22.647,418.85482617670607,995
2024-09-16 10:06:22.666,-418.7979317073499,102
2024-09-16 10:06:22.774,418.8450210435311,7
2024-09-16 10:06:22.778,418.79231382507976,97
2024-09-16 10:06:22.785,418.7788108133655,105
2024-09-16 10:06:22.864,418.7960896973612,8
2024-09-16 10:06:22.874,418.7817109583198,10
2024-09-16 10:06:22.909,418.8557882442458,104
2024-09-16 10:06:22.972,,5
2024-09-16 10:06:22.977,418.8105549161803,14
2024-09-16 10:06:22.997,418.7873491205656,1001
2024-09-16 10:06:23.488,418.7641801180753,96
2024-09-16 10:06:24.024,418.7321145056882,8
2024-09-16 10:06:24.052,418.7258624133518,995
2024-09-16 10:06:24.073,418.7255360116764,1005
2024-09-16 10:06:24.152,418.741477204546,1005
2024-09-16 10:06:24.212,418.7464750303182,14
2024-09-16 10:06:24.258,418.728308371891,13
2024-09-16 10:06:24.349,418.7304080684893,1001
2024-09-16 10:06:24.364,418.72516333422,9
2024-09-16 10:06:24.417,418.7344469503272,103
2024-09-16 10:06:24.445,418.7466457840966,12
2024-09-16 10:06:24.454,418.75283086692593,997
2024-09-16 10:06:24.456,418.7368000615857,995
2024-09-16 10:06:24.482,418.70467561110826,997
2024-09-16 10:06:24.497,418.7507272433795,6
2024-09-16 10:06:24.519,418.7441885645197,13
2024-09-16 10:06:24.547,418.7225671620062,101
2024-09-16 10:06:24.566,418.74140256938097,5
2024-09-16 10:06:24.628,418.7411201558156,996
2024-09-16 10:06:24.681,418.7348663022225,998
2024-09-16 10:06:24.799,418.73089481240015,104
2024-09-16 10:06:24.857,418.73845857516335,100
2024-09-16 10:06:24.882,418.7353163578421,1005
2024-09-16 10:06:24.905,418.728708938875,97
2024-09-16 10:06:25.006,418.7815119061429,7
2024-09-16 10:06:25.019,418.76935626016274,11
2024-09-16 10:06:25.071,418.79538739728287,8
2024-09-16 10:06:25.128,,8
2024-09-16 10:06:25.169,418.7692215285321,9
2024-09-16 10:06:25.235,418.7104963741182,1004
2024-09-16 10:06:25.251,-418.7717960290743,997
2024-09-16 10:06:25.293,418.762273153601,105
2024-09-16 10:06:25.343,418.7759433120677,996
2024-09-16 10:06:25.348,418.7574797185591,5
2024-09-16 10:06:25.461,418.7656031496397,96
2024-09-16 10:06:25.475,418.71170189704833,999
2024-09-16 10:06:25.483,418.78171596326126,1000
2024-09-16 10:06:25.485,418.7656989207707,995
2024-09-16 10:06:25.521,418.72716332084656,13
2024-09-16 10:06:25.589,418.7597082435871,13
2024-09-16 10:06:25.697,418.7764752138324,8
2024-09-16 10:06:25.717,418.7782078763021,997
2024-09-16 10:06:25.765,418.78118845791647,1001
2024-09-16 10:06:25.787,418.7750129081508,14
2024-09-16 10:06:25.815,418.7739542033788,99
2024-09-16 10:06:25.825,418.7725520834365,14
2024-09-16 10:06:25.914,418.7629665469588,1001
2024-09-16 10:06:25.947,418.78424495987184,99
2024-09-16 10:06:25.964,418.7667820549692,995
2024-09-16 10:06:25.968,418.7673957309293,15
2024-09-16 10:06:26.055,418.8100173310198,1002
2024-09-16 10:06:26.061,418.7537785442543,996
2024-09-16 10:06:26.088,418.7993059073876,8
2024-09-16 10:06:26.227,418.77395510697096,1004
2024-09-16 10:06:26.240,418.7447524379181,1005
2024-09-16 10:06:26.339,418.7848552577043,1005
2024-09-16 10:06:26.383,418.7589788708447,996
2024-09-16 10:06:26.445,418.7624569467868,1004
2024-09-16 10:06:26.454,418.79629184017887,103
2024-09-16 10:06:26.499,418.7868894605541,99
2024-09-16 10:06:26.537,418.7975305403799,11
2024-09-16 10:06:26.709,418.816530326988,13
2024-09-16 10:06:26.766,418.81263141700015,104
2024-09-16 10:06:26.803,418.77099765635313,998
2024-09-16 10:06:27.401,418.7427720510762,5
2024-09-16 10:06:27.455,418.74068025905024,5
2024-09-16 10:06:27.493,418.7506366491817,15
2024-09-16 10:06:27.538,418.7453959092924,95
2024-09-16 10:06:27.787,418.7627035008241,1004
2024-09-16 10:06:28.084,418.8154509947762,999
2024-09-16 10:06:28.296,418.8123073912583,102
2024-09-16 10:06:28.350,418.7735898940158,105
2024-09-16 10:06:28.386,418.7939073174021,98
2024-09-16 10:06:28.429,418.7998069330225,1004
2024-09-16 10:06:28.563,418.8118660592447,10
2024-09-16 10:06:28.900,418.77009745907856,997
2024-09-16 10:06:29.037,418.7551986424379,1001
2024-09-16 10:06:29.048,418.78189076859337,13
2024-09-16 10:06:29.119,418.73036866426446,995
2024-09-16 10:06:29.145,418.7745310048759,1001
2024-09-16 10:06:29.202,418.7161327168663,13
2024-09-16 10:06:29.213,418.7885585261813,13
2024-09-16 10:06:29.229,418.755464983685,97
2024-09-16 10:06:29.288,418.7428687014505,102
2024-09-16 10:06:29.313,418.8098296269497,95
2024-09-16 10:06:29.345,418.8122618161668,999
2024-09-16 10:06:29.424,418.7308781443067,1001
2024-09-16 10:06:29.437,418.7802459525061,1002
2024-09-16 10:06:29.477,418.7810390507258,103
2024-09-16 10:06:29.510,418.7939777954686,99
2024-09-16 10:06:29.527,418.7985756162236,8
2024-09-16 10:06:29.596,418.7798287964023,995
2024-09-16 10:06:29.707,418.74510985897246,998
2024-09-16 10:06:29.726,418.7774267555216,11
2024-09-16 10:06:29.739,418.7527360195397,13
2024-09-16 10:06:29.762,418.7876059930352,97
2024-09-16 10:06:29.808,418.7456685383156,1002
2024-09-16 10:06:29.920,418.75548957358006,1005
2024-09-16 10:06:29.957,418.7213387280314,1001
2024-09-16 10:06:29.976,418.7951803866666,101
2024-09-16 10:06:29.977,418.7666686019963,105
2024-09-16 10:06:30.094,418.8158256261848,15
2024-09-16 10:06:30.542,418.8026314606511,15
2024-09-16 10:06:30.753,418.78887710572326,6
2024-09-16 10:06:30.811,418.7939205440479,99
2024-09-16 10:06:31.056,418.7911276893647,10
2024-09-16 10:06:31.137,418.80105789429615,5
2024-09-16 10:06:31.165,418.7659080940777,11
2024-09-16 10:06:31.204,418.7816316568936,998
2024-09-16 10:06:31.473,418.7868585671144,97
2024-09-16 10:06:31.499,418.8298362063297,97
2024-09-16 10:06:31.606,418.8057294213562,995
2024-09-16 10:06:31.625,418.82321402437015,1003
2024-09-16 10:06:31.666,418.81557215912056,99
2024-09-16 10:06:31.673,418.80760503300064,7
2024-09-16 10:06:31.680,418.8120612524155,15
2024-09-16 10:06:31.727,418.7908730474394,95
2024-09-16 10:06:31.770,418.7999262092475,997
2024-09-16 10:06:31.924,418.7556462379276,102
2024-09-16 10:06:31.996,418.818364420945,12
2024-09-16 10:06:32.053,418.783052837292,97
2024-09-16 10:06:32.061,418.7993111561089,1001
2024-09-16 10:06:32.141,418.7935726480376,10
2024-09-16 10:06:32.153,418.7863712616145,1002
2024-09-16 10:06:32.225,418.7839797410081,98
2024-09-16 10:06:32.284,418.8016816395782,98
2024-09-16 10:06:32.391,418.81920486025456,1004
2024-09-16 10:06:32.401,418.80671034262014,15
2024-09-16 10:06:32.612,418.7915315317972,6
2024-09-16 10:06:32.657,418.7576864032219,96
2024-09-16 10:06:32.676,418.7617367660176,995
2024-09-16 10:06:32.678,418.8275145706295,5
2024-09-16 10:06:32.712,418.79471992590135,98
2024-09-16 10:06:32.713,418.80918410229066,5
2024-09-16 10:06:32.733,418.7753748310493,998
2024-09-16 10:06:32.742,418.7826998115669,13
2024-09-16 10:06:32.752,418.7777692680838,101
2024-09-16 10:06:32.773,418.7858856965371,102
2024-09-16 10:06:32.789,418.78237803648926,999
2024-09-16 10:06:32.806,-418.7926691333265,1005
2024-09-16 10:06:32.882,418.79763282606496,98
2024-09-16 10:06:32.899,418.7907148491873,102
2024-09-16 10:06:32.940,418.7727368294936,105
2024-09-16 10:06:32.987,418.7773868385584,102
2024-09-16 10:06:32.998,418.7816344975311,9
2024-09-16 10:06:33.008,418.79832397226096,997
2024-09-16 10:06:33.025,418.7827366039273,998
2024-09-16 10:06:33.047,418.7718890118584,997
2024-09-16 10:06:33.144,418.8041913796823,103
2024-09-16 10:06:33.160,418.7659229213742,6
2024-09-16 10:06:33.240,418.7838103336628,1005
2024-09-16 10:06:33.248,418.77691081052217,5
2024-09-16 10:06:33.259,418.8014969138328,104
2024-09-16 10:06:33.265,418.793525890688,105
2024-09-16 10:06:33.324,418.7926880612585,13
2024-09-16 10:06:33.366,418.75758897525947,7
2024-09-16 10:06:33.385,418.7656117761971,97
2024-09-16 10:06:33.499,418.7968615592242,998
2024-09-16 10:06:33.748,418.7762114689637,7
2024-09-16 10:06:33.816,418.80813433318593,1001
2024-09-16 10:06:33.933,418.78083872431256,5
2024-09-16 10:06:33.943,418.7819451928106,995
2024-09-16 10:06:34.176,418.7653230702388,96
2024-09-16 10:06:34.469,418.7744537473787,997
2024-09-16 10:06:34.488,418.7723102225797,96
2024-09-16 10:06:34.530,418.7920059589612,96
2024-09-16 10:06:34.551,418.7815673811536,11
2024-09-16 10:06:35.036,418.7821704425747,1000
2024-09-16 10:06:35.224,418.7692441000031,1001
2024-09-16 10:06:35.241,418.7727377452249,101
2024-09-16 10:06:35.816,418.7675990208516,1000
2024-09-16 10:06:36.032,418.80804875546255,995
2024-09-16 10:06:36.036,418.9071995007893,11
2024-09-16 10:06:36.069,418.8846455891959,9
2024-09-16 10:06:36.087,418.860081885255,15
2024-09-16 10:06:36.107,418.8919213573344,95
2024-09-16 10:06:36.147,418.9064536784533,97
2024-09-16 10:06:36.172,418.85543036457335,999
2024-09-16 10:06:36.227,418.86575303096726,996
2024-09-16 10:06:36.232,418.8720243076209,999
2024-09-16 10:06:36.282,418.9250584851214,999
2024-09-16 10:06:36.319,418.7641043958472,12
2024-09-16 10:06:36.347,418.9051617015142,6
2024-09-16 10:06:36.389,418.7766400280029,101
2024-09-16 10:06:36.462,418.90270515008615,15
2024-09-16 10:06:36.528,418.8151472420327,98
2024-09-16 10:06:36.542,418.7885830048768,5
2024-09-16 10:06:36.564,418.79411758314393,1005
2024-09-16 10:06:36.576,-418.8197103227663,5
2024-09-16 10:06:36.578,418.8202477856232,999
2024-09-16 10:06:36.751,418.8953316998949,8
2024-09-16 10:06:36.766,418.8127234625724,14
2024-09-16 10:06:36.918,418.7737963967418,1001
2024-09-16 10:06:36.920,418.9128334692243,9
2024-09-16 10:06:36.937,418.9058731054464,998
2024-09-16 10:06:36.971,418.8251753446759,11
2024-09-16 10:06:36.973,418.7895234284504,98
2024-09-16 10:06:37.029,418.9555052542928,14
2024-09-16 10:06:37.049,418.9429486384627,1003
2024-09-16 10:06:37.109,418.8790801795333,10
2024-09-16 10:06:37.166,418.9032666960124,103
2024-09-16 10:06:37.200,418.9548302556589,10
2024-09-16 10:06:37.251,418.94126141904826,1002
2024-09-16 10:06:37.283,418.9449873548776,103
2024-09-16 10:06:37.361,418.9281364854231,10
2024-09-16 10:06:37.376,418.9159330611756,995
2024-09-16 10:06:37.461,418.8784514915087,13
2024-09-16 10:06:37.558,41.8935882081396,6
2024-09-16 10:06:37.686,418.9548969874482,101
2024-09-16 10:06:37.690,418.8698588720897,97
2024-09-16 10:06:37.798,418.9413477296287,996
2024-09-16 10:06:37.815,418.9320430652507,10
2024-09-16 10:06:38.046,418.9193852863396,7
2024-09-16 10:06:38.128,418.9100605803527,9
2024-09-16 10:06:38.172,418.91381549635656,8
2024-09-16 10:06:38.193,418.9091078383261,11
2024-09-16 10:06:38.355,418.9087986007712,8
2024-09-16 10:06:38.475,418.88987667469183,99
2024-09-16 10:06:38.495,418.8921734313101,105
2024-09-16 10:06:38.534,418.9160426843625,100
2024-09-16 10:06:38.630,418.89733334417576,100
2024-09-16 10:06:38.705,418.923468294734,8
2024-09-16 10:06:38.827,418.9165721121551,998
2024-09-16 10:06:38.948,418.9147005176633,995
2024-09-16 10:06:39.047,418.8918870815848,6
2024-09-16 10:06:39.103,418.9249880651177,999
2024-09-16 10:06:39.134,418.8911891183621,95
2024-09-16 10:06:39.229,418.89080161315576,103
2024-09-16 10:06:39.281,418.9287673950398,98
2024-09-16 10:06:39.317,418.90606319518,999
2024-09-16 10:06:39.336,418.936691980639,1005
2024-09-16 10:06:39.396,418.9228935550519,7
2024-09-16 10:06:39.399,418.88729863429046,99
2024-09-16 10:06:39.416,418.9045689938925,11
2024-09-16 10:06:39.422,418.9122912621073,100
2024-09-16 10:06:39.426,418.90192876623615,99
2024-09-16 10:06:39.494,418.8883562064161,101
2024-09-16 10:06:39.515,418.9165734928471,8
2024-09-16 10:06:39.600,418.8924720540674,99
2024-09-16 10:06:39.613,,100
2024-09-16 10:06:39.683,418.9214991917159,1005
2024-09-16 10:06:39.737,418.92755018276506,1004
2024-09-16 10:06:39.780,418.94783589094857,9
2024-09-16 10:06:39.861,418.89668402330506,6
2024-09-16 10:06:39.863,418.9248555189636,1000
2024-09-16 10:06:39.864,418.9197322715496,14
2024-09-16 10:06:39.887,418.9167555041092,96
2024-09-16 10:06:39.907,418.915731241702,11
2024-09-16 10:06:39.915,418.91385498259234,12
2024-09-16 10:06:39.944,418.9311924764714,1004
2024-09-16 10:06:39.973,418.9162922197033,95
2024-09-16 10:06:40.084,418.9161102295726,11
2024-09-16 10:06:40.288,418.9289299312767,96
2024-09-16 10:06:40.322,418.9286535602504,105
2024-09-16 10:06:40.774,418.9045976517978,102
2024-09-16 10:06:41.075,418.94523903907896,10
2024-09-16 10:06:41.364,418.96814312692646,103
2024-09-16 10:06:41.442,418.9702529166022,996
2024-09-16 10:06:41.518,418.9121499910154,101
2024-09-16 10:06:41.627,418.9706464800428,11
2024-09-16 10:06:41.665,418.926469048801,10
2024-09-16 10:06:41.679,418.9586259177391,1004
2024-09-16 10:06:41.687,418.89066629668895,98
2024-09-16 10:06:41.695,418.979390696394,14
2024-09-16 10:06:41.718,418.8896915348079,9
2024-09-16 10:06:41.729,41.891249841461374,999
2024-09-16 10:06:41.810,418.9130350197418,7
2024-09-16 10:06:42.043,418.9852249414546,95
2024-09-16 10:06:42.065,418.9814604908423,1000
2024-09-16 10:06:42.079,418.9607182088135,9
2024-09-16 10:06:42.103,418.9755176303941,97
2024-09-16 10:06:42.133,418.9799445078786,11
2024-09-16 10:06:42.139,418.9836198530196,997
2024-09-16 10:06:42.223,418.9525490213354,102
2024-09-16 10:06:42.417,418.99229616985366,102
2024-09-16 10:06:42.487,418.95151629743657,102
2024-09-16 10:06:42.611,418.9594847991112,999
2024-09-16 10:06:42.634,418.9579350572696,13
2024-09-16 10:06:42.649,418.9593374303281,1004
2024-09-16 10:06:42.654,418.96643808074,995
2024-09-16 10:06:42.734,418.9988173523108,1005
2024-09-16 10:06:42.868,418.9943446398677,1002
2024-09-16 10:06:42.954,418.99112734298217,13
2024-09-16 10:06:43.107,418.98865642189736,100
2024-09-16 10:06:43.112,418.9867708179073,101
2024-09-16 10:06:43.174,418.9959921314145,998
2024-09-16 10:06:43.342,418.9732594383042,101
2024-09-16 10:06:43.408,418.9911391067943,1001
2024-09-16 10:06:43.439,418.9750441876492,1005
2024-09-16 10:06:43.477,418.993833769605,999
2024-09-16 10:06:43.525,418.99022711422367,7
2024-09-16 10:06:43.551,418.9846008564383,96
2024-09-16 10:06:43.732,418.9956640220349,1000
2024-09-16 10:06:43.827,,14
2024-09-16 10:06:43.868,418.99432236009096,12
2024-09-16 10:06:43.891,418.9949414489528,105
2024-09-16 10:06:43.892,418.98381441036776,1003
2024-09-16 10:06:43.902,418.9846227815266,97
2024-09-16 10:06:43.943,418.97601301166594,105
2024-09-16 10:06:43.998,418.979146666182,995
2024-09-16 10:06:44.101,419.0361435670767,5
2024-09-16 10:06:44.129,418.9969206316225,1004
2024-09-16 10:06:44.237,419.0283452731739,13
2024-09-16 10:06:44.277,41.90177562059529,14
2024-09-16 10:06:44.702,419.0210257603361,995
2024-09-16 10:06:44.804,419.0265116311438,105
2024-09-16 10:06:44.836,419.009832224862,95
2024-09-16 10:06:45.241,419.04475139308965,10
2024-09-16 10:06:45.558,419.0254778801824,104
2024-09-16 10:06:45.577,419.0448486822218,15
2024-09-16 10:06:45.603,419.0211236786788,1000
2024-09-16 10:06:45.665,419.0271838156245,1001
2024-09-16 10:06:45.772,419.0280692463706,11
2024-09-16 10:06:45.774,419.0218977832365,97
2024-09-16 10:06:45.812,419.002699298408,102
2024-09-16 10:06:45.837,419.0198461910959,997
2024-09-16 10:06:45.854,419.0395714477333,998
2024-09-16 10:06:45.995,419.0286464308541,96
2024-09-16 10:06:45.999,419.03460990039775,11
2024-09-16 10:06:46.014,419.031532024965,9
2024-09-16 10:06:46.178,419.0506167878673,95
2024-09-16 10:06:46.214,419.0582380733002,12
2024-09-16 10:06:46.222,419.0545415439627,15
2024-09-16 10:06:46.230,419.0587534083886,7
2024-09-16 10:06:46.252,419.0618394097029,102
2024-09-16 10:06:46.273,419.0507855189168,999
2024-09-16 10:06:46.295,-419.04480437935865,998
2024-09-16 10:06:46.376,419.05579014518304,1003
2024-09-16 10:06:46.381,419.05864205128046,998
2024-09-16 10:06:46.425,419.0563615704255,1001
2024-09-16 10:06:46.579,419.0414579582588,9
2024-09-16 10:06:46.653,419.0536594334879,8
2024-09-16 10:06:46.656,419.0619668226545,15
2024-09-16 10:06:46.660,419.04473578163226,98
2024-09-16 10:06:46.661,,105
2024-09-16 10:06:46.671,419.04477231353263,1001
2024-09-16 10:06:46.673,419.0356405465458,1000
2024-09-16 10:06:46.703,419.05111594017575,996
2024-09-16 10:06:46.704,419.0335222000148,995
2024-09-16 10:06:46.708,419.0599399746693,12
2024-09-16 10:06:46.730,-419.0541323362989,10
2024-09-16 10:06:46.769,419.0520819059016,104
2024-09-16 10:06:46.776,419.0612911078759,998
2024-09-16 10:06:46.813,419.0517274625652,104
2024-09-16 10:06:46.831,419.0550538470149,6
2024-09-16 10:06:46.833,419.062183660472,7
2024-09-16 10:06:46.920,419.0326493566239,10
2024-09-16 10:06:46.964,419.02689258580335,6
2024-09-16 10:06:47.013,419.0222797558772,102
2024-09-16 10:06:47.046,419.0202242200032,1002
2024-09-16 10:06:47.108,419.0496607836299,1004
2024-09-16 10:06:47.150,419.02440273527,14
2024-09-16 10:06:47.180,419.0382629285141,5
2024-09-16 10:06:47.200,419.0268319754163,1000
2024-09-16 10:06:47.210,419.0525097730665,996
2024-09-16 10:06:47.229,419.00968337959125,995
2024-09-16 10:06:47.349,419.0476356984098,100
2024-09-16 10:06:47.388,419.0016603263215,1004
2024-09-16 10:06:47.444,419.0510992683788,1001
2024-09-16 10:06:47.465,419.0530995828583,996
2024-09-16 10:06:47.503,419.0441492844688,13
2024-09-16 10:06:47.531,41.90304547952575,999
2024-09-16 10:06:47.533,,96
2024-09-16 10:06:47.534,419.0185198400756,99
2024-09-16 10:06:47.561,419.04744253711647,1004
2024-09-16 10:06:47.563,419.00125648800673,99
2024-09-16 10:06:47.578,419.0193736797033,99
2024-09-16 10:06:47.580,419.0492411640216,97
2024-09-16 10:06:47.660,419.0632442221452,1003
2024-09-16 10:06:47.681,419.0316290377325,11
2024-09-16 10:06:47.916,418.9892798517874,9
2024-09-16 10:06:47.934,419.04274477409245,8
2024-09-16 10:06:47.939,418.9984133481432,997
2024-09-16 10:06:47.984,419.0163115865512,99
2024-09-16 10:06:47.989,419.0379192086687,105
2024-09-16 10:06:48.050,418.9694146627896,97
2024-09-16 10:06:48.066,419.01252381899167,6
2024-09-16 10:06:48.207,418.9992378956155,6
2024-09-16 10:06:48.230,419.0387823394704,999
2024-09-16 10:06:48.253,419.0197258562992,104
2024-09-16 10:06:48.315,41.89648477148749,6
2024-09-16 10:06:48.349,418.9758526136822,5
2024-09-16 10:06:48.444,419.0310586141748,95
2024-09-16 10:06:48.505,419.0301858367539,101
2024-09-16 10:06:48.522,419.0031482724753,1004
2024-09-16 10:06:48.588,419.0238388507106,1000
2024-09-16 10:06:48.635,419.0020866384406,95
2024-09-16 10:06:48.644,419.0578946855224,1005
2024-09-16 10:06:48.729,418.9997263426854,1003
2024-09-16 10:06:48.812,418.9567934137065,996
2024-09-16 10:06:48.835,419.0154900201575,102
2024-09-16 10:06:48.880,419.0106291890487,8
2024-09-16 10:06:48.904,419.00769996462736,98
2024-09-16 10:06:49.015,418.9512877966989,102
2024-09-16 10:06:49.048,418.95404544635,5
2024-09-16 10:06:49.075,418.9600553075059,8
2024-09-16 10:06:49.080,418.9461982772395,14
2024-09-16 10:06:49.147,418.9318184821344,999
2024-09-16 10:06:49.148,418.9723275725871,1003
2024-09-16 10:06:49.233,418.951163148567,10
2024-09-16 10:06:49.310,418.9466447074572,97
2024-09-16 10:06:49.327,418.9442115310063,1004
2024-09-16 10:06:49.342,418.93650328616695,99
2024-09-16 10:06:49.383,418.93249426040586,1003
2024-09-16 10:06:49.405,418.9496149400094,12
2024-09-16 10:06:49.432,418.93077310155655,997
2024-09-16 10:06:49.443,418.946057493114,13
2024-09-16 10:06:49.448,418.9185182329961,1005
2024-09-16 10:06:49.569,418.948225874856,5
2024-09-16 10:06:49.596,418.91174176257846,1000
2024-09-16 10:06:49.693,418.9476804744922,7
2024-09-16 10:06:49.746,418.9714119785815,98
2024-09-16 10:06:49.766,418.9649768574452,96
2024-09-16 10:06:49.788,418.94906401463896,95
2024-09-16 10:06:49.836,418.9368110925456,101
2024-09-16 10:06:49.908,418.9627910924064,101
2024-09-16 10:06:49.922,418.9438138613239,102
2024-09-16 10:06:49.999,418.9577201789787,997
2024-09-16 10:06:50.813,418.95356160176783,96
2024-09-16 10:06:50.816,418.949691975521,999
2024-09-16 10:06:51.159,419.0339274112161,1003
2024-09-16 10:06:51.169,41.90460622909404,9
2024-09-16 10:06:51.174,419.0551800955394,98
2024-09-16 10:06:51.196,419.0273436201889,95
2024-09-16 10:06:51.218,419.03195144542735,14
2024-09-16 10:06:51.221,419.0031254831047,102
2024-09-16 10:06:51.249,419.0599063941513,101
2024-09-16 10:06:51.268,419.0362871296173,999
2024-09-16 10:06:51.360,418.9436111497857,10
2024-09-16 10:06:51.375,419.0198441935235,1004
2024-09-16 10:06:51.443,419.03310121273273,1005
2024-09-16 10:06:51.444,419.0442774901785,97
2024-09-16 10:06:51.466,419.0222073747652,996
2024-09-16 10:06:51.500,418.9928361617974,95
2024-09-16 10:06:51.569,419.0459572494703,996
2024-09-16 10:06:51.573,419.006878058746,102
2024-09-16 10:06:51.577,418.992639306612,14
2024-09-16 10:06:51.613,418.9713124465117,1002
2024-09-16 10:06:51.702,419.0186294171835,7
2024-09-16 10:06:51.755,419.0587824972188,100
2024-09-16 10:06:51.777,419.06428497267694,102
2024-09-16 10:06:51.983,419.0477768313229,999
2024-09-16 10:06:52.026,419.0638079731365,5
2024-09-16 10:06:52.379,419.0723302710432,6
2024-09-16 10:06:52.536,419.0688851392059,998
2024-09-16 10:06:52.572,419.0614402869749,996
2024-09-16 10:06:52.582,419.074466901064,1000
2024-09-16 10:06:52.684,419.0389918869293,11
2024-09-16 10:06:52.829,419.06846524543175,1000
2024-09-16 10:06:53.819,419.06154464084375,103
2024-09-16 10:06:54.084,419.07970884638337,1005
2024-09-16 10:06:54.161,419.0538414056925,1003
2024-09-16 10:06:54.186,419.06524506036567,1005
2024-09-16 10:06:54.539,419.0287445229178,12
2024-09-16 10:06:54.788,419.041926971583,11
2024-09-16 10:06:54.810,419.0426058433041,104
2024-09-16 10:06:54.980,,103
2024-09-16 10:06:55.046,419.0805078541226,12
2024-09-16 10:06:55.056,419.097906754987,12
2024-09-16 10:06:55.084,419.14857833818985,995
2024-09-16 10:06:55.167,419.1650043535837,1002
2024-09-16 10:06:55.272,419.0875957264509,1001
2024-09-16 10:06:55.288,419.1868587675969,7
2024-09-16 10:06:55.297,419.1419736556446,101
2024-09-16 10:06:55.312,419.1161468877048,105
2024-09-16 10:06:55.319,419.06983127076944,12
2024-09-16 10:06:55.343,419.19260554113424,14
2024-09-16 10:06:55.401,419.17297093532346,10
2024-09-16 10:06:55.497,419.1600632046851,104
2024-09-16 10:06:55.516,419.08398550293134,11
2024-09-16 10:06:55.559,419.13343634859046,1002
2024-09-16 10:06:55.655,419.1661817017955,104
2024-09-16 10:06:55.715,419.167252348147,101
2024-09-16 10:06:55.750,419.15762960947416,8
2024-09-16 10:06:55.782,419.0828239201209,13
2024-09-16 10:06:55.794,419.0811309194685,10
2024-09-16 10:06:55.821,419.1617180601692,1004
2024-09-16 10:06:55.895,419.1857156694402,998
2024-09-16 10:06:55.903,419.0905215678919,97
2024-09-16 10:06:55.906,419.17242541462855,1005
2024-09-16 10:06:55.912,419.1820863225139,1005
2024-09-16 10:06:55.939,419.1865769299597,997
2024-09-16 10:06:55.964,419.15887585273134,1004
2024-09-16 10:06:56.106,419.150702757423,100
2024-09-16 10:06:56.164,419.1552038609624,11
2024-09-16 10:06:56.429,419.1567526905217,5
2024-09-16 10:06:56.487,419.1435593732178,102
2024-09-16 10:06:56.539,419.14141696589024,7
2024-09-16 10:06:56.586,419.1356018302314,97
2024-09-16 10:06:56.626,419.1325070463967,1001
2024-09-16 10:06:56.669,419.1507153318687,10
2024-09-16 10:06:56.735,419.1337205840397,996
2024-09-16 10:06:56.845,419.1385008459041,95
2024-09-16 10:06:56.852,419.1366087405947,15
2024-09-16 10:06:56.938,419.1543041668804,999
2024-09-16 10:06:57.090,419.1281768021427,1001
2024-09-16 10:06:57.252,419.11619838819325,14
2024-09-16 10:06:57.306,419.1315426241396,997
2024-09-16 10:06:57.430,419.1312976374076,6
2024-09-16 10:06:57.532,419.1277722962921,95
2024-09-16 10:06:57.554,419.1397644854667,105
2024-09-16 10:06:57.566,419.126934031752,9
2024-09-16 10:06:57.775,419.12878877589776,10
2024-09-16 10:06:57.800,419.13076882051314,1003
2024-09-16 10:06:57.825,419.1313215920258,8
2024-09-16 10:06:57.865,419.0966538494643,997
2024-09-16 10:06:57.996,419.1230598801063,997
2024-09-16 10:06:59.015,419.10272935948336,1005
2024-09-16 10:06:59.323,419.1050136549254,8
2024-09-16 10:06:59.344,419.10262960263566,1004
2024-09-16 10:06:59.412,419.1154900307891,996
2024-09-16 10:06:59.580,419.1103228185851,10
