Timestamp,Price,Size
2024-09-17 11:16:00.025,414.9930497455754,101
2024-09-17 11:16:00.153,414.99429936520426,10
2024-09-17 11:16:00.590,414.9881673353679,96
2024-09-17 11:16:00.739,414.9766314062556,998
2024-09-17 11:16:00.901,414.97013930700126,12
2024-09-17 11:16:01.068,414.97341309921273,96
2024-09-17 11:16:01.074,414.96827742004695,1004
2024-09-17 11:16:01.096,414.9360755594864,8
2024-09-17 11:16:01.197,414.9458578248224,997
2024-09-17 11:16:01.303,415.00116753468205,13
2024-09-17 11:16:01.311,414.94703250983326,1002
2024-09-17 11:16:01.348,,1004
2024-09-17 11:16:01.385,414.96602709706616,8
2024-09-17 11:16:01.428,414.9518724904188,98
2024-09-17 11:16:01.444,414.9478801482764,102
2024-09-17 11:16:01.500,414.9796994284199,98
2024-09-17 11:16:01.566,414.9277360018479,996
2024-09-17 11:16:01.633,414.9228233357711,15
2024-09-17 11:16:01.692,414.9534834918431,13
2024-09-17 11:16:01.694,414.9342475058672,95
2024-09-17 11:16:01.727,414.9330741543658,102
2024-09-17 11:16:01.757,414.907860348929,1000
2024-09-17 11:16:01.799,414.9227400668092,996
2024-09-17 11:16:01.844,414.9292746353964,10
2024-09-17 11:16:01.891,414.9552115526668,1003
2024-09-17 11:16:01.952,414.9881919235128,98
2024-09-17 11:16:02.084,414.9209583742457,7
2024-09-17 11:16:02.091,414.9431922941132,13
2024-09-17 11:16:02.118,-414.9620617699664,101
2024-09-17 11:16:02.203,414.9299091712571,9
2024-09-17 11:16:02.390,414.96437629888345,1000
2024-09-17 11:16:02.396,414.9461104532412,1002
2024-09-17 11:16:02.458,414.960098216988,9
2024-09-17 11:16:02.469,414.9481380515232,100
2024-09-17 11:16:02.537,414.9817624571588,102
2024-09-17 11:16:02.698,414.9822284906632,97
2024-09-17 11:16:02.810,414.9393215796261,15
2024-09-17 11:16:02.845,414.9706338115281,15
2024-09-17 11:16:03.130,414.9727548915742,8
2024-09-17 11:16:03.458,415.0024130618356,100
2024-09-17 11:16:03.538,415.005217782242,101
2024-09-17 11:16:03.598,414.974990586049,95
2024-09-17 11:16:03.762,414.982277466774,7
2024-09-17 11:16:03.786,414.9777162160876,1005
2024-09-17 11:16:03.921,414.98217857112064,9
2024-09-17 11:16:03.933,414.9830693710324,7
2024-09-17 11:16:03.994,414.9920109434829,998
2024-09-17 11:16:04.098,414.9970677364258,997
2024-09-17 11:16:04.130,414.9882615300604,1001
2024-09-17 11:16:04.142,415.00604790912166,104
2024-09-17 11:16:04.333,414.9848213061152,103
2024-09-17 11:16:04.368,415.01021169324935,6
2024-09-17 11:16:04.561,415.0206382482132,995
2024-09-17 11:16:04.685,414.9954922908968,9
2024-09-17 11:16:04.723,414.9958125846531,97
2024-09-17 11:16:04.776,414.9933518088698,8
2024-09-17 11:16:04.780,414.9915529121485,99
2024-09-17 11:16:04.988,415.0209858815359,14
2024-09-17 11:16:05.077,-415.068088496525,1003
2024-09-17 11:16:05.109,,101
2024-09-17 11:16:05.166,415.0744914595705,997
2024-09-17 11:16:05.180,415.0674981012917,96
2024-09-17 11:16:05.183,415.0255640328468,998
2024-09-17 11:16:05.308,415.0330709446665,103
2024-09-17 11:16:05.318,415.03007064692633,995
2024-09-17 11:16:05.334,415.04687393231137,1004
2024-09-17 11:16:05.335,415.07088793997696,103
2024-09-17 11:16:05.346,415.0662242282007,5
2024-09-17 11:16:05.372,415.0603621940632,1004
2024-09-17 11:16:05.432,415.04827174713415,13
2024-09-17 11:16:05.522,415.0509763462376,7
2024-09-17 11:16:05.546,415.0720908280962,998
2024-09-17 11:16:05.586,415.05150530962624,12
2024-09-17 11:16:05.587,415.0635564527465,102
2024-09-17 11:16:05.655,415.0837787465432,999
2024-09-17 11:16:05.743,415.0198487550197,1004
2024-09-17 11:16:05.774,415.0630186212336,997
2024-09-17 11:16:05.821,415.018959767889,13
2024-09-17 11:16:05.921,415.0464134542261,5
2024-09-17 11:16:06.008,415.0748445581834,10
2024-09-17 11:16:06.068,415.1044464549758,1003
2024-09-17 11:16:06.079,415.1111407034936,1004
2024-09-17 11:16:06.123,415.0808261653612,1003
2024-09-17 11:16:06.137,415.059251995456,1005
2024-09-17 11:16:06.193,415.0427220820773,1002
2024-09-17 11:16:06.232,415.1281229647415,1000
2024-09-17 11:16:06.264,415.02671325847166,5
2024-09-17 11:16:06.281,415.0690958501458,96
2024-09-17 11:16:06.301,415.1043541667879,12
2024-09-17 11:16:06.318,415.0863895870533,96
2024-09-17 11:16:06.325,415.098927963421,6
2024-09-17 11:16:06.398,415.10879476017095,99
2024-09-17 11:16:06.407,-415.07752550374727,1003
2024-09-17 11:16:06.463,415.00980567826974,100
2024-09-17 11:16:06.501,415.05664379553247,1004
2024-09-17 11:16:06.571,415.0246170007133,101
2024-09-17 11:16:06.573,415.1150530550237,104
2024-09-17 11:16:06.598,415.0967520245577,1000
2024-09-17 11:16:06.617,415.0887219232732,104
2024-09-17 11:16:06.644,415.09245913870086,1000
2024-09-17 11:16:06.714,415.1272740180902,12
2024-09-17 11:16:06.741,415.07160410205705,12
2024-09-17 11:16:06.751,415.1023533319008,998
2024-09-17 11:16:06.810,415.0718544771184,999
2024-09-17 11:16:06.939,,11
2024-09-17 11:16:06.964,415.1097927085582,997
2024-09-17 11:16:06.997,415.0624713097752,100
2024-09-17 11:16:07.109,414.9987035114326,105
2024-09-17 11:16:07.479,414.9780392998311,9
2024-09-17 11:16:07.725,414.9805005974408,11
2024-09-17 11:16:07.742,414.98186137901536,15
2024-09-17 11:16:07.899,414.9984665423841,100
2024-09-17 11:16:08.190,415.040347672716,1001
2024-09-17 11:16:08.244,415.015611524857,1002
2024-09-17 11:16:08.945,415.0261110305414,1001
2024-09-17 11:16:08.957,415.0002506589729,11
2024-09-17 11:16:10.142,415.0599661171876,5
2024-09-17 11:16:10.170,415.07174640737753,5
2024-09-17 11:16:10.320,415.0966607828167,998
2024-09-17 11:16:10.343,415.05481464162574,12
2024-09-17 11:16:10.461,415.0518061686062,1002
2024-09-17 11:16:10.501,415.03265817702896,95
2024-09-17 11:16:10.586,415.0273624373431,8
2024-09-17 11:16:10.592,415.0723625746305,8
2024-09-17 11:16:10.659,415.0406277499247,104
2024-09-17 11:16:10.704,415.0260384716905,10
2024-09-17 11:16:10.925,415.06563979637815,98
2024-09-17 11:16:11.061,415.1112506114612,7
2024-09-17 11:16:11.145,415.0854672069368,97
2024-09-17 11:16:11.231,415.1356051746972,11
2024-09-17 11:16:11.249,415.13390485254354,14
2024-09-17 11:16:11.274,415.12782757284265,15
2024-09-17 11:16:11.288,415.1229296296272,105
2024-09-17 11:16:11.304,415.1117560798934,99
2024-09-17 11:16:11.332,415.1065293403785,98
2024-09-17 11:16:11.358,415.0946808085333,96
2024-09-17 11:16:11.376,415.1354818340296,5
2024-09-17 11:16:11.398,415.1375781363365,10
2024-09-17 11:16:11.406,415.10468318527546,997
2024-09-17 11:16:11.466,415.1232580285078,99
2024-09-17 11:16:11.625,415.1395667900833,995
2024-09-17 11:16:11.657,415.1290163536901,99
2024-09-17 11:16:11.686,415.1080147228192,103
2024-09-17 11:16:11.727,415.1026372352642,1005
2024-09-17 11:16:11.786,415.1334657625253,98
2024-09-17 11:16:11.826,415.1362680246991,99
2024-09-17 11:16:11.923,415.0883619648668,7
2024-09-17 11:16:11.960,415.11000291685593,999
2024-09-17 11:16:11.998,415.12006593947,1001
2024-09-17 11:16:12.043,415.1331402300654,1000
2024-09-17 11:16:12.143,415.1147179378804,9
2024-09-17 11:16:12.177,415.1031072604921,6
2024-09-17 11:16:12.222,415.0919051634481,11
2024-09-17 11:16:12.224,415.1077822565675,101
2024-09-17 11:16:12.232,415.1010869438352,95
2024-09-17 11:16:12.294,415.1152584844092,995
2024-09-17 11:16:12.295,415.115516858656,5
2024-09-17 11:16:12.327,415.0789021266263,995
2024-09-17 11:16:12.350,415.0969235864964,1005
2024-09-17 11:16:12.372,415.09123177168107,1005
2024-09-17 11:16:12.431,415.1063481538025,98
2024-09-17 11:16:12.466,415.1041200995909,995
2024-09-17 11:16:12.518,415.0905279618837,96
2024-09-17 11:16:12.549,415.14664175669344,14
2024-09-17 11:16:12.595,415.0905026250047,1002
2024-09-17 11:16:12.682,415.1107611841184,11
2024-09-17 11:16:12.742,415.1216603954072,999
2024-09-17 11:16:12.893,415.1419387109602,14
2024-09-17 11:16:12.903,415.09664098017225,14
2024-09-17 11:16:12.952,415.0890777153829,13
2024-09-17 11:16:13.083,415.1375038343477,997
2024-09-17 11:16:13.250,415.123825108005,996
2024-09-17 11:16:13.343,415.125398839307,998
2024-09-17 11:16:13.436,415.0940161466075,98
2024-09-17 11:16:13.625,415.1329670345776,999
2024-09-17 11:16:13.765,415.13824946683496,5
2024-09-17 11:16:13.842,415.12105331861807,95
2024-09-17 11:16:13.938,415.140482449904,12
2024-09-17 11:16:13.970,415.1275918773909,1001
2024-09-17 11:16:14.033,415.0852581575313,13
2024-09-17 11:16:14.068,415.06920091427247,995
2024-09-17 11:16:14.074,415.093028539018,10
2024-09-17 11:16:14.104,415.02957219319615,12
2024-09-17 11:16:14.140,415.0842838319708,997
2024-09-17 11:16:14.161,415.04477800239226,15
2024-09-17 11:16:14.170,415.0416798197239,997
2024-09-17 11:16:14.189,415.0365384835647,12
2024-09-17 11:16:14.202,415.0507483429857,995
2024-09-17 11:16:14.233,415.03530831833024,1005
2024-09-17 11:16:14.276,415.0663771351869,5
2024-09-17 11:16:14.310,415.0548067625877,104
2024-09-17 11:16:14.334,415.0724657552344,996
2024-09-17 11:16:14.349,415.02785493406896,5
2024-09-17 11:16:14.382,415.051867583849,103
2024-09-17 11:16:14.532,415.045779483789,7
2024-09-17 11:16:14.659,415.0481480700106,11
2024-09-17 11:16:14.668,415.0342431428133,105
2024-09-17 11:16:14.754,415.0773014258405,996
2024-09-17 11:16:14.844,,1004
2024-09-17 11:16:14.854,415.0256240801877,1003
2024-09-17 11:16:14.905,415.02733790302176,101
2024-09-17 11:16:14.932,415.0592987579208,104
2024-09-17 11:16:14.952,415.035888765579,11
2024-09-17 11:16:15.131,414.9981364741332,101
2024-09-17 11:16:15.257,414.986250745292,10
2024-09-17 11:16:15.378,415.00422414787664,15
2024-09-17 11:16:15.509,414.9936127569746,13
2024-09-17 11:16:15.573,415.0084565517135,14
2024-09-17 11:16:15.688,414.999842881475,11
2024-09-17 11:16:15.751,415.03522514067777,11
2024-09-17 11:16:15.823,415.0237289609569,8
2024-09-17 11:16:15.833,414.9911113231841,996
2024-09-17 11:16:15.838,415.0071934669189,995
2024-09-17 11:16:15.910,,12
2024-09-17 11:16:15.938,415.00594691289496,11
2024-09-17 11:16:15.951,414.9930101960944,102
2024-09-17 11:16:16.020,415.0088162396533,103
2024-09-17 11:16:16.020,415.0631477985932,96
2024-09-17 11:16:16.265,414.9893129161304,1002
2024-09-17 11:16:16.418,415.0960505659003,1005
2024-09-17 11:16:16.436,415.0264580771066,103
2024-09-17 11:16:16.492,414.9962357292575,100
2024-09-17 11:16:16.508,414.99244197645606,1004
2024-09-17 11:16:16.520,415.09082266939856,105
2024-09-17 11:16:16.554,415.0222354752206,6
2024-09-17 11:16:16.610,415.0196628449036,102
2024-09-17 11:16:16.650,415.03231892546825,10
2024-09-17 11:16:16.668,415.0429897655956,104
2024-09-17 11:16:16.678,414.9978763074673,12
2024-09-17 11:16:16.935,414.9881658249632,998
2024-09-17 11:16:17.073,415.15646494372896,998
2024-09-17 11:16:17.101,415.1331189116968,104
2024-09-17 11:16:17.178,415.10111882131343,10
2024-09-17 11:16:17.185,415.1291900023401,6
2024-09-17 11:16:17.198,415.1368255601873,6
2024-09-17 11:16:17.200,415.11027977894855,8
2024-09-17 11:16:17.285,415.1459740558952,7
2024-09-17 11:16:17.446,415.1073078223087,5
2024-09-17 11:16:17.448,41.51288951364396,97
2024-09-17 11:16:17.453,415.1069191043481,100
2024-09-17 11:16:17.453,-415.1348559347251,1005
2024-09-17 11:16:17.481,415.18578468441945,995
2024-09-17 11:16:17.494,415.1382204564494,98
2024-09-17 11:16:17.537,415.1172176504208,1001
2024-09-17 11:16:17.560,415.0964861526976,995
2024-09-17 11:16:17.611,415.1373247425527,1004
2024-09-17 11:16:17.630,415.10020000206185,1001
2024-09-17 11:16:17.706,415.14883440504553,14
2024-09-17 11:16:17.725,415.1794394286788,100
2024-09-17 11:16:17.795,415.1132884462316,1001
2024-09-17 11:16:17.854,415.110930588536,996
2024-09-17 11:16:17.936,-415.1141077688179,9
2024-09-17 11:16:17.937,41.51350771358784,96
2024-09-17 11:16:17.946,415.1747435905156,6
2024-09-17 11:16:17.971,415.1289638765558,15
2024-09-17 11:16:17.977,415.1332404476028,12
2024-09-17 11:16:17.993,415.1279273928932,9
2024-09-17 11:16:18.001,415.27085237418,100
2024-09-17 11:16:18.071,415.2205528481724,995
2024-09-17 11:16:18.096,415.21903569329646,12
2024-09-17 11:16:18.115,415.2705294507738,96
2024-09-17 11:16:18.245,415.13206010372585,995
2024-09-17 11:16:18.262,415.21211294993327,105
2024-09-17 11:16:18.277,415.2319917814808,15
2024-09-17 11:16:18.359,415.1625120270372,1002
2024-09-17 11:16:18.401,,11
2024-09-17 11:16:18.496,415.2158937550237,9
2024-09-17 11:16:18.542,415.2852601747142,13
2024-09-17 11:16:18.658,415.2855689477236,1002
2024-09-17 11:16:18.661,415.2028227540485,997
2024-09-17 11:16:18.689,415.2524659485423,998
2024-09-17 11:16:18.705,415.225298389428,103
2024-09-17 11:16:18.716,415.260372683747,1005
2024-09-17 11:16:18.807,415.1865967772316,103
2024-09-17 11:16:18.825,41.51671259019543,15
2024-09-17 11:16:18.837,415.25076772283694,13
2024-09-17 11:16:18.844,415.2477360575272,995
2024-09-17 11:16:18.886,415.2722445880698,99
2024-09-17 11:16:19.032,415.2791211448663,98
2024-09-17 11:16:19.062,415.2688692339811,103
2024-09-17 11:16:19.080,415.23300258247394,5
2024-09-17 11:16:19.130,415.2747703669184,15
2024-09-17 11:16:19.182,415.2889836921736,8
2024-09-17 11:16:19.205,415.26967453107767,14
2024-09-17 11:16:19.234,415.2728683435968,102
2024-09-17 11:16:19.314,415.2883536383445,104
2024-09-17 11:16:19.332,415.2503062104051,102
2024-09-17 11:16:19.334,415.2527782123949,105
2024-09-17 11:16:19.367,415.3008483384174,1004
2024-09-17 11:16:19.614,415.2991288387531,996
2024-09-17 11:16:19.644,415.2703561373714,97
2024-09-17 11:16:19.655,415.2662485102122,12
2024-09-17 11:16:19.667,415.2658581575614,14
2024-09-17 11:16:19.698,415.3033907251073,97
2024-09-17 11:16:19.710,415.2541390594777,10
2024-09-17 11:16:19.735,415.30496624902815,1002
2024-09-17 11:16:19.831,415.3095472993744,1005
2024-09-17 11:16:19.882,415.2422300375826,1005
2024-09-17 11:16:19.884,415.2652588181953,1000
2024-09-17 11:16:19.899,415.3030225528556,103
2024-09-17 11:16:19.929,415.287184571434,5
2024-09-17 11:16:20.017,415.2881190479031,5
2024-09-17 11:16:20.647,415.29432170094174,103
2024-09-17 11:16:20.828,415.2838105660626,9
2024-09-17 11:16:21.040,415.2722972958909,14
2024-09-17 11:16:21.053,415.2931510866316,6
2024-09-17 11:16:21.072,415.2748816055706,103
2024-09-17 11:16:21.124,415.28968889391695,103
2024-09-17 11:16:21.173,415.3018579162882,14
2024-09-17 11:16:21.237,415.30836849104713,13
2024-09-17 11:16:21.319,415.2924437007774,100
2024-09-17 11:16:21.325,415.2625559108933,104
2024-09-17 11:16:21.334,415.24214751480514,7
2024-09-17 11:16:21.364,415.2592323008544,95
2024-09-17 11:16:21.432,415.2901653779953,101
2024-09-17 11:16:21.468,415.2905970444048,103
2024-09-17 11:16:21.494,415.3040820937265,10
2024-09-17 11:16:21.560,415.2473293188592,999
2024-09-17 11:16:21.645,415.2974538135732,12
2024-09-17 11:16:21.687,41.52841296350712,97
2024-09-17 11:16:21.750,415.293215753254,99
2024-09-17 11:16:21.797,415.2899534842051,1004
2024-09-17 11:16:21.820,415.2936473322368,1003
2024-09-17 11:16:21.835,415.2753355563904,15
2024-09-17 11:16:21.859,415.2352212179548,99
2024-09-17 11:16:21.880,415.25512813814834,1005
2024-09-17 11:16:21.902,415.2997155532344,6
2024-09-17 11:16:22.026,415.2746289604413,1000
2024-09-17 11:16:22.067,415.25970577821664,13
2024-09-17 11:16:22.113,415.2945310362744,105
2024-09-17 11:16:22.115,415.2562919665864,15
2024-09-17 11:16:22.117,415.1856796701211,97
2024-09-17 11:16:22.127,415.3033943310516,98
2024-09-17 11:16:22.260,415.28334813082535,101
2024-09-17 11:16:22.272,415.29187678325314,10
2024-09-17 11:16:22.314,415.32104617179175,996
2024-09-17 11:16:22.322,415.21490579631546,102
2024-09-17 11:16:22.401,415.2876106257417,998
2024-09-17 11:16:22.441,415.289559672526,999
2024-09-17 11:16:22.452,415.2970368067026,1000
2024-09-17 11:16:22.459,415.25639667103417,98
2024-09-17 11:16:22.483,415.1969488249396,1000
2024-09-17 11:16:22.520,,8
2024-09-17 11:16:22.566,415.3056928891039,98
2024-09-17 11:16:22.597,415.2917413544688,99
2024-09-17 11:16:22.798,415.2900044067138,13
2024-09-17 11:16:22.805,415.28139425665785,96
2024-09-17 11:16:22.838,415.2735246516895,1003
2024-09-17 11:16:22.840,415.2861702570492,7
2024-09-17 11:16:22.861,415.1987865975029,96
2024-09-17 11:16:22.872,415.2808528242198,1001
2024-09-17 11:16:22.882,415.3151015703298,10
2024-09-17 11:16:22.920,415.2268841829568,98
2024-09-17 11:16:22.924,415.2690531717882,999
2024-09-17 11:16:22.947,415.27800021294274,999
2024-09-17 11:16:22.947,415.30317535478446,1005
2024-09-17 11:16:22.981,415.28914611727504,998
2024-09-17 11:16:23.008,415.1672620617239,998
2024-09-17 11:16:23.078,415.14733450703255,103
2024-09-17 11:16:23.097,415.1942770285327,998
2024-09-17 11:16:23.185,415.15017543858704,998
2024-09-17 11:16:23.222,415.2068236137145,101
2024-09-17 11:16:23.264,415.2592024058596,996
2024-09-17 11:16:23.266,415.1663828198629,5
2024-09-17 11:16:23.323,415.2103985010928,13
2024-09-17 11:16:23.368,415.2269366009181,1001
2024-09-17 11:16:23.379,415.1554537097839,99
2024-09-17 11:16:23.394,415.15416011328057,998
2024-09-17 11:16:23.397,415.1634922082543,102
2024-09-17 11:16:23.412,415.1539632182592,1000
2024-09-17 11:16:23.414,415.191998962547,11
2024-09-17 11:16:23.499,415.1674391388383,105
2024-09-17 11:16:23.502,415.2469627793095,104
2024-09-17 11:16:23.580,415.2607165845816,1002
2024-09-17 11:16:23.604,415.2026732175211,1004
2024-09-17 11:16:23.622,415.1646994142353,6
2024-09-17 11:16:23.696,415.16717147803183,1003
2024-09-17 11:16:23.699,415.2197419525176,96
2024-09-17 11:16:23.806,415.17073099020064,99
2024-09-17 11:16:23.858,415.19750155768537,10
2024-09-17 11:16:23.859,415.1547277532024,5
2024-09-17 11:16:23.887,415.1932026472897,997
2024-09-17 11:16:23.897,415.2117105545853,1003
2024-09-17 11:16:23.964,415.2422781208405,98
2024-09-17 11:16:23.979,415.24187278090375,99
2024-09-17 11:16:25.036,415.1083356385257,997
2024-09-17 11:16:25.078,415.1441791697832,14
2024-09-17 11:16:25.424,415.1523366623821,99
2024-09-17 11:16:25.606,415.1381655649743,103
2024-09-17 11:16:25.639,415.09833984073225,11
2024-09-17 11:16:25.881,415.1459230919842,6
2024-09-17 11:16:25.916,415.1336011387023,96
2024-09-17 11:16:26.474,415.1086915188626,101
2024-09-17 11:16:26.802,415.1003394990863,996
2024-09-17 11:16:27.037,415.097219001494,1004
2024-09-17 11:16:27.097,415.06581894791054,5
2024-09-17 11:16:27.105,415.07196817731045,1000
2024-09-17 11:16:27.213,-415.07015004194943,8
2024-09-17 11:16:27.258,415.0839570956795,14
2024-09-17 11:16:27.322,415.0742661170814,102
2024-09-17 11:16:27.346,415.0738965796668,9
2024-09-17 11:16:27.403,415.0824910483024,1002
2024-09-17 11:16:27.416,415.1023077490655,6
2024-09-17 11:16:27.566,415.06734159236686,14
2024-09-17 11:16:27.613,415.0983635507973,15
2024-09-17 11:16:27.826,415.08216814886265,104
2024-09-17 11:16:27.902,415.0820289869712,12
2024-09-17 11:16:28.014,415.0904391569251,7
2024-09-17 11:16:28.101,415.089947628357,7
2024-09-17 11:16:28.166,415.0583187499564,995
2024-09-17 11:16:28.222,415.0601365969055,9
2024-09-17 11:16:28.322,415.0619147180767,1000
2024-09-17 11:16:28.341,415.1047389425748,15
2024-09-17 11:16:28.364,415.0662355040132,97
2024-09-17 11:16:28.372,415.06441521254607,1005
2024-09-17 11:16:28.617,415.0433883875768,1005
2024-09-17 11:16:28.654,415.06629562855846,104
2024-09-17 11:16:28.693,415.0401717341105,9
2024-09-17 11:16:28.702,415.0972803437499,6
2024-09-17 11:16:28.738,415.0706809602536,1002
2024-09-17 11:16:28.795,415.0866559686432,997
2024-09-17 11:16:28.799,415.0725122255125,997
2024-09-17 11:16:28.861,415.037630188532,10
2024-09-17 11:16:29.929,415.06613592375015,6
2024-09-17 11:16:30.049,415.0187056230855,995
2024-09-17 11:16:30.060,415.0327942398439,1005
2024-09-17 11:16:30.140,415.0041422437062,97
2024-09-17 11:16:30.182,415.02839560419335,1005
2024-09-17 11:16:30.316,415.0218284676263,15
2024-09-17 11:16:30.342,415.00108047502977,98
2024-09-17 11:16:30.475,415.0637391449726,7
2024-09-17 11:16:30.491,415.0050914622772,100
2024-09-17 11:16:30.617,415.0131911843521,13
2024-09-17 11:16:30.649,414.98428392783154,5
2024-09-17 11:16:30.661,41.50279463627163,95
2024-09-17 11:16:30.799,415.023727226512,95
2024-09-17 11:16:30.853,415.0115819034087,102
2024-09-17 11:16:30.977,415.0236122844688,996
2024-09-17 11:16:31.398,415.0119522949584,13
2024-09-17 11:16:31.713,415.0047066305093,10
2024-09-17 11:16:31.767,415.0128800122566,99
2024-09-17 11:16:31.799,415.00992437543664,102
2024-09-17 11:16:31.911,415.0133177895405,100
2024-09-17 11:16:32.328,415.038696776074,998
2024-09-17 11:16:32.565,415.0406532078634,5
2024-09-17 11:16:32.739,415.0572275527838,14
2024-09-17 11:16:32.863,415.0269911925653,995
2024-09-17 11:16:33.065,415.0181599314018,996
2024-09-17 11:16:33.178,415.00977476370974,5
2024-09-17 11:16:33.219,415.02428035903057,996
2024-09-17 11:16:33.245,415.04177878990623,1005
2024-09-17 11:16:33.248,415.0107173289204,95
2024-09-17 11:16:33.390,,101
2024-09-17 11:16:33.452,414.9980546488268,12
2024-09-17 11:16:33.514,415.0283478023833,100
2024-09-17 11:16:33.573,415.02131672045465,1005
2024-09-17 11:16:33.595,415.0461978027293,1004
2024-09-17 11:16:33.614,415.0003311240054,100
2024-09-17 11:16:33.806,415.0430036528021,102
2024-09-17 11:16:33.990,415.0146680887253,103
2024-09-17 11:16:34.004,415.0013047558691,96
2024-09-17 11:16:34.113,415.01709448247766,97
2024-09-17 11:16:34.246,415.0625511818296,999
2024-09-17 11:16:34.275,415.04067943762055,1001
2024-09-17 11:16:34.292,415.0506281032869,1000
2024-09-17 11:16:34.340,415.014388919515,5
2024-09-17 11:16:34.421,415.0181663271616,97
2024-09-17 11:16:34.422,415.0506325992523,995
2024-09-17 11:16:34.564,415.0183604507249,1004
2024-09-17 11:16:34.604,415.0647847756269,95
2024-09-17 11:16:34.608,415.0340817042252,1004
2024-09-17 11:16:34.709,415.0348090612816,14
2024-09-17 11:16:34.730,415.0832131253883,103
2024-09-17 11:16:34.836,414.9978065919892,102
2024-09-17 11:16:34.906,415.0201620309289,103
2024-09-17 11:16:34.922,415.0510445619474,14
2024-09-17 11:16:34.977,415.08373031998246,1001
2024-09-17 11:16:35.099,415.0835968915442,996
2024-09-17 11:16:35.113,415.0949181237384,97
2024-09-17 11:16:35.660,415.09527341969886,11
2024-09-17 11:16:35.719,415.0917909947723,11
2024-09-17 11:16:35.729,415.0829289891184,98
2024-09-17 11:16:35.762,415.1035580386426,105
2024-09-17 11:16:35.791,415.0855534060193,11
2024-09-17 11:16:35.991,415.1026102517319,5
2024-09-17 11:16:36.277,415.031203060862,12
2024-09-17 11:16:36.303,415.0399566272761,101
2024-09-17 11:16:36.430,415.0296913632753,995
2024-09-17 11:16:36.504,415.0503232534626,995
2024-09-17 11:16:36.529,415.03763546236377,13
2024-09-17 11:16:36.638,415.05050244327407,998
2024-09-17 11:16:36.735,415.0379629188761,1000
2024-09-17 11:16:37.022,415.0127190634136,6
2024-09-17 11:16:37.040,415.0396839250332,998
2024-09-17 11:16:37.092,415.041255275878,95
2024-09-17 11:16:37.181,415.0224989972693,97
2024-09-17 11:16:37.190,415.045488783506,15
2024-09-17 11:16:37.201,415.0238563437554,96
2024-09-17 11:16:37.287,415.0375307498406,995
2024-09-17 11:16:37.374,415.0221595737288,1000
2024-09-17 11:16:37.390,414.9937351209928,995
2024-09-17 11:16:37.434,415.0311080238269,9
2024-09-17 11:16:37.439,415.0542038519274,9
2024-09-17 11:16:37.460,415.0198943020935,1001
2024-09-17 11:16:37.467,415.05549224508735,1004
2024-09-17 11:16:37.490,414.996583166808,1002
2024-09-17 11:16:37.579,415.0474656508501,997
2024-09-17 11:16:37.608,415.0196474044034,11
2024-09-17 11:16:37.703,415.0228341099649,104
2024-09-17 11:16:37.740,414.9855248059871,1001
2024-09-17 11:16:37.744,414.9941371475891,14
2024-09-17 11:16:37.779,414.9972291002916,103
2024-09-17 11:16:37.806,414.9987828187535,997
2024-09-17 11:16:37.854,414.981640922679,1000
2024-09-17 11:16:37.881,415.0012597371536,97
2024-09-17 11:16:37.933,415.02970425932426,996
2024-09-17 11:16:37.955,41.502409644287376,1005
2024-09-17 11:16:37.958,415.0415185842856,96
2024-09-17 11:16:37.982,414.9957691640786,97
2024-09-17 11:16:38.670,415.0334391342334,105
2024-09-17 11:16:38.981,415.0402925461906,15
2024-09-17 11:16:39.013,415.0377720119679,995
2024-09-17 11:16:39.032,415.0754719361431,102
2024-09-17 11:16:39.045,-415.0862736149377,97
2024-09-17 11:16:39.453,415.079070107084,6
2024-09-17 11:16:39.485,415.0559506601375,10
2024-09-17 11:16:39.516,415.0493876790008,5
2024-09-17 11:16:39.581,415.0401348048827,1003
2024-09-17 11:16:39.635,415.0719426258224,8
2024-09-17 11:16:39.662,415.0119935896874,999
2024-09-17 11:16:39.721,415.04926647840944,11
2024-09-17 11:16:39.739,415.0717353131978,999
2024-09-17 11:16:39.828,415.105521897869,999
2024-09-17 11:16:39.912,415.0476753322048,8
2024-09-17 11:16:39.971,415.0464767777174,14
2024-09-17 11:16:39.990,415.1203852153566,11
2024-09-17 11:16:39.992,415.052810812185,102
2024-09-17 11:16:39.995,415.04227161096543,7
2024-09-17 11:16:40.213,,105
2024-09-17 11:16:40.361,415.12607398335655,1005
2024-09-17 11:16:40.425,415.16402649075474,1000
2024-09-17 11:16:40.540,415.16006999311816,6
2024-09-17 11:16:40.596,415.1580917811424,996
2024-09-17 11:16:40.711,415.1832508428569,102
2024-09-17 11:16:40.875,415.1917609719434,105
2024-09-17 11:16:41.096,415.1997096479466,999
2024-09-17 11:16:41.230,415.2362312747503,15
2024-09-17 11:16:41.243,415.2084027338999,1005
2024-09-17 11:16:41.318,415.2545573421538,999
2024-09-17 11:16:41.392,415.2334817170577,1001
2024-09-17 11:16:41.425,415.24545141002136,105
2024-09-17 11:16:41.452,415.2106268062933,995
2024-09-17 11:16:41.481,415.2065096745117,102
2024-09-17 11:16:41.516,415.199484896648,6
2024-09-17 11:16:41.620,415.2420285263888,997
2024-09-17 11:16:41.684,415.2364716435616,102
2024-09-17 11:16:41.709,415.1960138065489,13
2024-09-17 11:16:41.756,415.2125049457828,15
2024-09-17 11:16:41.784,415.2318818567133,99
2024-09-17 11:16:41.810,415.2348854729126,1004
2024-09-17 11:16:42.168,415.2482507199962,1000
2024-09-17 11:16:42.207,415.26908230108535,104
2024-09-17 11:16:42.236,415.2446031021158,997
2024-09-17 11:16:42.249,415.262141825103,996
2024-09-17 11:16:42.251,415.2618338739503,997
2024-09-17 11:16:42.264,415.2647331782377,97
2024-09-17 11:16:42.290,415.2551700633547,104
2024-09-17 11:16:42.297,415.2683729757647,1005
2024-09-17 11:16:42.430,415.2912596328306,999
2024-09-17 11:16:42.465,415.25061429850246,96
2024-09-17 11:16:42.493,415.2585477511612,1003
2024-09-17 11:16:42.503,415.2458491397792,1004
2024-09-17 11:16:42.540,415.2630454996877,1004
2024-09-17 11:16:42.597,415.2406122623804,15
2024-09-17 11:16:42.638,415.2796322134898,103
2024-09-17 11:16:42.668,415.2382216446827,1005
2024-09-17 11:16:42.674,415.27039167859874,8
2024-09-17 11:16:42.688,415.2917093013211,98
2024-09-17 11:16:42.698,415.2904132256905,11
2024-09-17 11:16:42.720,-415.2621253354324,98
2024-09-17 11:16:42.740,415.2697073269202,7
2024-09-17 11:16:42.747,415.2831099064816,95
2024-09-17 11:16:42.796,415.26647829799134,1004
2024-09-17 11:16:42.797,415.257693274366,1000
2024-09-17 11:16:42.813,415.24890123160185,105
2024-09-17 11:16:42.840,415.2385171307728,1003
2024-09-17 11:16:42.904,415.2532199626118,5
2024-09-17 11:16:42.986,415.27932521269344,13
2024-09-17 11:16:42.998,415.2588902211775,99
2024-09-17 11:16:43.023,415.24874663382735,999
2024-09-17 11:16:43.252,415.2972662756189,11
2024-09-17 11:16:43.376,415.2788336060808,7
2024-09-17 11:16:43.473,415.28991878867714,1002
2024-09-17 11:16:43.597,415.2955797371386,996
2024-09-17 11:16:43.622,415.2810086356902,10
2024-09-17 11:16:43.631,415.3147390034249,1002
2024-09-17 11:16:43.642,415.26615757291177,996
2024-09-17 11:16:43.658,415.2686665606978,15
2024-09-17 11:16:43.661,415.2992099629932,102
2024-09-17 11:16:43.705,415.2880788173143,998
2024-09-17 11:16:43.770,415.2864139927811,997
2024-09-17 11:16:43.771,415.2980289556376,97
2024-09-17 11:16:44.131,415.2772160082523,999
2024-09-17 11:16:44.147,415.2994951897653,13
2024-09-17 11:16:44.185,415.2774213735715,13
2024-09-17 11:16:44.219,415.2754496354432,1003
2024-09-17 11:16:44.289,415.2723668495697,101
2024-09-17 11:16:44.302,415.26602010205215,105
2024-09-17 11:16:44.433,415.2550889663735,6
2024-09-17 11:16:44.476,415.2559750809632,1001
2024-09-17 11:16:44.503,415.2937024938709,98
2024-09-17 11:16:44.521,415.3068034744423,97
2024-09-17 11:16:44.563,415.2741560375174,98
2024-09-17 11:16:44.608,415.24826181586695,1000
2024-09-17 11:16:44.660,415.2626072786439,102
2024-09-17 11:16:44.684,415.282243435695,996
2024-09-17 11:16:44.691,415.2684096393577,1004
2024-09-17 11:16:44.694,415.2756655209569,1002
2024-09-17 11:16:44.735,,1005
2024-09-17 11:16:44.742,415.2703844938229,11
2024-09-17 11:16:44.922,415.2654898480181,98
2024-09-17 11:16:44.945,41.52694638197164,102
2024-09-17 11:16:45.024,415.2634158156944,1005
2024-09-17 11:16:45.057,415.2536313216423,104
2024-09-17 11:16:45.128,415.2460177273716,99
2024-09-17 11:16:45.232,415.2665120258458,8
2024-09-17 11:16:45.283,415.253539647688,7
2024-09-17 11:16:45.411,415.2577622248183,12
2024-09-17 11:16:45.434,415.2625524469997,8
2024-09-17 11:16:45.524,415.2767557208756,99
2024-09-17 11:16:45.550,415.2331734911047,7
2024-09-17 11:16:45.564,415.2465506200541,101
2024-09-17 11:16:45.608,415.2463353929873,12
2024-09-17 11:16:45.707,415.2549130326485,1002
2024-09-17 11:16:45.936,415.2618277228684,1003
2024-09-17 11:16:46.022,415.27377513399273,97
2024-09-17 11:16:46.062,415.2744749842981,100
2024-09-17 11:16:46.126,415.299334915874,999
2024-09-17 11:16:46.198,415.2775690246695,15
2024-09-17 11:16:46.250,415.2871394617221,995
2024-09-17 11:16:46.271,415.3165308837693,13
2024-09-17 11:16:46.445,415.29691797773313,7
2024-09-17 11:16:46.516,415.2994267445878,102
2024-09-17 11:16:46.587,415.2934627390587,999
2024-09-17 11:16:46.730,415.3044563612363,1005
2024-09-17 11:16:46.762,415.2762179369991,102
2024-09-17 11:16:46.820,415.2695935408829,99
2024-09-17 11:16:46.916,415.2868578560305,1005
2024-09-17 11:16:46.933,415.31191119970254,97
2024-09-17 11:16:46.967,415.3047210071189,104
2024-09-17 11:16:47.012,415.30778292435497,1004
2024-09-17 11:16:47.086,415.3241711073579,100
2024-09-17 11:16:47.129,415.27455878129217,997
2024-09-17 11:16:47.173,415.3114113888013,8
2024-09-17 11:16:47.185,415.33177957531785,15
2024-09-17 11:16:47.284,415.2501035095253,11
2024-09-17 11:16:47.320,415.29556227545817,1004
2024-09-17 11:16:47.343,415.29630178205207,14
2024-09-17 11:16:47.468,415.2733539356847,11
2024-09-17 11:16:47.504,415.3116952027998,97
2024-09-17 11:16:47.532,415.2793223959713,99
2024-09-17 11:16:47.532,415.2940021755746,12
2024-09-17 11:16:47.578,415.3123537014669,15
2024-09-17 11:16:47.582,415.27470683557766,100
2024-09-17 11:16:47.646,415.2911705833561,15
2024-09-17 11:16:47.648,415.33163861253,995
2024-09-17 11:16:47.662,415.30067349258616,98
2024-09-17 11:16:47.695,415.3093627935292,11
2024-09-17 11:16:47.835,415.31198258964696,999
2024-09-17 11:16:47.843,415.2990385269368,999
2024-09-17 11:16:47.886,415.3284223839781,105
2024-09-17 11:16:47.903,41.53072121967951,999
2024-09-17 11:16:47.907,415.3094503994033,6
2024-09-17 11:16:47.983,415.2802651930548,101
2024-09-17 11:16:49.030,415.3007095404592,13
2024-09-17 11:16:49.086,415.29841107167226,14
2024-09-17 11:16:49.281,415.31695042839976,13
2024-09-17 11:16:49.581,415.3013238580419,105
2024-09-17 11:16:49.593,415.3128765209377,1000
2024-09-17 11:16:49.609,415.3236644239491,997
2024-09-17 11:16:49.644,415.32943144324,11
2024-09-17 11:16:49.649,415.2888302207146,15
2024-09-17 11:16:49.906,415.306787111601,1002
2024-09-17 11:16:50.059,415.304325047872,1002
2024-09-17 11:16:50.169,415.3210532947487,12
2024-09-17 11:16:50.214,415.320082293138,1005
2024-09-17 11:16:50.269,415.3130038430058,101
2024-09-17 11:16:50.274,415.30086542609473,5
2024-09-17 11:16:50.304,415.3242866082125,6
2024-09-17 11:16:50.399,415.3314591448724,6
2024-09-17 11:16:50.399,415.3173698297642,15
2024-09-17 11:16:50.471,415.33514960967767,97
2024-09-17 11:16:50.541,415.30803071703343,11
2024-09-17 11:16:50.549,415.2986169844333,98
2024-09-17 11:16:50.604,415.31154265723416,14
2024-09-17 11:16:50.720,415.3442539947094,7
2024-09-17 11:16:50.725,415.31419732122566,99
2024-09-17 11:16:50.740,415.3332486558696,98
2024-09-17 11:16:50.763,415.3016702030079,100
2024-09-17 11:16:50.926,415.3388509465877,997
2024-09-17 11:16:50.928,415.2950275656927,103
2024-09-17 11:16:51.125,415.3419208407203,10
2024-09-17 11:16:51.200,415.3213935717443,14
2024-09-17 11:16:51.301,415.3168445231664,95
2024-09-17 11:16:51.801,415.33383977858585,13
2024-09-17 11:16:52.005,415.3204846333376,1005
2024-09-17 11:16:52.008,415.2800515326228,102
2024-09-17 11:16:52.009,415.2878786179031,999
2024-09-17 11:16:52.082,415.288699511758,1000
2024-09-17 11:16:52.149,415.2763029121168,1001
2024-09-17 11:16:52.191,415.2874889968773,9
2024-09-17 11:16:52.401,415.28334437627024,1004
2024-09-17 11:16:52.426,415.308932287453,12
2024-09-17 11:16:52.521,415.2885013064626,104
2024-09-17 11:16:52.588,415.2853441648276,100
2024-09-17 11:16:52.700,415.2904068805207,1002
2024-09-17 11:16:52.746,415.3064073734333,1000
2024-09-17 11:16:52.788,415.28889547582776,1004
2024-09-17 11:16:52.878,415.3303242708761,999
2024-09-17 11:16:52.913,415.2806552604728,102
2024-09-17 11:16:52.967,415.3021063647604,995
2024-09-17 11:16:52.970,415.2848761438984,13
2024-09-17 11:16:53.240,415.3174876487167,997
2024-09-17 11:16:53.463,415.30688592521153,6
2024-09-17 11:16:54.033,415.3244669535521,103
2024-09-17 11:16:54.266,415.2986058397637,995
2024-09-17 11:16:54.442,415.2960862939985,5
2024-09-17 11:16:55.053,415.3310563265624,10
2024-09-17 11:16:55.780,415.3329857528519,104
2024-09-17 11:16:55.926,415.326031781744,997
2024-09-17 11:16:56.092,415.3405959789666,12
2024-09-17 11:16:56.104,415.2523179726284,102
2024-09-17 11:16:56.246,415.3008046158411,96
2024-09-17 11:16:56.277,415.2618656029774,13
2024-09-17 11:16:56.322,415.2471085179596,102
2024-09-17 11:16:56.369,415.3233614203447,11
2024-09-17 11:16:56.372,415.28676227609833,103
2024-09-17 11:16:56.628,415.2447151289585,1004
2024-09-17 11:16:56.641,415.3004731945212,9
2024-09-17 11:16:57.013,415.3308374325756,101
2024-09-17 11:16:57.081,415.2647342593358,102
2024-09-17 11:16:57.237,415.29156812939743,97
2024-09-17 11:16:57.284,415.280701841827,997
2024-09-17 11:16:57.488,415.3176623428551,1004
2024-09-17 11:16:57.507,415.33854128574495,10
2024-09-17 11:16:57.689,415.305157266348,95
2024-09-17 11:16:57.821,415.3264273417757,12
2024-09-17 11:16:59.060,415.2928344062246,99
2024-09-17 11:16:59.096,415.30223090264747,102
2024-09-17 11:16:59.140,415.2992804517261,1005
2024-09-17 11:16:59.162,415.32901270950185,7
2024-09-17 11:16:59.184,415.2835775451286,1004
2024-09-17 11:16:59.187,415.2946272235081,104
2024-09-17 11:16:59.196,415.3328240447741,5
2024-09-17 11:16:59.201,415.29521854609527,105
2024-09-17 11:16:59.206,415.31892708403086,5
2024-09-17 11:16:59.294,415.29355818311575,6
2024-09-17 11:16:59.346,415.3366018371341,5
2024-09-17 11:16:59.398,415.3385867516478,13
2024-09-17 11:16:59.474,415.3004776260771,1003
2024-09-17 11:16:59.584,415.34054921611965,999
2024-09-17 11:16:59.676,415.3321360879777,7
2024-09-17 11:16:59.680,415.3339883558586,104
2024-09-17 11:16:59.745,415.309121515896,12
2024-09-17 11:16:59.757,415.3197754330342,100
2024-09-17 11:16:59.814,415.32216290754167,1002
2024-09-17 11:16:59.828,415.30493239587855,1005
2024-09-17 11:16:59.846,415.28688543854446,1004
2024-09-17 11:16:59.851,415.304052630778,996
2024-09-17 11:16:59.918,415.2762562963118,1003
2024-09-17 11:16:59.962,415.2995853328106,102
2024-09-17 11:16:59.971,415.30870194268186,997
2024-09-17 11:16:59.973,415.3013287032502,998
2024-09-17 11:16:59.997,415.3306322553104,1002
