Timestamp,Price,Size
2024-09-16 12:02:00.685,418.26902442078654,8
2024-09-16 12:02:01.083,418.2771075269872,999
2024-09-16 12:02:01.146,418.2658347973701,1001
2024-09-16 12:02:01.858,418.2547155613945,102
2024-09-16 12:02:02.003,418.2837618808111,6
2024-09-16 12:02:02.038,418.26266971256143,99
2024-09-16 12:02:02.114,418.2172050866633,10
2024-09-16 12:02:02.184,418.2131203024151,5
2024-09-16 12:02:02.186,418.241789738806,995
2024-09-16 12:02:02.233,418.25145151352655,103
2024-09-16 12:02:02.430,418.2037277335573,14
2024-09-16 12:02:02.448,418.2233319088408,999
2024-09-16 12:02:02.544,418.2496347079156,6
2024-09-16 12:02:02.560,418.23749988921793,101
2024-09-16 12:02:02.572,418.2263208932919,8
2024-09-16 12:02:02.577,418.2070772895658,1005
2024-09-16 12:02:02.671,418.18548409815446,9
2024-09-16 12:02:02.685,418.19896085854384,1004
2024-09-16 12:02:02.697,418.1919517824866,103
2024-09-16 12:02:02.740,418.2404211940291,13
2024-09-16 12:02:02.747,418.19399544075134,96
2024-09-16 12:02:02.761,418.25160207443696,96
2024-09-16 12:02:02.763,418.26878331198594,101
2024-09-16 12:02:02.998,418.2333684487458,96
2024-09-16 12:02:03.078,418.2174310597123,10
2024-09-16 12:02:03.613,418.2393656233148,7
2024-09-16 12:02:03.856,418.2053705865845,6
2024-09-16 12:02:03.892,418.2365170780189,997
2024-09-16 12:02:03.944,418.2402927114462,1004
2024-09-16 12:02:03.951,418.2237668058133,105
2024-09-16 12:02:04.865,418.2511973984313,14
2024-09-16 12:02:05.018,418.2503040427575,103
2024-09-16 12:02:05.041,418.2640918025575,999
2024-09-16 12:02:05.097,418.2698849689244,98
2024-09-16 12:02:05.127,418.26266500531005,99
2024-09-16 12:02:05.131,418.28344370314346,95
2024-09-16 12:02:05.232,418.28395370747705,14
2024-09-16 12:02:05.246,418.2820257177776,100
2024-09-16 12:02:05.304,418.2552870876243,105
2024-09-16 12:02:05.485,418.29735785440255,996
2024-09-16 12:02:05.509,418.2625574773895,12
2024-09-16 12:02:05.521,418.2489141445655,999
2024-09-16 12:02:05.529,418.27413495228313,1003
2024-09-16 12:02:05.542,418.28868304389647,1001
2024-09-16 12:02:05.569,418.2665013972391,1002
2024-09-16 12:02:05.628,418.2923412004193,10
2024-09-16 12:02:05.637,418.254399945834,97
2024-09-16 12:02:05.646,418.2567913215213,10
2024-09-16 12:02:05.648,418.2662447307208,1005
2024-09-16 12:02:05.678,418.2600637914415,995
2024-09-16 12:02:05.686,418.3032081223549,96
2024-09-16 12:02:05.690,418.2744302569596,996
2024-09-16 12:02:05.714,418.2706446624821,15
2024-09-16 12:02:05.748,418.2704202523934,11
2024-09-16 12:02:05.788,418.2344678032127,105
2024-09-16 12:02:05.845,418.2766090270957,98
2024-09-16 12:02:05.854,418.2741328229248,1005
2024-09-16 12:02:05.904,418.2481016804156,6
2024-09-16 12:02:05.911,418.2804805532117,9
2024-09-16 12:02:05.930,418.26039159555455,11
2024-09-16 12:02:06.016,418.2940524822012,6
2024-09-16 12:02:06.027,418.30020779069736,10
2024-09-16 12:02:06.081,418.3027758653612,997
2024-09-16 12:02:06.557,418.2718521748321,5
2024-09-16 12:02:06.796,418.3101731823858,1003
2024-09-16 12:02:07.003,418.3145604402527,9
2024-09-16 12:02:07.093,418.3195164186406,11
2024-09-16 12:02:07.484,418.3293529432021,7
2024-09-16 12:02:07.505,418.3134471346112,998
2024-09-16 12:02:07.539,418.3214305290646,9
2024-09-16 12:02:07.643,418.3269702513097,1004
2024-09-16 12:02:07.704,418.338084109014,15
2024-09-16 12:02:07.738,418.3112044349983,12
2024-09-16 12:02:07.755,418.31086283190336,95
2024-09-16 12:02:07.816,418.3021670122171,11
2024-09-16 12:02:07.872,418.3243363266869,1001
2024-09-16 12:02:07.878,418.3344334865423,998
2024-09-16 12:02:07.906,418.3369128205868,6
2024-09-16 12:02:07.971,418.3085913961377,1004
2024-09-16 12:02:07.986,418.33051067755366,96
2024-09-16 12:02:07.986,418.3212252949459,8
2024-09-16 12:02:08.086,418.2905898310718,12
2024-09-16 12:02:08.362,418.3257800210473,1001
2024-09-16 12:02:08.569,418.3109761851391,100
2024-09-16 12:02:08.601,418.2894383892181,10
2024-09-16 12:02:08.909,418.3151084220196,997
2024-09-16 12:02:08.931,418.3295807217866,96
2024-09-16 12:02:09.021,418.19578919734096,6
2024-09-16 12:02:09.024,418.246458922472,99
2024-09-16 12:02:09.078,418.2981942285287,96
2024-09-16 12:02:09.177,418.2589364374669,97
2024-09-16 12:02:09.224,418.2462161922806,12
2024-09-16 12:02:09.310,418.2722954269784,997
2024-09-16 12:02:09.404,418.1911885631209,1000
2024-09-16 12:02:09.514,418.2744731899109,105
2024-09-16 12:02:09.537,418.18618329565,95
2024-09-16 12:02:09.570,418.2444968970621,1000
2024-09-16 12:02:09.591,418.2163251675289,97
2024-09-16 12:02:09.619,418.2835273447282,995
2024-09-16 12:02:09.645,418.2347739442172,15
2024-09-16 12:02:09.649,418.2185559738153,14
2024-09-16 12:02:09.670,418.2685497818351,102
2024-09-16 12:02:09.702,418.2433509323622,6
2024-09-16 12:02:09.766,418.21050782126906,96
2024-09-16 12:02:09.773,418.1913008896296,101
2024-09-16 12:02:09.855,418.2650211600464,103
2024-09-16 12:02:09.895,418.2018465316772,1003
2024-09-16 12:02:09.942,418.20110705384826,105
2024-09-16 12:02:09.958,418.2954194697862,5
2024-09-16 12:02:09.998,418.213898180744,15
2024-09-16 12:02:10.210,-418.1447835727018,5
2024-09-16 12:02:10.423,418.1727529427812,10
2024-09-16 12:02:10.558,418.15899717970433,15
2024-09-16 12:02:10.840,418.2024756006739,104
2024-09-16 12:02:11.204,,99
2024-09-16 12:02:11.283,418.13821158391687,15
2024-09-16 12:02:11.307,418.1322112650651,7
2024-09-16 12:02:11.933,418.1482434705678,14
2024-09-16 12:02:12.011,418.141924376283,1004
2024-09-16 12:02:12.023,418.162236212779,104
2024-09-16 12:02:12.128,418.17613604196026,102
2024-09-16 12:02:12.136,418.1792137162171,7
2024-09-16 12:02:12.184,418.16486121557193,1003
2024-09-16 12:02:12.220,418.1450254388476,998
2024-09-16 12:02:12.352,418.19988827290297,997
2024-09-16 12:02:12.365,418.1948738848518,1005
2024-09-16 12:02:12.418,418.1926981381406,105
2024-09-16 12:02:12.432,418.1912724847018,7
2024-09-16 12:02:12.470,418.1388140021223,1002
2024-09-16 12:02:12.475,418.1920071489795,10
2024-09-16 12:02:12.618,418.2143066406288,1001
2024-09-16 12:02:12.697,418.23424131840704,15
2024-09-16 12:02:12.786,418.1947708288136,10
2024-09-16 12:02:12.876,418.1705090162602,1003
2024-09-16 12:02:12.892,418.1752080029826,1003
2024-09-16 12:02:12.919,418.1440389128962,104
2024-09-16 12:02:12.964,418.1777114498801,103
2024-09-16 12:02:13.006,418.2278601341361,1003
2024-09-16 12:02:13.202,418.2198771072768,98
2024-09-16 12:02:13.229,418.2286302619928,1005
2024-09-16 12:02:13.240,418.2134184583674,996
2024-09-16 12:02:13.243,418.1878527990993,97
2024-09-16 12:02:13.271,418.21770054921575,1001
2024-09-16 12:02:13.276,418.2197546634733,9
2024-09-16 12:02:13.317,418.2319704680568,96
2024-09-16 12:02:13.339,418.2074635676181,995
2024-09-16 12:02:13.380,418.2064922518263,1003
2024-09-16 12:02:13.384,418.2041588119257,11
2024-09-16 12:02:13.423,418.2320743811113,99
2024-09-16 12:02:13.902,418.2132718647494,14
2024-09-16 12:02:13.916,418.2175193015924,1005
2024-09-16 12:02:13.987,418.2107094008644,7
2024-09-16 12:02:14.001,418.2056930295301,11
2024-09-16 12:02:14.147,418.2159335412636,105
2024-09-16 12:02:14.148,418.21903516548537,5
2024-09-16 12:02:14.283,418.2327652139668,12
2024-09-16 12:02:14.352,418.2396060997583,10
2024-09-16 12:02:14.357,418.232494623862,99
2024-09-16 12:02:14.357,418.2196318685076,1004
2024-09-16 12:02:14.380,-418.2251790997696,1004
2024-09-16 12:02:14.565,418.2263443181682,996
2024-09-16 12:02:14.574,41.82178416285574,105
2024-09-16 12:02:14.579,418.23635067884726,101
2024-09-16 12:02:14.653,418.2102407290085,998
2024-09-16 12:02:14.681,418.24857063043817,13
2024-09-16 12:02:14.725,418.2073080192254,102
2024-09-16 12:02:14.819,418.2056608593781,8
2024-09-16 12:02:14.907,418.2333396908533,98
2024-09-16 12:02:14.970,418.2183112182187,102
2024-09-16 12:02:14.989,418.232724476461,1004
2024-09-16 12:02:15.096,418.248437641715,14
2024-09-16 12:02:15.128,418.2531339424431,9
2024-09-16 12:02:15.378,418.2571219830449,15
2024-09-16 12:02:15.487,418.2434838532657,103
2024-09-16 12:02:15.610,418.25554392976807,1005
2024-09-16 12:02:15.770,418.25407146785415,1001
2024-09-16 12:02:15.914,418.2509796939417,996
2024-09-16 12:02:15.950,418.2450075581751,1003
2024-09-16 12:02:16.003,418.2521557640133,101
2024-09-16 12:02:16.512,418.2712036652469,104
2024-09-16 12:02:16.766,418.2535274832194,8
2024-09-16 12:02:16.989,418.2681168647996,1003
2024-09-16 12:02:17.003,418.2297148631147,7
2024-09-16 12:02:17.003,418.26695085628427,996
2024-09-16 12:02:17.106,418.2481157656795,7
2024-09-16 12:02:17.235,418.2465725291308,102
2024-09-16 12:02:17.330,418.2417518002186,1000
2024-09-16 12:02:17.762,418.227364666315,14
2024-09-16 12:02:17.911,418.2680019365178,13
2024-09-16 12:02:18.080,418.24795013186696,12
2024-09-16 12:02:18.487,418.1637360466932,995
2024-09-16 12:02:18.545,418.193830025869,1002
2024-09-16 12:02:18.575,418.1719572377065,97
2024-09-16 12:02:18.768,418.15992346857774,13
2024-09-16 12:02:18.863,418.23469654582544,12
2024-09-16 12:02:18.936,418.1932768071866,96
2024-09-16 12:02:18.980,418.2299369063548,6
2024-09-16 12:02:19.147,418.1462093883326,1000
2024-09-16 12:02:19.278,418.1441278996106,104
2024-09-16 12:02:19.781,418.1317396967103,100
2024-09-16 12:02:19.967,418.1498050575513,995
2024-09-16 12:02:20.039,418.154367018871,95
2024-09-16 12:02:20.113,418.1458094159753,1001
2024-09-16 12:02:20.294,418.1353795653319,6
2024-09-16 12:02:20.302,418.1565298229668,11
2024-09-16 12:02:20.456,418.1579803978237,6
2024-09-16 12:02:20.457,418.1633275440376,5
2024-09-16 12:02:20.931,418.1159929366766,95
2024-09-16 12:02:20.941,418.14308686949744,105
2024-09-16 12:02:20.968,418.1500611792529,1000
2024-09-16 12:02:21.017,418.1361997751992,99
2024-09-16 12:02:21.082,418.1391833853535,104
2024-09-16 12:02:21.144,418.13974777231607,15
2024-09-16 12:02:21.153,418.1245454701255,14
2024-09-16 12:02:21.168,418.08902700503154,11
2024-09-16 12:02:21.187,418.1204685226974,1001
2024-09-16 12:02:21.222,418.1395142438564,15
2024-09-16 12:02:21.290,418.15603413564713,104
2024-09-16 12:02:21.571,-418.1333818976455,1005
2024-09-16 12:02:21.628,418.12020603269497,13
2024-09-16 12:02:21.706,418.14887620270633,1005
2024-09-16 12:02:21.714,418.1205371312661,97
2024-09-16 12:02:21.716,418.15402773931686,1004
2024-09-16 12:02:21.724,418.0874718924762,104
2024-09-16 12:02:21.783,418.107544689543,8
2024-09-16 12:02:21.889,418.1317282819184,9
2024-09-16 12:02:21.894,418.1380141849668,9
2024-09-16 12:02:21.912,418.10914364455306,10
2024-09-16 12:02:21.924,418.15255962370463,104
2024-09-16 12:02:21.926,418.1308153044864,97
2024-09-16 12:02:21.948,418.1280233881933,996
2024-09-16 12:02:21.954,418.1045282143808,999
2024-09-16 12:02:21.955,418.1077607401711,101
2024-09-16 12:02:21.982,418.12189060135046,8
2024-09-16 12:02:22.429,-418.1332913149106,99
2024-09-16 12:02:23.219,418.117727265268,12
2024-09-16 12:02:23.220,418.1194085415937,1000
2024-09-16 12:02:23.437,418.1334890299738,995
2024-09-16 12:02:23.665,418.1106414523653,102
2024-09-16 12:02:23.695,418.1275732919424,1004
2024-09-16 12:02:23.802,418.1390124257605,1002
2024-09-16 12:02:23.830,418.11928891493534,1005
2024-09-16 12:02:23.868,418.1285961190441,10
2024-09-16 12:02:24.132,418.1344644908213,7
2024-09-16 12:02:24.348,418.13745055412375,7
2024-09-16 12:02:24.415,418.143353623244,99
2024-09-16 12:02:24.473,418.1281714574122,104
2024-09-16 12:02:24.476,418.1334276553981,1001
2024-09-16 12:02:24.503,418.1255361117296,12
2024-09-16 12:02:24.600,418.1433996503375,14
2024-09-16 12:02:24.674,418.1402343556642,1005
2024-09-16 12:02:24.818,418.1419308223169,12
2024-09-16 12:02:24.994,418.1270500721278,10
2024-09-16 12:02:25.466,418.14342505825766,12
2024-09-16 12:02:25.549,418.1548867262705,104
2024-09-16 12:02:25.628,418.1601855144327,995
2024-09-16 12:02:26.007,418.0492651229197,9
2024-09-16 12:02:26.050,418.0870639348829,105
2024-09-16 12:02:26.094,418.1452357440583,8
2024-09-16 12:02:26.107,418.0740490518165,10
2024-09-16 12:02:26.120,418.1249642901045,99
2024-09-16 12:02:26.151,418.0729184835129,1003
2024-09-16 12:02:26.340,418.153136956742,1005
2024-09-16 12:02:26.414,418.0684889657913,95
2024-09-16 12:02:26.453,418.1128790609457,104
2024-09-16 12:02:26.455,418.1338621351372,1003
2024-09-16 12:02:26.492,-418.0981696849919,8
2024-09-16 12:02:26.519,,101
2024-09-16 12:02:26.541,418.1068277017732,1002
2024-09-16 12:02:26.551,418.1147775070798,95
2024-09-16 12:02:26.585,418.1504812156956,95
2024-09-16 12:02:26.639,418.1692420937365,102
2024-09-16 12:02:26.699,418.0642306481243,6
2024-09-16 12:02:26.740,418.1583168662964,996
2024-09-16 12:02:26.792,418.1408301229595,11
2024-09-16 12:02:26.792,418.1607323992175,15
2024-09-16 12:02:26.966,418.0925372303616,1005
2024-09-16 12:02:27.056,418.0668390371558,1004
2024-09-16 12:02:27.062,418.0851003270402,105
2024-09-16 12:02:27.064,418.070296383368,1004
2024-09-16 12:02:27.067,418.0888463239557,1002
2024-09-16 12:02:27.068,418.0792284890141,6
2024-09-16 12:02:27.112,418.068414622468,998
2024-09-16 12:02:27.162,418.06641500474217,95
2024-09-16 12:02:27.174,,7
2024-09-16 12:02:27.236,418.0840394340909,15
2024-09-16 12:02:27.294,418.0699850921171,95
2024-09-16 12:02:27.300,418.0687810734246,102
2024-09-16 12:02:27.345,418.0666639742023,999
2024-09-16 12:02:27.351,418.0832771018688,97
2024-09-16 12:02:27.360,418.0980127416791,96
2024-09-16 12:02:27.414,418.0818014315109,12
2024-09-16 12:02:27.473,418.0612319354737,14
2024-09-16 12:02:27.641,418.095419985537,995
2024-09-16 12:02:27.789,418.0977885286024,12
2024-09-16 12:02:27.872,418.1019864737559,1004
2024-09-16 12:02:27.980,418.0856099365994,105
2024-09-16 12:02:27.995,418.0871173821281,96
2024-09-16 12:02:28.068,418.00745696841176,10
2024-09-16 12:02:28.098,418.0248395485455,11
2024-09-16 12:02:28.108,418.02203733072224,15
2024-09-16 12:02:28.111,418.0183577924092,996
2024-09-16 12:02:28.112,418.0158591252319,103
2024-09-16 12:02:28.136,418.0083375434247,102
2024-09-16 12:02:28.186,417.9858023271174,6
2024-09-16 12:02:28.226,418.0458992814214,8
2024-09-16 12:02:28.232,418.0647311021537,15
2024-09-16 12:02:28.426,417.9884872447182,12
2024-09-16 12:02:28.441,418.04112900854585,997
2024-09-16 12:02:28.463,418.0403130744134,995
2024-09-16 12:02:28.466,418.0295035424901,11
2024-09-16 12:02:28.475,418.00339149996887,1001
2024-09-16 12:02:28.598,418.0811103118727,95
2024-09-16 12:02:28.600,417.9978622334227,996
2024-09-16 12:02:28.668,418.0055396281206,1000
2024-09-16 12:02:28.732,418.00136096938513,103
2024-09-16 12:02:28.777,418.0298536247011,102
2024-09-16 12:02:28.784,418.0612470245847,104
2024-09-16 12:02:28.962,418.0214083369542,96
2024-09-16 12:02:29.990,418.0393452564707,15
2024-09-16 12:02:30.078,418.0299106707357,96
2024-09-16 12:02:30.230,418.04317689699286,95
2024-09-16 12:02:30.233,417.98204910953285,15
2024-09-16 12:02:30.274,418.03926970839177,8
2024-09-16 12:02:30.285,418.0008899055396,1004
2024-09-16 12:02:30.337,418.01008939320326,5
2024-09-16 12:02:30.356,418.02355491661785,996
2024-09-16 12:02:30.436,418.0197901437954,1000
2024-09-16 12:02:30.466,418.0138093215011,102
2024-09-16 12:02:30.531,418.0355576988085,100
2024-09-16 12:02:30.547,418.01819249359977,5
2024-09-16 12:02:30.610,418.03583618884886,999
2024-09-16 12:02:30.693,418.04333038236655,999
2024-09-16 12:02:30.746,418.023581996562,997
2024-09-16 12:02:30.796,417.9970590003095,105
2024-09-16 12:02:30.825,418.01143385460375,95
2024-09-16 12:02:30.874,418.0298417238529,1002
2024-09-16 12:02:30.879,418.047244237595,98
2024-09-16 12:02:30.885,418.0450161476653,14
2024-09-16 12:02:30.891,418.0451594285549,95
2024-09-16 12:02:30.932,418.0123644773719,997
2024-09-16 12:02:30.976,418.0422628439773,103
2024-09-16 12:02:31.039,417.8942887731677,102
2024-09-16 12:02:31.053,417.9704546112913,96
2024-09-16 12:02:31.110,417.906919690526,996
2024-09-16 12:02:31.160,417.94630139383577,104
2024-09-16 12:02:31.187,417.9804913158093,100
2024-09-16 12:02:31.190,417.9296133184217,996
2024-09-16 12:02:31.200,417.9742079451608,95
2024-09-16 12:02:31.226,417.9819452620903,9
2024-09-16 12:02:31.344,417.97101867761,9
2024-09-16 12:02:31.374,417.8836637831865,10
2024-09-16 12:02:31.385,417.8726544843768,8
2024-09-16 12:02:31.408,417.8935994076301,105
2024-09-16 12:02:31.449,417.9322174611651,1005
2024-09-16 12:02:31.490,41.79414690836949,999
2024-09-16 12:02:31.520,417.8920658930298,995
2024-09-16 12:02:31.536,417.9143936877117,95
2024-09-16 12:02:31.560,417.9235907302992,96
2024-09-16 12:02:31.568,417.9459819493397,15
2024-09-16 12:02:31.678,417.9082955314576,103
2024-09-16 12:02:31.717,417.91223613231045,1005
2024-09-16 12:02:31.742,417.9289055191944,997
2024-09-16 12:02:31.753,417.885443649356,103
2024-09-16 12:02:31.803,417.9736245399518,10
2024-09-16 12:02:31.817,417.9124159391413,1005
2024-09-16 12:02:31.835,417.9314343509656,1004
2024-09-16 12:02:31.920,417.9191992594065,1003
2024-09-16 12:02:31.978,417.9125332990852,6
2024-09-16 12:02:32.073,417.9597255004261,9
2024-09-16 12:02:32.106,417.9620720165514,9
2024-09-16 12:02:32.500,417.9494040487115,10
2024-09-16 12:02:32.502,417.9614180474954,1004
2024-09-16 12:02:32.642,417.9617543717107,1000
2024-09-16 12:02:33.026,417.9434644728036,13
2024-09-16 12:02:33.060,417.9429329439593,105
2024-09-16 12:02:33.082,417.9896026163207,15
2024-09-16 12:02:33.144,418.0067862607655,5
2024-09-16 12:02:33.148,418.000289253974,104
2024-09-16 12:02:33.227,417.9901921867198,15
2024-09-16 12:02:33.232,417.96567005358617,996
2024-09-16 12:02:33.259,418.0022582344093,95
2024-09-16 12:02:33.266,418.0129685422859,1000
2024-09-16 12:02:33.272,418.01674253222376,999
2024-09-16 12:02:33.273,418.01696382306295,1002
2024-09-16 12:02:33.313,417.9898674143697,8
2024-09-16 12:02:33.317,418.0105733526724,5
2024-09-16 12:02:33.379,418.00663463096095,15
2024-09-16 12:02:33.410,417.9726914650543,100
2024-09-16 12:02:33.639,417.9463607962673,7
2024-09-16 12:02:33.697,417.952701612055,12
2024-09-16 12:02:33.738,41.79397639724103,98
2024-09-16 12:02:33.757,417.99013396493774,1001
2024-09-16 12:02:33.797,417.9573518489775,104
2024-09-16 12:02:33.825,418.016252589891,6
2024-09-16 12:02:33.830,417.9419214205723,13
2024-09-16 12:02:33.847,418.0063788356548,997
2024-09-16 12:02:33.895,417.975953497671,997
2024-09-16 12:02:33.909,418.0066453822646,5
2024-09-16 12:02:33.913,417.9508289229793,101
2024-09-16 12:02:34.065,418.03470460876986,999
2024-09-16 12:02:34.114,418.01922784431054,998
2024-09-16 12:02:34.163,418.01357612134126,99
2024-09-16 12:02:34.489,418.0446514476844,6
2024-09-16 12:02:34.503,418.0260829913033,98
2024-09-16 12:02:34.527,418.0349327410247,12
2024-09-16 12:02:34.545,417.99572960713095,103
2024-09-16 12:02:34.699,417.9916179715072,103
2024-09-16 12:02:34.872,418.0065868175334,995
2024-09-16 12:02:34.895,417.9948223071669,8
2024-09-16 12:02:34.909,418.0097082741851,1000
2024-09-16 12:02:34.994,418.0387553079433,103
2024-09-16 12:02:34.999,417.9840169044492,95
2024-09-16 12:02:36.051,418.03009123411806,10
2024-09-16 12:02:36.073,418.0547645013443,995
2024-09-16 12:02:36.091,418.0502249719543,13
2024-09-16 12:02:36.092,418.0314893646051,99
2024-09-16 12:02:36.242,418.05702062204494,996
2024-09-16 12:02:36.244,417.9932621032222,97
2024-09-16 12:02:36.267,418.0495474245334,997
2024-09-16 12:02:36.387,418.06695526902377,1002
2024-09-16 12:02:36.563,418.056859726933,15
2024-09-16 12:02:36.584,418.0406258582739,1001
2024-09-16 12:02:36.594,418.0395164883798,7
2024-09-16 12:02:36.712,418.0613688025852,1005
2024-09-16 12:02:36.791,418.0057653292501,97
2024-09-16 12:02:36.862,417.9931226568778,1003
2024-09-16 12:02:36.923,418.0409789604667,8
2024-09-16 12:02:36.924,418.0463754451306,103
2024-09-16 12:02:36.985,418.043186722025,997
2024-09-16 12:02:37.040,417.9724364457426,1000
2024-09-16 12:02:37.389,418.0086682280591,10
2024-09-16 12:02:37.396,417.9832076589897,103
2024-09-16 12:02:37.418,418.0025844938952,100
2024-09-16 12:02:37.483,417.9748877247062,10
2024-09-16 12:02:37.876,417.9947413027296,1002
2024-09-16 12:02:39.000,418.0148493478164,102
2024-09-16 12:02:39.122,417.9818436965463,99
2024-09-16 12:02:39.169,417.989635651556,1005
2024-09-16 12:02:39.213,418.0390273340336,999
2024-09-16 12:02:39.231,417.9883752345211,999
2024-09-16 12:02:39.279,418.0344561033933,995
2024-09-16 12:02:39.295,417.9971627268219,1005
2024-09-16 12:02:39.334,417.9920356149416,1003
2024-09-16 12:02:39.411,417.9825485191874,997
2024-09-16 12:02:39.413,418.0142235568163,996
2024-09-16 12:02:39.420,418.0146831275188,100
2024-09-16 12:02:39.455,418.02313122881424,99
2024-09-16 12:02:39.525,417.98613647622017,1005
2024-09-16 12:02:39.533,417.9719932393225,1000
2024-09-16 12:02:39.604,,996
2024-09-16 12:02:39.619,,9
2024-09-16 12:02:39.623,417.981516568574,1004
2024-09-16 12:02:39.634,418.0006972216957,98
2024-09-16 12:02:39.669,418.00385302842926,995
2024-09-16 12:02:39.698,417.9813396850978,96
2024-09-16 12:02:39.773,417.9899246815724,96
2024-09-16 12:02:39.790,418.0143463827556,6
2024-09-16 12:02:39.831,417.9981311796763,100
2024-09-16 12:02:39.845,417.9969641184432,999
2024-09-16 12:02:39.861,418.0127151445757,100
2024-09-16 12:02:39.877,417.9779309536127,96
2024-09-16 12:02:39.940,418.00822183303575,1004
2024-09-16 12:02:39.972,418.0032180081796,5
2024-09-16 12:02:39.987,418.010287820574,98
2024-09-16 12:02:42.000,418.0296224905888,95
2024-09-16 12:02:42.082,417.94940356767455,14
2024-09-16 12:02:42.108,418.01634008905097,1000
2024-09-16 12:02:42.114,418.0173507351933,96
2024-09-16 12:02:42.119,417.9873524746666,5
2024-09-16 12:02:42.144,418.0207092335858,997
2024-09-16 12:02:42.147,418.01105078589086,102
2024-09-16 12:02:42.201,418.0069551669862,99
2024-09-16 12:02:42.209,418.0353727754233,999
2024-09-16 12:02:42.251,417.9648767495208,98
2024-09-16 12:02:42.259,418.0122771589352,96
2024-09-16 12:02:42.288,417.9712876940836,101
2024-09-16 12:02:42.336,417.99985306871287,1003
2024-09-16 12:02:42.354,418.0243346298095,996
2024-09-16 12:02:42.496,418.0058886917572,997
2024-09-16 12:02:42.588,418.0002145917272,11
2024-09-16 12:02:42.619,417.9551531882074,14
2024-09-16 12:02:42.711,417.9833510480169,101
2024-09-16 12:02:42.757,418.00063306501033,15
2024-09-16 12:02:42.764,417.9828639703193,102
2024-09-16 12:02:42.866,417.97907011301606,101
2024-09-16 12:02:42.938,418.0203135343128,6
2024-09-16 12:02:42.979,418.0279271086207,10
2024-09-16 12:02:43.024,417.9360198909797,96
2024-09-16 12:02:43.824,417.95120136403256,12
2024-09-16 12:02:44.440,417.9318970960316,97
2024-09-16 12:02:44.563,417.9259704078598,1001
2024-09-16 12:02:44.697,417.93525825598925,1000
2024-09-16 12:02:45.036,417.9730993948148,15
2024-09-16 12:02:45.063,417.9549688013128,7
2024-09-16 12:02:45.071,417.9387947470401,105
2024-09-16 12:02:45.085,417.9597314236547,14
2024-09-16 12:02:45.321,417.929188348187,100
2024-09-16 12:02:45.325,417.9407121540257,104
2024-09-16 12:02:45.355,417.9244969709624,8
2024-09-16 12:02:45.361,417.92186321934906,14
2024-09-16 12:02:45.464,417.9618312091501,14
2024-09-16 12:02:45.478,417.9548053470532,96
2024-09-16 12:02:45.701,417.9161658733772,102
2024-09-16 12:02:45.737,417.9419479437008,1005
2024-09-16 12:02:45.742,417.9190780719479,1002
2024-09-16 12:02:45.775,417.9239720360503,995
2024-09-16 12:02:45.786,417.9647121555771,103
2024-09-16 12:02:45.797,417.95924393625006,6
2024-09-16 12:02:45.802,417.9371212301837,999
2024-09-16 12:02:45.813,417.90492828448566,11
2024-09-16 12:02:45.856,417.9420124623219,11
2024-09-16 12:02:45.886,417.9249213690237,1003
2024-09-16 12:02:45.890,417.9616284614251,10
2024-09-16 12:02:45.924,417.9599015056635,1004
2024-09-16 12:02:45.941,417.9471411409829,102
2024-09-16 12:02:45.946,417.93794568252673,105
2024-09-16 12:02:45.961,417.9269828361229,996
2024-09-16 12:02:45.977,417.95375453190456,101
2024-09-16 12:02:45.980,417.9521056813685,99
2024-09-16 12:02:45.995,417.9181767606321,96
2024-09-16 12:02:46.108,417.9329498147911,15
2024-09-16 12:02:46.128,417.9640332220653,13
2024-09-16 12:02:46.138,417.9356111510579,9
2024-09-16 12:02:46.245,417.9678734142298,11
2024-09-16 12:02:46.273,417.9489725356539,1000
2024-09-16 12:02:46.325,417.9623486282752,11
2024-09-16 12:02:46.335,417.94778684469065,11
2024-09-16 12:02:46.421,417.9372195874565,98
2024-09-16 12:02:46.545,417.9628577534616,998
2024-09-16 12:02:46.546,417.94917787398913,9
2024-09-16 12:02:46.563,417.9505328980921,997
2024-09-16 12:02:46.611,417.9489708823815,1001
2024-09-16 12:02:46.634,417.9544661084043,12
2024-09-16 12:02:46.643,417.9470789692451,1003
2024-09-16 12:02:46.798,417.9470417081821,999
2024-09-16 12:02:46.821,417.9492598480526,14
2024-09-16 12:02:46.888,417.9585403752676,5
2024-09-16 12:02:47.009,417.96663816551296,8
2024-09-16 12:02:47.028,417.968723429642,7
2024-09-16 12:02:47.031,417.9812136512959,14
2024-09-16 12:02:47.042,417.9568300230651,995
2024-09-16 12:02:47.048,417.9615145874214,97
2024-09-16 12:02:47.056,417.98646066453256,100
2024-09-16 12:02:47.074,417.9851965008192,1002
2024-09-16 12:02:47.074,417.9663538007768,14
2024-09-16 12:02:47.086,417.9682302198117,6
2024-09-16 12:02:47.154,417.9627929678273,7
2024-09-16 12:02:47.171,417.9836726465427,15
2024-09-16 12:02:47.207,417.9546642439914,104
2024-09-16 12:02:47.212,417.944820931201,96
2024-09-16 12:02:47.218,417.96179371017257,14
2024-09-16 12:02:47.225,418.0086415252004,103
2024-09-16 12:02:47.279,417.96315949800766,13
2024-09-16 12:02:47.578,41.79799204338877,1004
2024-09-16 12:02:47.606,41.79456226410188,12
2024-09-16 12:02:47.653,417.9391399934795,7
2024-09-16 12:02:47.699,,5
2024-09-16 12:02:47.724,417.9716546638811,6
2024-09-16 12:02:47.728,417.9636085167588,14
2024-09-16 12:02:47.802,,101
2024-09-16 12:02:47.834,417.96303055158273,995
2024-09-16 12:02:47.861,417.9534893215112,1000
2024-09-16 12:02:47.895,417.99795958958106,1001
2024-09-16 12:02:48.000,417.8843545321008,102
2024-09-16 12:02:48.027,417.92377595778544,97
2024-09-16 12:02:48.107,417.9275769639425,8
2024-09-16 12:02:48.118,417.90808827594566,7
2024-09-16 12:02:48.270,417.9451805568438,1002
2024-09-16 12:02:48.338,417.943494731892,95
2024-09-16 12:02:48.357,417.8962540038799,7
2024-09-16 12:02:48.366,417.9502357652023,13
2024-09-16 12:02:48.837,417.9143357069351,999
2024-09-16 12:02:48.896,417.8850240125368,996
2024-09-16 12:02:49.001,417.88743126271874,1005
2024-09-16 12:02:49.085,417.9133375083456,8
2024-09-16 12:02:49.091,417.9323831692609,105
2024-09-16 12:02:49.111,417.9323775354816,12
2024-09-16 12:02:49.115,417.88687297196594,15
2024-09-16 12:02:49.125,417.93832231396414,8
2024-09-16 12:02:49.134,417.9104728403744,97
2024-09-16 12:02:49.152,417.9050150723988,14
2024-09-16 12:02:49.160,417.9084532546004,104
2024-09-16 12:02:49.317,417.9027333528404,995
2024-09-16 12:02:49.324,417.9065363360468,14
2024-09-16 12:02:49.403,417.90403580100167,15
2024-09-16 12:02:49.408,417.9244530551487,9
2024-09-16 12:02:49.426,417.9191560693656,8
2024-09-16 12:02:49.608,417.9073775286373,96
2024-09-16 12:02:49.647,417.92826259671057,13
2024-09-16 12:02:49.662,417.9197089930893,1000
2024-09-16 12:02:49.688,417.90746771389047,1005
2024-09-16 12:02:49.703,417.9316713343248,95
2024-09-16 12:02:49.795,417.9020875808901,98
2024-09-16 12:02:49.816,417.890258109941,95
2024-09-16 12:02:49.877,417.9226670815484,14
2024-09-16 12:02:49.896,417.9029922434955,995
2024-09-16 12:02:49.935,417.9406467338333,1005
2024-09-16 12:02:49.954,417.90885420953225,995
2024-09-16 12:02:49.966,417.8886765953864,101
2024-09-16 12:02:51.054,417.96280289784266,998
2024-09-16 12:02:51.128,417.9555056517122,1005
2024-09-16 12:02:51.139,417.98647904499495,95
2024-09-16 12:02:51.139,418.0169474862408,96
2024-09-16 12:02:51.141,417.96654507273286,7
2024-09-16 12:02:51.151,417.9957097616779,996
2024-09-16 12:02:51.186,418.0014965822463,1003
2024-09-16 12:02:51.195,417.99255515914905,998
2024-09-16 12:02:51.229,417.9888086698784,1005
2024-09-16 12:02:51.250,-418.00250960684974,15
2024-09-16 12:02:51.308,417.9941105685846,95
2024-09-16 12:02:51.358,417.96880224713294,995
2024-09-16 12:02:51.362,418.0156573012353,1005
2024-09-16 12:02:51.364,41.7937734218039,1005
2024-09-16 12:02:51.379,417.9947387024188,6
2024-09-16 12:02:51.474,418.0167928319013,998
2024-09-16 12:02:51.518,417.98126700250094,998
2024-09-16 12:02:51.524,418.0060600781418,97
2024-09-16 12:02:51.607,418.0054757684455,1000
2024-09-16 12:02:51.704,417.9976715168804,995
2024-09-16 12:02:51.763,417.9589815566513,999
2024-09-16 12:02:51.790,417.9987693638834,97
2024-09-16 12:02:51.870,417.9850056404407,1001
2024-09-16 12:02:51.922,418.0002128555453,995
2024-09-16 12:02:51.929,417.9871084636711,10
2024-09-16 12:02:51.948,417.969850217183,103
2024-09-16 12:02:51.957,417.96515715929655,10
2024-09-16 12:02:52.049,417.9093384470616,1001
2024-09-16 12:02:52.050,417.93261654126246,101
2024-09-16 12:02:52.062,417.9470197350354,9
2024-09-16 12:02:52.434,417.9651273177996,1002
2024-09-16 12:02:52.439,417.931589723784,1005
2024-09-16 12:02:52.475,417.947301276984,8
2024-09-16 12:02:52.941,417.9200699125529,98
2024-09-16 12:02:52.966,417.9607977405825,1002
2024-09-16 12:02:52.975,417.9498059807113,1000
2024-09-16 12:02:53.105,417.9575909325265,99
2024-09-16 12:02:53.127,417.9615195442013,99
2024-09-16 12:02:53.136,417.9970854498813,15
2024-09-16 12:02:53.213,417.99788156753846,104
2024-09-16 12:02:53.299,417.9717250177271,1005
2024-09-16 12:02:53.481,417.9733792653488,12
2024-09-16 12:02:53.744,417.9959604628162,1001
2024-09-16 12:02:53.932,417.9865372639057,999
2024-09-16 12:02:54.056,418.0607380734012,7
2024-09-16 12:02:54.060,418.0587078356176,5
2024-09-16 12:02:54.118,417.9961601841285,1005
2024-09-16 12:02:54.164,418.00454725703696,1002
2024-09-16 12:02:54.203,418.0045282083134,999
2024-09-16 12:02:54.289,418.0302956072898,10
2024-09-16 12:02:54.326,418.0359642374906,13
2024-09-16 12:02:54.346,418.0181186103405,11
2024-09-16 12:02:54.410,418.0176930704463,98
2024-09-16 12:02:54.453,418.0103092110684,7
2024-09-16 12:02:54.529,418.0767875754007,103
2024-09-16 12:02:54.561,418.00055058924414,13
2024-09-16 12:02:54.606,418.0403834485281,1002
2024-09-16 12:02:54.611,418.0445175418588,104
2024-09-16 12:02:54.668,418.0204377948761,96
2024-09-16 12:02:54.710,418.072014977501,7
2024-09-16 12:02:54.732,418.0700886100675,996
2024-09-16 12:02:54.886,418.0565914475549,96
2024-09-16 12:02:54.890,418.0008449083655,1001
2024-09-16 12:02:54.968,418.0830854427485,100
2024-09-16 12:02:54.981,418.0689215362779,9
2024-09-16 12:02:55.011,418.0644801984196,1003
2024-09-16 12:02:55.466,418.0540552166436,5
2024-09-16 12:02:55.994,418.05156603251936,1004
2024-09-16 12:02:56.009,418.0999588922581,105
2024-09-16 12:02:56.031,418.1076181504489,98
2024-09-16 12:02:56.079,418.0608418564679,102
2024-09-16 12:02:56.111,418.11858901120553,103
2024-09-16 12:02:56.159,418.1337519303896,101
2024-09-16 12:02:56.164,418.12539882839184,995
2024-09-16 12:02:56.219,418.0582108632808,96
2024-09-16 12:02:56.258,418.0787949103006,14
2024-09-16 12:02:56.312,418.0812420528308,105
2024-09-16 12:02:56.455,418.0822238100807,6
2024-09-16 12:02:56.461,418.0810030256144,998
2024-09-16 12:02:56.484,418.09146999884746,101
2024-09-16 12:02:56.502,418.0814905847774,996
2024-09-16 12:02:56.509,418.1386830378667,96
2024-09-16 12:02:56.543,418.0625215700145,102
2024-09-16 12:02:56.606,418.1294046179508,1000
2024-09-16 12:02:56.610,418.08350203229486,5
2024-09-16 12:02:56.650,418.07910770913423,100
2024-09-16 12:02:56.680,418.1062525189295,996
2024-09-16 12:02:56.767,418.07776718145055,995
2024-09-16 12:02:56.794,418.1285306298821,11
2024-09-16 12:02:56.818,418.07986941753927,95
2024-09-16 12:02:56.893,418.096953317929,102
2024-09-16 12:02:56.957,418.0888977163892,1004
2024-09-16 12:02:56.961,418.1154569182573,1005
2024-09-16 12:02:56.962,418.0611642185772,97
2024-09-16 12:02:56.967,418.08867099060416,1000
2024-09-16 12:02:57.229,418.091432079715,6
2024-09-16 12:02:57.386,418.0642137529052,10
2024-09-16 12:02:57.459,418.1044911837111,999
2024-09-16 12:02:57.588,418.0896168809341,997
2024-09-16 12:02:57.849,418.077367809442,97
2024-09-16 12:02:58.079,418.0369147818308,10
2024-09-16 12:02:58.121,418.03651440460175,1002
2024-09-16 12:02:58.159,418.0193559188114,998
2024-09-16 12:02:58.200,418.0424361587884,5
2024-09-16 12:02:58.222,-418.0133079414628,1002
2024-09-16 12:02:58.258,418.0233595867292,13
2024-09-16 12:02:58.260,418.0329055910009,98
2024-09-16 12:02:58.266,418.0428795119517,103
2024-09-16 12:02:58.302,418.03493010444055,997
2024-09-16 12:02:58.314,418.0426211982522,9
2024-09-16 12:02:58.335,418.0599576824973,1005
2024-09-16 12:02:58.415,418.01352106298,1005
2024-09-16 12:02:58.449,418.0200104365709,1004
2024-09-16 12:02:58.516,418.0479180621479,95
2024-09-16 12:02:58.580,418.00400084489615,103
2024-09-16 12:02:58.607,418.0396178432658,1004
2024-09-16 12:02:58.678,418.0217490308698,95
2024-09-16 12:02:58.723,418.0184936132768,1004
2024-09-16 12:02:58.734,418.0511029505913,104
2024-09-16 12:02:58.753,418.0325486317043,8
2024-09-16 12:02:58.793,418.0533062920341,996
2024-09-16 12:02:58.818,418.0381145531437,998
2024-09-16 12:02:58.820,418.0405011196989,100
2024-09-16 12:02:58.846,418.03783666817264,100
2024-09-16 12:02:58.852,418.0063710670297,10
2024-09-16 12:02:58.853,418.00987311096,100
2024-09-16 12:02:58.923,418.0268552495304,10
2024-09-16 12:02:58.957,418.0383099498196,14
2024-09-16 12:02:58.998,418.0396304493364,103
2024-09-16 12:02:59.065,418.10685120668063,15
2024-09-16 12:02:59.176,418.0673042374297,999
2024-09-16 12:02:59.244,418.0778587293389,1005
2024-09-16 12:02:59.264,418.0340034809775,1005
2024-09-16 12:02:59.372,418.03394772965805,102
2024-09-16 12:02:59.426,418.09457465691554,96
2024-09-16 12:02:59.451,418.0964120270244,1002
2024-09-16 12:02:59.454,418.0869698384872,11
2024-09-16 12:02:59.497,418.0455568605199,102
2024-09-16 12:02:59.542,418.0873136004566,1001
2024-09-16 12:02:59.586,418.0968139171508,6
2024-09-16 12:02:59.602,418.0928722900017,100
2024-09-16 12:02:59.636,418.0922538429703,100
2024-09-16 12:02:59.783,418.03500103819096,1003
2024-09-16 12:02:59.788,418.0807342011647,6
