Timestamp,Price,Size
2024-09-18 11:17:00.009,416.3235732112232,95
2024-09-18 11:17:00.012,416.34969224755696,1003
2024-09-18 11:17:00.059,416.31173586906993,10
2024-09-18 11:17:00.127,416.30043238687233,12
2024-09-18 11:17:00.315,41.63323512252678,12
2024-09-18 11:17:00.328,416.3227298742791,5
2024-09-18 11:17:00.462,416.3504371650069,1002
2024-09-18 11:17:00.564,41.63234655967343,1005
2024-09-18 11:17:00.586,416.33745697249816,1002
2024-09-18 11:17:00.690,416.34813129832816,100
2024-09-18 11:17:00.726,416.31162563684535,7
2024-09-18 11:17:00.802,416.350515919122,98
2024-09-18 11:17:00.814,416.32803986804913,1002
2024-09-18 11:17:00.824,416.31620551903535,8
2024-09-18 11:17:00.898,416.3352776761441,6
2024-09-18 11:17:00.909,416.3431463619115,104
2024-09-18 11:17:00.912,416.3142079362106,15
2024-09-18 11:17:00.927,416.350028877473,8
2024-09-18 11:17:00.946,416.3145412297002,95
2024-09-18 11:17:00.962,416.3346413830765,6
2024-09-18 11:17:01.172,416.34331575433833,995
2024-09-18 11:17:01.257,416.3573445201179,1000
2024-09-18 11:17:01.275,416.32478507595965,998
2024-09-18 11:17:01.422,416.316690475026,7
2024-09-18 11:17:01.581,416.3127424011501,104
2024-09-18 11:17:01.603,416.33131548338383,9
2024-09-18 11:17:01.628,416.3134971393306,9
2024-09-18 11:17:01.931,416.3107312567035,995
2024-09-18 11:17:01.986,416.35343727900886,995
2024-09-18 11:17:02.068,416.3373035294464,105
2024-09-18 11:17:02.155,416.3564191502952,100
2024-09-18 11:17:02.303,416.3295099308935,1002
2024-09-18 11:17:02.412,416.358037572648,97
2024-09-18 11:17:02.454,416.3621765317973,96
2024-09-18 11:17:02.473,416.3338813076743,97
2024-09-18 11:17:02.527,416.3597094900852,104
2024-09-18 11:17:02.583,-416.3307748311965,15
2024-09-18 11:17:02.714,416.3426071474445,99
2024-09-18 11:17:02.771,416.3403926209554,6
2024-09-18 11:17:02.772,416.3305025924728,12
2024-09-18 11:17:02.787,416.36496090157647,10
2024-09-18 11:17:02.941,416.3424369361396,1000
2024-09-18 11:17:02.946,416.32120073906106,1000
2024-09-18 11:17:04.083,416.3263210739365,99
2024-09-18 11:17:04.092,416.3453531252277,13
2024-09-18 11:17:04.336,416.3358163034779,1003
2024-09-18 11:17:04.389,416.3482405800077,9
2024-09-18 11:17:04.396,416.3350426177138,997
2024-09-18 11:17:04.563,416.353908820866,96
2024-09-18 11:17:05.021,416.2827118501907,1001
2024-09-18 11:17:05.071,416.3264023060455,9
2024-09-18 11:17:05.072,416.27139103426896,997
2024-09-18 11:17:05.072,416.2802659549481,1000
2024-09-18 11:17:05.118,416.3592237977559,15
2024-09-18 11:17:05.144,416.28795009886176,1005
2024-09-18 11:17:05.151,416.3525669106783,5
2024-09-18 11:17:05.154,416.35606925903534,105
2024-09-18 11:17:05.175,416.27599274017496,9
2024-09-18 11:17:05.183,416.33558924284426,100
2024-09-18 11:17:05.225,416.2856491159249,997
2024-09-18 11:17:05.308,416.3040003133693,8
2024-09-18 11:17:05.328,416.2828908424416,104
2024-09-18 11:17:05.382,416.298586943838,1002
2024-09-18 11:17:05.521,,8
2024-09-18 11:17:05.618,416.2711674974706,95
2024-09-18 11:17:05.694,416.3567287681497,10
2024-09-18 11:17:05.734,416.3621067871087,101
2024-09-18 11:17:05.753,416.3583845079043,103
2024-09-18 11:17:05.862,416.2742552397,10
2024-09-18 11:17:05.876,416.2710897154722,5
2024-09-18 11:17:05.968,416.3617929067401,999
2024-09-18 11:17:06.122,416.26167328737046,101
2024-09-18 11:17:06.123,416.3150260051784,997
2024-09-18 11:17:06.123,416.27994962064247,99
2024-09-18 11:17:06.268,416.2482503746411,1004
2024-09-18 11:17:06.339,416.30137762339234,15
2024-09-18 11:17:06.459,,1003
2024-09-18 11:17:06.469,416.2668231894872,96
2024-09-18 11:17:06.486,416.3062051337946,97
2024-09-18 11:17:06.493,416.3177535125195,7
2024-09-18 11:17:06.512,416.2554491893657,99
2024-09-18 11:17:06.609,416.2848719414745,1003
2024-09-18 11:17:06.812,416.2440357783732,14
2024-09-18 11:17:06.851,416.3207928378897,996
2024-09-18 11:17:06.901,416.3140595877105,14
2024-09-18 11:17:06.952,416.2520451869637,95
2024-09-18 11:17:06.961,416.3040522757036,1002
2024-09-18 11:17:06.973,416.2867000304472,996
2024-09-18 11:17:07.064,416.2991058190529,97
2024-09-18 11:17:07.104,416.3119685748125,996
2024-09-18 11:17:07.108,416.250018958021,96
2024-09-18 11:17:07.158,416.223048125898,10
2024-09-18 11:17:07.300,416.2594681096167,96
2024-09-18 11:17:07.321,416.25213450973416,996
2024-09-18 11:17:07.325,416.293839944452,15
2024-09-18 11:17:07.351,416.31489355053503,1001
2024-09-18 11:17:07.364,416.2972419211501,999
2024-09-18 11:17:07.396,416.3216768744165,1004
2024-09-18 11:17:07.411,416.3019167969576,996
2024-09-18 11:17:07.429,416.23656453390055,9
2024-09-18 11:17:07.502,416.3019600352037,99
2024-09-18 11:17:07.600,416.28694041330897,1000
2024-09-18 11:17:07.618,416.2739027122405,104
2024-09-18 11:17:07.656,416.2856280096257,5
2024-09-18 11:17:07.672,416.3178101716124,10
2024-09-18 11:17:07.756,416.2527510730607,7
2024-09-18 11:17:07.781,416.280984626828,10
2024-09-18 11:17:07.805,416.29443849031327,7
2024-09-18 11:17:07.840,416.321877798792,15
2024-09-18 11:17:07.860,416.30358571002665,14
2024-09-18 11:17:07.926,416.2700770737775,997
2024-09-18 11:17:08.016,416.2149489692932,12
2024-09-18 11:17:08.163,416.1994508401103,11
2024-09-18 11:17:08.176,416.2157074797471,96
2024-09-18 11:17:08.183,416.199307612361,9
2024-09-18 11:17:08.315,416.2245131660164,100
2024-09-18 11:17:08.340,,103
2024-09-18 11:17:08.438,416.2078038850803,104
2024-09-18 11:17:08.496,416.204586342744,5
2024-09-18 11:17:08.562,416.1958377678416,8
2024-09-18 11:17:08.599,416.2136975985319,10
2024-09-18 11:17:08.775,416.2584873390609,15
2024-09-18 11:17:08.793,416.22649088067874,95
2024-09-18 11:17:08.831,416.2356092354218,99
2024-09-18 11:17:08.994,416.21796759752266,7
2024-09-18 11:17:09.406,416.15855179111,1003
2024-09-18 11:17:09.734,416.172133711046,15
2024-09-18 11:17:09.760,416.1387214253375,1005
2024-09-18 11:17:09.824,416.1763091044345,101
2024-09-18 11:17:09.841,416.1446282863954,997
2024-09-18 11:17:10.059,416.1193979403494,95
2024-09-18 11:17:10.122,416.139968794372,10
2024-09-18 11:17:10.136,416.1458502617634,15
2024-09-18 11:17:10.285,416.14601785658346,996
2024-09-18 11:17:10.375,416.15070828492577,999
2024-09-18 11:17:10.384,416.1370949293377,1003
2024-09-18 11:17:10.475,416.1396032523042,1001
2024-09-18 11:17:10.480,416.1342004288211,1000
2024-09-18 11:17:10.503,416.1550172160855,96
2024-09-18 11:17:10.513,416.1429703743165,11
2024-09-18 11:17:10.560,416.1292428058573,1001
2024-09-18 11:17:10.643,416.1305621468544,10
2024-09-18 11:17:10.702,416.1435437625474,9
2024-09-18 11:17:10.736,-416.13837687183184,96
2024-09-18 11:17:10.750,416.1390058353744,15
2024-09-18 11:17:10.751,416.1470117737856,102
2024-09-18 11:17:10.846,416.12717666011577,1004
2024-09-18 11:17:10.849,416.1392507266975,8
2024-09-18 11:17:10.871,416.15293996545233,9
2024-09-18 11:17:11.000,416.1381637444864,999
2024-09-18 11:17:11.001,416.0457308911874,101
2024-09-18 11:17:11.039,416.0125060485413,12
2024-09-18 11:17:11.084,415.992497686379,1002
2024-09-18 11:17:11.087,415.98903277150254,10
2024-09-18 11:17:11.109,416.0756398153773,96
2024-09-18 11:17:11.198,416.0582640316634,1001
2024-09-18 11:17:11.209,416.0049267275705,5
2024-09-18 11:17:11.351,415.979473048063,1005
2024-09-18 11:17:11.410,416.06193564315856,102
2024-09-18 11:17:11.437,415.9841740924064,104
2024-09-18 11:17:11.498,416.0050370371159,7
2024-09-18 11:17:11.530,416.06785494928135,104
2024-09-18 11:17:11.552,416.1409742038695,995
2024-09-18 11:17:11.643,416.0341013590629,1004
2024-09-18 11:17:11.705,416.1146569528692,97
2024-09-18 11:17:11.726,416.12392582306126,98
2024-09-18 11:17:11.742,416.0008619027251,1003
2024-09-18 11:17:11.770,416.0693717730638,1003
2024-09-18 11:17:11.778,416.0944570096193,12
2024-09-18 11:17:11.779,416.0187149036682,96
2024-09-18 11:17:11.793,415.9820716557292,95
2024-09-18 11:17:11.850,416.0545846614096,104
2024-09-18 11:17:11.878,416.0536744355213,102
2024-09-18 11:17:11.976,416.01137687171655,1005
2024-09-18 11:17:12.005,415.9939643864114,1004
2024-09-18 11:17:12.044,415.9745076387816,102
2024-09-18 11:17:12.055,415.9675744228053,9
2024-09-18 11:17:12.138,416.0128831168666,6
2024-09-18 11:17:12.140,416.008732846942,1003
2024-09-18 11:17:12.159,416.0060651123663,9
2024-09-18 11:17:12.177,415.9877450321504,103
2024-09-18 11:17:12.200,415.94942149381467,96
2024-09-18 11:17:12.255,416.0264394184226,104
2024-09-18 11:17:12.314,415.95679912865154,12
2024-09-18 11:17:12.366,415.972388852606,15
2024-09-18 11:17:12.427,415.96460643869216,1001
2024-09-18 11:17:12.433,415.9896808681492,7
2024-09-18 11:17:12.504,415.9534987465175,997
2024-09-18 11:17:12.582,416.0110052533237,995
2024-09-18 11:17:12.607,415.9685396345448,1001
2024-09-18 11:17:12.614,415.9956851652218,13
2024-09-18 11:17:12.658,415.9811533976236,998
2024-09-18 11:17:12.848,415.9956387705145,105
2024-09-18 11:17:12.886,416.0075938376143,8
2024-09-18 11:17:12.896,415.9501020094686,100
2024-09-18 11:17:12.927,415.9975891172866,104
2024-09-18 11:17:12.939,415.9567920942623,1001
2024-09-18 11:17:12.977,415.9697007972798,7
2024-09-18 11:17:13.041,416.0027699646718,97
2024-09-18 11:17:13.195,415.9798541155668,997
2024-09-18 11:17:13.313,416.0040405747547,5
2024-09-18 11:17:13.352,415.999620530833,100
2024-09-18 11:17:13.458,416.008652846986,104
2024-09-18 11:17:13.473,415.998673006882,1003
2024-09-18 11:17:13.595,415.98854886554807,1003
2024-09-18 11:17:13.850,415.9891150148226,100
2024-09-18 11:17:13.974,415.99325574756585,999
2024-09-18 11:17:14.131,416.0273162598869,6
2024-09-18 11:17:14.206,416.0055708007766,103
2024-09-18 11:17:14.336,416.0067480275972,11
2024-09-18 11:17:14.439,416.00768881139714,996
2024-09-18 11:17:14.643,416.0643179542136,1001
2024-09-18 11:17:14.654,416.0199074794481,100
2024-09-18 11:17:14.699,416.0104992195289,100
2024-09-18 11:17:14.743,416.0401034639122,96
2024-09-18 11:17:14.828,416.038088496209,105
2024-09-18 11:17:14.927,416.0141978294235,103
2024-09-18 11:17:14.995,416.0200884474595,6
2024-09-18 11:17:15.017,416.0280041711796,997
2024-09-18 11:17:15.045,416.0132953837357,5
2024-09-18 11:17:15.185,-416.0509609190199,103
2024-09-18 11:17:15.428,415.98074230626617,1003
2024-09-18 11:17:15.486,415.99839976891457,1003
2024-09-18 11:17:15.501,415.9788142028912,99
2024-09-18 11:17:15.555,416.05412508412365,996
2024-09-18 11:17:15.646,415.9987000216478,995
2024-09-18 11:17:15.700,416.05631015196553,12
2024-09-18 11:17:15.700,416.0194148101818,15
2024-09-18 11:17:15.708,416.01636266101497,13
2024-09-18 11:17:15.747,416.0620812547199,98
2024-09-18 11:17:16.199,416.0451958925423,998
2024-09-18 11:17:16.310,415.9828698431964,1002
2024-09-18 11:17:16.396,416.0841380313306,14
2024-09-18 11:17:16.417,416.0101222214844,14
2024-09-18 11:17:16.527,416.0392279871854,6
2024-09-18 11:17:16.567,416.06865962308376,996
2024-09-18 11:17:16.661,416.0775079189473,6
2024-09-18 11:17:16.682,416.071999596096,999
2024-09-18 11:17:16.790,416.0609926256275,1001
2024-09-18 11:17:16.856,416.0757071408826,7
2024-09-18 11:17:16.883,416.0996347790745,1004
2024-09-18 11:17:16.925,416.082881336056,97
2024-09-18 11:17:16.939,416.0001028247617,95
2024-09-18 11:17:16.954,416.0185456163982,95
2024-09-18 11:17:17.091,416.0203067660075,97
2024-09-18 11:17:17.159,415.9986599494304,101
2024-09-18 11:17:17.210,415.9988644841942,97
2024-09-18 11:17:17.219,416.0146230350777,7
2024-09-18 11:17:17.239,416.043152616456,97
2024-09-18 11:17:17.255,415.9830235398928,97
2024-09-18 11:17:17.259,416.0454500050277,995
2024-09-18 11:17:17.274,416.0109713503354,6
2024-09-18 11:17:17.277,416.0026778567012,13
2024-09-18 11:17:17.326,416.0315523631419,995
2024-09-18 11:17:17.545,416.0639945731273,8
2024-09-18 11:17:17.555,415.9876833736707,9
2024-09-18 11:17:17.676,416.0187616785093,12
2024-09-18 11:17:17.680,416.04466979568406,9
2024-09-18 11:17:17.771,416.01521255126977,12
2024-09-18 11:17:17.792,415.9860576642823,998
2024-09-18 11:17:17.859,415.9944904089308,6
2024-09-18 11:17:17.945,416.0079451986878,998
2024-09-18 11:17:18.091,416.0363135451252,101
2024-09-18 11:17:18.327,415.9988433481065,1005
2024-09-18 11:17:18.360,415.9811269030563,10
2024-09-18 11:17:18.522,416.0914131129318,15
2024-09-18 11:17:18.526,416.0567624983348,1002
2024-09-18 11:17:18.554,415.9817835765023,15
2024-09-18 11:17:18.563,415.9829854390852,105
2024-09-18 11:17:18.692,416.063939102544,13
2024-09-18 11:17:18.754,415.9845487895066,95
2024-09-18 11:17:18.772,416.0468280334204,1004
2024-09-18 11:17:18.797,416.0407480691538,97
2024-09-18 11:17:18.830,416.0837371520344,996
2024-09-18 11:17:18.883,416.05196124145385,105
2024-09-18 11:17:18.931,415.9798943715514,104
2024-09-18 11:17:18.971,416.0149098291954,105
2024-09-18 11:17:18.973,415.9905964788532,8
2024-09-18 11:17:19.097,416.07784050279776,8
2024-09-18 11:17:19.120,416.0647193196106,1001
2024-09-18 11:17:19.245,416.0782925291552,14
2024-09-18 11:17:19.255,416.0789529536966,11
2024-09-18 11:17:19.423,416.06945334798826,101
2024-09-18 11:17:19.479,416.06171597133664,1002
2024-09-18 11:17:19.492,416.06136936170736,104
2024-09-18 11:17:19.829,416.05082865316194,10
2024-09-18 11:17:19.841,416.0853330153088,1005
2024-09-18 11:17:19.857,416.0523370824369,11
2024-09-18 11:17:19.949,416.0720461201431,998
2024-09-18 11:17:20.784,416.0526261962421,100
2024-09-18 11:17:21.009,416.1057730635593,1005
2024-09-18 11:17:21.073,416.1107230715154,1005
2024-09-18 11:17:21.087,416.1173840693887,105
2024-09-18 11:17:21.103,416.1128028488049,1005
2024-09-18 11:17:21.163,416.1108348669286,10
2024-09-18 11:17:21.238,416.1263150118929,10
2024-09-18 11:17:21.301,416.03717818025234,102
2024-09-18 11:17:21.393,416.1016978885541,1003
2024-09-18 11:17:21.398,416.0923769162513,1000
2024-09-18 11:17:21.446,416.0350782075196,996
2024-09-18 11:17:21.573,416.1309914831951,13
2024-09-18 11:17:21.605,416.1076654634173,98
2024-09-18 11:17:21.655,416.0821034807764,7
2024-09-18 11:17:21.849,416.03454730400745,101
2024-09-18 11:17:21.870,416.0543848370984,997
2024-09-18 11:17:21.885,416.119676647504,6
2024-09-18 11:17:21.957,416.1193817065024,98
2024-09-18 11:17:22.040,416.0531687483076,8
2024-09-18 11:17:22.089,416.065382787385,13
2024-09-18 11:17:22.098,416.040846208844,96
2024-09-18 11:17:22.128,416.092143274652,12
2024-09-18 11:17:22.133,416.0087197616586,6
2024-09-18 11:17:22.150,416.0565912207113,8
2024-09-18 11:17:22.226,416.0514924886573,97
2024-09-18 11:17:22.289,416.0039200126776,6
2024-09-18 11:17:22.330,416.05926791904767,997
2024-09-18 11:17:22.336,416.0250592634247,98
2024-09-18 11:17:22.347,416.1037778717516,1003
2024-09-18 11:17:22.397,416.10252243221,11
2024-09-18 11:17:22.424,416.1125263595402,1000
2024-09-18 11:17:22.446,416.0750067866829,98
2024-09-18 11:17:22.511,416.0443635120208,97
2024-09-18 11:17:22.516,416.0926912239561,1003
2024-09-18 11:17:22.545,416.01259018332064,1000
2024-09-18 11:17:22.557,416.119726278589,6
2024-09-18 11:17:22.576,416.06860767269984,5
2024-09-18 11:17:22.613,416.0568250135153,998
2024-09-18 11:17:22.685,416.0795835482562,1003
2024-09-18 11:17:22.744,416.0366397875724,95
2024-09-18 11:17:22.775,416.0533865725889,7
2024-09-18 11:17:22.779,416.1201057113035,96
2024-09-18 11:17:22.791,416.0155119182793,96
2024-09-18 11:17:22.797,41.61017688832122,102
2024-09-18 11:17:22.912,416.0307799400818,96
2024-09-18 11:17:22.942,416.0967475082451,97
2024-09-18 11:17:22.985,416.09027160997215,97
2024-09-18 11:17:22.998,416.052670112608,100
2024-09-18 11:17:23.002,416.0150918602096,99
2024-09-18 11:17:23.004,416.00056569716895,102
2024-09-18 11:17:23.050,416.025434225346,103
2024-09-18 11:17:23.059,416.0408323080585,13
2024-09-18 11:17:23.103,416.0014859117363,1002
2024-09-18 11:17:23.158,416.05087534316107,10
2024-09-18 11:17:23.163,416.00012301659694,1003
2024-09-18 11:17:23.232,416.0204128391614,1000
2024-09-18 11:17:23.273,416.0107166278476,100
2024-09-18 11:17:23.321,416.0051626812033,998
2024-09-18 11:17:23.331,416.0018700604759,995
2024-09-18 11:17:23.334,416.05957990707736,102
2024-09-18 11:17:23.382,416.0679849963756,1000
2024-09-18 11:17:23.385,-415.9987354198547,999
2024-09-18 11:17:23.404,416.0045542394591,11
2024-09-18 11:17:23.417,416.02090549255576,10
2024-09-18 11:17:23.473,416.0026987847608,96
2024-09-18 11:17:23.549,416.04934644529294,1003
2024-09-18 11:17:23.648,416.0551140181767,95
2024-09-18 11:17:23.681,416.06198330494175,99
2024-09-18 11:17:23.689,416.0384988535315,6
2024-09-18 11:17:23.783,416.0496832731805,13
2024-09-18 11:17:23.788,416.05186270942175,11
2024-09-18 11:17:23.910,416.05587906411415,997
2024-09-18 11:17:23.911,-41.60091018974421,999
2024-09-18 11:17:23.921,416.0290128777964,13
2024-09-18 11:17:23.960,416.04794801634216,998
2024-09-18 11:17:23.977,416.0074062644821,105
2024-09-18 11:17:24.093,416.0413340750838,103
2024-09-18 11:17:24.154,416.0402320753069,6
2024-09-18 11:17:24.284,416.0397114500745,13
2024-09-18 11:17:24.298,416.0338426884093,12
2024-09-18 11:17:24.306,416.0326541816533,104
2024-09-18 11:17:24.415,416.0349605915931,105
2024-09-18 11:17:24.551,416.0327364349272,105
2024-09-18 11:17:24.692,416.0325131800287,97
2024-09-18 11:17:24.847,416.0449150701673,997
2024-09-18 11:17:24.868,416.0427797615425,996
2024-09-18 11:17:25.081,416.0360660025132,95
2024-09-18 11:17:25.374,416.03007213609607,101
2024-09-18 11:17:25.400,416.0506535988061,1003
2024-09-18 11:17:25.440,416.0320488208829,995
2024-09-18 11:17:26.138,416.0203869348907,99
2024-09-18 11:17:26.152,416.0019460847965,96
2024-09-18 11:17:26.179,415.9562347976215,9
2024-09-18 11:17:27.237,415.96630296389833,104
2024-09-18 11:17:28.005,415.97278081206304,995
2024-09-18 11:17:28.031,,1004
2024-09-18 11:17:28.035,415.971569178994,103
2024-09-18 11:17:28.050,416.0013557969135,13
2024-09-18 11:17:28.128,415.9850715576135,6
2024-09-18 11:17:28.277,416.00369377882566,995
2024-09-18 11:17:28.332,415.98022026683134,999
2024-09-18 11:17:28.364,416.0082013869555,999
2024-09-18 11:17:28.394,416.0162109201357,1001
2024-09-18 11:17:28.396,416.0122251242831,97
2024-09-18 11:17:28.504,415.9977412882946,1003
2024-09-18 11:17:28.507,416.00828760397553,102
2024-09-18 11:17:28.559,415.961847391274,104
2024-09-18 11:17:28.658,415.9711900763853,105
2024-09-18 11:17:28.711,416.00569122998127,11
2024-09-18 11:17:28.713,415.9890268853728,1005
2024-09-18 11:17:28.729,415.9955052250783,1005
2024-09-18 11:17:28.836,416.00795474720246,1002
2024-09-18 11:17:28.838,415.9603889231613,12
2024-09-18 11:17:28.839,415.9709209469622,15
2024-09-18 11:17:28.848,415.9787244861682,101
2024-09-18 11:17:28.897,415.99135652729154,5
2024-09-18 11:17:28.925,415.9874688754165,105
2024-09-18 11:17:28.932,415.9935964922419,13
2024-09-18 11:17:28.933,415.9815860055281,1001
2024-09-18 11:17:29.084,415.9989481346285,98
2024-09-18 11:17:29.116,416.02087285283625,96
2024-09-18 11:17:29.285,416.0158825255498,13
2024-09-18 11:17:29.477,416.0030203454049,95
2024-09-18 11:17:29.503,416.0094248785942,996
2024-09-18 11:17:29.516,416.0060589644643,11
2024-09-18 11:17:29.524,416.0132674275953,12
2024-09-18 11:17:29.582,416.01638313660106,102
2024-09-18 11:17:29.600,415.99088894525977,7
2024-09-18 11:17:29.609,416.01437715403534,1005
2024-09-18 11:17:29.610,416.0172455634868,105
2024-09-18 11:17:29.662,-416.0172680724919,1002
2024-09-18 11:17:29.751,416.0170298708444,1003
2024-09-18 11:17:29.788,416.0197444736833,997
2024-09-18 11:17:29.867,415.9924919793728,1004
2024-09-18 11:17:30.013,415.97633835153454,105
2024-09-18 11:17:30.030,416.0102698685034,7
2024-09-18 11:17:30.058,-415.9884441656438,1005
2024-09-18 11:17:30.082,415.97321924992303,1005
2024-09-18 11:17:30.103,415.97614226315073,999
2024-09-18 11:17:30.147,415.98367204846727,15
2024-09-18 11:17:30.151,415.981431955315,98
2024-09-18 11:17:30.154,415.9652493659996,7
2024-09-18 11:17:30.171,415.9574281624693,10
2024-09-18 11:17:30.189,416.00224666953886,997
2024-09-18 11:17:30.205,415.95508365015786,1000
2024-09-18 11:17:30.212,415.94655523902645,7
2024-09-18 11:17:30.262,415.94312990627526,102
2024-09-18 11:17:30.282,415.9757720684082,101
2024-09-18 11:17:30.306,415.9652225572455,1000
2024-09-18 11:17:30.370,415.9780591640342,9
2024-09-18 11:17:30.453,415.99351357961007,14
2024-09-18 11:17:30.544,416.008038098558,96
2024-09-18 11:17:30.599,415.95871399376784,5
2024-09-18 11:17:30.614,416.0051604231375,998
2024-09-18 11:17:30.643,415.9762584598014,100
2024-09-18 11:17:30.688,415.97088178359,1001
2024-09-18 11:17:30.691,415.96938737178976,10
2024-09-18 11:17:30.709,415.9462503098171,95
2024-09-18 11:17:30.722,416.0208108955747,12
2024-09-18 11:17:30.771,415.9619023731681,997
2024-09-18 11:17:30.800,416.01051548054375,1002
2024-09-18 11:17:30.825,415.9843105449652,7
2024-09-18 11:17:30.936,415.9974886242284,14
2024-09-18 11:17:30.981,416.0096329170405,104
2024-09-18 11:17:31.026,416.07743678897145,13
2024-09-18 11:17:31.061,415.9585690704279,5
2024-09-18 11:17:31.133,415.94617154102457,999
2024-09-18 11:17:31.151,416.00335152664064,104
2024-09-18 11:17:31.294,416.0261777090813,1004
2024-09-18 11:17:31.316,416.0535878484732,95
2024-09-18 11:17:31.358,416.0002739771728,10
2024-09-18 11:17:31.426,416.0276170740056,6
2024-09-18 11:17:31.445,416.0011011934016,13
2024-09-18 11:17:31.476,416.03308708949487,1002
2024-09-18 11:17:31.482,416.0343366834657,999
2024-09-18 11:17:31.504,416.1128440110204,999
2024-09-18 11:17:31.565,416.0016415693971,1003
2024-09-18 11:17:31.566,416.08254247131566,96
2024-09-18 11:17:31.661,415.9874892428282,102
2024-09-18 11:17:31.681,415.9958370205188,1002
2024-09-18 11:17:31.685,415.96541507107554,999
2024-09-18 11:17:31.736,416.025569167135,995
2024-09-18 11:17:31.766,415.9674870933274,102
2024-09-18 11:17:31.824,416.0930908182385,13
2024-09-18 11:17:31.838,416.09179354156703,105
2024-09-18 11:17:31.867,415.95949270718944,101
2024-09-18 11:17:31.973,416.09290669217,101
2024-09-18 11:17:32.086,416.1757410889047,12
2024-09-18 11:17:32.102,416.1578360536296,5
2024-09-18 11:17:32.299,416.1270667004804,98
2024-09-18 11:17:32.631,416.1639693171719,104
2024-09-18 11:17:32.678,416.161503477023,96
2024-09-18 11:17:32.721,416.1425515090682,999
2024-09-18 11:17:33.149,416.14529755846655,97
2024-09-18 11:17:33.169,416.1215567735708,1001
2024-09-18 11:17:33.333,416.1488133284501,7
2024-09-18 11:17:33.438,416.1387290857516,98
2024-09-18 11:17:33.687,416.1443327794933,102
2024-09-18 11:17:33.690,416.16661190630094,8
2024-09-18 11:17:33.819,416.1271290304271,5
2024-09-18 11:17:34.008,416.08513184563975,11
2024-09-18 11:17:34.410,416.1142684967865,101
2024-09-18 11:17:34.422,416.1286915553113,5
2024-09-18 11:17:34.565,416.11622177748615,101
2024-09-18 11:17:34.571,416.1319226031292,1002
2024-09-18 11:17:34.675,416.1296269342,95
2024-09-18 11:17:34.708,416.0970298259021,97
2024-09-18 11:17:35.874,416.0900687027633,13
2024-09-18 11:17:36.063,416.0594801105952,9
2024-09-18 11:17:36.135,416.0498673248591,102
2024-09-18 11:17:36.157,416.0284098170436,99
2024-09-18 11:17:36.270,416.0582545910176,12
2024-09-18 11:17:36.276,416.0425661789768,7
2024-09-18 11:17:36.315,416.0525301358289,15
2024-09-18 11:17:36.335,41.606142959790446,1005
2024-09-18 11:17:36.343,416.0340438514657,9
2024-09-18 11:17:36.358,416.041826587478,999
2024-09-18 11:17:36.388,416.0600999654562,999
2024-09-18 11:17:36.637,416.0628307386659,105
2024-09-18 11:17:36.695,416.04249572920526,1003
2024-09-18 11:17:36.757,416.0461153266328,9
2024-09-18 11:17:36.919,416.0508830153381,103
2024-09-18 11:17:37.289,416.1028840634928,102
2024-09-18 11:17:37.324,41.60916841266028,1004
2024-09-18 11:17:37.482,416.0776980654297,104
2024-09-18 11:17:37.732,416.1051357392233,5
2024-09-18 11:17:38.036,416.10036240238986,1001
2024-09-18 11:17:38.111,416.10928222618674,10
2024-09-18 11:17:38.131,,100
2024-09-18 11:17:38.147,416.0966629152184,1000
2024-09-18 11:17:38.198,416.08415984874574,8
2024-09-18 11:17:38.220,416.10838302317495,95
2024-09-18 11:17:38.283,416.0953427258511,99
2024-09-18 11:17:38.285,416.0991424098854,103
2024-09-18 11:17:38.441,,11
2024-09-18 11:17:38.454,416.0854052142511,996
2024-09-18 11:17:38.505,416.07976218758273,1000
2024-09-18 11:17:38.599,416.0818049263045,103
2024-09-18 11:17:38.649,-416.0887093320606,9
2024-09-18 11:17:38.653,416.1080907510863,1005
2024-09-18 11:17:38.836,416.0910791413669,999
2024-09-18 11:17:38.848,416.0816823723629,6
2024-09-18 11:17:38.852,416.1007520100198,13
2024-09-18 11:17:38.970,416.0785606786985,9
2024-09-18 11:17:39.220,416.0622064034649,7
2024-09-18 11:17:39.301,416.0553563599213,996
2024-09-18 11:17:39.384,416.073503937816,95
2024-09-18 11:17:39.397,41.60768665531428,105
2024-09-18 11:17:39.500,416.0613531465439,995
2024-09-18 11:17:39.721,416.07904809480215,11
2024-09-18 11:17:39.855,416.0561088785016,1002
2024-09-18 11:17:39.924,416.0617275042721,999
2024-09-18 11:17:39.957,416.0605726143763,1000
2024-09-18 11:17:40.207,416.0576161225238,105
2024-09-18 11:17:40.273,416.0487872807566,104
2024-09-18 11:17:40.380,416.0795103259711,102
2024-09-18 11:17:40.393,41.604830592022296,1003
2024-09-18 11:17:40.650,416.0753542875223,14
2024-09-18 11:17:40.755,416.04182663953617,97
2024-09-18 11:17:40.897,416.0753180960271,999
2024-09-18 11:17:40.912,416.05775281836185,5
2024-09-18 11:17:41.027,415.9712178721815,13
2024-09-18 11:17:41.032,415.9843861058749,10
2024-09-18 11:17:41.048,415.982540039246,7
2024-09-18 11:17:41.061,416.0129636308731,101
2024-09-18 11:17:41.090,416.0015759947292,8
2024-09-18 11:17:41.140,416.04871975784727,101
2024-09-18 11:17:41.151,416.00752890474143,95
2024-09-18 11:17:41.178,416.0410769205104,1001
2024-09-18 11:17:41.192,416.0102655141639,995
2024-09-18 11:17:41.242,415.9684355807837,998
2024-09-18 11:17:41.253,416.03607109610897,996
2024-09-18 11:17:41.277,41.6028892969955,102
2024-09-18 11:17:41.322,416.0478804872138,1005
2024-09-18 11:17:41.392,415.9862662237476,1004
2024-09-18 11:17:41.396,416.0035611006384,11
2024-09-18 11:17:41.613,416.0430070036946,100
2024-09-18 11:17:41.655,415.98825060591946,14
2024-09-18 11:17:41.687,415.9966874176087,99
2024-09-18 11:17:41.726,416.0735958782706,97
2024-09-18 11:17:41.727,415.9858499596157,8
2024-09-18 11:17:41.762,416.0260154436129,8
2024-09-18 11:17:41.855,416.0345545765984,105
2024-09-18 11:17:41.884,416.02884832494175,1003
2024-09-18 11:17:41.924,416.0281477762262,99
2024-09-18 11:17:42.004,415.99179618632735,7
2024-09-18 11:17:42.123,415.9701822291669,1002
2024-09-18 11:17:42.154,415.9996660850249,99
2024-09-18 11:17:42.161,415.9887848651048,100
2024-09-18 11:17:42.178,415.9816404715003,999
2024-09-18 11:17:42.241,415.984345750204,1002
2024-09-18 11:17:42.242,415.97505037110994,102
2024-09-18 11:17:42.268,415.9604492295581,97
2024-09-18 11:17:42.278,415.9805535735093,98
2024-09-18 11:17:42.283,415.9845877824352,14
2024-09-18 11:17:42.285,415.95828876838993,1003
2024-09-18 11:17:42.360,-415.9697516625664,15
2024-09-18 11:17:42.409,416.0041762564414,11
2024-09-18 11:17:42.459,415.9871890971891,13
2024-09-18 11:17:42.478,415.9509373271596,996
2024-09-18 11:17:42.540,415.9806081410832,8
2024-09-18 11:17:42.650,415.9667748355397,5
2024-09-18 11:17:42.705,415.9582682967807,15
2024-09-18 11:17:42.715,415.9623048420378,15
2024-09-18 11:17:42.741,415.9869758875825,998
2024-09-18 11:17:42.771,-415.9792534268813,102
2024-09-18 11:17:43.010,415.97812650287045,98
2024-09-18 11:17:43.033,415.9651650645064,15
2024-09-18 11:17:43.060,415.9929968352752,13
2024-09-18 11:17:43.084,415.9834141761508,1001
2024-09-18 11:17:43.166,415.9776562847286,100
2024-09-18 11:17:43.198,415.9751221315444,103
2024-09-18 11:17:43.210,415.9368930483348,96
2024-09-18 11:17:43.212,415.9432575695838,101
2024-09-18 11:17:43.268,415.9973234807152,99
2024-09-18 11:17:43.282,416.0033448063572,1000
2024-09-18 11:17:43.344,415.97431622127147,15
2024-09-18 11:17:43.388,415.96112881248143,1003
2024-09-18 11:17:43.442,415.9451424417732,1003
2024-09-18 11:17:43.557,415.99125251832857,101
2024-09-18 11:17:43.574,415.95766393934673,7
2024-09-18 11:17:43.601,415.9503005197646,99
2024-09-18 11:17:43.611,415.96924051090974,101
2024-09-18 11:17:43.625,415.9497580558671,13
2024-09-18 11:17:43.634,416.0227761270032,95
2024-09-18 11:17:43.646,415.9448828756205,105
2024-09-18 11:17:43.752,415.9723173169231,997
2024-09-18 11:17:43.858,415.9909389414057,1002
2024-09-18 11:17:43.878,416.0019265242904,102
2024-09-18 11:17:43.902,415.98692373783234,6
2024-09-18 11:17:43.903,415.9716367628032,15
2024-09-18 11:17:43.928,416.04154183350505,102
2024-09-18 11:17:43.977,415.94181369885416,98
2024-09-18 11:17:43.983,415.9749180972331,12
2024-09-18 11:17:44.022,416.03253240333856,12
2024-09-18 11:17:44.037,416.02583186950994,1004
2024-09-18 11:17:44.053,416.03687838447127,103
2024-09-18 11:17:44.065,415.9883203997202,101
2024-09-18 11:17:44.125,416.02714560372976,6
2024-09-18 11:17:44.182,416.01398735888046,14
2024-09-18 11:17:44.191,416.0498410508733,1004
2024-09-18 11:17:44.357,416.0423401022907,105
2024-09-18 11:17:44.392,416.0382140406037,5
2024-09-18 11:17:44.501,416.0485375553644,1001
2024-09-18 11:17:44.603,416.04583218274814,995
2024-09-18 11:17:44.646,416.0569125971597,1003
2024-09-18 11:17:44.673,416.0158110784375,12
2024-09-18 11:17:44.721,416.0192301097736,5
2024-09-18 11:17:44.787,416.0248135976482,99
2024-09-18 11:17:44.818,415.9941695728455,95
2024-09-18 11:17:44.846,416.053215405417,996
2024-09-18 11:17:44.876,416.0400577803399,97
2024-09-18 11:17:44.972,416.0387162941759,15
2024-09-18 11:17:45.175,416.0332555585114,14
2024-09-18 11:17:45.335,416.0313860033031,6
2024-09-18 11:17:45.345,416.0269631795291,14
2024-09-18 11:17:45.355,416.0190331027852,1004
2024-09-18 11:17:45.559,416.02124784435466,1003
2024-09-18 11:17:45.734,416.0241127135353,95
2024-09-18 11:17:45.948,416.01642064470616,6
2024-09-18 11:17:46.177,415.9855757912783,1004
2024-09-18 11:17:46.246,416.0098645515303,8
2024-09-18 11:17:46.424,-415.9916941437772,95
2024-09-18 11:17:46.492,415.9922044828076,14
2024-09-18 11:17:47.087,415.9426717356062,996
2024-09-18 11:17:47.159,415.9698830049908,1000
2024-09-18 11:17:47.176,415.98388139811885,1004
2024-09-18 11:17:47.249,415.92980993711234,12
2024-09-18 11:17:47.260,415.9688849387247,15
2024-09-18 11:17:47.368,415.9653074470338,997
2024-09-18 11:17:47.411,415.98484956920464,12
2024-09-18 11:17:47.411,415.9572794184719,15
2024-09-18 11:17:47.477,415.95318101236296,97
2024-09-18 11:17:47.497,415.9508485291615,996
2024-09-18 11:17:47.512,415.9776691393184,996
2024-09-18 11:17:47.532,415.9913572074994,7
2024-09-18 11:17:47.713,415.950749296013,95
2024-09-18 11:17:47.722,415.98120656202,97
2024-09-18 11:17:47.768,415.9467464299673,1003
2024-09-18 11:17:47.825,415.9706001354258,104
2024-09-18 11:17:47.939,415.9227677949099,999
2024-09-18 11:17:47.985,415.9402354685577,1004
2024-09-18 11:17:48.086,415.9669879106018,8
2024-09-18 11:17:48.181,415.9762647119555,103
2024-09-18 11:17:48.186,415.9568302723283,1004
2024-09-18 11:17:48.216,415.9900154594652,95
2024-09-18 11:17:48.347,415.9632485396236,11
2024-09-18 11:17:48.387,415.9565776888892,998
2024-09-18 11:17:48.447,415.9926012882916,10
2024-09-18 11:17:48.614,415.96183747278695,15
2024-09-18 11:17:48.638,415.968752005634,1004
2024-09-18 11:17:48.819,415.9800665248271,103
2024-09-18 11:17:48.856,415.958254431001,998
2024-09-18 11:17:48.921,415.9845482968034,100
2024-09-18 11:17:49.001,415.9487075627198,102
2024-09-18 11:17:49.065,416.0060160449851,101
2024-09-18 11:17:49.066,415.95360184945145,1003
2024-09-18 11:17:49.096,416.0026525599639,8
2024-09-18 11:17:49.096,416.00688863149816,101
2024-09-18 11:17:49.120,416.0099937412455,101
2024-09-18 11:17:49.121,416.0056693028065,1002
2024-09-18 11:17:49.185,416.0050081868949,998
2024-09-18 11:17:49.242,415.9868520017509,103
2024-09-18 11:17:49.251,415.9635698840671,12
2024-09-18 11:17:49.433,416.0238446881041,1002
2024-09-18 11:17:49.454,415.95195665976536,12
2024-09-18 11:17:49.515,416.0101539906665,95
2024-09-18 11:17:49.565,416.0055130752818,1005
2024-09-18 11:17:49.577,415.999766660886,96
2024-09-18 11:17:49.585,415.98631429821074,102
2024-09-18 11:17:49.608,415.99641795683976,1004
2024-09-18 11:17:49.645,416.0239729873138,999
2024-09-18 11:17:49.654,416.0097361848356,99
2024-09-18 11:17:49.716,415.9978996436236,1002
2024-09-18 11:17:49.737,416.0081116872808,995
2024-09-18 11:17:49.794,416.0021528600925,99
2024-09-18 11:17:49.820,415.945813595734,96
2024-09-18 11:17:49.872,416.01876464365023,98
2024-09-18 11:17:49.883,415.9983515641487,96
2024-09-18 11:17:49.938,416.0070789077869,5
2024-09-18 11:17:50.184,416.08605269013583,102
2024-09-18 11:17:50.190,416.0144615941444,105
2024-09-18 11:17:50.279,416.0721009488522,98
2024-09-18 11:17:50.287,416.0220633959802,13
2024-09-18 11:17:50.288,416.0115227811677,10
2024-09-18 11:17:50.541,416.0111573764965,999
2024-09-18 11:17:50.548,416.032532904384,999
2024-09-18 11:17:50.609,416.0618640377497,997
2024-09-18 11:17:50.691,416.0734060798459,96
2024-09-18 11:17:50.822,416.04469161137774,1002
2024-09-18 11:17:50.852,416.08953924991926,97
2024-09-18 11:17:50.918,416.0368604422284,995
2024-09-18 11:17:50.926,416.01138718550703,100
2024-09-18 11:17:51.031,416.0785758751881,103
2024-09-18 11:17:51.178,416.0773421719804,1004
2024-09-18 11:17:51.220,416.0201923339331,105
2024-09-18 11:17:51.326,416.0460703897436,996
2024-09-18 11:17:51.528,416.0648244713622,101
2024-09-18 11:17:51.783,416.0156493088402,998
2024-09-18 11:17:51.833,415.9949873801785,102
2024-09-18 11:17:52.028,416.0491639735812,1001
2024-09-18 11:17:52.149,416.0548057401453,999
2024-09-18 11:17:52.162,416.031835370761,98
2024-09-18 11:17:52.164,416.0491677130136,11
2024-09-18 11:17:52.217,415.9879834076868,99
2024-09-18 11:17:52.294,416.04098811864935,103
2024-09-18 11:17:52.332,415.99536337842005,996
2024-09-18 11:17:52.481,416.0314485175364,1002
2024-09-18 11:17:52.593,416.0099813546172,6
2024-09-18 11:17:52.602,416.0132786286946,97
2024-09-18 11:17:52.673,416.05497165887226,99
2024-09-18 11:17:52.899,416.0580000291868,8
2024-09-18 11:17:52.922,416.0547799856003,97
2024-09-18 11:17:52.937,416.0090452512067,996
2024-09-18 11:17:52.960,416.0353638874383,100
2024-09-18 11:17:53.001,416.1301743442216,104
2024-09-18 11:17:53.023,416.0566694910212,13
2024-09-18 11:17:53.056,416.0882211258004,102
2024-09-18 11:17:53.098,416.0931306946961,15
2024-09-18 11:17:53.114,416.05729940916126,7
2024-09-18 11:17:53.123,416.0560120888467,15
2024-09-18 11:17:53.149,416.0513628480292,101
2024-09-18 11:17:53.187,416.00971369390936,97
2024-09-18 11:17:53.383,416.0655898054719,12
2024-09-18 11:17:53.390,416.1103630047193,12
2024-09-18 11:17:53.407,416.14662627025785,1004
2024-09-18 11:17:53.419,416.1154472263615,995
2024-09-18 11:17:53.446,416.0666264778345,1002
2024-09-18 11:17:53.461,416.0990896274664,1003
2024-09-18 11:17:53.542,416.0584620570261,97
2024-09-18 11:17:53.571,416.0409923044009,998
2024-09-18 11:17:53.591,416.1078776194413,998
2024-09-18 11:17:53.596,416.0590099804171,1005
2024-09-18 11:17:53.624,416.1125642757983,13
2024-09-18 11:17:53.664,416.0822608695298,14
2024-09-18 11:17:53.668,416.0284783573297,15
2024-09-18 11:17:53.692,416.0280003076484,12
2024-09-18 11:17:53.698,416.1174050754058,100
2024-09-18 11:17:53.752,,1002
2024-09-18 11:17:53.786,416.0536282184488,103
2024-09-18 11:17:53.834,416.06842472362615,102
2024-09-18 11:17:53.863,416.0257048389101,14
2024-09-18 11:17:53.939,416.0451155503624,105
2024-09-18 11:17:53.987,416.08753990894735,1004
2024-09-18 11:17:54.049,416.1170151722023,1003
2024-09-18 11:17:54.090,416.1109806482427,14
2024-09-18 11:17:54.117,416.1391646792367,1000
2024-09-18 11:17:54.144,416.103282692106,1000
2024-09-18 11:17:54.206,416.1296185215404,999
2024-09-18 11:17:54.215,416.1186185315982,13
2024-09-18 11:17:54.254,416.10745279887686,12
2024-09-18 11:17:54.301,416.1450838907932,11
2024-09-18 11:17:54.303,416.1437903764837,104
2024-09-18 11:17:54.345,416.10174417967295,1001
2024-09-18 11:17:54.347,416.1856582698903,995
2024-09-18 11:17:54.431,416.1050618901757,1005
2024-09-18 11:17:54.438,416.1142421927197,1004
2024-09-18 11:17:54.554,416.12460409430935,996
2024-09-18 11:17:54.634,416.1763222339984,1004
2024-09-18 11:17:54.656,416.1642175886946,97
2024-09-18 11:17:54.700,416.1100225466568,11
2024-09-18 11:17:54.707,416.16908283399846,97
2024-09-18 11:17:54.764,416.13445356581377,103
2024-09-18 11:17:54.818,416.1119443566296,10
2024-09-18 11:17:54.822,416.1081367767185,9
2024-09-18 11:17:54.837,416.16506553736326,995
2024-09-18 11:17:54.841,416.10506215378297,995
2024-09-18 11:17:54.842,416.1110150808815,997
2024-09-18 11:17:54.846,416.1235680247793,13
2024-09-18 11:17:54.865,416.1208101792503,99
2024-09-18 11:17:54.985,416.1466004474701,995
2024-09-18 11:17:54.989,416.1273818877999,96
2024-09-18 11:17:55.062,416.1229346573036,101
2024-09-18 11:17:55.088,416.22000833528216,101
2024-09-18 11:17:55.152,416.1606671087373,1001
2024-09-18 11:17:55.163,416.12699186446497,1004
2024-09-18 11:17:55.221,416.19899047949735,95
2024-09-18 11:17:55.271,416.1757959559799,9
2024-09-18 11:17:55.282,416.1897093269168,10
2024-09-18 11:17:55.296,416.1618621558849,1000
2024-09-18 11:17:55.330,416.2134885872631,99
2024-09-18 11:17:55.347,416.1209259500616,5
2024-09-18 11:17:55.349,416.1998008328798,1004
2024-09-18 11:17:55.460,416.1568121650089,100
2024-09-18 11:17:55.513,416.1460809486479,8
2024-09-18 11:17:55.528,416.1701987931218,1001
2024-09-18 11:17:55.580,416.1354401820112,100
2024-09-18 11:17:55.624,-416.1186632947009,1001
2024-09-18 11:17:55.685,416.1424760634304,9
2024-09-18 11:17:55.746,416.2098599697336,101
2024-09-18 11:17:55.753,416.1609600409852,8
2024-09-18 11:17:55.805,416.1476649531871,10
2024-09-18 11:17:55.817,416.1672842091776,1001
2024-09-18 11:17:55.841,416.1273823144974,1000
2024-09-18 11:17:55.841,416.125673054308,14
2024-09-18 11:17:55.940,416.1640858972319,13
2024-09-18 11:17:55.954,416.1238400410707,996
2024-09-18 11:17:55.956,416.17763770494696,1000
2024-09-18 11:17:55.989,416.1399406815388,6
2024-09-18 11:17:56.000,416.2207668158378,8
2024-09-18 11:17:56.006,416.2294891708404,14
2024-09-18 11:17:56.006,416.1926221704272,1000
2024-09-18 11:17:56.051,416.210121721113,12
2024-09-18 11:17:56.070,416.178963466197,1000
2024-09-18 11:17:56.102,416.2136862924391,9
2024-09-18 11:17:56.126,416.228961752366,998
2024-09-18 11:17:56.228,416.2143033216768,98
2024-09-18 11:17:56.244,416.1728421629267,10
2024-09-18 11:17:56.302,416.25835407723287,1000
2024-09-18 11:17:56.461,416.2078848807169,97
2024-09-18 11:17:56.487,416.17835626478455,5
2024-09-18 11:17:56.553,416.2168667387968,13
2024-09-18 11:17:56.634,416.2352107605146,5
2024-09-18 11:17:56.642,416.2237166426825,12
2024-09-18 11:17:56.649,,1004
2024-09-18 11:17:56.704,416.2501870788697,1000
2024-09-18 11:17:56.714,416.2080857880973,999
2024-09-18 11:17:56.796,416.19240454969633,6
2024-09-18 11:17:56.845,416.23573080399774,1004
2024-09-18 11:17:56.997,416.2425718078961,96
2024-09-18 11:17:57.052,416.21367165766327,13
2024-09-18 11:17:57.074,416.2193347782292,1001
2024-09-18 11:17:57.537,416.2094359744491,1003
2024-09-18 11:17:57.824,416.21820904136325,1005
2024-09-18 11:17:59.030,416.18006943396256,1001
2024-09-18 11:17:59.044,416.1911627952493,1003
2024-09-18 11:17:59.211,416.21512514982913,97
2024-09-18 11:17:59.263,416.1936111472779,1002
2024-09-18 11:17:59.367,416.2225642084265,1003
2024-09-18 11:17:59.493,416.1850495520818,101
2024-09-18 11:17:59.535,416.21512297595785,8
2024-09-18 11:17:59.553,416.173067437935,14
2024-09-18 11:17:59.637,416.21626711036,9
2024-09-18 11:17:59.651,416.2059493654911,8
2024-09-18 11:17:59.752,416.1815364783611,10
2024-09-18 11:17:59.753,416.1842097932121,6
2024-09-18 11:17:59.781,416.1796179495444,95
2024-09-18 11:17:59.873,416.1711792795729,14
2024-09-18 11:17:59.946,416.1837016617216,999
2024-09-18 11:17:59.956,416.1916643302753,105
2024-09-18 11:17:59.964,416.1955458387674,12
2024-09-18 11:17:59.973,416.1888871380153,99
