Timestamp,Price,Size
2024-09-18 13:46:00.149,413.9444732481588,97
2024-09-18 13:46:00.220,413.95354250814586,96
2024-09-18 13:46:00.346,413.94449579594885,103
2024-09-18 13:46:00.588,413.9607965093517,95
2024-09-18 13:46:00.662,413.9546315810837,103
2024-09-18 13:46:00.967,413.9563382284189,6
2024-09-18 13:46:00.982,413.9649912952688,13
2024-09-18 13:46:01.083,413.9256440746821,996
2024-09-18 13:46:01.095,413.9510679228403,8
2024-09-18 13:46:01.120,413.9352728981445,98
2024-09-18 13:46:01.179,413.9390547204569,1005
2024-09-18 13:46:01.253,413.9219815495056,1003
2024-09-18 13:46:01.412,413.9206411618719,95
2024-09-18 13:46:01.445,413.9587735159327,1002
2024-09-18 13:46:01.536,413.9197895145507,12
2024-09-18 13:46:01.570,413.949800001932,1005
2024-09-18 13:46:01.719,413.9588480533732,6
2024-09-18 13:46:01.773,413.9300011914349,99
2024-09-18 13:46:01.961,413.9348834322943,97
2024-09-18 13:46:01.971,413.94860079037454,99
2024-09-18 13:46:02.001,413.8590707017443,1004
2024-09-18 13:46:02.026,413.9430161266744,1004
2024-09-18 13:46:02.031,413.9606020065089,98
2024-09-18 13:46:02.040,413.9508107882866,105
2024-09-18 13:46:02.125,413.86951555918137,6
2024-09-18 13:46:02.193,413.9524332450923,103
2024-09-18 13:46:02.273,413.9187003529059,96
2024-09-18 13:46:02.277,413.9461126483745,1004
2024-09-18 13:46:02.289,413.9196154480391,1003
2024-09-18 13:46:02.317,413.9198711114623,8
2024-09-18 13:46:02.451,413.9227660176411,1001
2024-09-18 13:46:02.463,413.84999673520144,1000
2024-09-18 13:46:02.470,413.84479052242887,105
2024-09-18 13:46:02.474,413.9481881961007,998
2024-09-18 13:46:02.474,413.8380430626992,1003
2024-09-18 13:46:02.481,413.8688583393054,96
2024-09-18 13:46:02.607,413.91072739865024,14
2024-09-18 13:46:02.613,413.84755344444864,13
2024-09-18 13:46:02.625,413.8815126483873,97
2024-09-18 13:46:02.647,413.9312724405806,12
2024-09-18 13:46:02.663,413.9740691639317,11
2024-09-18 13:46:02.723,413.9512825044724,96
2024-09-18 13:46:02.742,413.9299435916251,998
2024-09-18 13:46:02.771,41.388651237865126,105
2024-09-18 13:46:02.776,413.9003681698731,104
2024-09-18 13:46:02.808,413.9697105662515,96
2024-09-18 13:46:02.813,413.92751029544416,95
2024-09-18 13:46:02.844,413.9661515864696,1001
2024-09-18 13:46:02.874,413.8818100556624,6
2024-09-18 13:46:03.002,413.8547123773914,1003
2024-09-18 13:46:03.005,413.90245161281433,99
2024-09-18 13:46:03.183,413.8731175885054,1001
2024-09-18 13:46:03.207,413.8958314379181,13
2024-09-18 13:46:03.246,413.85618859698695,998
2024-09-18 13:46:03.278,413.8908331596144,999
2024-09-18 13:46:03.283,413.85098233185215,999
2024-09-18 13:46:03.370,413.87558573054,996
2024-09-18 13:46:03.382,413.8921212589327,100
2024-09-18 13:46:03.382,413.87430257192665,5
2024-09-18 13:46:03.453,413.8827648407769,96
2024-09-18 13:46:03.482,413.86997808672055,14
2024-09-18 13:46:03.492,413.8525828358168,14
2024-09-18 13:46:03.498,413.8889837774784,102
2024-09-18 13:46:03.552,413.89089905800654,15
2024-09-18 13:46:03.656,413.87144900457247,96
2024-09-18 13:46:03.668,413.86860942977046,1000
2024-09-18 13:46:03.702,413.8921639357105,105
2024-09-18 13:46:03.714,413.8542235924602,14
2024-09-18 13:46:03.728,413.8949379843547,1005
2024-09-18 13:46:03.742,413.8818751604105,998
2024-09-18 13:46:03.780,413.8791014878447,101
2024-09-18 13:46:03.783,413.8602187274132,11
2024-09-18 13:46:03.905,413.8853886887932,104
2024-09-18 13:46:03.951,413.87074883996297,100
2024-09-18 13:46:03.957,413.8588105885127,12
2024-09-18 13:46:03.959,413.8395765834146,12
2024-09-18 13:46:03.966,413.878976117464,101
2024-09-18 13:46:03.970,413.8422476950816,1001
2024-09-18 13:46:04.046,413.8135399649257,7
2024-09-18 13:46:04.120,413.8220613195904,12
2024-09-18 13:46:04.121,413.830505871419,97
2024-09-18 13:46:04.144,413.8682447293148,105
2024-09-18 13:46:04.230,413.8679686271474,103
2024-09-18 13:46:04.291,413.8604120010705,97
2024-09-18 13:46:04.300,413.8203364182216,102
2024-09-18 13:46:04.491,413.8667669585525,1003
2024-09-18 13:46:04.496,413.8252117481064,997
2024-09-18 13:46:04.537,413.8679463837752,1003
2024-09-18 13:46:04.577,413.83534673261096,98
2024-09-18 13:46:04.691,413.807886055398,101
2024-09-18 13:46:04.725,413.8230476067704,103
2024-09-18 13:46:04.809,413.8726824997384,999
2024-09-18 13:46:04.906,413.823538280593,10
2024-09-18 13:46:04.935,413.85147150770393,15
2024-09-18 13:46:05.097,413.82236814934606,101
2024-09-18 13:46:05.098,413.9066006696885,101
2024-09-18 13:46:05.104,413.8474599657473,1005
2024-09-18 13:46:05.182,,104
2024-09-18 13:46:05.412,413.84429323061386,100
2024-09-18 13:46:05.413,413.9147174798284,105
2024-09-18 13:46:05.499,413.8286134856977,1003
2024-09-18 13:46:05.507,413.8499881459942,103
2024-09-18 13:46:05.521,413.8444750562873,102
2024-09-18 13:46:05.560,413.8788794511744,1003
2024-09-18 13:46:05.643,413.8954069271357,99
2024-09-18 13:46:05.678,413.89390527421614,1005
2024-09-18 13:46:05.826,413.9083244711388,9
2024-09-18 13:46:05.899,413.9262461667889,6
2024-09-18 13:46:05.940,413.8411873560527,10
2024-09-18 13:46:05.944,413.8438181487314,998
2024-09-18 13:46:05.951,413.8637734546229,1004
2024-09-18 13:46:05.966,413.9126359527854,999
2024-09-18 13:46:05.969,413.8510681011657,105
2024-09-18 13:46:06.061,413.899419614591,999
2024-09-18 13:46:06.082,413.9034124355392,996
2024-09-18 13:46:06.105,413.8763128863923,100
2024-09-18 13:46:06.156,413.90081090768894,1003
2024-09-18 13:46:06.234,413.88114806965336,1005
2024-09-18 13:46:06.384,413.8960301036872,996
2024-09-18 13:46:06.401,413.90634690385633,11
2024-09-18 13:46:06.435,413.8819943657838,98
2024-09-18 13:46:06.485,413.8351904633632,1001
2024-09-18 13:46:06.543,413.89605809966815,7
2024-09-18 13:46:06.548,413.8514491721318,5
2024-09-18 13:46:06.705,413.8400342582483,14
2024-09-18 13:46:06.937,413.8470169205809,7
2024-09-18 13:46:06.975,413.89191703305687,1003
2024-09-18 13:46:07.050,413.8134981089052,996
2024-09-18 13:46:07.071,413.8182131765277,9
2024-09-18 13:46:07.126,413.7811804288728,103
2024-09-18 13:46:07.151,413.8089198856635,998
2024-09-18 13:46:07.273,413.8391469262164,995
2024-09-18 13:46:07.284,413.795427215521,996
2024-09-18 13:46:07.320,413.8325917512863,999
2024-09-18 13:46:07.322,413.8283305962548,100
2024-09-18 13:46:07.570,413.7854181751171,102
2024-09-18 13:46:07.729,413.7950353496762,6
2024-09-18 13:46:07.749,413.76643165810447,9
2024-09-18 13:46:07.867,413.81025075697255,101
2024-09-18 13:46:07.962,413.8167729398709,7
2024-09-18 13:46:08.002,413.835700250054,10
2024-09-18 13:46:08.006,413.8194025989265,1003
2024-09-18 13:46:08.037,413.8728256703811,1003
2024-09-18 13:46:08.086,413.8615349288143,1005
2024-09-18 13:46:08.189,413.8403454912727,5
2024-09-18 13:46:08.190,413.8498172018663,105
2024-09-18 13:46:08.200,413.8426717912928,1001
2024-09-18 13:46:08.248,413.86157827943015,5
2024-09-18 13:46:08.276,413.8166133722838,15
2024-09-18 13:46:08.284,413.8308789477189,15
2024-09-18 13:46:08.308,413.8271864101782,5
2024-09-18 13:46:08.323,,105
2024-09-18 13:46:08.410,413.8509240151149,995
2024-09-18 13:46:08.411,413.8313435930922,997
2024-09-18 13:46:08.487,413.82741373849206,1001
2024-09-18 13:46:08.515,413.8405733722668,1000
2024-09-18 13:46:08.528,413.8214965021807,103
2024-09-18 13:46:08.534,413.8191924183296,95
2024-09-18 13:46:08.643,413.825194530408,1005
2024-09-18 13:46:08.666,413.8646664871375,103
2024-09-18 13:46:08.898,413.8235807008459,99
2024-09-18 13:46:08.926,413.8349322696408,98
2024-09-18 13:46:09.077,413.8672225744268,11
2024-09-18 13:46:09.083,413.8668247471586,1001
2024-09-18 13:46:09.183,413.82203372970366,105
2024-09-18 13:46:09.238,413.8633645616743,8
2024-09-18 13:46:09.629,413.85808521002497,101
2024-09-18 13:46:09.632,413.8238960531942,8
2024-09-18 13:46:09.781,413.8550135578208,9
2024-09-18 13:46:09.820,413.8371911090735,6
2024-09-18 13:46:09.850,413.8391432600024,995
2024-09-18 13:46:09.909,413.8640380792135,97
2024-09-18 13:46:09.988,413.86287495589966,998
2024-09-18 13:46:10.030,413.85746122245433,13
2024-09-18 13:46:10.118,413.853390899963,997
2024-09-18 13:46:10.351,413.8468548695257,105
2024-09-18 13:46:10.408,413.85105631116727,996
2024-09-18 13:46:10.511,413.8600710396235,100
2024-09-18 13:46:10.522,413.8479512650866,99
2024-09-18 13:46:10.574,413.8516582558606,9
2024-09-18 13:46:10.891,413.8561357070572,998
2024-09-18 13:46:11.067,413.8391396066418,9
2024-09-18 13:46:11.120,413.8279320647238,96
2024-09-18 13:46:11.166,413.8608806590601,101
2024-09-18 13:46:11.196,413.82157301671856,1002
2024-09-18 13:46:11.429,413.83755396640976,99
2024-09-18 13:46:11.528,413.8602657364801,12
2024-09-18 13:46:11.696,413.8389169613125,998
2024-09-18 13:46:11.744,413.8513086082122,1000
2024-09-18 13:46:11.804,413.8534549294319,96
2024-09-18 13:46:11.841,413.8218850829072,1004
2024-09-18 13:46:11.963,413.8120867998651,105
2024-09-18 13:46:12.192,413.937825221296,100
2024-09-18 13:46:12.249,413.9179441048378,1002
2024-09-18 13:46:12.265,413.9453301907625,104
2024-09-18 13:46:12.269,413.8800520550039,1000
2024-09-18 13:46:12.288,413.9292176879955,105
2024-09-18 13:46:12.290,413.8890645128573,102
2024-09-18 13:46:12.345,413.8926194613592,8
2024-09-18 13:46:12.385,413.9641714271284,104
2024-09-18 13:46:12.498,413.909243444732,10
2024-09-18 13:46:12.512,413.96354157041526,12
2024-09-18 13:46:12.546,413.895433318697,104
2024-09-18 13:46:12.566,413.9432187667745,1005
2024-09-18 13:46:12.604,413.8739122435603,1003
2024-09-18 13:46:12.692,413.88906598216784,10
2024-09-18 13:46:12.745,413.86548568459614,100
2024-09-18 13:46:12.798,413.9627500880325,9
2024-09-18 13:46:12.834,413.9674746759782,13
2024-09-18 13:46:12.903,413.9210681659763,102
2024-09-18 13:46:13.059,413.93319747765815,10
2024-09-18 13:46:13.346,413.96123219294657,6
2024-09-18 13:46:13.431,413.948341502966,14
2024-09-18 13:46:13.457,413.9435672121578,105
2024-09-18 13:46:13.555,413.9568628432826,95
2024-09-18 13:46:13.569,413.9560964686346,95
2024-09-18 13:46:13.589,413.9638103258072,95
2024-09-18 13:46:13.599,41.39379121588652,9
2024-09-18 13:46:13.804,413.95860144304623,105
2024-09-18 13:46:13.915,413.93607860660734,1002
2024-09-18 13:46:13.983,413.936243559435,97
2024-09-18 13:46:14.032,413.9812001232394,7
2024-09-18 13:46:14.126,413.9422276328097,98
2024-09-18 13:46:14.164,413.9429649001482,995
2024-09-18 13:46:14.720,413.9527478585689,98
2024-09-18 13:46:14.741,-413.9633940871212,103
2024-09-18 13:46:14.805,413.9763770521579,12
2024-09-18 13:46:14.821,413.9580909392368,102
2024-09-18 13:46:14.846,413.95652655495314,1000
2024-09-18 13:46:14.884,413.9611664517072,1000
2024-09-18 13:46:14.991,413.9600380207248,11
2024-09-18 13:46:15.034,413.91331061141335,1003
2024-09-18 13:46:15.128,413.9010881292511,1002
2024-09-18 13:46:15.130,413.94374966741424,100
2024-09-18 13:46:15.158,413.9288409082256,15
2024-09-18 13:46:15.211,413.9073129934138,8
2024-09-18 13:46:15.225,413.9195526189319,8
2024-09-18 13:46:15.245,413.90418412951175,95
2024-09-18 13:46:15.280,413.897609153325,6
2024-09-18 13:46:15.328,413.8950325461168,95
2024-09-18 13:46:15.336,413.9440404433006,105
2024-09-18 13:46:15.361,413.9325307574749,9
2024-09-18 13:46:15.368,413.8939610739634,12
2024-09-18 13:46:15.448,413.936633388706,10
2024-09-18 13:46:15.465,413.9449929449512,12
2024-09-18 13:46:15.479,413.9257969567364,14
2024-09-18 13:46:15.567,413.9328619303907,8
2024-09-18 13:46:15.573,413.920197782865,1005
2024-09-18 13:46:15.599,413.8783356357737,103
2024-09-18 13:46:15.603,413.9216243610063,98
2024-09-18 13:46:15.617,413.9249665311006,100
2024-09-18 13:46:15.640,413.9122339828861,12
2024-09-18 13:46:15.688,413.887407795288,1001
2024-09-18 13:46:15.731,413.9352183550809,1000
2024-09-18 13:46:15.737,413.90475513917767,6
2024-09-18 13:46:15.738,413.899579970257,998
2024-09-18 13:46:15.837,413.9099255772076,5
2024-09-18 13:46:15.853,413.9301565370697,997
2024-09-18 13:46:16.189,413.8945928203247,102
2024-09-18 13:46:16.325,413.9086772379404,9
2024-09-18 13:46:16.329,413.90443185665913,98
2024-09-18 13:46:16.450,413.8978968449718,995
2024-09-18 13:46:16.461,413.9037112711253,10
2024-09-18 13:46:17.088,413.9482187105122,105
2024-09-18 13:46:17.351,413.95484329941314,99
2024-09-18 13:46:17.398,-413.9312202473932,1004
2024-09-18 13:46:17.414,413.9476279267046,7
2024-09-18 13:46:17.532,413.9385736713473,1001
2024-09-18 13:46:17.572,413.912686030078,10
2024-09-18 13:46:17.952,413.9267843841341,6
2024-09-18 13:46:18.124,413.91691622438816,1005
2024-09-18 13:46:18.125,413.97053386347903,998
2024-09-18 13:46:18.208,413.9757353974266,105
2024-09-18 13:46:18.233,413.95213057819626,1005
2024-09-18 13:46:18.257,413.9443668435978,1003
2024-09-18 13:46:18.294,413.9731977273631,1004
2024-09-18 13:46:18.434,413.949248636202,13
2024-09-18 13:46:18.575,413.9705696604252,6
2024-09-18 13:46:18.756,413.9383077350535,98
2024-09-18 13:46:18.803,413.9458587673855,1001
2024-09-18 13:46:19.278,413.9920737200526,100
2024-09-18 13:46:19.390,413.97613481982745,102
2024-09-18 13:46:20.004,414.0407130892778,100
2024-09-18 13:46:20.007,414.0250476797967,103
2024-09-18 13:46:20.173,414.0468002579756,1000
2024-09-18 13:46:20.221,414.0267819090337,6
2024-09-18 13:46:20.249,413.9911775816634,15
2024-09-18 13:46:20.434,414.0262394522432,104
2024-09-18 13:46:20.444,414.01965608693416,1003
2024-09-18 13:46:20.490,413.9807180040722,1002
2024-09-18 13:46:20.544,414.0129950793638,8
2024-09-18 13:46:20.599,413.9830829485424,98
2024-09-18 13:46:20.613,414.03789962241945,96
2024-09-18 13:46:20.643,414.0417807904084,1004
2024-09-18 13:46:20.691,413.9994382054544,1004
2024-09-18 13:46:20.747,414.0356190169245,1005
2024-09-18 13:46:20.778,413.9887184206418,101
2024-09-18 13:46:21.062,413.9403587694725,1000
2024-09-18 13:46:21.157,413.9192171848506,96
2024-09-18 13:46:21.617,413.9349796344802,1005
2024-09-18 13:46:21.744,413.93754770059337,104
2024-09-18 13:46:21.840,413.9551536104728,997
2024-09-18 13:46:22.241,413.8977643221327,5
2024-09-18 13:46:22.398,413.90330588762447,101
2024-09-18 13:46:22.503,413.8336237201772,998
2024-09-18 13:46:22.633,413.8541534825516,998
2024-09-18 13:46:22.726,413.8158255242501,101
2024-09-18 13:46:22.908,413.8321806771342,104
2024-09-18 13:46:22.927,413.8225527532532,999
2024-09-18 13:46:23.000,413.8394929476903,105
2024-09-18 13:46:23.006,,1005
2024-09-18 13:46:23.154,413.8361765948323,100
2024-09-18 13:46:23.223,413.84495558975885,96
2024-09-18 13:46:23.351,413.84017852398426,7
2024-09-18 13:46:23.373,413.8412077795544,95
2024-09-18 13:46:23.376,413.84438037214585,101
2024-09-18 13:46:23.746,413.8540868903937,999
2024-09-18 13:46:24.007,413.85327114243,1003
2024-09-18 13:46:24.063,41.38611416242508,105
2024-09-18 13:46:24.227,413.8390531398044,9
2024-09-18 13:46:24.294,,1002
2024-09-18 13:46:24.685,413.8623436751555,1003
2024-09-18 13:46:25.440,413.87491386410136,6
2024-09-18 13:46:25.654,413.8635474548863,1003
2024-09-18 13:46:25.904,413.894440132508,9
2024-09-18 13:46:25.950,413.85702226065433,998
2024-09-18 13:46:27.091,413.898589842203,102
2024-09-18 13:46:27.397,413.9008765560112,12
2024-09-18 13:46:28.000,413.8987322984573,6
2024-09-18 13:46:28.004,413.9536123339398,15
2024-09-18 13:46:28.033,413.9280694440876,1003
2024-09-18 13:46:28.053,413.91476852546725,1002
2024-09-18 13:46:28.121,413.9379596777955,8
2024-09-18 13:46:28.121,413.9413818092025,9
2024-09-18 13:46:28.139,413.92351070283394,996
2024-09-18 13:46:28.210,413.9393208065262,102
2024-09-18 13:46:28.319,413.8860539313776,1001
2024-09-18 13:46:28.369,413.9482606657061,13
2024-09-18 13:46:28.391,413.9408017202379,6
2024-09-18 13:46:28.414,413.927086494909,995
2024-09-18 13:46:28.428,413.8961447592157,1002
2024-09-18 13:46:28.431,413.9278257200472,102
2024-09-18 13:46:28.447,413.9168188632703,95
2024-09-18 13:46:28.495,413.9185917051258,1001
2024-09-18 13:46:28.543,413.9392239584449,101
2024-09-18 13:46:28.672,413.9827501045697,9
2024-09-18 13:46:28.720,413.975053853133,14
2024-09-18 13:46:28.722,413.97514202295366,15
2024-09-18 13:46:28.723,413.9020003792241,6
2024-09-18 13:46:28.741,413.97892967997007,6
2024-09-18 13:46:28.828,-413.98613410774885,1000
2024-09-18 13:46:28.839,413.9642355254395,1003
2024-09-18 13:46:28.880,413.9758432107974,9
2024-09-18 13:46:28.889,413.96421794968415,104
2024-09-18 13:46:28.892,-413.9107531146151,14
2024-09-18 13:46:28.902,413.97741587524,98
2024-09-18 13:46:28.906,413.8885242993644,997
2024-09-18 13:46:28.994,413.9257647499096,101
2024-09-18 13:46:29.743,413.9711120348638,1003
2024-09-18 13:46:29.946,413.9841365342162,99
2024-09-18 13:46:30.034,413.9945795740863,997
2024-09-18 13:46:30.121,413.9880878498921,996
2024-09-18 13:46:30.272,414.0021723471013,14
2024-09-18 13:46:30.422,413.9956169890828,997
2024-09-18 13:46:30.509,413.9769557389363,97
2024-09-18 13:46:30.519,414.0119846772305,5
2024-09-18 13:46:30.527,413.9889890603893,96
2024-09-18 13:46:30.591,413.99362184071526,14
2024-09-18 13:46:30.778,413.9689592906991,103
2024-09-18 13:46:30.827,413.9649878901165,997
2024-09-18 13:46:31.471,413.9881464519452,98
2024-09-18 13:46:31.481,413.9978459259533,995
2024-09-18 13:46:31.896,413.9787589342964,995
2024-09-18 13:46:32.042,414.0207463035612,8
2024-09-18 13:46:32.104,413.94934150291016,998
2024-09-18 13:46:32.201,413.9546944056657,101
2024-09-18 13:46:32.223,414.0222614234546,98
2024-09-18 13:46:32.333,414.0085515166026,96
2024-09-18 13:46:32.400,414.0245272390521,9
2024-09-18 13:46:32.448,413.9906469217015,1000
2024-09-18 13:46:32.467,414.0047115530821,9
2024-09-18 13:46:32.491,414.0331252769748,96
2024-09-18 13:46:32.507,414.0353943735772,13
2024-09-18 13:46:32.560,414.02911588939287,5
2024-09-18 13:46:32.590,413.9869522127567,104
2024-09-18 13:46:32.605,413.9911098363871,100
2024-09-18 13:46:32.672,414.0293094282337,100
2024-09-18 13:46:32.786,414.0077696520815,1002
2024-09-18 13:46:32.853,413.98404084487936,96
2024-09-18 13:46:32.904,414.0327378857469,998
2024-09-18 13:46:32.919,413.9745009013108,104
2024-09-18 13:46:32.972,413.9844213677298,97
2024-09-18 13:46:32.974,413.99879411896137,14
2024-09-18 13:46:33.047,413.9403795765434,6
2024-09-18 13:46:33.053,413.96453316150144,1004
2024-09-18 13:46:33.154,413.9849526892385,100
2024-09-18 13:46:33.246,413.9554711039188,1004
2024-09-18 13:46:33.267,414.0075400474176,12
2024-09-18 13:46:33.269,413.9823124215562,101
2024-09-18 13:46:33.427,413.9633041930179,15
2024-09-18 13:46:33.500,413.99395116103886,13
2024-09-18 13:46:33.514,414.004046227316,98
2024-09-18 13:46:33.592,413.9601672229846,1004
2024-09-18 13:46:33.624,413.9429911324684,7
2024-09-18 13:46:33.625,413.992405989356,99
2024-09-18 13:46:33.686,414.0006158538261,1005
2024-09-18 13:46:33.807,414.0073472782831,100
2024-09-18 13:46:33.988,414.0070238575229,101
2024-09-18 13:46:34.083,413.9599262724173,10
2024-09-18 13:46:34.194,413.9734802073197,8
2024-09-18 13:46:34.201,413.9851169959258,98
2024-09-18 13:46:34.297,413.96311258933326,1001
2024-09-18 13:46:34.310,413.9878926856563,12
2024-09-18 13:46:34.558,413.9605093578731,97
2024-09-18 13:46:34.576,413.9800743636692,999
2024-09-18 13:46:34.640,413.97386218201774,6
2024-09-18 13:46:34.753,413.9518465549568,998
2024-09-18 13:46:34.957,413.9694396523879,996
2024-09-18 13:46:35.086,413.9665995662823,102
2024-09-18 13:46:35.119,413.9838206834256,8
2024-09-18 13:46:35.307,414.0000940328775,104
2024-09-18 13:46:35.429,413.998633860777,97
2024-09-18 13:46:35.806,414.00031699367486,101
2024-09-18 13:46:35.891,413.9732642444965,11
2024-09-18 13:46:36.034,413.9441448524629,6
2024-09-18 13:46:36.061,413.92203338522165,100
2024-09-18 13:46:36.082,413.9514376892917,997
2024-09-18 13:46:36.090,413.9603536088706,103
2024-09-18 13:46:36.113,413.9346016379056,99
2024-09-18 13:46:36.158,413.9264391458312,997
2024-09-18 13:46:36.174,413.99647121408685,1000
2024-09-18 13:46:36.280,413.9556125931263,15
2024-09-18 13:46:36.320,413.97084769481273,97
2024-09-18 13:46:36.382,413.99370826268336,997
2024-09-18 13:46:36.399,413.9139188078504,14
2024-09-18 13:46:36.416,413.95045719982943,14
2024-09-18 13:46:36.456,413.97903696344827,7
2024-09-18 13:46:36.461,413.94480761182285,95
2024-09-18 13:46:36.468,413.9751621364098,103
2024-09-18 13:46:36.468,413.9575167016782,1004
2024-09-18 13:46:36.471,413.9974377819093,105
2024-09-18 13:46:36.555,414.0127883379957,7
2024-09-18 13:46:36.562,413.99202496441785,104
2024-09-18 13:46:36.563,413.9276494959088,11
2024-09-18 13:46:36.611,413.9068741050332,11
2024-09-18 13:46:36.656,413.9823266022796,996
2024-09-18 13:46:36.724,-413.9495317622811,103
2024-09-18 13:46:36.768,413.9673450950661,996
2024-09-18 13:46:36.872,413.9867348549743,1005
2024-09-18 13:46:36.876,413.9445023115867,13
2024-09-18 13:46:36.899,413.9351652987436,1000
2024-09-18 13:46:36.991,413.9550030196031,96
2024-09-18 13:46:37.016,414.0713413669369,995
2024-09-18 13:46:37.066,413.9435976618753,7
2024-09-18 13:46:37.067,413.9335535186109,99
2024-09-18 13:46:37.088,413.9591438090284,1001
2024-09-18 13:46:37.158,413.95145128165257,9
2024-09-18 13:46:37.205,414.0215025831545,104
2024-09-18 13:46:37.288,414.0118236652544,8
2024-09-18 13:46:37.294,413.9206290966792,5
2024-09-18 13:46:37.348,41.40571588771038,6
2024-09-18 13:46:37.358,413.9091595969064,95
2024-09-18 13:46:37.368,414.0093394115409,1000
2024-09-18 13:46:37.412,413.9683745399714,1003
2024-09-18 13:46:37.499,414.0197780334676,997
2024-09-18 13:46:37.592,413.9183655324033,99
2024-09-18 13:46:37.617,414.0322767346318,11
2024-09-18 13:46:37.633,413.9469519376629,5
2024-09-18 13:46:37.650,414.0350006782156,13
2024-09-18 13:46:37.692,413.94814966183645,1004
2024-09-18 13:46:37.824,413.9409501179483,104
2024-09-18 13:46:37.826,413.905637056828,999
2024-09-18 13:46:37.843,413.9263046102795,99
2024-09-18 13:46:37.844,413.98567582945935,5
2024-09-18 13:46:37.874,413.94115619293086,95
2024-09-18 13:46:37.877,414.0080962251725,96
2024-09-18 13:46:37.895,414.0126291218157,1003
2024-09-18 13:46:37.984,414.0546174440268,13
2024-09-18 13:46:38.122,414.0296680516423,100
2024-09-18 13:46:38.146,414.0257065579873,97
2024-09-18 13:46:38.150,414.04079139342906,996
2024-09-18 13:46:38.155,414.04839586109694,10
2024-09-18 13:46:38.186,414.0368500927367,105
2024-09-18 13:46:38.511,414.0580919255861,96
2024-09-18 13:46:38.631,414.0528131472065,999
2024-09-18 13:46:38.687,414.0361953396577,999
2024-09-18 13:46:39.015,414.0531836510568,998
2024-09-18 13:46:39.038,414.0682396573967,997
2024-09-18 13:46:39.064,414.1373406542271,1002
2024-09-18 13:46:39.070,414.1247668141539,98
2024-09-18 13:46:39.150,414.0956402172727,5
2024-09-18 13:46:39.161,414.07070971975446,104
2024-09-18 13:46:39.176,414.0682537168544,15
2024-09-18 13:46:39.229,414.06205484746994,1003
2024-09-18 13:46:39.281,414.0572621572791,1005
2024-09-18 13:46:39.310,414.1138607942961,1002
2024-09-18 13:46:39.336,414.0694769629426,95
2024-09-18 13:46:39.411,414.1103705422598,997
2024-09-18 13:46:39.508,414.1176424673382,1002
2024-09-18 13:46:39.529,414.0509341538109,997
2024-09-18 13:46:39.655,414.0389380880817,101
2024-09-18 13:46:39.666,414.0927072534739,99
2024-09-18 13:46:39.675,414.0836541651169,7
2024-09-18 13:46:39.699,414.0575760346517,1005
2024-09-18 13:46:39.711,414.0719225491375,7
2024-09-18 13:46:39.719,414.1111075319519,104
2024-09-18 13:46:39.723,414.0776853966877,95
2024-09-18 13:46:39.805,414.0433119287597,95
2024-09-18 13:46:39.825,414.0507677151404,1000
2024-09-18 13:46:39.865,414.0623015441298,15
2024-09-18 13:46:39.899,414.1008879551592,11
2024-09-18 13:46:39.923,414.0745369919338,103
2024-09-18 13:46:39.966,414.0659140131097,104
2024-09-18 13:46:40.007,414.07671915961225,998
2024-09-18 13:46:40.066,414.1086703058541,7
2024-09-18 13:46:40.153,414.0943209535268,95
2024-09-18 13:46:40.176,414.0795560933045,96
2024-09-18 13:46:40.197,414.12123766231247,100
2024-09-18 13:46:40.226,414.0567726000932,995
2024-09-18 13:46:40.227,414.1237426945404,1002
2024-09-18 13:46:40.228,414.10459585341255,97
2024-09-18 13:46:40.242,414.08585112886567,15
2024-09-18 13:46:40.282,414.07466451521583,13
2024-09-18 13:46:40.349,414.0672347412972,997
2024-09-18 13:46:40.354,414.1162314445413,14
2024-09-18 13:46:40.361,414.0585625381985,97
2024-09-18 13:46:40.364,414.0913372080004,1005
2024-09-18 13:46:40.383,414.0862091694925,6
2024-09-18 13:46:40.387,414.1327880237136,97
2024-09-18 13:46:40.400,414.08828267945074,103
2024-09-18 13:46:40.552,414.0998208198641,13
2024-09-18 13:46:40.569,414.0859704163312,999
2024-09-18 13:46:40.616,414.0924140886893,1001
2024-09-18 13:46:40.663,414.07825364579554,8
2024-09-18 13:46:40.683,414.0777932365671,996
2024-09-18 13:46:40.709,414.05881549749694,998
2024-09-18 13:46:40.737,414.1012553029082,7
2024-09-18 13:46:40.748,414.1032377604764,14
2024-09-18 13:46:40.768,414.1172837400823,5
2024-09-18 13:46:40.809,414.07461053309976,8
2024-09-18 13:46:40.814,414.093021781709,999
2024-09-18 13:46:40.916,414.0649143886865,97
2024-09-18 13:46:41.007,414.095703023153,100
2024-09-18 13:46:41.075,414.1371751043827,5
2024-09-18 13:46:41.097,414.1057330091968,999
2024-09-18 13:46:41.107,414.0931523423879,96
2024-09-18 13:46:41.162,414.1177503292664,1004
2024-09-18 13:46:41.419,414.1065048829092,1005
2024-09-18 13:46:41.645,414.1302385974676,1001
2024-09-18 13:46:41.803,414.1297901778182,102
2024-09-18 13:46:41.816,414.1108245146102,101
2024-09-18 13:46:41.867,414.1529773951384,1003
2024-09-18 13:46:41.869,414.0949878504793,103
2024-09-18 13:46:41.946,414.1112749711245,997
2024-09-18 13:46:41.979,414.0965888477541,1005
2024-09-18 13:46:42.001,414.12047223224295,8
2024-09-18 13:46:42.022,414.1718936465695,9
2024-09-18 13:46:42.082,414.1741127292249,999
2024-09-18 13:46:42.097,414.1343129729444,11
2024-09-18 13:46:42.112,414.1186518620837,10
2024-09-18 13:46:42.212,414.1808454849065,11
2024-09-18 13:46:42.226,414.166191760352,105
2024-09-18 13:46:42.244,414.1677913479173,8
2024-09-18 13:46:42.282,414.1167622034389,8
2024-09-18 13:46:42.282,414.1703310378768,1001
2024-09-18 13:46:42.357,414.1636690714759,102
2024-09-18 13:46:42.409,414.15247152122936,12
2024-09-18 13:46:42.428,414.12077930159705,103
2024-09-18 13:46:42.478,414.1692930469004,96
2024-09-18 13:46:42.520,414.10662670158615,998
2024-09-18 13:46:42.606,414.1579327712146,13
2024-09-18 13:46:42.639,414.1205158957487,996
2024-09-18 13:46:42.717,-414.1153662798709,998
2024-09-18 13:46:42.867,414.157795689226,999
2024-09-18 13:46:42.926,414.1112903992478,1002
2024-09-18 13:46:42.950,414.1625585640697,99
2024-09-18 13:46:43.019,414.1066848257327,1001
2024-09-18 13:46:43.031,414.1360138264598,99
2024-09-18 13:46:43.043,414.1450005800779,105
2024-09-18 13:46:43.048,414.1370590417946,9
2024-09-18 13:46:43.137,414.1524837214499,1004
2024-09-18 13:46:43.171,414.1180704355012,10
2024-09-18 13:46:43.177,414.1491933050692,5
2024-09-18 13:46:43.191,414.114648315924,1004
2024-09-18 13:46:43.222,414.163233434896,12
2024-09-18 13:46:43.235,414.15110790440144,99
2024-09-18 13:46:43.326,414.143290172452,104
2024-09-18 13:46:43.366,414.18555551077947,1003
2024-09-18 13:46:43.371,414.18113014254914,14
2024-09-18 13:46:43.401,414.161771257004,98
2024-09-18 13:46:43.415,414.1395464256287,97
2024-09-18 13:46:43.429,414.143519668909,1005
2024-09-18 13:46:43.462,414.1562425281294,12
2024-09-18 13:46:43.463,414.1605833756684,997
2024-09-18 13:46:43.484,414.17046919759326,15
2024-09-18 13:46:43.533,414.1912414885544,7
2024-09-18 13:46:43.628,414.1250005973644,1004
2024-09-18 13:46:43.639,414.1594533808919,5
2024-09-18 13:46:43.677,414.13699188365,102
2024-09-18 13:46:43.806,414.1587896318716,11
2024-09-18 13:46:43.861,414.17297220244495,998
2024-09-18 13:46:43.870,414.16917809186464,1003
2024-09-18 13:46:43.948,414.11698832254376,103
2024-09-18 13:46:43.969,414.1677290736382,1004
2024-09-18 13:46:44.041,414.16305058992407,100
2024-09-18 13:46:44.073,414.1816385106446,12
2024-09-18 13:46:44.087,414.1609705083296,995
2024-09-18 13:46:44.135,414.11853063968186,11
2024-09-18 13:46:44.163,414.17679379495127,15
2024-09-18 13:46:44.184,414.1826250308835,96
2024-09-18 13:46:44.258,414.14208537366295,5
2024-09-18 13:46:44.311,414.1789465458196,1003
2024-09-18 13:46:44.341,414.1593394445198,1000
2024-09-18 13:46:44.352,414.1531852731301,97
2024-09-18 13:46:44.444,414.1244880848436,95
2024-09-18 13:46:44.448,414.1477033416485,12
2024-09-18 13:46:44.469,414.1347335097837,10
2024-09-18 13:46:44.552,414.1587788238365,104
2024-09-18 13:46:44.590,414.1528379875216,1004
2024-09-18 13:46:44.596,414.1938458070492,104
2024-09-18 13:46:44.695,414.1597220367801,1004
2024-09-18 13:46:44.758,414.1568356327056,1002
2024-09-18 13:46:44.797,414.146657519642,11
2024-09-18 13:46:44.889,414.1682045591496,997
2024-09-18 13:46:44.902,414.1713009941315,995
2024-09-18 13:46:44.906,414.1833581925604,998
2024-09-18 13:46:44.921,414.16036470662937,15
2024-09-18 13:46:44.934,414.1455771187567,13
2024-09-18 13:46:44.989,414.1738325707177,98
2024-09-18 13:46:45.002,414.1617196704039,6
2024-09-18 13:46:45.131,414.1797722213967,10
2024-09-18 13:46:45.229,414.1253429959775,98
2024-09-18 13:46:45.264,414.1297715387221,98
2024-09-18 13:46:45.276,414.1359214020304,1003
2024-09-18 13:46:45.313,414.170502642124,102
2024-09-18 13:46:45.326,414.1480809952875,11
2024-09-18 13:46:45.379,414.14541619209706,100
2024-09-18 13:46:45.423,414.1868233743509,99
2024-09-18 13:46:45.502,414.1737773144344,14
2024-09-18 13:46:45.721,414.1656552552325,15
2024-09-18 13:46:45.728,414.1308497014693,95
2024-09-18 13:46:45.762,414.17035785932,100
2024-09-18 13:46:45.795,414.1173655443035,9
2024-09-18 13:46:45.804,414.1425357397732,104
2024-09-18 13:46:45.862,414.13901160786594,100
2024-09-18 13:46:45.925,414.16850127577766,1004
2024-09-18 13:46:45.931,414.1373915682842,10
2024-09-18 13:46:45.948,414.1236764773868,1002
2024-09-18 13:46:45.978,414.1121103330081,98
2024-09-18 13:46:45.998,414.1369910325488,997
2024-09-18 13:46:46.102,414.2102948126556,8
2024-09-18 13:46:46.300,414.1867657985573,99
2024-09-18 13:46:46.331,414.1968833756401,9
2024-09-18 13:46:46.371,414.2023212882512,101
2024-09-18 13:46:46.387,414.1927398570568,8
2024-09-18 13:46:46.445,414.2000630410935,98
2024-09-18 13:46:46.447,414.20044586995175,995
2024-09-18 13:46:46.454,414.2324463578775,6
2024-09-18 13:46:46.461,414.205933388208,1005
2024-09-18 13:46:46.772,414.2136924828095,98
2024-09-18 13:46:46.830,414.2069586285784,6
2024-09-18 13:46:46.877,414.2078928144371,998
2024-09-18 13:46:46.891,414.2093800408823,1002
2024-09-18 13:46:46.900,,105
2024-09-18 13:46:47.007,414.297749649157,100
2024-09-18 13:46:47.020,414.2777500220889,996
2024-09-18 13:46:47.074,414.24635030895627,11
2024-09-18 13:46:47.235,414.2557482310074,105
2024-09-18 13:46:47.265,414.312486766254,998
2024-09-18 13:46:47.321,414.32182897348144,101
2024-09-18 13:46:47.362,414.3077683820872,6
2024-09-18 13:46:47.505,414.308222167812,95
2024-09-18 13:46:47.531,414.2880681100762,6
2024-09-18 13:46:47.538,414.2811587444241,97
2024-09-18 13:46:47.539,414.3089272664144,101
2024-09-18 13:46:47.788,414.3044115934503,8
2024-09-18 13:46:47.811,414.3003754174805,1005
2024-09-18 13:46:47.872,414.2827523039165,100
2024-09-18 13:46:47.910,414.2989414613274,15
2024-09-18 13:46:47.911,414.26219034185686,12
2024-09-18 13:46:47.913,414.3098511580911,104
2024-09-18 13:46:47.945,414.2881983612328,1001
2024-09-18 13:46:48.006,414.35768789196857,6
2024-09-18 13:46:48.109,414.35338127278425,104
2024-09-18 13:46:48.120,414.3340607092382,997
2024-09-18 13:46:48.149,414.3121333750503,10
2024-09-18 13:46:48.451,414.3281349230977,998
2024-09-18 13:46:48.500,414.3038831923153,11
2024-09-18 13:46:48.540,414.3080071717641,15
2024-09-18 13:46:48.586,414.32103744006287,8
2024-09-18 13:46:49.020,-414.4051612427201,12
2024-09-18 13:46:49.021,414.38967306776607,1000
2024-09-18 13:46:49.069,414.396095494876,15
2024-09-18 13:46:49.095,414.3939149499348,1004
2024-09-18 13:46:49.144,414.4119574965268,1002
2024-09-18 13:46:49.188,414.4045906085666,100
2024-09-18 13:46:49.205,414.40501172055735,15
2024-09-18 13:46:49.256,414.39732000021576,105
2024-09-18 13:46:49.317,414.3858084332595,105
2024-09-18 13:46:49.368,414.3656895702672,1003
2024-09-18 13:46:49.385,414.3757210337086,102
2024-09-18 13:46:49.409,414.3974256387401,100
2024-09-18 13:46:49.415,414.3808785389775,100
2024-09-18 13:46:49.456,414.40598401150646,5
2024-09-18 13:46:49.604,414.4067235476573,99
2024-09-18 13:46:49.667,414.3970203294149,6
2024-09-18 13:46:49.691,414.3746447122823,1004
2024-09-18 13:46:49.772,414.3800237424263,998
2024-09-18 13:46:49.784,414.3879221251533,97
2024-09-18 13:46:49.794,414.3791930359645,96
2024-09-18 13:46:49.796,414.4005810320426,13
2024-09-18 13:46:49.865,414.3965086955359,1002
2024-09-18 13:46:49.926,414.4108531015169,1003
2024-09-18 13:46:49.934,414.40994775171794,998
2024-09-18 13:46:49.941,414.3580068486113,101
2024-09-18 13:46:50.028,414.3999852914324,95
2024-09-18 13:46:50.034,414.39691685405,1005
2024-09-18 13:46:50.121,414.3317727659728,1001
2024-09-18 13:46:50.170,414.3747404530484,998
2024-09-18 13:46:50.237,414.3812046039656,95
2024-09-18 13:46:50.359,414.3589463880839,1005
2024-09-18 13:46:50.433,414.3270935100476,10
2024-09-18 13:46:50.439,414.4013631043045,1000
2024-09-18 13:46:50.472,414.3948257443932,997
2024-09-18 13:46:50.634,414.3390296063346,104
2024-09-18 13:46:50.646,414.3207595189159,9
2024-09-18 13:46:50.653,414.3766999787168,5
2024-09-18 13:46:50.664,414.33664634426304,102
2024-09-18 13:46:50.689,414.3677519563146,96
2024-09-18 13:46:50.841,414.3230010266445,12
2024-09-18 13:46:50.963,414.3668050951006,997
2024-09-18 13:46:51.021,414.34235685638606,104
2024-09-18 13:46:51.066,414.3033984890544,96
2024-09-18 13:46:51.280,414.3252485824414,995
2024-09-18 13:46:51.384,414.3175200531366,1003
2024-09-18 13:46:51.597,414.3369140148568,103
2024-09-18 13:46:51.853,414.3220604781024,15
2024-09-18 13:46:51.895,414.30044991684633,998
2024-09-18 13:46:51.928,414.33728926116027,102
2024-09-18 13:46:52.267,414.3288161879447,98
2024-09-18 13:46:52.320,414.3103753809179,995
2024-09-18 13:46:53.104,414.2201172514149,1003
2024-09-18 13:46:53.108,414.286492823322,14
2024-09-18 13:46:53.170,414.2394504297854,14
2024-09-18 13:46:53.175,414.2253828171261,99
2024-09-18 13:46:53.248,414.2828370763641,15
2024-09-18 13:46:53.282,41.42350980444561,10
2024-09-18 13:46:53.289,-414.219490391916,13
2024-09-18 13:46:53.328,414.2630566648159,999
2024-09-18 13:46:53.372,414.2293426080221,1004
2024-09-18 13:46:53.380,414.2489941048504,10
2024-09-18 13:46:53.427,414.2262340232109,99
2024-09-18 13:46:53.432,414.2179971608554,5
2024-09-18 13:46:53.434,414.2959679960484,103
2024-09-18 13:46:53.463,414.2527600007229,12
2024-09-18 13:46:53.473,414.2386721723204,105
2024-09-18 13:46:53.555,414.2174300210461,8
2024-09-18 13:46:53.575,414.3078562675208,996
2024-09-18 13:46:53.582,414.2597569170856,995
2024-09-18 13:46:53.722,414.260207763637,998
2024-09-18 13:46:53.774,414.2253185356524,104
2024-09-18 13:46:53.825,414.2776228735386,105
2024-09-18 13:46:53.829,414.2538886335607,12
2024-09-18 13:46:53.969,414.224124791562,998
2024-09-18 13:46:53.993,414.2386207463312,996
2024-09-18 13:46:54.121,414.2026067469897,6
2024-09-18 13:46:54.147,414.2032625798671,96
2024-09-18 13:46:54.333,414.161205423732,103
2024-09-18 13:46:54.357,414.20397629604633,100
2024-09-18 13:46:54.395,414.1427473261146,999
2024-09-18 13:46:54.421,414.2034806655335,9
2024-09-18 13:46:54.448,414.1834308335583,998
2024-09-18 13:46:54.453,414.1523529342746,999
2024-09-18 13:46:54.552,414.2115985609735,1005
2024-09-18 13:46:54.680,414.208941196157,104
2024-09-18 13:46:54.686,414.169597209888,1002
2024-09-18 13:46:54.789,414.1893912429305,8
2024-09-18 13:46:54.854,414.18033303441206,98
2024-09-18 13:46:54.881,414.1401490090879,96
2024-09-18 13:46:54.959,414.12506183280726,1000
2024-09-18 13:46:55.044,414.1258070449879,10
2024-09-18 13:46:55.062,414.1312755276629,13
2024-09-18 13:46:55.243,414.13897377184855,13
2024-09-18 13:46:55.249,414.1569111019552,997
2024-09-18 13:46:55.263,414.11776452690174,99
2024-09-18 13:46:55.546,41.41301649523121,99
2024-09-18 13:46:55.679,414.13039237266526,10
2024-09-18 13:46:55.779,414.1298269502341,102
2024-09-18 13:46:55.850,414.13943305624673,1000
2024-09-18 13:46:55.923,414.13947534213446,9
2024-09-18 13:46:55.964,414.10542490091495,95
2024-09-18 13:46:55.981,414.1374673833957,997
2024-09-18 13:46:56.040,414.1665681735009,1001
2024-09-18 13:46:56.041,414.15670100884574,5
2024-09-18 13:46:56.045,414.15572506809866,14
2024-09-18 13:46:56.084,414.1280241099178,1003
2024-09-18 13:46:56.098,414.1265379989848,9
2024-09-18 13:46:56.165,414.1700095889279,997
2024-09-18 13:46:56.304,414.1684761182401,10
2024-09-18 13:46:56.329,414.1712973262331,7
2024-09-18 13:46:56.335,414.1320987093867,98
2024-09-18 13:46:56.340,414.1397110799848,96
2024-09-18 13:46:56.396,414.1607003652936,101
2024-09-18 13:46:56.454,414.15827203276393,995
2024-09-18 13:46:56.466,414.12887070946056,999
2024-09-18 13:46:56.481,414.1362889617539,101
2024-09-18 13:46:56.513,414.1238505074057,1002
2024-09-18 13:46:56.626,414.1786231244985,105
2024-09-18 13:46:56.630,414.1188198833932,1002
2024-09-18 13:46:56.726,414.1634208539344,9
2024-09-18 13:46:56.755,414.166125086942,998
2024-09-18 13:46:56.817,414.1792662198735,99
2024-09-18 13:46:56.908,414.1417300239962,1002
2024-09-18 13:46:56.922,414.1395956244832,10
2024-09-18 13:46:56.924,414.16548663472105,98
2024-09-18 13:46:56.941,414.1649468863701,14
2024-09-18 13:46:56.941,414.18661225297006,1005
2024-09-18 13:46:57.005,414.1548099455229,14
2024-09-18 13:46:57.008,-414.1493753048043,97
2024-09-18 13:46:57.019,414.0978636103555,105
2024-09-18 13:46:57.045,414.1488033230071,1002
2024-09-18 13:46:57.058,414.1427471043689,1002
2024-09-18 13:46:57.131,414.1661225452012,1005
2024-09-18 13:46:57.245,414.1395846416992,99
2024-09-18 13:46:57.282,414.0860902914697,11
2024-09-18 13:46:57.290,414.1332854872091,95
2024-09-18 13:46:57.400,414.12002431049785,99
2024-09-18 13:46:57.554,414.0908070537182,7
2024-09-18 13:46:57.579,414.14029395226254,103
2024-09-18 13:46:57.623,414.08689388364826,5
2024-09-18 13:46:57.662,414.096433819424,996
2024-09-18 13:46:57.744,414.1006073588612,95
2024-09-18 13:46:57.815,414.08108732667785,8
2024-09-18 13:46:58.043,414.08712608522654,1002
2024-09-18 13:46:58.184,414.0627466749487,5
2024-09-18 13:46:58.187,414.07641909075176,1001
2024-09-18 13:46:58.237,414.0686913237449,103
2024-09-18 13:46:58.264,414.07070616594615,8
2024-09-18 13:46:58.299,414.0673076997319,105
2024-09-18 13:46:58.358,414.0892908535426,1004
2024-09-18 13:46:58.359,414.08144472432986,1002
2024-09-18 13:46:58.382,414.0731201631569,6
2024-09-18 13:46:58.411,414.07008409826506,13
2024-09-18 13:46:58.430,414.07800639653806,8
2024-09-18 13:46:58.438,414.0737020460568,1003
2024-09-18 13:46:58.513,414.1054101624629,105
2024-09-18 13:46:58.522,414.0718544066611,100
2024-09-18 13:46:58.646,414.079554290328,5
2024-09-18 13:46:58.657,414.07086351239855,1003
2024-09-18 13:46:58.706,414.0848857277731,11
2024-09-18 13:46:58.718,414.0875588502115,1003
2024-09-18 13:46:58.744,414.07023605439366,103
2024-09-18 13:46:58.781,414.060772437865,1000
2024-09-18 13:46:58.862,414.076868285628,5
2024-09-18 13:46:58.963,414.0803324492276,97
2024-09-18 13:46:59.033,414.066292007459,98
2024-09-18 13:46:59.093,414.0979344694883,95
2024-09-18 13:46:59.126,414.09364850804417,5
2024-09-18 13:46:59.172,41.40330839016371,9
2024-09-18 13:46:59.220,414.0747936186585,1003
2024-09-18 13:46:59.411,414.0383317878715,1001
2024-09-18 13:46:59.587,414.0819391330569,1002
2024-09-18 13:46:59.636,414.0640085577551,15
2024-09-18 13:46:59.689,414.0528275022461,998
2024-09-18 13:46:59.691,-414.0605413779321,100
2024-09-18 13:46:59.699,414.05933691663927,104
2024-09-18 13:46:59.773,414.03949812312806,1002
2024-09-18 13:46:59.830,414.0851429702,102
2024-09-18 13:46:59.837,414.0504544334739,99
2024-09-18 13:46:59.860,414.04707143291625,1000
2024-09-18 13:46:59.865,414.0658559119103,14
2024-09-18 13:46:59.887,414.0628165276629,100
2024-09-18 13:46:59.887,414.0527883664909,9
2024-09-18 13:46:59.918,414.0674000125361,98
2024-09-18 13:46:59.934,414.0678679367842,105
2024-09-18 13:46:59.966,414.0924416539343,12
