Timestamp,Price,Size
2024-09-17 10:39:00.072,,98
2024-09-17 10:39:00.107,41.519714394272384,11
2024-09-17 10:39:00.143,415.2401393280852,98
2024-09-17 10:39:00.191,415.2564815612664,1001
2024-09-17 10:39:00.193,415.2090205519152,13
2024-09-17 10:39:00.227,415.2506471215499,995
2024-09-17 10:39:00.242,,104
2024-09-17 10:39:00.270,415.2242242907929,13
2024-09-17 10:39:00.405,415.2508278635885,15
2024-09-17 10:39:00.433,415.20610215047554,10
2024-09-17 10:39:00.474,415.24375465422,11
2024-09-17 10:39:00.476,415.2419822289703,13
2024-09-17 10:39:00.526,415.2531663519917,96
2024-09-17 10:39:00.540,415.2277159985209,102
2024-09-17 10:39:00.632,415.1905213556992,101
2024-09-17 10:39:00.642,415.26001559290455,100
2024-09-17 10:39:00.667,415.2443568708866,5
2024-09-17 10:39:00.686,415.2091381271022,102
2024-09-17 10:39:00.770,415.222542159089,1000
2024-09-17 10:39:00.817,415.2120863161345,97
2024-09-17 10:39:00.879,415.25137553498337,11
2024-09-17 10:39:00.915,415.2350017533494,103
2024-09-17 10:39:00.947,415.2179649596915,1002
2024-09-17 10:39:00.963,415.21064080652894,96
2024-09-17 10:39:00.985,415.1980230259242,99
2024-09-17 10:39:01.053,415.2649333335372,15
2024-09-17 10:39:01.078,415.2622423863138,1005
2024-09-17 10:39:01.101,415.2890288996923,14
2024-09-17 10:39:01.275,415.2761137273462,1005
2024-09-17 10:39:01.340,415.2608366634938,1001
2024-09-17 10:39:01.454,415.2455404688863,14
2024-09-17 10:39:01.576,415.2970292186027,98
2024-09-17 10:39:01.639,415.264572786233,97
2024-09-17 10:39:01.646,415.2852217686215,995
2024-09-17 10:39:01.647,415.2790698325177,8
2024-09-17 10:39:01.749,415.26666346260265,99
2024-09-17 10:39:01.898,415.25687399981865,996
2024-09-17 10:39:01.940,-415.2946817812434,1004
2024-09-17 10:39:02.022,415.2230451434687,997
2024-09-17 10:39:02.024,415.2131007595147,105
2024-09-17 10:39:02.119,415.240669988381,5
2024-09-17 10:39:02.123,415.2419107245876,103
2024-09-17 10:39:02.127,415.22391955498153,996
2024-09-17 10:39:02.138,,9
2024-09-17 10:39:02.363,415.29132515297886,997
2024-09-17 10:39:02.532,415.2329569738636,6
2024-09-17 10:39:02.757,415.2317748039306,1003
2024-09-17 10:39:02.821,415.2449862096321,96
2024-09-17 10:39:02.888,415.2691876043588,11
2024-09-17 10:39:03.109,415.2224543693045,998
2024-09-17 10:39:03.132,415.2283236547496,1005
2024-09-17 10:39:03.140,415.1922887559299,5
2024-09-17 10:39:03.306,415.18308409797714,6
2024-09-17 10:39:03.326,415.1918855169453,11
2024-09-17 10:39:03.478,415.21289442227857,95
2024-09-17 10:39:03.515,415.1979914431079,105
2024-09-17 10:39:03.588,415.22458404431967,995
2024-09-17 10:39:03.616,415.2177286659703,98
2024-09-17 10:39:03.668,415.2111511593274,9
2024-09-17 10:39:03.687,415.1776752404858,99
2024-09-17 10:39:03.690,415.1900238150966,96
2024-09-17 10:39:03.806,415.2088990344112,14
2024-09-17 10:39:03.815,415.19526039395424,102
2024-09-17 10:39:03.879,415.2177955410787,9
2024-09-17 10:39:03.974,415.21813378716126,1001
2024-09-17 10:39:04.002,415.2284850969057,997
2024-09-17 10:39:04.290,415.20356740887087,996
2024-09-17 10:39:04.807,415.2211251945552,1003
2024-09-17 10:39:05.014,415.2359999719381,101
2024-09-17 10:39:05.020,415.2603246577386,103
2024-09-17 10:39:05.024,415.2231572032371,99
2024-09-17 10:39:05.037,415.1979162089233,105
2024-09-17 10:39:05.088,415.2079166948294,996
2024-09-17 10:39:05.236,415.2447098903055,104
2024-09-17 10:39:05.265,415.2542379977276,9
2024-09-17 10:39:05.285,415.2465687662652,99
2024-09-17 10:39:05.417,415.1835106787286,102
2024-09-17 10:39:05.419,415.2350251097921,6
2024-09-17 10:39:05.419,415.2458697775565,996
2024-09-17 10:39:05.443,415.1931390035559,98
2024-09-17 10:39:05.480,415.2322615341273,1004
2024-09-17 10:39:05.481,415.2469142861655,999
2024-09-17 10:39:05.490,415.2498391685795,11
2024-09-17 10:39:05.530,415.2351734575485,104
2024-09-17 10:39:05.688,415.2412495836316,100
2024-09-17 10:39:05.799,415.2164157889181,11
2024-09-17 10:39:05.829,415.2382074668312,9
2024-09-17 10:39:05.849,-415.234437002795,1000
2024-09-17 10:39:05.851,415.2558216411808,995
2024-09-17 10:39:05.867,415.2488701613016,103
2024-09-17 10:39:05.917,415.2499977868619,11
2024-09-17 10:39:05.953,415.2402777833254,105
2024-09-17 10:39:05.976,415.2285511629162,8
2024-09-17 10:39:05.991,415.2411824120648,7
2024-09-17 10:39:06.108,415.2823342182723,96
2024-09-17 10:39:06.213,415.2961154287598,96
2024-09-17 10:39:06.243,415.3126821011117,996
2024-09-17 10:39:06.305,415.2779945807838,997
2024-09-17 10:39:06.341,415.2982362287022,7
2024-09-17 10:39:06.342,415.250594875056,5
2024-09-17 10:39:06.412,415.2428496873695,14
2024-09-17 10:39:06.445,415.2531555626378,1000
2024-09-17 10:39:06.507,415.3002058237975,15
2024-09-17 10:39:06.557,415.2446235724801,103
2024-09-17 10:39:06.557,415.2960656457906,97
2024-09-17 10:39:06.597,415.2985944711712,8
2024-09-17 10:39:06.857,415.3080595871642,1003
2024-09-17 10:39:07.150,,95
2024-09-17 10:39:07.155,415.3284100208773,1005
2024-09-17 10:39:07.175,415.3597218521309,9
2024-09-17 10:39:07.205,415.3209481426901,10
2024-09-17 10:39:07.234,415.3093940608715,96
2024-09-17 10:39:07.250,415.39561097091706,95
2024-09-17 10:39:07.300,415.32208160888285,11
2024-09-17 10:39:07.357,415.3100063691016,1005
2024-09-17 10:39:07.419,415.3467142586881,97
2024-09-17 10:39:07.421,415.32302361844313,11
2024-09-17 10:39:07.463,415.3398797184506,996
2024-09-17 10:39:07.487,415.31274100399867,102
2024-09-17 10:39:07.587,415.31307858553936,998
2024-09-17 10:39:07.633,415.3423750015922,11
2024-09-17 10:39:07.636,415.3657609455567,996
2024-09-17 10:39:07.726,415.3136025847037,100
2024-09-17 10:39:07.863,415.3272431731175,1002
2024-09-17 10:39:07.927,,997
2024-09-17 10:39:08.173,415.4625128350773,1001
2024-09-17 10:39:08.202,415.3942546982338,12
2024-09-17 10:39:08.210,415.4594230380774,999
2024-09-17 10:39:08.213,415.4562964967395,6
2024-09-17 10:39:08.223,415.4145171108963,95
2024-09-17 10:39:08.235,415.4947219469007,12
2024-09-17 10:39:08.248,415.5011225123234,101
2024-09-17 10:39:08.249,415.4899910882418,7
2024-09-17 10:39:08.265,415.4994152910045,101
2024-09-17 10:39:08.277,415.4160120167721,1004
2024-09-17 10:39:08.348,415.3945681961592,997
2024-09-17 10:39:08.363,415.4412905542892,996
2024-09-17 10:39:08.378,415.42575237881687,15
2024-09-17 10:39:08.385,,97
2024-09-17 10:39:08.473,415.4657214831554,995
2024-09-17 10:39:08.482,415.4992127124538,5
2024-09-17 10:39:08.499,415.3959587538507,98
2024-09-17 10:39:08.510,415.4894935088066,11
2024-09-17 10:39:08.666,415.4495975882527,1004
2024-09-17 10:39:08.680,415.4316753894075,8
2024-09-17 10:39:08.692,415.48254041496784,7
2024-09-17 10:39:08.730,415.49149141139736,98
2024-09-17 10:39:08.806,415.4017418821538,12
2024-09-17 10:39:08.843,415.4130007598577,14
2024-09-17 10:39:08.886,415.4867289529207,1004
2024-09-17 10:39:08.900,415.40378585093526,100
2024-09-17 10:39:08.964,415.4001699227472,998
2024-09-17 10:39:09.027,415.5286568198953,1003
2024-09-17 10:39:09.040,415.5413867627261,104
2024-09-17 10:39:09.089,415.533404264131,11
2024-09-17 10:39:09.334,415.54753992881336,101
2024-09-17 10:39:09.388,415.5085707133444,96
2024-09-17 10:39:09.390,415.52122000436367,998
2024-09-17 10:39:09.459,415.5186643427726,13
2024-09-17 10:39:09.487,415.56203082669737,97
2024-09-17 10:39:09.627,415.5162819856903,97
2024-09-17 10:39:09.776,415.5239352878037,1005
2024-09-17 10:39:09.875,415.5388587912414,1000
2024-09-17 10:39:09.876,415.5240408782352,98
2024-09-17 10:39:10.006,415.4906068476869,996
2024-09-17 10:39:10.012,415.47726683086233,1005
2024-09-17 10:39:10.083,415.4984877563889,8
2024-09-17 10:39:10.106,415.4560587949419,998
2024-09-17 10:39:10.201,415.4832018946182,100
2024-09-17 10:39:10.225,-415.52158399512825,13
2024-09-17 10:39:10.257,415.4795336447704,15
2024-09-17 10:39:10.336,415.4643674555719,1000
2024-09-17 10:39:10.457,415.5214525077631,103
2024-09-17 10:39:10.458,415.49177967538367,7
2024-09-17 10:39:10.542,415.4649860069888,1005
2024-09-17 10:39:10.547,415.4441413549543,1002
2024-09-17 10:39:10.564,,102
2024-09-17 10:39:10.624,415.4963784232149,1003
2024-09-17 10:39:10.694,415.4565718306103,11
2024-09-17 10:39:10.706,415.488289376452,101
2024-09-17 10:39:10.733,415.5115298785216,105
2024-09-17 10:39:10.788,415.48461377374286,997
2024-09-17 10:39:10.800,415.4807015245792,1000
2024-09-17 10:39:10.875,415.4969120697663,13
2024-09-17 10:39:10.902,41.54608978500738,95
2024-09-17 10:39:10.921,415.4915536802379,96
2024-09-17 10:39:10.964,415.53179285574447,102
2024-09-17 10:39:10.966,415.477526544813,101
2024-09-17 10:39:11.016,415.4701721628457,6
2024-09-17 10:39:11.039,415.4586483091165,98
2024-09-17 10:39:11.039,415.4714350142157,104
2024-09-17 10:39:11.056,415.4493697349212,1004
2024-09-17 10:39:11.198,,6
2024-09-17 10:39:11.252,415.4368920790032,101
2024-09-17 10:39:11.302,,7
2024-09-17 10:39:11.307,415.46967571805146,5
2024-09-17 10:39:11.325,415.4728913366784,101
2024-09-17 10:39:11.368,415.43361625655393,96
2024-09-17 10:39:11.418,415.4846484535623,103
2024-09-17 10:39:11.443,415.46469285224526,99
2024-09-17 10:39:11.524,415.4442939498831,98
2024-09-17 10:39:11.550,415.4633050399836,103
2024-09-17 10:39:11.565,415.4549571940891,7
2024-09-17 10:39:11.592,415.4245023755544,995
2024-09-17 10:39:11.606,415.4725763488871,102
2024-09-17 10:39:11.609,415.44368528381546,105
2024-09-17 10:39:11.621,415.4635889842103,9
2024-09-17 10:39:11.653,415.47823514506047,999
2024-09-17 10:39:11.673,415.47745147311525,1000
2024-09-17 10:39:11.705,415.4450382510167,5
2024-09-17 10:39:11.712,415.46092838397664,1000
2024-09-17 10:39:11.770,415.4336484708497,100
2024-09-17 10:39:11.788,415.4369052327655,1000
2024-09-17 10:39:11.838,415.4651298302003,10
2024-09-17 10:39:11.842,415.45610513373725,96
2024-09-17 10:39:11.891,415.46535089557705,98
2024-09-17 10:39:11.977,415.4335322699479,100
2024-09-17 10:39:12.016,415.41375521501504,995
2024-09-17 10:39:12.088,415.4203523838706,1003
2024-09-17 10:39:12.097,415.433402350429,998
2024-09-17 10:39:12.138,415.3755936439251,11
2024-09-17 10:39:12.208,415.4414394171624,10
2024-09-17 10:39:12.212,415.4219300046036,96
2024-09-17 10:39:12.280,415.3856147403285,13
2024-09-17 10:39:12.328,415.44484271510856,8
2024-09-17 10:39:12.386,415.4598898634545,7
2024-09-17 10:39:12.415,415.4100614711056,95
2024-09-17 10:39:12.437,415.4590670010853,11
2024-09-17 10:39:12.573,,6
2024-09-17 10:39:12.573,415.4344801583221,95
2024-09-17 10:39:12.635,415.42147965543273,995
2024-09-17 10:39:12.638,415.4118346463511,95
2024-09-17 10:39:12.671,415.4158383520073,100
2024-09-17 10:39:12.737,415.4214298134932,7
2024-09-17 10:39:12.810,415.4294715632469,995
2024-09-17 10:39:12.883,415.4391549606025,1003
2024-09-17 10:39:12.908,415.42136256305565,97
2024-09-17 10:39:12.958,415.4185960741614,998
2024-09-17 10:39:12.978,415.4508199208603,102
2024-09-17 10:39:13.084,415.3800480379168,102
2024-09-17 10:39:13.128,415.4146984207648,10
2024-09-17 10:39:13.134,415.4787561699519,96
2024-09-17 10:39:13.196,415.4753008349041,9
2024-09-17 10:39:13.201,41.54686451089601,1000
2024-09-17 10:39:13.274,415.439520658494,1003
2024-09-17 10:39:13.281,415.47842318362177,15
2024-09-17 10:39:13.335,415.4622464810758,5
2024-09-17 10:39:13.338,415.3958184562712,14
2024-09-17 10:39:13.345,415.4649514848638,100
2024-09-17 10:39:13.448,415.456388241085,102
2024-09-17 10:39:13.448,415.4706395548405,997
2024-09-17 10:39:13.486,415.4856997051403,7
2024-09-17 10:39:13.582,415.4880474436792,105
2024-09-17 10:39:13.645,415.4880462503223,998
2024-09-17 10:39:13.729,415.4225628482816,15
2024-09-17 10:39:13.989,415.3965778143476,1002
2024-09-17 10:39:14.067,415.48648222550537,998
2024-09-17 10:39:14.156,415.4805831968387,6
2024-09-17 10:39:14.184,415.45847101375614,11
2024-09-17 10:39:14.202,415.4918064050905,997
2024-09-17 10:39:14.345,415.4875449623117,1004
2024-09-17 10:39:14.401,415.4849941494739,996
2024-09-17 10:39:14.415,415.4569109692304,95
2024-09-17 10:39:14.717,415.47999854000295,997
2024-09-17 10:39:14.830,415.4842893729104,98
2024-09-17 10:39:14.866,415.4799644706696,97
2024-09-17 10:39:15.032,-415.4783800512617,7
2024-09-17 10:39:15.091,415.4895438726938,998
2024-09-17 10:39:15.136,415.4823891731621,1004
2024-09-17 10:39:15.152,415.47540422722136,1000
2024-09-17 10:39:15.166,415.4794333822954,10
2024-09-17 10:39:15.180,415.4665374149399,105
2024-09-17 10:39:15.192,415.5075375158468,8
2024-09-17 10:39:15.209,415.4578525185084,99
2024-09-17 10:39:15.233,415.4775635845868,15
2024-09-17 10:39:15.238,415.48604060224255,105
2024-09-17 10:39:15.290,415.46345477461534,15
2024-09-17 10:39:15.335,415.4646314644431,7
2024-09-17 10:39:15.442,415.4784417984497,10
2024-09-17 10:39:15.444,415.4759982623803,8
2024-09-17 10:39:15.445,415.4629671999844,96
2024-09-17 10:39:15.509,415.4724719980976,13
2024-09-17 10:39:15.510,415.46416303190006,100
2024-09-17 10:39:15.541,-415.4643380069706,1001
2024-09-17 10:39:15.542,415.4805642461687,1002
2024-09-17 10:39:15.588,415.4887876943485,9
2024-09-17 10:39:15.722,415.4991752300909,98
2024-09-17 10:39:15.833,415.4716295283302,103
2024-09-17 10:39:15.844,415.4826469502887,1002
2024-09-17 10:39:15.912,415.516584644216,15
2024-09-17 10:39:15.932,415.4629403176753,103
2024-09-17 10:39:15.949,415.4942844704632,1000
2024-09-17 10:39:15.983,415.4755842106717,1000
2024-09-17 10:39:16.131,415.5305306530999,96
2024-09-17 10:39:16.204,415.52298678577273,7
2024-09-17 10:39:16.571,415.5077700522263,105
2024-09-17 10:39:16.680,415.4940251870012,100
2024-09-17 10:39:16.783,415.5211247731347,8
2024-09-17 10:39:17.122,415.53561853670726,11
2024-09-17 10:39:17.255,415.5187599940364,100
2024-09-17 10:39:17.468,415.5269758823226,100
2024-09-17 10:39:17.597,415.5364646063388,100
2024-09-17 10:39:17.629,415.5124746922621,1001
2024-09-17 10:39:17.631,415.50689657335175,13
2024-09-17 10:39:17.903,415.54418774935147,998
2024-09-17 10:39:17.924,415.5223472639156,96
2024-09-17 10:39:18.043,415.5481423695095,97
2024-09-17 10:39:18.152,415.53042964630265,1003
2024-09-17 10:39:18.269,415.5594460727492,98
2024-09-17 10:39:18.276,415.5550566464151,104
2024-09-17 10:39:18.368,415.5132287509681,5
2024-09-17 10:39:18.387,415.541579030262,1000
2024-09-17 10:39:18.682,415.56206278979073,1001
2024-09-17 10:39:18.828,415.5376392271782,100
2024-09-17 10:39:18.839,415.5528757295883,9
2024-09-17 10:39:18.849,415.545939269804,95
2024-09-17 10:39:19.041,415.549066194387,1005
2024-09-17 10:39:19.130,415.530225114849,1000
2024-09-17 10:39:19.147,415.5165397888067,7
2024-09-17 10:39:19.211,415.5421956418903,9
2024-09-17 10:39:19.248,415.5257285033499,999
2024-09-17 10:39:19.255,415.5473269487161,96
2024-09-17 10:39:19.316,415.5193089665488,14
2024-09-17 10:39:19.352,415.50803391372665,105
2024-09-17 10:39:19.365,415.55297803496927,998
2024-09-17 10:39:19.371,415.5601378260548,12
2024-09-17 10:39:19.377,415.56478703943935,104
2024-09-17 10:39:19.453,415.5643851440673,1000
2024-09-17 10:39:19.454,415.5588680587446,1004
2024-09-17 10:39:19.500,415.5623571106909,1000
2024-09-17 10:39:19.684,415.5184002547484,99
2024-09-17 10:39:19.820,415.56077752133336,1000
2024-09-17 10:39:19.952,415.5027480441136,13
2024-09-17 10:39:19.954,415.565771134594,10
2024-09-17 10:39:20.013,415.46838291806506,5
2024-09-17 10:39:20.294,415.4897035585861,1002
2024-09-17 10:39:20.380,415.49557776199936,10
2024-09-17 10:39:20.404,415.4753437592055,104
2024-09-17 10:39:20.419,415.4989749266,999
2024-09-17 10:39:20.428,415.51591356975314,103
2024-09-17 10:39:20.458,415.48468531882304,1004
2024-09-17 10:39:20.506,415.4673394470968,999
2024-09-17 10:39:20.509,415.47605379184097,997
2024-09-17 10:39:20.607,415.4673142814178,1005
2024-09-17 10:39:20.720,415.48419294929926,9
2024-09-17 10:39:20.721,415.5038013785341,1000
2024-09-17 10:39:20.793,415.47914490377775,11
2024-09-17 10:39:21.130,415.4965746405508,100
2024-09-17 10:39:21.177,415.5172015356857,14
2024-09-17 10:39:21.196,41.54854107845922,5
2024-09-17 10:39:21.379,415.51025865818406,1005
2024-09-17 10:39:21.393,415.5181409240641,7
2024-09-17 10:39:21.465,415.5059601274696,11
2024-09-17 10:39:21.527,415.503536769163,995
2024-09-17 10:39:21.570,415.5222453889837,105
2024-09-17 10:39:21.582,415.5013676362116,7
2024-09-17 10:39:21.674,415.5022664906799,6
2024-09-17 10:39:21.731,415.4794320780043,11
2024-09-17 10:39:21.792,415.47139030082064,99
2024-09-17 10:39:21.936,415.48930857273785,1003
2024-09-17 10:39:21.957,415.5158491009733,995
2024-09-17 10:39:22.043,415.50725691732254,97
2024-09-17 10:39:22.083,415.4789869108943,1000
2024-09-17 10:39:22.098,415.499513405799,1000
2024-09-17 10:39:22.346,415.4708512443039,101
2024-09-17 10:39:22.429,415.4983263779241,997
2024-09-17 10:39:22.447,415.4989418857757,9
2024-09-17 10:39:22.542,415.49158281295,999
2024-09-17 10:39:22.621,415.489665656789,103
2024-09-17 10:39:22.656,415.4947806328768,13
2024-09-17 10:39:22.660,415.4751058840499,1004
2024-09-17 10:39:23.087,415.4569528460627,95
2024-09-17 10:39:23.490,415.4807752202251,1002
2024-09-17 10:39:23.601,415.4631104240445,95
2024-09-17 10:39:23.686,415.48058925848215,15
2024-09-17 10:39:23.965,415.4960238833499,100
2024-09-17 10:39:24.020,415.4805423784797,6
2024-09-17 10:39:24.118,415.4120036583536,14
2024-09-17 10:39:24.147,415.4357544309291,999
2024-09-17 10:39:24.284,415.4689412438627,96
2024-09-17 10:39:24.332,415.4463273275279,7
2024-09-17 10:39:24.368,415.421552170774,103
2024-09-17 10:39:24.408,415.4526697927169,6
2024-09-17 10:39:24.524,415.4928399753747,10
2024-09-17 10:39:24.619,415.4786088217882,999
2024-09-17 10:39:24.870,415.4857351676503,103
2024-09-17 10:39:24.893,41.54450088975664,103
2024-09-17 10:39:24.934,415.4351885374746,103
2024-09-17 10:39:24.971,415.441587116354,1000
2024-09-17 10:39:25.161,415.425490344773,98
2024-09-17 10:39:25.588,415.43954264454646,1002
2024-09-17 10:39:26.019,415.4402808692431,1001
2024-09-17 10:39:26.059,415.4474508364059,1004
2024-09-17 10:39:26.066,415.4163939727055,10
2024-09-17 10:39:26.070,415.4380409872276,7
2024-09-17 10:39:26.101,415.4354146308005,7
2024-09-17 10:39:26.125,415.41676666139807,1004
2024-09-17 10:39:26.215,415.432568980707,6
2024-09-17 10:39:26.245,415.4225000335341,102
2024-09-17 10:39:26.268,415.42654502995504,10
2024-09-17 10:39:26.271,415.4393687049311,1003
2024-09-17 10:39:26.412,415.3983653520269,102
2024-09-17 10:39:26.430,415.4135925165702,103
2024-09-17 10:39:26.441,415.4184667934646,14
2024-09-17 10:39:26.720,415.4225440462786,96
2024-09-17 10:39:26.737,415.4149076111872,999
2024-09-17 10:39:26.822,415.4372212096176,98
2024-09-17 10:39:26.940,415.4289401999775,1003
2024-09-17 10:39:26.943,415.43693134603774,1004
2024-09-17 10:39:27.065,415.4573202213852,96
2024-09-17 10:39:27.069,415.4662409734721,15
2024-09-17 10:39:27.130,415.4171295461567,998
2024-09-17 10:39:27.222,415.4153439856999,999
2024-09-17 10:39:27.247,415.4665538647386,14
2024-09-17 10:39:27.254,415.4612281506188,1005
2024-09-17 10:39:27.262,415.4615969182286,100
2024-09-17 10:39:27.324,415.4520983434981,102
2024-09-17 10:39:27.330,415.397635463335,9
2024-09-17 10:39:27.383,415.4262158983704,95
2024-09-17 10:39:27.389,415.4254646731167,7
2024-09-17 10:39:27.494,415.45935478850913,1003
2024-09-17 10:39:27.497,415.4533209175841,1002
2024-09-17 10:39:27.516,415.46022992730553,12
2024-09-17 10:39:27.756,415.4077547157747,996
2024-09-17 10:39:27.886,415.4122265592158,8
2024-09-17 10:39:27.924,415.4576776117967,100
2024-09-17 10:39:27.925,415.46196492184833,103
2024-09-17 10:39:27.933,415.4124100201877,104
2024-09-17 10:39:28.116,415.3745687367692,102
2024-09-17 10:39:28.122,415.3703427585838,1002
2024-09-17 10:39:28.205,415.39420344023495,1004
2024-09-17 10:39:28.216,415.3474473345968,5
2024-09-17 10:39:28.315,415.3873872167869,10
2024-09-17 10:39:28.339,415.3593985957152,1004
2024-09-17 10:39:28.422,415.3961703544292,995
2024-09-17 10:39:28.429,415.3811647725406,995
2024-09-17 10:39:28.468,415.4099740598565,1000
2024-09-17 10:39:28.504,415.3678666715923,13
2024-09-17 10:39:28.522,415.3816735158398,100
2024-09-17 10:39:28.565,415.3638097094653,15
2024-09-17 10:39:28.592,415.3938300577668,5
2024-09-17 10:39:28.679,415.4336389306811,12
2024-09-17 10:39:28.793,415.38018913113166,12
2024-09-17 10:39:28.812,415.364716646691,6
2024-09-17 10:39:28.893,415.3529090366461,997
2024-09-17 10:39:28.928,415.33769513644313,15
2024-09-17 10:39:28.967,415.4293501072379,5
2024-09-17 10:39:28.974,415.3867304062076,997
2024-09-17 10:39:28.981,415.39252904309,103
2024-09-17 10:39:28.986,415.4096703901758,1004
2024-09-17 10:39:28.997,415.3753490726768,996
2024-09-17 10:39:29.015,415.3608390246208,103
2024-09-17 10:39:29.039,415.38591072932064,101
2024-09-17 10:39:29.080,415.36526548999086,14
2024-09-17 10:39:29.092,415.3899442015464,15
2024-09-17 10:39:29.119,415.418634527929,15
2024-09-17 10:39:29.188,415.3710930350115,999
2024-09-17 10:39:29.413,415.37541351414006,1004
2024-09-17 10:39:29.453,415.3902511327406,998
2024-09-17 10:39:29.732,415.3596780355036,95
2024-09-17 10:39:29.961,415.36176281956944,99
2024-09-17 10:39:30.008,415.4583565513271,1005
2024-09-17 10:39:30.046,415.4867254296786,9
2024-09-17 10:39:30.107,415.5059741515337,1004
2024-09-17 10:39:30.148,415.5008796746819,995
2024-09-17 10:39:30.156,415.4798601063315,97
2024-09-17 10:39:30.187,415.45380808306015,102
2024-09-17 10:39:30.191,415.4817842684319,96
2024-09-17 10:39:30.199,415.48942954044577,998
2024-09-17 10:39:30.293,415.4693242048288,10
2024-09-17 10:39:30.299,415.4546869759208,1003
2024-09-17 10:39:30.321,415.41977290503934,1002
2024-09-17 10:39:30.335,415.4470663809885,103
2024-09-17 10:39:30.347,415.46696316112,1002
2024-09-17 10:39:30.358,415.4575518686559,14
2024-09-17 10:39:30.388,415.4629677095288,95
2024-09-17 10:39:30.451,415.50934010665,1001
2024-09-17 10:39:30.475,415.531010925831,1002
2024-09-17 10:39:30.507,415.5140915809986,101
2024-09-17 10:39:30.522,415.4898433025789,1002
2024-09-17 10:39:30.547,415.4688667304167,105
2024-09-17 10:39:30.574,415.49664237049615,104
2024-09-17 10:39:30.590,-415.5232979655052,13
2024-09-17 10:39:30.759,415.47381863326535,105
2024-09-17 10:39:30.767,415.4117403434437,105
2024-09-17 10:39:30.835,415.5012957541528,12
2024-09-17 10:39:30.897,415.45093240721377,998
2024-09-17 10:39:30.936,415.4697630362836,6
2024-09-17 10:39:30.983,415.4548482837696,999
2024-09-17 10:39:31.001,415.4857598575669,7
2024-09-17 10:39:31.003,415.5177726844696,13
2024-09-17 10:39:31.004,415.5255803777638,996
2024-09-17 10:39:31.012,415.5162381110903,1005
2024-09-17 10:39:31.041,415.5152790261712,95
2024-09-17 10:39:31.144,415.5458432485318,11
2024-09-17 10:39:31.155,415.5319493691927,1001
2024-09-17 10:39:31.193,415.52933121432574,996
2024-09-17 10:39:31.224,415.515143782016,1002
2024-09-17 10:39:31.240,415.4917501142564,5
2024-09-17 10:39:31.409,415.5280445457877,96
2024-09-17 10:39:31.442,415.47450692940754,102
2024-09-17 10:39:31.476,415.498746064171,95
2024-09-17 10:39:31.503,415.52840361668615,11
2024-09-17 10:39:31.609,415.5146144069241,996
2024-09-17 10:39:31.722,415.5203589391351,998
2024-09-17 10:39:31.733,415.5095437789785,97
2024-09-17 10:39:31.802,415.53080184207965,999
2024-09-17 10:39:31.871,415.4973386593583,100
2024-09-17 10:39:31.925,415.4819909036803,6
2024-09-17 10:39:31.945,41.55409035591052,997
2024-09-17 10:39:31.979,415.5114888430421,95
2024-09-17 10:39:32.050,415.4538339604482,101
2024-09-17 10:39:32.082,415.4776660910098,102
2024-09-17 10:39:32.231,415.4218590917433,15
2024-09-17 10:39:32.375,415.458666800378,96
2024-09-17 10:39:32.422,415.417537158346,13
2024-09-17 10:39:32.452,415.4031200382824,5
2024-09-17 10:39:32.586,415.4508713116884,5
2024-09-17 10:39:32.668,415.4316338940098,99
2024-09-17 10:39:32.697,415.4763335858325,11
2024-09-17 10:39:32.815,415.4042139760142,6
2024-09-17 10:39:32.895,415.4312951974709,103
2024-09-17 10:39:32.945,415.46707450245015,14
2024-09-17 10:39:32.958,415.4860447078959,1004
2024-09-17 10:39:32.963,415.4273162882992,999
2024-09-17 10:39:32.986,415.4648117517324,7
2024-09-17 10:39:32.991,41.54050706778308,14
2024-09-17 10:39:33.047,415.3850296971421,1001
2024-09-17 10:39:33.155,415.3950010296611,995
2024-09-17 10:39:33.224,415.3918313061675,103
2024-09-17 10:39:33.234,415.3669188220071,7
2024-09-17 10:39:33.277,415.4009264935664,100
2024-09-17 10:39:33.285,415.41423452059234,102
2024-09-17 10:39:33.296,415.4120146138556,105
2024-09-17 10:39:33.393,415.40768128357263,7
2024-09-17 10:39:33.403,415.4046734494368,100
2024-09-17 10:39:33.418,415.3956614785217,101
2024-09-17 10:39:33.421,415.3963186783307,13
2024-09-17 10:39:33.458,415.3809605290272,11
2024-09-17 10:39:33.483,415.3999791823201,1005
2024-09-17 10:39:33.510,415.398284435161,1002
2024-09-17 10:39:33.582,415.3585497960162,99
2024-09-17 10:39:33.648,415.3759440021368,96
2024-09-17 10:39:33.654,415.3696659633897,997
2024-09-17 10:39:33.717,415.406110172965,998
2024-09-17 10:39:33.717,415.4087735353111,95
2024-09-17 10:39:33.744,415.4029243546893,5
2024-09-17 10:39:33.754,415.3871964528094,9
2024-09-17 10:39:33.755,415.422919508829,995
2024-09-17 10:39:33.775,415.39712469538034,101
2024-09-17 10:39:33.778,415.4144442360093,97
2024-09-17 10:39:33.816,415.3629198999442,1001
2024-09-17 10:39:33.914,415.3946371406303,15
2024-09-17 10:39:33.946,415.404043405543,7
2024-09-17 10:39:33.967,415.39766348193086,13
2024-09-17 10:39:34.043,415.3785651699248,1004
2024-09-17 10:39:34.119,415.4107711062077,9
2024-09-17 10:39:34.205,415.37466898268735,8
2024-09-17 10:39:34.233,415.3907255021791,102
2024-09-17 10:39:34.304,415.4082829968135,101
2024-09-17 10:39:34.348,415.3807178990982,13
2024-09-17 10:39:34.368,415.39435705274207,997
2024-09-17 10:39:34.396,415.3926635689315,7
2024-09-17 10:39:34.417,415.40519280802215,7
2024-09-17 10:39:34.421,415.3929422631311,1005
2024-09-17 10:39:34.484,415.4074270031361,7
2024-09-17 10:39:34.495,415.40347201868855,99
2024-09-17 10:39:34.527,415.3813028188535,10
2024-09-17 10:39:34.551,415.3964476328698,997
2024-09-17 10:39:34.562,415.3805645425632,1000
2024-09-17 10:39:34.577,415.3935473504205,1003
2024-09-17 10:39:34.631,415.4019095490381,101
2024-09-17 10:39:34.631,415.39064443002576,104
2024-09-17 10:39:34.690,415.3693388293763,103
2024-09-17 10:39:34.724,415.3875665403471,12
2024-09-17 10:39:34.728,415.3819188239592,6
2024-09-17 10:39:34.797,415.3823648058316,9
2024-09-17 10:39:34.843,415.40649061253566,103
2024-09-17 10:39:34.850,415.3875515345793,998
2024-09-17 10:39:34.899,415.3758240113458,1001
2024-09-17 10:39:34.980,415.4082589270148,11
2024-09-17 10:39:35.035,415.3482671859861,14
2024-09-17 10:39:35.097,415.3730112811315,998
2024-09-17 10:39:35.129,415.32924460471503,1004
2024-09-17 10:39:35.185,415.353980513282,100
2024-09-17 10:39:35.203,415.313876490416,11
2024-09-17 10:39:35.214,415.3505826425853,1004
2024-09-17 10:39:35.242,415.34682281061606,99
2024-09-17 10:39:35.319,415.349825607098,103
2024-09-17 10:39:35.322,415.3175334669143,5
2024-09-17 10:39:35.362,415.3501892987282,996
2024-09-17 10:39:35.368,415.3522606971941,99
2024-09-17 10:39:35.382,415.3459893621416,5
2024-09-17 10:39:35.419,415.3617219058445,12
2024-09-17 10:39:35.435,415.35614796905134,103
2024-09-17 10:39:35.503,415.3603480197633,7
2024-09-17 10:39:35.517,415.3598411470499,95
2024-09-17 10:39:35.625,415.32564837001934,100
2024-09-17 10:39:35.661,415.3578680119898,8
2024-09-17 10:39:35.675,-415.32011492002994,997
2024-09-17 10:39:35.739,415.3328291799179,998
2024-09-17 10:39:35.804,415.3520266979455,12
2024-09-17 10:39:35.826,415.3590235429269,10
2024-09-17 10:39:35.942,415.3483851395996,1000
2024-09-17 10:39:35.952,415.3655741154451,1002
2024-09-17 10:39:35.997,415.3134499347191,14
2024-09-17 10:39:36.195,415.4117218135172,103
2024-09-17 10:39:36.232,415.3920564224707,104
2024-09-17 10:39:36.350,415.43764776393374,995
2024-09-17 10:39:36.451,415.3864881000673,12
2024-09-17 10:39:36.526,415.39525055598,999
2024-09-17 10:39:36.557,415.4311376842186,11
2024-09-17 10:39:36.609,415.4498024313914,97
2024-09-17 10:39:36.623,415.40684549807696,5
2024-09-17 10:39:36.693,415.3951046699629,9
2024-09-17 10:39:36.700,415.4157097895692,102
2024-09-17 10:39:36.736,415.3975318043059,98
2024-09-17 10:39:36.810,415.39864051702295,13
2024-09-17 10:39:36.822,415.4019814636701,9
2024-09-17 10:39:36.885,415.3791690842121,101
2024-09-17 10:39:36.952,415.4186816260846,996
2024-09-17 10:39:36.976,415.3788875648612,11
2024-09-17 10:39:37.048,415.4389581379151,7
2024-09-17 10:39:37.060,415.4901363908277,995
2024-09-17 10:39:37.132,415.45910213042094,100
2024-09-17 10:39:37.185,415.4563595958455,95
2024-09-17 10:39:37.317,415.44972745337446,998
2024-09-17 10:39:37.383,415.48792893626415,98
2024-09-17 10:39:37.409,415.4792427497391,999
2024-09-17 10:39:37.451,415.4878376305824,104
2024-09-17 10:39:37.476,415.4982615366481,995
2024-09-17 10:39:37.484,415.4756534243684,102
2024-09-17 10:39:37.498,415.4686772987811,12
2024-09-17 10:39:37.528,415.4839917789772,9
2024-09-17 10:39:37.569,415.4528697264268,102
2024-09-17 10:39:37.602,415.448645880348,1004
2024-09-17 10:39:37.626,415.443295993102,1005
2024-09-17 10:39:37.673,415.4745951954604,101
2024-09-17 10:39:37.772,415.5020317557264,103
2024-09-17 10:39:37.814,415.4554974552198,8
2024-09-17 10:39:37.834,415.4896280313383,8
2024-09-17 10:39:37.847,415.4638657858696,96
2024-09-17 10:39:37.937,415.4851636742857,1002
2024-09-17 10:39:37.985,415.4531685961747,11
2024-09-17 10:39:38.469,415.462615255292,96
2024-09-17 10:39:38.773,415.46352149174106,15
2024-09-17 10:39:39.033,415.464578268627,999
2024-09-17 10:39:39.156,415.4627643062369,10
2024-09-17 10:39:39.332,415.45557742458095,102
2024-09-17 10:39:39.333,415.4629125909403,97
2024-09-17 10:39:39.368,415.4638381944402,13
2024-09-17 10:39:39.392,415.4378675123901,5
2024-09-17 10:39:39.439,415.4345688357221,104
2024-09-17 10:39:39.468,415.4498148562643,13
2024-09-17 10:39:39.733,415.4499896153567,1001
2024-09-17 10:39:39.799,415.4438090326221,13
2024-09-17 10:39:39.801,415.46079573263887,98
2024-09-17 10:39:39.822,415.4549558973032,995
2024-09-17 10:39:39.963,415.4551280650209,1005
2024-09-17 10:39:40.032,,95
2024-09-17 10:39:40.036,415.44853913354655,5
2024-09-17 10:39:40.073,415.4785949982324,10
2024-09-17 10:39:40.098,415.45912261754586,101
2024-09-17 10:39:40.107,415.4547083234036,1000
2024-09-17 10:39:40.145,415.4676587028924,995
2024-09-17 10:39:40.154,415.4510732682415,1005
2024-09-17 10:39:40.175,415.4867432722573,98
2024-09-17 10:39:40.176,415.49944160520585,8
2024-09-17 10:39:40.180,415.4471222505928,99
2024-09-17 10:39:40.292,415.4265336204889,12
2024-09-17 10:39:40.302,415.4939807543572,105
2024-09-17 10:39:40.310,415.4677679733016,1002
2024-09-17 10:39:40.316,415.4459873983406,102
2024-09-17 10:39:40.445,415.4888568101525,99
2024-09-17 10:39:40.472,41.54975049787959,996
2024-09-17 10:39:40.498,41.54502872094561,1004
2024-09-17 10:39:40.611,415.4189531695478,8
2024-09-17 10:39:40.749,415.48153487361697,998
2024-09-17 10:39:40.774,415.41723481203655,101
2024-09-17 10:39:40.792,415.4958388182794,6
2024-09-17 10:39:40.809,415.48624975222526,9
2024-09-17 10:39:40.817,415.41861863443705,1002
2024-09-17 10:39:40.824,415.485033603306,9
2024-09-17 10:39:40.853,415.4230002535023,104
2024-09-17 10:39:40.889,415.4628263736847,995
2024-09-17 10:39:41.358,415.5159179953096,996
2024-09-17 10:39:41.583,415.5087758107195,9
2024-09-17 10:39:41.629,415.51731359659885,15
2024-09-17 10:39:41.884,415.5080762390894,999
2024-09-17 10:39:41.931,415.5085124414259,999
2024-09-17 10:39:41.993,415.505198257429,5
2024-09-17 10:39:42.071,415.53609833519727,1004
2024-09-17 10:39:42.085,415.5411063127992,6
2024-09-17 10:39:42.094,415.48278172895294,12
2024-09-17 10:39:42.126,415.56761092671394,103
2024-09-17 10:39:42.142,415.5497451253609,6
2024-09-17 10:39:42.168,415.5573435347273,103
2024-09-17 10:39:42.171,415.5144375888608,999
2024-09-17 10:39:42.233,415.54747269003104,96
2024-09-17 10:39:42.247,415.5321408470813,996
2024-09-17 10:39:42.283,415.5382498088753,6
2024-09-17 10:39:42.398,415.54530530801696,96
2024-09-17 10:39:42.436,415.55598801507153,99
2024-09-17 10:39:42.462,415.4903053197793,13
2024-09-17 10:39:42.656,415.4924505410769,6
2024-09-17 10:39:42.660,415.4976102986375,101
2024-09-17 10:39:42.667,415.4623428688412,15
2024-09-17 10:39:42.694,415.5314632195235,11
2024-09-17 10:39:42.717,415.54359061734726,100
2024-09-17 10:39:42.807,415.53477953559695,96
2024-09-17 10:39:42.814,415.5296096779187,103
2024-09-17 10:39:42.893,415.5696604658916,1000
2024-09-17 10:39:42.906,415.54809144568895,12
2024-09-17 10:39:42.960,415.5375003448799,95
2024-09-17 10:39:42.974,415.5512501269364,1005
2024-09-17 10:39:43.009,415.5374684653512,997
2024-09-17 10:39:43.126,415.5425905219188,996
2024-09-17 10:39:43.196,415.5122851001517,100
2024-09-17 10:39:43.222,415.54220483809735,9
2024-09-17 10:39:43.245,415.52495289273503,96
2024-09-17 10:39:43.355,415.5340092938992,96
2024-09-17 10:39:43.380,415.5098339579347,999
2024-09-17 10:39:43.469,415.5240758556608,5
2024-09-17 10:39:43.473,415.5382526688281,102
2024-09-17 10:39:43.492,415.5374584248003,1002
2024-09-17 10:39:43.526,415.5389592805996,1000
2024-09-17 10:39:43.545,415.5324736156481,998
2024-09-17 10:39:43.588,415.5184367388454,102
2024-09-17 10:39:43.602,415.5449697280512,1001
2024-09-17 10:39:43.736,415.5336647297463,1001
2024-09-17 10:39:43.774,415.5680888475548,105
2024-09-17 10:39:43.798,415.5431219422584,96
2024-09-17 10:39:44.879,415.5944499343186,10
2024-09-17 10:39:45.109,415.5601916976852,10
2024-09-17 10:39:46.072,415.6272407368944,997
2024-09-17 10:39:46.080,415.6208761730238,98
2024-09-17 10:39:46.113,415.56482962137807,99
2024-09-17 10:39:46.169,415.56388087880754,96
2024-09-17 10:39:46.238,415.59447127013794,15
2024-09-17 10:39:46.362,415.5979006490415,95
2024-09-17 10:39:46.371,,96
2024-09-17 10:39:46.387,415.60866273660406,1003
2024-09-17 10:39:46.403,415.6172522836973,5
2024-09-17 10:39:46.454,415.59636424433296,996
2024-09-17 10:39:46.514,415.6032536632835,97
2024-09-17 10:39:46.528,415.5719012154341,10
2024-09-17 10:39:46.529,415.5999722961951,1002
2024-09-17 10:39:46.583,-415.6015046928762,7
2024-09-17 10:39:46.608,415.62867806379705,995
2024-09-17 10:39:46.644,415.56874997057,99
2024-09-17 10:39:46.654,415.5626550396368,104
2024-09-17 10:39:46.655,415.5860457795376,1000
2024-09-17 10:39:46.686,415.6162971344879,8
2024-09-17 10:39:46.696,415.5780408377409,6
2024-09-17 10:39:46.735,415.5875108155154,15
2024-09-17 10:39:46.746,415.61452685268137,104
2024-09-17 10:39:46.860,415.5776433672088,99
2024-09-17 10:39:46.941,415.5757285285832,95
2024-09-17 10:39:46.979,415.6116255637965,11
2024-09-17 10:39:47.042,415.6350966433379,98
2024-09-17 10:39:47.057,415.66115911832367,100
2024-09-17 10:39:47.101,415.68113978622495,101
2024-09-17 10:39:47.105,415.6753357811882,102
2024-09-17 10:39:47.113,415.6357651453938,104
2024-09-17 10:39:47.229,415.66202105801983,104
2024-09-17 10:39:47.256,415.6281501194503,1000
2024-09-17 10:39:47.295,415.6238538618156,8
2024-09-17 10:39:47.316,415.6485645056877,11
2024-09-17 10:39:47.415,415.6586916342113,1004
2024-09-17 10:39:47.455,415.6609912215308,1001
2024-09-17 10:39:47.509,-415.6337715927983,996
2024-09-17 10:39:47.620,415.6583885716196,9
2024-09-17 10:39:47.755,415.65994571331527,995
2024-09-17 10:39:47.909,415.6635454948308,7
2024-09-17 10:39:47.939,415.61495579537024,103
2024-09-17 10:39:48.146,415.6509257052739,97
2024-09-17 10:39:48.300,415.645883652238,6
2024-09-17 10:39:48.302,415.6552951807549,10
2024-09-17 10:39:48.375,415.63302758730646,97
2024-09-17 10:39:48.470,415.6517133598675,5
2024-09-17 10:39:48.569,415.6319277261188,7
2024-09-17 10:39:48.721,415.6340779983505,12
2024-09-17 10:39:48.731,415.6434260879461,1004
2024-09-17 10:39:49.017,415.66356639677366,13
2024-09-17 10:39:49.064,415.6183428193284,1004
2024-09-17 10:39:49.071,415.6810536875792,15
2024-09-17 10:39:49.087,415.6771049255895,1001
2024-09-17 10:39:49.107,415.6483856421687,1003
2024-09-17 10:39:49.119,415.6818609481942,95
2024-09-17 10:39:49.283,415.65643549586594,1003
2024-09-17 10:39:49.314,415.6779431994926,1005
2024-09-17 10:39:49.424,415.6251898449881,98
2024-09-17 10:39:49.460,415.6881324338719,10
2024-09-17 10:39:49.520,415.6938764335154,96
2024-09-17 10:39:49.523,415.6480502719131,96
2024-09-17 10:39:49.580,415.656364429452,998
2024-09-17 10:39:49.583,415.6659512382664,101
2024-09-17 10:39:49.617,415.7025461996265,5
2024-09-17 10:39:49.634,415.63256350216966,1000
2024-09-17 10:39:49.635,415.6512865686086,5
2024-09-17 10:39:49.652,415.6890019025722,14
2024-09-17 10:39:49.736,415.68042505598766,6
2024-09-17 10:39:49.895,415.6674276213411,999
2024-09-17 10:39:50.215,415.6932477277272,8
2024-09-17 10:39:50.559,415.7013776616753,99
2024-09-17 10:39:50.626,415.6998022900137,1004
2024-09-17 10:39:50.794,415.710673210689,1004
2024-09-17 10:39:50.986,415.7005630114492,997
2024-09-17 10:39:51.004,415.75980085803855,6
2024-09-17 10:39:51.014,415.7583015352821,13
2024-09-17 10:39:51.098,41.57552529061483,104
2024-09-17 10:39:51.140,415.7467610914805,103
2024-09-17 10:39:51.186,415.7711307671254,1004
2024-09-17 10:39:51.209,415.77368361090873,1004
2024-09-17 10:39:51.215,415.74735493487583,5
2024-09-17 10:39:51.260,415.75816235207134,1002
2024-09-17 10:39:51.312,415.751279477182,14
2024-09-17 10:39:51.343,415.7659343320504,1001
2024-09-17 10:39:51.386,415.7552209581944,997
2024-09-17 10:39:51.400,415.76117869663454,7
2024-09-17 10:39:51.516,415.7617803436268,105
2024-09-17 10:39:51.555,415.73924168128127,1000
2024-09-17 10:39:51.593,415.75483349679416,95
2024-09-17 10:39:51.597,415.7198502918493,5
2024-09-17 10:39:51.619,415.7629492495476,1000
2024-09-17 10:39:51.700,415.7651039892005,103
2024-09-17 10:39:51.799,415.7519844796142,996
2024-09-17 10:39:51.836,415.75777271690765,997
2024-09-17 10:39:51.889,415.7559612822624,10
2024-09-17 10:39:51.946,415.7583792880857,7
2024-09-17 10:39:51.954,415.7437554387972,8
2024-09-17 10:39:52.036,415.7768199332834,996
2024-09-17 10:39:52.067,415.74570888989865,97
2024-09-17 10:39:52.155,415.7942012252213,96
2024-09-17 10:39:52.195,415.7317314426624,100
2024-09-17 10:39:52.218,415.7833476923832,1000
2024-09-17 10:39:52.231,415.7419231303832,5
2024-09-17 10:39:52.236,415.8122314518522,103
2024-09-17 10:39:52.257,415.80298301587095,15
2024-09-17 10:39:52.272,415.7643390520839,995
2024-09-17 10:39:52.323,415.7615227695852,997
2024-09-17 10:39:52.342,415.7427775897903,8
2024-09-17 10:39:52.370,415.7251267216675,101
2024-09-17 10:39:52.414,415.7902579398582,97
2024-09-17 10:39:52.429,415.7666958185427,7
2024-09-17 10:39:52.437,415.812759236881,101
2024-09-17 10:39:52.475,415.7963410024447,101
2024-09-17 10:39:52.542,415.7284092078132,103
2024-09-17 10:39:52.575,415.7325226553323,998
2024-09-17 10:39:52.656,415.741755572648,7
2024-09-17 10:39:52.688,415.7480457688635,13
2024-09-17 10:39:52.749,415.7567697045215,7
2024-09-17 10:39:52.759,415.8064307790397,999
2024-09-17 10:39:52.799,415.74662383787137,6
2024-09-17 10:39:52.975,415.8029703861966,14
2024-09-17 10:39:52.978,415.76967823230297,102
2024-09-17 10:39:52.988,415.7697666248922,5
2024-09-17 10:39:53.028,415.78837892452674,7
2024-09-17 10:39:53.096,415.7474603407301,102
2024-09-17 10:39:53.175,415.77504234081215,14
2024-09-17 10:39:53.181,415.74700743024897,999
2024-09-17 10:39:53.263,415.7361941165037,101
2024-09-17 10:39:53.371,415.7356231623976,101
2024-09-17 10:39:53.401,415.7789616576006,104
2024-09-17 10:39:53.422,415.7860885350477,1003
2024-09-17 10:39:53.527,415.7467154862468,102
2024-09-17 10:39:53.577,415.7910161166647,5
2024-09-17 10:39:53.582,415.77294751310615,98
2024-09-17 10:39:53.633,415.7665038586449,1005
2024-09-17 10:39:53.677,415.79407300550497,105
2024-09-17 10:39:53.724,415.8008180140584,95
2024-09-17 10:39:53.766,415.7891656517387,10
2024-09-17 10:39:53.781,41.57508600778058,995
2024-09-17 10:39:53.883,415.80739578151446,101
2024-09-17 10:39:53.897,415.7951186111295,1004
2024-09-17 10:39:53.908,415.80694002203006,5
2024-09-17 10:39:53.980,415.7400514855848,14
2024-09-17 10:39:54.246,415.7150437407497,999
2024-09-17 10:39:54.278,415.70091693447085,5
2024-09-17 10:39:54.331,415.72454640250777,5
2024-09-17 10:39:54.598,415.7137136013736,997
2024-09-17 10:39:54.618,415.7297878376948,98
2024-09-17 10:39:54.678,415.7085782738561,1004
2024-09-17 10:39:54.693,415.7208904958359,999
2024-09-17 10:39:54.793,415.72724130927753,999
2024-09-17 10:39:55.019,415.7027127044217,10
2024-09-17 10:39:55.072,415.73262977975327,1004
2024-09-17 10:39:55.146,415.6979704441604,5
2024-09-17 10:39:55.148,415.7285491902339,99
2024-09-17 10:39:55.163,415.7307076384038,100
2024-09-17 10:39:55.164,415.743517108173,12
2024-09-17 10:39:55.227,415.7250707988116,11
2024-09-17 10:39:55.264,415.7172916679152,6
2024-09-17 10:39:55.290,415.69169827859696,104
2024-09-17 10:39:55.302,415.7201369463529,1005
2024-09-17 10:39:55.313,415.7347595601652,6
2024-09-17 10:39:55.314,415.7101305092448,96
2024-09-17 10:39:55.330,415.72187768480063,996
2024-09-17 10:39:55.358,415.72345398686974,7
2024-09-17 10:39:55.398,415.702552019861,9
2024-09-17 10:39:55.434,415.7294452177324,14
2024-09-17 10:39:55.508,415.7233764618926,103
2024-09-17 10:39:55.537,415.7078254901537,14
2024-09-17 10:39:55.639,415.7043614872468,5
2024-09-17 10:39:55.658,415.70538753832176,95
2024-09-17 10:39:55.667,415.7292704934947,999
2024-09-17 10:39:55.686,415.71983422439297,1004
2024-09-17 10:39:55.720,415.710072212333,998
2024-09-17 10:39:55.729,415.7128173304424,15
2024-09-17 10:39:55.768,415.734080987572,96
2024-09-17 10:39:55.797,415.7251296320383,99
2024-09-17 10:39:55.801,415.7152082815962,12
2024-09-17 10:39:55.836,415.6992497023419,6
2024-09-17 10:39:55.842,415.7366022456655,1004
2024-09-17 10:39:55.971,415.7166301078002,6
2024-09-17 10:39:56.024,415.665033681098,996
2024-09-17 10:39:56.028,415.6798535669759,999
2024-09-17 10:39:56.087,415.6793399697574,13
2024-09-17 10:39:56.105,415.6992445975352,95
2024-09-17 10:39:56.221,415.7007131993798,102
2024-09-17 10:39:56.237,415.650144569527,95
2024-09-17 10:39:56.269,415.6194115034283,997
2024-09-17 10:39:56.330,415.6184972641333,5
2024-09-17 10:39:56.342,415.6780901068452,96
2024-09-17 10:39:56.447,415.6591320846151,96
2024-09-17 10:39:56.456,415.6585316348155,13
2024-09-17 10:39:56.489,415.67949288109867,11
2024-09-17 10:39:56.534,415.6888982529479,8
2024-09-17 10:39:56.552,415.69273803356174,100
2024-09-17 10:39:56.662,415.7045424666435,1003
2024-09-17 10:39:56.684,415.6374251644485,13
2024-09-17 10:39:56.691,415.66585985045214,997
2024-09-17 10:39:56.705,415.70244219627057,98
2024-09-17 10:39:56.719,415.6437136702973,998
2024-09-17 10:39:56.736,415.6591896561808,1003
2024-09-17 10:39:56.749,415.69977040750905,5
2024-09-17 10:39:56.772,415.6717120687722,12
2024-09-17 10:39:56.918,415.6610162684195,7
2024-09-17 10:39:56.933,415.6881704105722,15
2024-09-17 10:39:56.953,415.6675014631216,97
2024-09-17 10:39:56.990,415.65390334362166,997
2024-09-17 10:39:57.123,-415.6555706900977,999
2024-09-17 10:39:57.274,415.67533481863984,105
2024-09-17 10:39:57.801,415.6967290838198,105
2024-09-17 10:39:57.939,415.71528035631655,7
2024-09-17 10:39:58.047,415.6986823827697,998
2024-09-17 10:39:59.016,415.6999274220344,95
2024-09-17 10:39:59.018,415.7041759373996,98
2024-09-17 10:39:59.065,415.6789813349187,1001
2024-09-17 10:39:59.178,415.6856770777316,103
2024-09-17 10:39:59.213,415.68479434940974,12
2024-09-17 10:39:59.282,415.6789801745607,100
2024-09-17 10:39:59.357,415.6826967567187,11
2024-09-17 10:39:59.391,415.6906601572238,996
2024-09-17 10:39:59.412,415.7004985108439,1003
2024-09-17 10:39:59.456,415.6878671714953,1003
2024-09-17 10:39:59.566,415.6881727242552,15
2024-09-17 10:39:59.605,415.6957290783429,97
2024-09-17 10:39:59.612,415.680423295049,10
2024-09-17 10:39:59.680,415.6749716005577,101
2024-09-17 10:39:59.731,415.6896556470722,10
2024-09-17 10:39:59.747,415.6816308354718,14
2024-09-17 10:39:59.764,415.7038942526846,13
2024-09-17 10:39:59.865,41.57020211251009,5
2024-09-17 10:39:59.871,415.68733086232425,95
2024-09-17 10:39:59.993,415.683902495713,14
