Timestamp,Price,Size
2024-09-20 14:41:00.007,430.8709274904628,9
2024-09-20 14:41:00.025,430.8937976752979,95
2024-09-20 14:41:00.112,430.87481363956255,98
2024-09-20 14:41:00.114,430.872272043369,98
2024-09-20 14:41:00.262,430.9006543753996,11
2024-09-20 14:41:00.314,430.9004852039066,996
2024-09-20 14:41:00.329,430.87619555949794,9
2024-09-20 14:41:00.507,430.8729899240108,103
2024-09-20 14:41:00.565,430.8784714232145,101
2024-09-20 14:41:00.605,430.8895904213228,9
2024-09-20 14:41:00.621,430.8877482198526,5
2024-09-20 14:41:00.683,430.8827840940871,996
2024-09-20 14:41:00.791,430.8907061575139,99
2024-09-20 14:41:00.807,430.9085991084427,1000
2024-09-20 14:41:00.841,430.8794986832933,5
2024-09-20 14:41:00.980,430.8740339742876,10
2024-09-20 14:41:01.079,430.92796556242337,7
2024-09-20 14:41:01.106,430.9015194416783,96
2024-09-20 14:41:01.139,430.9374827163284,1001
2024-09-20 14:41:01.174,430.91250985383215,101
2024-09-20 14:41:01.193,430.9459676128804,996
2024-09-20 14:41:01.276,430.9362431264738,101
2024-09-20 14:41:01.324,430.91650949823895,5
2024-09-20 14:41:01.489,430.91513215728605,1005
2024-09-20 14:41:01.510,430.9476406843499,997
2024-09-20 14:41:01.618,43.093039616675824,13
2024-09-20 14:41:01.619,430.9374909985101,13
2024-09-20 14:41:01.652,430.91989390801245,98
2024-09-20 14:41:01.791,430.9090708456153,1000
2024-09-20 14:41:01.895,430.9223981765902,997
2024-09-20 14:41:01.936,430.9376182483724,99
2024-09-20 14:41:01.943,430.938779965508,8
2024-09-20 14:41:01.972,430.9143908988644,998
2024-09-20 14:41:02.049,430.95296351063047,97
2024-09-20 14:41:02.118,430.9437602652981,1000
2024-09-20 14:41:02.138,430.9536499543876,97
2024-09-20 14:41:02.151,430.94076018178674,101
2024-09-20 14:41:02.161,430.9440175868225,7
2024-09-20 14:41:02.367,430.9428694995757,998
2024-09-20 14:41:02.386,430.9339979212962,95
2024-09-20 14:41:02.444,430.9475568076617,105
2024-09-20 14:41:02.445,430.94360457890673,8
2024-09-20 14:41:02.473,430.9407576738752,102
2024-09-20 14:41:02.611,430.9492443544469,995
2024-09-20 14:41:02.620,430.9535218986568,995
2024-09-20 14:41:02.627,430.9652087896097,9
2024-09-20 14:41:02.803,43.09511161763547,102
2024-09-20 14:41:02.828,430.9436700412726,1000
2024-09-20 14:41:02.863,430.95615200237125,15
2024-09-20 14:41:02.886,430.9701155681662,99
2024-09-20 14:41:02.913,430.9442464817503,9
2024-09-20 14:41:02.930,430.9511910364844,14
2024-09-20 14:41:02.939,430.9292470118672,10
2024-09-20 14:41:02.947,430.9632270337095,998
2024-09-20 14:41:03.131,430.9442651731275,998
2024-09-20 14:41:03.212,430.9413449389681,103
2024-09-20 14:41:03.380,430.9399148401784,13
2024-09-20 14:41:03.411,430.9616840876907,98
2024-09-20 14:41:04.026,430.9116421584905,98
2024-09-20 14:41:04.267,430.9031637365258,14
2024-09-20 14:41:04.301,430.9271672793976,12
2024-09-20 14:41:04.434,430.9445580730216,14
2024-09-20 14:41:04.489,430.9352611748852,7
2024-09-20 14:41:04.539,430.9186282625099,997
2024-09-20 14:41:04.713,430.94427638075217,102
2024-09-20 14:41:04.729,430.890468672177,1002
2024-09-20 14:41:04.995,430.920923582357,7
2024-09-20 14:41:05.031,430.82401005725166,102
2024-09-20 14:41:05.035,430.86295233039846,1002
2024-09-20 14:41:05.076,430.84439404277913,96
2024-09-20 14:41:05.088,430.851439814226,1000
2024-09-20 14:41:05.141,430.8775589720317,1000
2024-09-20 14:41:05.226,430.84182975585856,997
2024-09-20 14:41:05.260,430.85513256400174,999
2024-09-20 14:41:05.302,430.8721123413837,102
2024-09-20 14:41:05.387,430.8609962143082,96
2024-09-20 14:41:05.550,430.84600106526005,104
2024-09-20 14:41:05.562,430.8501009948274,100
2024-09-20 14:41:05.670,430.858195550416,11
2024-09-20 14:41:05.685,430.859740258881,97
2024-09-20 14:41:05.774,430.8853552949871,98
2024-09-20 14:41:05.779,430.8464545261099,1002
2024-09-20 14:41:05.788,430.8505267939645,105
2024-09-20 14:41:05.840,430.8661922890837,11
2024-09-20 14:41:05.868,430.8771975589351,996
2024-09-20 14:41:05.952,430.88065705969456,5
2024-09-20 14:41:06.038,430.90390576377945,8
2024-09-20 14:41:06.060,430.8772709403123,9
2024-09-20 14:41:06.095,430.9069975349241,11
2024-09-20 14:41:06.213,430.9084766313303,999
2024-09-20 14:41:06.250,430.9075225164439,1004
2024-09-20 14:41:06.254,430.884678724216,1002
2024-09-20 14:41:06.257,430.8829326847418,97
2024-09-20 14:41:06.282,43.09028006183657,997
2024-09-20 14:41:06.356,430.9128910733497,11
2024-09-20 14:41:06.389,430.86716683007256,15
2024-09-20 14:41:06.417,430.88650234055655,1004
2024-09-20 14:41:06.503,430.90492600096906,99
2024-09-20 14:41:06.559,430.8845635900482,13
2024-09-20 14:41:06.561,430.8988856730983,1003
2024-09-20 14:41:06.638,430.8962700663639,9
2024-09-20 14:41:06.640,430.8925318154588,1004
2024-09-20 14:41:06.728,430.8953647611289,1001
2024-09-20 14:41:06.738,430.8856023677,102
2024-09-20 14:41:06.762,430.8956533284244,103
2024-09-20 14:41:06.778,430.8866034424714,102
2024-09-20 14:41:06.812,430.8511144327872,996
2024-09-20 14:41:06.871,430.8631575612727,98
2024-09-20 14:41:06.874,430.8667980930377,103
2024-09-20 14:41:06.919,430.9104092705415,995
2024-09-20 14:41:06.984,430.8952755133065,15
2024-09-20 14:41:07.134,430.8852504556152,13
2024-09-20 14:41:07.161,430.8759477325178,98
2024-09-20 14:41:07.259,430.8450675143131,998
2024-09-20 14:41:07.515,430.8968987979181,99
2024-09-20 14:41:07.562,430.8867148765254,997
2024-09-20 14:41:07.650,430.87676005559393,13
2024-09-20 14:41:07.692,430.8525497693901,101
2024-09-20 14:41:07.804,430.83706009158254,99
2024-09-20 14:41:08.023,430.82384619324426,998
2024-09-20 14:41:08.046,430.84508035812416,1004
2024-09-20 14:41:08.057,430.8546476477734,6
2024-09-20 14:41:08.074,430.8660224552617,98
2024-09-20 14:41:08.108,430.8391272613563,995
2024-09-20 14:41:08.129,430.878235754279,12
2024-09-20 14:41:08.160,430.8352428147993,1002
2024-09-20 14:41:08.201,430.8264673048456,1001
2024-09-20 14:41:08.283,430.8230772624122,7
2024-09-20 14:41:08.298,430.8760141227032,6
2024-09-20 14:41:08.425,430.8549239336293,97
2024-09-20 14:41:08.455,430.8607095422517,996
2024-09-20 14:41:08.513,430.87162550450864,105
2024-09-20 14:41:08.559,43.08433628451206,8
2024-09-20 14:41:08.626,430.8380958000757,11
2024-09-20 14:41:08.752,430.8518874108636,13
2024-09-20 14:41:08.963,430.81339271991385,105
2024-09-20 14:41:09.047,430.81762016305095,1001
2024-09-20 14:41:09.091,430.8224990700346,6
2024-09-20 14:41:09.116,430.8090106478013,104
2024-09-20 14:41:09.130,430.8094689968204,102
2024-09-20 14:41:09.137,430.8401004648383,1004
2024-09-20 14:41:09.145,430.82032118068776,1000
2024-09-20 14:41:09.156,430.8500832605199,1001
2024-09-20 14:41:09.167,430.8006478655676,1005
2024-09-20 14:41:09.239,430.81656325313526,12
2024-09-20 14:41:09.240,430.8124299397566,1005
2024-09-20 14:41:09.261,430.8316782999589,95
2024-09-20 14:41:09.282,430.7978202866444,14
2024-09-20 14:41:09.301,430.8203278632957,11
2024-09-20 14:41:09.325,430.8294787238914,15
2024-09-20 14:41:09.361,430.8458417018558,1005
2024-09-20 14:41:09.416,430.84133601481153,100
2024-09-20 14:41:09.428,430.8388850537832,105
2024-09-20 14:41:09.448,430.8161101096184,1002
2024-09-20 14:41:09.453,430.8471126666464,1005
2024-09-20 14:41:09.479,430.805922262253,97
2024-09-20 14:41:09.524,430.8555328118942,1002
2024-09-20 14:41:09.553,430.81481867627593,998
2024-09-20 14:41:09.621,430.8659847160463,98
2024-09-20 14:41:09.710,430.8407920224046,101
2024-09-20 14:41:09.797,430.8340519568356,1001
2024-09-20 14:41:09.823,430.8066140232501,997
2024-09-20 14:41:09.889,430.8337461457077,97
2024-09-20 14:41:09.910,-430.8285178375085,96
2024-09-20 14:41:09.916,430.8498747627867,101
2024-09-20 14:41:09.939,430.8360426477623,14
2024-09-20 14:41:10.129,430.8854062255668,99
2024-09-20 14:41:10.196,430.8841328802281,98
2024-09-20 14:41:10.419,430.9078016669585,1004
2024-09-20 14:41:10.478,430.8761666815756,12
2024-09-20 14:41:10.640,430.8996678152319,14
2024-09-20 14:41:10.748,430.8928078971223,5
2024-09-20 14:41:10.787,430.8852081825679,12
2024-09-20 14:41:10.825,430.87928221751446,10
2024-09-20 14:41:10.832,430.9146010797268,7
2024-09-20 14:41:10.902,430.8963397573153,1001
2024-09-20 14:41:10.925,430.90081489982185,1005
2024-09-20 14:41:11.084,430.9207897896949,996
2024-09-20 14:41:11.350,430.8914894072283,7
2024-09-20 14:41:11.393,430.8724602419501,100
2024-09-20 14:41:11.553,-430.9013099007886,11
2024-09-20 14:41:11.783,430.8645676402271,14
2024-09-20 14:41:11.835,430.9208038208344,999
2024-09-20 14:41:11.840,430.857176670925,999
2024-09-20 14:41:12.105,430.81632170649664,99
2024-09-20 14:41:12.124,430.8406334691966,998
2024-09-20 14:41:12.129,430.8437916138533,12
2024-09-20 14:41:12.159,430.8359696276734,997
2024-09-20 14:41:12.169,430.79533474449823,103
2024-09-20 14:41:12.186,430.8558602760007,15
2024-09-20 14:41:12.257,430.8178733336505,1002
2024-09-20 14:41:12.284,430.8275992750436,7
2024-09-20 14:41:12.338,430.8789688325345,95
2024-09-20 14:41:12.414,430.77087350792624,998
2024-09-20 14:41:12.457,430.7628577588658,103
2024-09-20 14:41:12.497,430.8774727132435,101
2024-09-20 14:41:12.523,430.8390173176873,8
2024-09-20 14:41:12.530,430.8219878666959,105
2024-09-20 14:41:12.547,430.8424250316723,101
2024-09-20 14:41:12.601,430.8269123428338,8
2024-09-20 14:41:12.603,430.8282991315165,101
2024-09-20 14:41:12.626,430.8061243806825,10
2024-09-20 14:41:12.652,430.8432279277825,1005
2024-09-20 14:41:12.725,430.794579334044,104
2024-09-20 14:41:12.794,-430.8179569538903,10
2024-09-20 14:41:12.813,430.8310321030918,995
2024-09-20 14:41:12.822,430.8111158667666,999
2024-09-20 14:41:12.860,430.8097490700816,101
2024-09-20 14:41:12.870,430.78688330049226,1003
2024-09-20 14:41:12.872,430.7872544787032,998
2024-09-20 14:41:12.879,430.7781287805902,996
2024-09-20 14:41:12.884,430.7846936547664,96
2024-09-20 14:41:12.887,430.8167026162428,12
2024-09-20 14:41:12.932,430.7968602175157,997
2024-09-20 14:41:13.032,430.7795876856225,9
2024-09-20 14:41:13.044,430.7662127031222,97
2024-09-20 14:41:13.054,430.7635427941295,100
2024-09-20 14:41:13.057,430.7678215401867,13
2024-09-20 14:41:13.118,430.7776969691138,103
2024-09-20 14:41:13.118,430.7813728841395,8
2024-09-20 14:41:13.150,430.761814552976,98
2024-09-20 14:41:13.157,430.75641263886143,13
2024-09-20 14:41:13.168,430.7485535897356,100
2024-09-20 14:41:13.212,430.7540162535777,96
2024-09-20 14:41:13.266,430.7711043070456,10
2024-09-20 14:41:13.291,430.7587478690161,995
2024-09-20 14:41:13.325,430.7658935863379,99
2024-09-20 14:41:13.378,430.7605973435888,95
2024-09-20 14:41:13.407,430.7929266081775,995
2024-09-20 14:41:13.472,430.75110232274506,997
2024-09-20 14:41:13.472,430.80270476220886,9
2024-09-20 14:41:13.533,430.7476272419935,10
2024-09-20 14:41:13.560,430.764076573238,1002
2024-09-20 14:41:13.640,430.7549300130808,7
2024-09-20 14:41:13.699,430.7592667071608,996
2024-09-20 14:41:13.699,422.7675658104315,5
2024-09-20 14:41:13.727,430.7527724364834,1003
2024-09-20 14:41:13.738,430.7559724356075,6
2024-09-20 14:41:13.748,430.7432524561872,100
2024-09-20 14:41:13.826,430.7847001658521,102
2024-09-20 14:41:13.922,430.7899574975093,12
2024-09-20 14:41:13.960,430.75361233233554,1001
2024-09-20 14:41:14.074,430.73814009408665,999
2024-09-20 14:41:14.171,430.7371211426192,1003
2024-09-20 14:41:14.306,430.7325461012783,11
2024-09-20 14:41:14.353,430.72437300470034,98
2024-09-20 14:41:14.439,430.75353183562856,997
2024-09-20 14:41:14.461,430.7278140219035,98
2024-09-20 14:41:14.563,430.719159217946,5
2024-09-20 14:41:14.808,430.7241250928853,9
2024-09-20 14:41:14.843,430.7508518082328,95
2024-09-20 14:41:15.115,430.7424912520848,104
2024-09-20 14:41:15.323,430.72929372626464,9
2024-09-20 14:41:15.385,422.6231904979736,998
2024-09-20 14:41:15.764,430.73895258826,6
2024-09-20 14:41:16.054,430.827387087785,104
2024-09-20 14:41:16.212,430.7859946753749,1004
2024-09-20 14:41:16.251,430.7660297605741,997
2024-09-20 14:41:16.280,430.7790073524046,998
2024-09-20 14:41:16.295,430.8303479467485,14
2024-09-20 14:41:16.655,430.82945637386695,8
2024-09-20 14:41:16.853,430.8439032624,105
2024-09-20 14:41:16.981,430.8381977048959,98
2024-09-20 14:41:17.140,430.8241374504028,1000
2024-09-20 14:41:17.817,430.82644916583325,12
2024-09-20 14:41:17.981,430.8215336727092,15
2024-09-20 14:41:18.022,430.9066384837693,100
2024-09-20 14:41:18.154,430.88882577375085,1005
2024-09-20 14:41:18.181,430.92250695889226,9
2024-09-20 14:41:18.301,430.9098071774411,997
2024-09-20 14:41:18.386,430.85593470517233,1002
2024-09-20 14:41:18.386,430.9032994987818,995
2024-09-20 14:41:18.414,430.9030321277512,1001
2024-09-20 14:41:18.422,430.8471834293364,1003
2024-09-20 14:41:18.602,430.8627372730063,98
2024-09-20 14:41:18.697,430.89767728406525,10
2024-09-20 14:41:18.714,430.8177335701304,101
2024-09-20 14:41:18.730,430.8863877794192,96
2024-09-20 14:41:18.738,430.9209781543457,1003
2024-09-20 14:41:18.777,430.913941128817,11
2024-09-20 14:41:18.795,430.9151661285524,15
2024-09-20 14:41:18.860,430.89472269788257,997
2024-09-20 14:41:18.919,430.8570043474968,12
2024-09-20 14:41:19.182,430.9167406724764,7
2024-09-20 14:41:19.227,430.8994156326637,1000
2024-09-20 14:41:19.364,430.9099674823606,99
2024-09-20 14:41:19.404,430.93789766342695,996
2024-09-20 14:41:19.538,430.9175899144526,999
2024-09-20 14:41:19.562,430.9217347733867,105
2024-09-20 14:41:19.584,430.9021530420636,15
2024-09-20 14:41:19.684,430.9031811562231,998
2024-09-20 14:41:19.787,430.9117576502929,1000
2024-09-20 14:41:19.838,430.9444527264048,997
2024-09-20 14:41:19.896,430.9120410737405,105
2024-09-20 14:41:19.912,430.9386781908647,11
2024-09-20 14:41:19.993,430.94200536978536,15
2024-09-20 14:41:20.141,430.94103458703086,1003
2024-09-20 14:41:20.154,430.9321602181095,100
2024-09-20 14:41:20.253,430.9264452617845,103
2024-09-20 14:41:20.283,430.9082440998343,7
2024-09-20 14:41:20.377,430.9407033333573,1002
2024-09-20 14:41:20.381,430.9464250149173,998
2024-09-20 14:41:20.522,430.9408416689909,102
2024-09-20 14:41:20.662,430.9484514172914,997
2024-09-20 14:41:20.662,430.9298711152868,6
2024-09-20 14:41:20.700,430.90800225149735,1003
2024-09-20 14:41:20.839,430.9349179420846,7
2024-09-20 14:41:20.923,430.9381311427365,102
2024-09-20 14:41:20.958,430.9270387468295,98
2024-09-20 14:41:21.037,430.98054376833846,103
2024-09-20 14:41:21.155,430.93982201999887,104
2024-09-20 14:41:21.308,430.8962522870003,1005
2024-09-20 14:41:21.393,430.9045405829207,11
2024-09-20 14:41:21.414,430.9653473181828,5
2024-09-20 14:41:21.446,430.95272210232457,998
2024-09-20 14:41:21.480,430.9037341264284,10
2024-09-20 14:41:21.500,430.9257611520332,1001
2024-09-20 14:41:21.506,430.9709590355375,7
2024-09-20 14:41:21.557,430.95349061493255,105
2024-09-20 14:41:21.588,430.9694141464228,995
2024-09-20 14:41:21.614,430.9463328277941,100
2024-09-20 14:41:21.716,430.98832021798455,98
2024-09-20 14:41:21.751,430.9435186901769,100
2024-09-20 14:41:21.837,430.8766917985516,995
2024-09-20 14:41:21.845,430.9231724432135,103
2024-09-20 14:41:21.859,430.8855008633773,1002
2024-09-20 14:41:21.863,430.9347079098786,996
2024-09-20 14:41:21.879,430.9356600210316,12
2024-09-20 14:41:21.887,430.9030866406645,102
2024-09-20 14:41:21.990,430.9692173889709,8
2024-09-20 14:41:22.005,430.9855258114274,97
2024-09-20 14:41:22.067,-430.9815154986829,10
2024-09-20 14:41:22.143,430.9565809794187,95
2024-09-20 14:41:22.221,430.9409467700106,101
2024-09-20 14:41:22.237,430.9624071501333,9
2024-09-20 14:41:22.240,430.95491415326273,999
2024-09-20 14:41:22.247,430.9470746776316,102
2024-09-20 14:41:22.267,430.9440674851524,1001
2024-09-20 14:41:22.320,430.9604655480229,996
2024-09-20 14:41:22.323,430.959532319004,995
2024-09-20 14:41:22.338,430.9214689954648,8
2024-09-20 14:41:22.348,430.95506127209455,96
2024-09-20 14:41:22.400,430.9655426360928,14
2024-09-20 14:41:22.459,430.9621673592361,996
2024-09-20 14:41:22.478,430.9585710284884,101
2024-09-20 14:41:22.520,430.93545072755273,995
2024-09-20 14:41:22.606,430.9854042940792,999
2024-09-20 14:41:22.609,430.9418333595695,101
2024-09-20 14:41:22.631,430.9564442628087,1003
2024-09-20 14:41:22.634,430.9390936184955,1005
2024-09-20 14:41:22.736,430.9352560892253,98
2024-09-20 14:41:22.750,430.9702962907704,99
2024-09-20 14:41:22.776,430.9361932215118,100
2024-09-20 14:41:22.778,430.97143657277536,999
2024-09-20 14:41:22.835,-430.9672532070114,105
2024-09-20 14:41:22.919,430.9211158805686,95
2024-09-20 14:41:22.923,430.96269025435606,1003
2024-09-20 14:41:22.968,430.9498262140554,5
2024-09-20 14:41:23.048,430.9759598409674,96
2024-09-20 14:41:23.050,430.9540522497709,10
2024-09-20 14:41:23.060,430.96170158479896,103
2024-09-20 14:41:23.123,430.9967661539763,997
2024-09-20 14:41:23.130,431.0011912737172,11
2024-09-20 14:41:23.131,431.0220297035081,1003
2024-09-20 14:41:23.151,430.9659628585597,15
2024-09-20 14:41:23.204,430.98674343056655,1001
2024-09-20 14:41:23.212,430.98023978454654,7
2024-09-20 14:41:23.217,430.9591163755553,12
2024-09-20 14:41:23.311,431.0048472969909,96
2024-09-20 14:41:23.379,430.9942383025633,6
2024-09-20 14:41:23.425,430.9380428550977,8
2024-09-20 14:41:23.454,431.0492718165944,101
2024-09-20 14:41:23.496,430.9916771358848,11
2024-09-20 14:41:23.512,430.9903117705183,8
2024-09-20 14:41:23.518,430.9925447818923,999
2024-09-20 14:41:23.518,422.4813310390213,10
2024-09-20 14:41:23.522,430.9682175101266,6
2024-09-20 14:41:23.535,430.95138540258745,13
2024-09-20 14:41:23.579,431.00287400076,7
2024-09-20 14:41:23.715,430.984889510236,999
2024-09-20 14:41:23.732,430.9437825800916,5
2024-09-20 14:41:23.776,422.5460603804536,14
2024-09-20 14:41:23.838,431.00205533308247,97
2024-09-20 14:41:23.862,431.0009693240119,8
2024-09-20 14:41:23.862,430.9925034799483,95
2024-09-20 14:41:23.956,430.96295356433376,13
2024-09-20 14:41:24.004,431.0644452902125,6
2024-09-20 14:41:24.007,431.0286293547507,9
2024-09-20 14:41:24.051,431.0599660569564,98
2024-09-20 14:41:24.059,431.0099706067494,7
2024-09-20 14:41:24.060,431.071953930104,95
2024-09-20 14:41:24.090,431.05889717749534,103
2024-09-20 14:41:24.282,431.0578894664754,100
2024-09-20 14:41:24.299,43.10555179320748,5
2024-09-20 14:41:24.334,431.0057565770333,12
2024-09-20 14:41:24.340,43.10829744608451,1002
2024-09-20 14:41:24.345,431.0031294230235,12
2024-09-20 14:41:24.365,431.0175795290839,997
2024-09-20 14:41:24.380,431.0122330034014,105
2024-09-20 14:41:24.387,430.9991463730124,995
2024-09-20 14:41:24.388,431.025757178362,1004
2024-09-20 14:41:24.393,431.0775006345464,7
2024-09-20 14:41:24.404,431.0756249780875,1000
2024-09-20 14:41:24.408,431.0076007648838,1001
2024-09-20 14:41:24.473,431.0015685688538,995
2024-09-20 14:41:24.529,431.0298208797336,1002
2024-09-20 14:41:24.600,431.0021068238331,101
2024-09-20 14:41:24.694,431.01678848495527,1002
2024-09-20 14:41:24.806,431.0049939894765,998
2024-09-20 14:41:24.830,431.058610656994,13
2024-09-20 14:41:24.852,431.0595501705041,9
2024-09-20 14:41:24.860,431.0700573998938,996
2024-09-20 14:41:24.937,431.0711311259398,1005
2024-09-20 14:41:24.984,430.9999788554077,999
2024-09-20 14:41:24.984,431.04946067890654,996
2024-09-20 14:41:25.011,431.0227149188309,1002
2024-09-20 14:41:25.032,431.0777678020719,102
2024-09-20 14:41:25.061,431.0452571667243,95
2024-09-20 14:41:25.075,431.0232516252068,101
2024-09-20 14:41:25.101,431.0266315978017,95
2024-09-20 14:41:25.128,431.0436781385658,1001
2024-09-20 14:41:25.152,431.0263638325758,1002
2024-09-20 14:41:25.257,431.0517534774175,1005
2024-09-20 14:41:25.361,431.02650275653815,1002
2024-09-20 14:41:25.400,422.5488772015138,96
2024-09-20 14:41:25.444,431.0487324741496,11
2024-09-20 14:41:25.475,431.0236400363786,95
2024-09-20 14:41:25.487,431.0478027565082,1005
2024-09-20 14:41:25.515,431.06453553012784,14
2024-09-20 14:41:25.577,431.0420313343677,101
2024-09-20 14:41:25.704,431.0112820420901,95
2024-09-20 14:41:25.710,431.0657478356578,997
2024-09-20 14:41:25.759,431.0486261946115,1002
2024-09-20 14:41:25.794,431.0213512215988,14
2024-09-20 14:41:25.811,431.0581743258874,6
2024-09-20 14:41:25.837,430.9977953162901,1001
2024-09-20 14:41:25.860,431.0167204837436,7
2024-09-20 14:41:25.892,431.0118934152412,97
2024-09-20 14:41:25.986,431.0245527403221,105
2024-09-20 14:41:26.055,431.0335814655528,9
2024-09-20 14:41:26.069,430.9959221359405,97
2024-09-20 14:41:26.072,431.0563616403383,995
2024-09-20 14:41:26.076,431.02896187387904,8
2024-09-20 14:41:26.101,431.0472346791962,1001
2024-09-20 14:41:26.123,431.0023787154767,13
2024-09-20 14:41:26.177,431.0402151990419,999
2024-09-20 14:41:26.260,431.0568917689874,97
2024-09-20 14:41:26.261,431.058530652459,9
2024-09-20 14:41:26.327,-431.05540375469,1001
2024-09-20 14:41:26.524,431.0282099841165,9
2024-09-20 14:41:26.553,431.06778522436576,1000
2024-09-20 14:41:26.597,431.0351944729028,6
2024-09-20 14:41:26.696,431.05035888519546,1000
2024-09-20 14:41:26.708,431.046791421622,7
2024-09-20 14:41:26.752,431.02054810521815,15
2024-09-20 14:41:26.770,431.0450563612112,8
2024-09-20 14:41:26.782,-431.0433971030032,98
2024-09-20 14:41:26.790,431.0198305305036,12
2024-09-20 14:41:26.807,431.03259119236566,8
2024-09-20 14:41:26.814,431.0483628345904,103
2024-09-20 14:41:26.952,431.0106075909228,100
2024-09-20 14:41:27.320,-422.619332500342,95
2024-09-20 14:41:28.005,431.0404019271045,97
2024-09-20 14:41:28.011,431.0003553985341,1001
2024-09-20 14:41:28.021,430.9986069869721,13
2024-09-20 14:41:28.021,430.9980924081007,7
2024-09-20 14:41:28.039,430.98333892201066,14
2024-09-20 14:41:28.172,431.04769799570187,98
2024-09-20 14:41:28.176,430.9983456699393,1001
2024-09-20 14:41:28.230,431.0227347750552,7
2024-09-20 14:41:28.270,430.985836313415,100
2024-09-20 14:41:28.286,431.024837208711,996
2024-09-20 14:41:28.324,430.9825157356403,95
2024-09-20 14:41:28.395,431.001695074167,1000
2024-09-20 14:41:28.396,430.9979725789999,95
2024-09-20 14:41:28.401,431.00482995361233,1002
2024-09-20 14:41:28.455,430.9933659965247,101
2024-09-20 14:41:28.462,431.0118895933985,103
2024-09-20 14:41:28.513,431.0000352892862,1000
2024-09-20 14:41:28.516,430.98916832851785,95
2024-09-20 14:41:28.524,431.0153617173776,11
2024-09-20 14:41:28.619,430.9971546668947,12
2024-09-20 14:41:28.675,430.99133912376885,998
2024-09-20 14:41:28.710,431.0008125069271,9
2024-09-20 14:41:28.776,430.9978151727437,1004
2024-09-20 14:41:28.808,430.997585661786,103
2024-09-20 14:41:28.819,430.9996728200457,97
2024-09-20 14:41:28.865,431.016945255117,1004
2024-09-20 14:41:28.886,430.9805470758896,5
2024-09-20 14:41:28.931,431.0460911162484,14
2024-09-20 14:41:28.947,430.97861767847655,996
2024-09-20 14:41:29.312,430.9827482733274,13
2024-09-20 14:41:29.476,430.9714140769592,999
2024-09-20 14:41:29.614,430.9785394143345,15
2024-09-20 14:41:29.645,430.981423832904,9
2024-09-20 14:41:29.654,430.9584321375823,98
2024-09-20 14:41:29.722,430.9761584502165,1002
2024-09-20 14:41:29.845,430.9836764010138,998
2024-09-20 14:41:29.874,430.9687690475102,1004
2024-09-20 14:41:30.009,430.977263784366,1000
2024-09-20 14:41:30.481,430.9615254270304,8
2024-09-20 14:41:30.533,430.976119744268,14
2024-09-20 14:41:30.634,430.9880624052422,998
2024-09-20 14:41:31.024,430.889731592504,999
2024-09-20 14:41:31.077,430.8871116302957,1005
2024-09-20 14:41:31.081,430.96185054010766,105
2024-09-20 14:41:31.197,430.9633344283653,999
2024-09-20 14:41:31.212,430.8945082324896,995
2024-09-20 14:41:31.304,430.9463659122077,96
2024-09-20 14:41:31.320,430.8574583954392,996
2024-09-20 14:41:31.345,430.8511721218917,95
2024-09-20 14:41:31.414,430.93124901043984,95
2024-09-20 14:41:31.426,430.9681541245581,15
2024-09-20 14:41:31.469,430.8921443953052,8
2024-09-20 14:41:31.469,430.9169565242186,996
2024-09-20 14:41:31.561,430.89744346454654,9
2024-09-20 14:41:31.656,430.8570104045721,998
2024-09-20 14:41:31.678,430.9054965914048,999
2024-09-20 14:41:31.692,430.8794400283247,14
2024-09-20 14:41:31.692,430.89669986273424,97
2024-09-20 14:41:31.765,430.8959852909992,96
2024-09-20 14:41:31.787,430.91709427811935,6
2024-09-20 14:41:31.819,430.8852848856024,997
2024-09-20 14:41:31.829,430.9056072117139,100
2024-09-20 14:41:31.900,430.9546165436718,104
2024-09-20 14:41:31.906,430.880598416745,9
2024-09-20 14:41:31.959,430.8540901332541,100
2024-09-20 14:41:32.024,430.9252905763088,96
2024-09-20 14:41:32.124,430.9025109453496,8
2024-09-20 14:41:32.124,430.9259499221573,98
2024-09-20 14:41:32.151,430.886232985213,1003
2024-09-20 14:41:32.257,430.9127252555946,6
2024-09-20 14:41:32.291,430.8859830321083,9
2024-09-20 14:41:32.315,430.9414048964501,1005
2024-09-20 14:41:32.328,430.9327371824466,999
2024-09-20 14:41:32.397,430.93290489324585,1002
2024-09-20 14:41:32.418,430.886636955992,102
2024-09-20 14:41:32.466,430.9237960998679,95
2024-09-20 14:41:32.529,430.8837180619881,9
2024-09-20 14:41:32.694,430.8930950999951,102
2024-09-20 14:41:32.697,430.9365843778841,13
2024-09-20 14:41:32.698,430.93464384703066,1000
2024-09-20 14:41:32.842,430.92188652735774,103
2024-09-20 14:41:32.972,430.9122377633879,103
2024-09-20 14:41:33.181,430.8832309407778,9
2024-09-20 14:41:33.251,430.8700509866417,98
2024-09-20 14:41:33.284,430.8976851546252,8
2024-09-20 14:41:33.396,430.8711534200971,8
2024-09-20 14:41:33.399,430.8755534626534,9
2024-09-20 14:41:33.682,430.86081158586,996
2024-09-20 14:41:33.810,430.8525517027459,6
2024-09-20 14:41:33.818,430.8697911872272,102
2024-09-20 14:41:33.931,430.86274913905567,102
2024-09-20 14:41:33.943,430.88640594972446,1004
2024-09-20 14:41:34.036,430.875183232687,99
2024-09-20 14:41:34.136,430.8480228370887,96
2024-09-20 14:41:34.198,430.8617228718349,95
2024-09-20 14:41:34.798,430.8538769594893,102
2024-09-20 14:41:34.831,430.8546453481893,1000
2024-09-20 14:41:34.851,430.8749148640688,7
2024-09-20 14:41:35.059,430.83619543839376,998
2024-09-20 14:41:35.103,430.8374819357488,97
2024-09-20 14:41:35.262,430.8061142433775,13
2024-09-20 14:41:35.370,430.8388855509923,997
2024-09-20 14:41:35.396,430.83056660991946,104
2024-09-20 14:41:35.415,430.8389274548207,1005
2024-09-20 14:41:35.515,430.8137109738221,9
2024-09-20 14:41:35.523,430.84568435746974,10
2024-09-20 14:41:35.565,430.84377474530055,1002
2024-09-20 14:41:35.635,430.8493720898846,11
2024-09-20 14:41:35.661,430.8370098471411,5
2024-09-20 14:41:35.664,430.8222177413256,101
2024-09-20 14:41:35.680,430.853980263404,101
2024-09-20 14:41:35.690,430.8515430174858,15
2024-09-20 14:41:35.783,430.82844986026566,9
2024-09-20 14:41:35.853,430.8373448979989,104
2024-09-20 14:41:35.854,430.81683967254463,97
2024-09-20 14:41:35.859,430.8367146997029,999
2024-09-20 14:41:35.870,430.843730029587,1003
2024-09-20 14:41:35.878,430.8225831644066,1005
2024-09-20 14:41:35.901,430.86637051144686,10
2024-09-20 14:41:35.944,430.85983244143785,999
2024-09-20 14:41:35.944,430.8581550070558,1003
2024-09-20 14:41:36.327,430.83975879205474,97
2024-09-20 14:41:36.350,-430.84485349508645,995
2024-09-20 14:41:36.463,430.8518726529308,12
2024-09-20 14:41:36.485,430.8568663821423,98
2024-09-20 14:41:36.520,430.8519977943512,103
2024-09-20 14:41:36.629,430.8548191841175,100
2024-09-20 14:41:36.829,430.8549044920501,13
2024-09-20 14:41:37.048,430.83113060573714,102
2024-09-20 14:41:37.078,430.81246339305017,101
2024-09-20 14:41:37.088,430.8295136763805,997
2024-09-20 14:41:37.140,430.82397757797617,12
2024-09-20 14:41:37.146,430.8150164403461,6
2024-09-20 14:41:37.237,430.8351469650126,105
2024-09-20 14:41:37.247,430.8314100745815,105
2024-09-20 14:41:37.289,430.83053980997744,104
2024-09-20 14:41:37.449,430.8444525950629,15
2024-09-20 14:41:37.457,430.7986954816165,5
2024-09-20 14:41:37.474,430.8209160064953,101
2024-09-20 14:41:37.512,430.8483054381553,15
2024-09-20 14:41:37.522,-430.82872117566825,14
2024-09-20 14:41:37.531,430.82034374349047,13
2024-09-20 14:41:37.668,430.8134291047277,96
2024-09-20 14:41:37.726,430.81000896935774,13
2024-09-20 14:41:37.767,430.8291995552145,13
2024-09-20 14:41:37.965,430.80888311411246,997
2024-09-20 14:41:37.990,430.8150150968975,104
2024-09-20 14:41:38.047,430.8364814663819,1002
2024-09-20 14:41:38.075,430.8122826522088,103
2024-09-20 14:41:38.124,430.8317951279408,14
2024-09-20 14:41:38.135,430.85027583069206,7
2024-09-20 14:41:38.217,430.8173604679949,105
2024-09-20 14:41:38.263,-430.80453845735855,996
2024-09-20 14:41:38.275,430.8236938448144,1003
2024-09-20 14:41:38.375,430.83456009632414,99
2024-09-20 14:41:38.399,430.8432817827985,999
2024-09-20 14:41:38.453,430.82495945553313,997
2024-09-20 14:41:38.480,430.839683108249,95
2024-09-20 14:41:38.540,430.8537239001156,1004
2024-09-20 14:41:38.635,430.8337945488122,104
2024-09-20 14:41:38.650,430.84060678895935,101
2024-09-20 14:41:38.734,430.8062103368063,12
2024-09-20 14:41:38.787,430.8266579918029,101
2024-09-20 14:41:38.802,430.8204972150351,5
2024-09-20 14:41:38.810,430.8100156063719,996
2024-09-20 14:41:38.849,430.8480941974569,7
2024-09-20 14:41:38.881,430.81175808668775,5
2024-09-20 14:41:38.890,430.807647879254,999
2024-09-20 14:41:38.938,430.8413134862417,7
2024-09-20 14:41:39.110,430.8442636742755,98
2024-09-20 14:41:39.145,430.78968417910096,10
2024-09-20 14:41:39.146,430.86535615456,103
2024-09-20 14:41:39.265,430.8453576020266,12
2024-09-20 14:41:39.295,430.8587005595618,10
2024-09-20 14:41:39.312,430.8664333358728,8
2024-09-20 14:41:39.321,-430.7343608921777,15
2024-09-20 14:41:39.325,430.8234538011236,1002
2024-09-20 14:41:39.411,430.7802937912688,997
2024-09-20 14:41:39.426,430.7725159087429,996
2024-09-20 14:41:39.428,430.8697656063374,1004
2024-09-20 14:41:39.439,430.78585793260726,14
2024-09-20 14:41:39.487,430.81211267745766,13
2024-09-20 14:41:39.543,430.8410249558496,95
2024-09-20 14:41:39.645,430.8539900650429,15
2024-09-20 14:41:39.655,430.7522839478336,6
2024-09-20 14:41:39.695,430.8493108777486,1003
2024-09-20 14:41:39.716,430.7822775490948,14
2024-09-20 14:41:39.747,430.7330660513964,105
2024-09-20 14:41:39.767,430.86598738538754,995
2024-09-20 14:41:39.775,430.8634488514168,1003
2024-09-20 14:41:39.782,430.7247539527896,995
2024-09-20 14:41:39.798,430.7968654222445,7
2024-09-20 14:41:39.810,430.7660603053859,103
2024-09-20 14:41:39.857,430.81039058851775,103
2024-09-20 14:41:39.862,430.72781963439166,99
2024-09-20 14:41:39.870,430.7995444619552,99
2024-09-20 14:41:39.930,430.7650558899586,12
2024-09-20 14:41:40.027,430.7709819836545,15
2024-09-20 14:41:40.041,430.7863275263895,1004
2024-09-20 14:41:40.041,,101
2024-09-20 14:41:40.086,430.74588701772313,995
2024-09-20 14:41:40.094,430.7637193432566,1003
2024-09-20 14:41:40.242,430.7736781188862,999
2024-09-20 14:41:40.246,430.78501593567984,103
2024-09-20 14:41:40.273,430.720197976743,105
2024-09-20 14:41:40.313,430.7723618808578,105
2024-09-20 14:41:40.434,430.7729103718594,1001
2024-09-20 14:41:40.546,430.7474023963288,100
2024-09-20 14:41:40.624,430.7528296188113,104
2024-09-20 14:41:40.681,430.7720039514671,105
2024-09-20 14:41:40.701,430.7721278325418,6
2024-09-20 14:41:40.704,430.750915283569,14
2024-09-20 14:41:40.725,430.7194713526147,97
2024-09-20 14:41:40.761,430.73203305175497,1002
2024-09-20 14:41:40.825,430.7367860098169,997
2024-09-20 14:41:40.921,430.7701380086661,999
2024-09-20 14:41:40.949,430.7652364260628,15
2024-09-20 14:41:40.955,430.756756213106,1005
2024-09-20 14:41:40.990,430.7789413346724,100
2024-09-20 14:41:41.678,430.7087385624955,997
2024-09-20 14:41:41.931,430.7057291518872,6
2024-09-20 14:41:42.096,430.72147588322457,1004
2024-09-20 14:41:42.165,430.73081111605984,101
2024-09-20 14:41:42.404,430.7143821166981,97
2024-09-20 14:41:42.435,430.6841342874527,1004
2024-09-20 14:41:42.483,430.739109845672,1004
2024-09-20 14:41:42.489,430.6828482399621,1003
2024-09-20 14:41:42.573,430.74702975835504,11
2024-09-20 14:41:42.623,430.74300028159087,97
2024-09-20 14:41:42.744,430.7050082958486,1003
2024-09-20 14:41:42.774,-430.735312592464,98
2024-09-20 14:41:43.047,-430.741665532147,1002
2024-09-20 14:41:43.051,430.72658293915634,15
2024-09-20 14:41:43.153,430.7271611616752,14
2024-09-20 14:41:43.260,430.7479494578532,97
2024-09-20 14:41:43.388,430.773747161198,11
2024-09-20 14:41:43.487,430.7020620043992,11
2024-09-20 14:41:43.570,-430.7718395997809,7
2024-09-20 14:41:43.635,430.71389505127377,99
2024-09-20 14:41:43.753,430.7369660243438,95
2024-09-20 14:41:44.211,430.6981201463088,13
2024-09-20 14:41:45.022,430.66716993262906,14
2024-09-20 14:41:45.110,430.6959386093132,95
2024-09-20 14:41:45.159,430.6963042523213,14
2024-09-20 14:41:45.241,430.6748555138297,98
2024-09-20 14:41:45.335,430.6858196473353,99
2024-09-20 14:41:45.436,430.6857587212691,1005
2024-09-20 14:41:45.570,430.6852424583514,14
2024-09-20 14:41:45.745,430.693824381174,98
2024-09-20 14:41:45.770,430.7022704269871,1002
2024-09-20 14:41:45.797,430.6719263979875,9
2024-09-20 14:41:45.798,430.6965952243942,14
2024-09-20 14:41:45.855,430.6758898005043,996
2024-09-20 14:41:45.867,430.68700943319055,6
2024-09-20 14:41:45.941,430.69471157056654,1004
2024-09-20 14:41:46.020,430.65632582117087,7
2024-09-20 14:41:46.043,430.69158840692535,996
2024-09-20 14:41:46.053,430.6937176676512,100
2024-09-20 14:41:46.205,430.6912538399306,102
2024-09-20 14:41:46.379,430.6828517946053,11
2024-09-20 14:41:46.381,430.65283879488425,998
2024-09-20 14:41:46.431,430.6696354593578,998
2024-09-20 14:41:46.457,430.6829501671168,10
2024-09-20 14:41:46.471,430.6421617539164,13
2024-09-20 14:41:46.551,430.6435114767558,998
2024-09-20 14:41:46.602,430.65349957190057,11
2024-09-20 14:41:46.704,430.6989085916447,96
2024-09-20 14:41:46.887,430.6892961786415,1001
2024-09-20 14:41:46.908,430.7061284681756,13
2024-09-20 14:41:47.113,430.62614989997456,995
2024-09-20 14:41:47.215,430.6363078234209,103
2024-09-20 14:41:47.670,430.63659787171775,996
2024-09-20 14:41:47.971,430.6208522576388,1003
2024-09-20 14:41:48.013,430.6626724082381,998
2024-09-20 14:41:48.198,430.6422987581549,999
2024-09-20 14:41:48.295,430.66235395298094,1004
2024-09-20 14:41:48.379,430.6664635515744,1001
2024-09-20 14:41:48.381,430.65351538297983,105
2024-09-20 14:41:48.422,430.63814083965394,105
2024-09-20 14:41:48.463,430.675695651723,995
2024-09-20 14:41:48.490,430.6781919170471,1002
2024-09-20 14:41:48.595,430.6373224278431,997
2024-09-20 14:41:48.603,430.6778934798236,997
2024-09-20 14:41:48.660,430.6468989892731,997
2024-09-20 14:41:48.713,430.636373602978,1000
2024-09-20 14:41:48.792,430.6531139017837,1003
2024-09-20 14:41:48.793,-430.6171063640897,11
2024-09-20 14:41:48.880,430.663738620106,1003
2024-09-20 14:41:48.926,430.6460635529745,102
2024-09-20 14:41:48.942,,1001
2024-09-20 14:41:48.950,430.6688374583648,98
2024-09-20 14:41:49.409,430.6520328510039,105
2024-09-20 14:41:49.633,430.6537126049663,7
2024-09-20 14:41:49.695,430.64032310862615,1002
2024-09-20 14:41:49.769,430.6366929332498,102
2024-09-20 14:41:49.833,430.6631733932175,5
2024-09-20 14:41:49.958,430.6373637549714,100
2024-09-20 14:41:49.974,430.6571369319219,14
2024-09-20 14:41:50.079,430.6332630141811,995
2024-09-20 14:41:50.249,430.6521277095907,8
2024-09-20 14:41:50.281,430.64662282132366,99
2024-09-20 14:41:50.328,430.5820634747385,14
2024-09-20 14:41:50.411,430.6415946129495,11
2024-09-20 14:41:50.496,430.6754305080327,11
2024-09-20 14:41:50.616,430.6390206688459,997
2024-09-20 14:41:50.626,430.6351483558808,101
2024-09-20 14:41:50.639,430.65047093949886,105
2024-09-20 14:41:50.765,430.6612779612553,96
2024-09-20 14:41:50.815,430.6494226704643,15
2024-09-20 14:41:50.837,430.65868730355095,999
2024-09-20 14:41:50.875,430.6628642292679,7
2024-09-20 14:41:50.957,430.61862582943183,7
2024-09-20 14:41:51.012,430.5924781223681,999
2024-09-20 14:41:51.047,430.6040452408277,1000
2024-09-20 14:41:51.155,430.6085984428848,1003
2024-09-20 14:41:51.187,430.5873842546518,95
2024-09-20 14:41:51.259,422.7652211408655,12
2024-09-20 14:41:51.300,430.6137146061057,1003
2024-09-20 14:41:51.363,430.6350998916966,103
2024-09-20 14:41:51.628,430.59010481717337,97
2024-09-20 14:41:51.664,430.5717745497141,8
2024-09-20 14:41:51.870,430.60682207343774,100
2024-09-20 14:41:51.880,430.5829313763549,6
2024-09-20 14:41:51.919,430.5842419767621,10
2024-09-20 14:41:52.117,43.05616791920773,103
2024-09-20 14:41:52.184,430.5259861452837,996
2024-09-20 14:41:52.228,430.5406088869969,996
2024-09-20 14:41:52.340,430.5497258826054,8
2024-09-20 14:41:52.396,430.5473980219831,12
2024-09-20 14:41:52.451,430.550317091467,5
2024-09-20 14:41:52.457,430.5447854405561,9
2024-09-20 14:41:52.526,430.54804144551326,1001
2024-09-20 14:41:52.583,430.5698908138448,996
2024-09-20 14:41:52.780,430.58758195748953,996
2024-09-20 14:41:52.928,430.568251363064,13
2024-09-20 14:41:52.932,430.544784299786,6
2024-09-20 14:41:52.971,,1000
2024-09-20 14:41:53.013,430.5618673296544,1003
2024-09-20 14:41:53.121,430.5969983002197,13
2024-09-20 14:41:53.132,430.5485693664598,7
2024-09-20 14:41:53.260,430.5598159943961,8
2024-09-20 14:41:53.265,-430.56605185764977,6
2024-09-20 14:41:53.270,430.5566913115046,99
2024-09-20 14:41:53.330,430.5687005286571,1001
2024-09-20 14:41:53.333,430.597233218626,8
2024-09-20 14:41:53.371,430.5664806471672,7
2024-09-20 14:41:53.402,430.5922300466064,95
2024-09-20 14:41:53.482,430.5767556247283,5
2024-09-20 14:41:53.490,430.5559901228915,6
2024-09-20 14:41:53.521,430.5759027804048,5
2024-09-20 14:41:53.590,430.5514587514671,104
2024-09-20 14:41:53.630,430.58754863816233,1000
2024-09-20 14:41:53.746,430.5754618044401,100
2024-09-20 14:41:53.820,430.5620100143651,104
2024-09-20 14:41:53.842,430.569392391886,104
2024-09-20 14:41:53.994,430.56064819002495,103
2024-09-20 14:41:54.123,430.5930926961937,13
2024-09-20 14:41:54.166,430.5895164438293,1000
2024-09-20 14:41:54.176,430.5702516576735,5
2024-09-20 14:41:54.466,430.5685279531854,999
2024-09-20 14:41:54.578,430.6134401427128,102
2024-09-20 14:41:54.648,430.6085648286863,10
2024-09-20 14:41:54.819,430.5904101516642,1005
2024-09-20 14:41:54.820,430.6120000556265,1000
2024-09-20 14:41:54.951,430.6038089984031,1002
2024-09-20 14:41:54.952,430.620083515068,1005
2024-09-20 14:41:54.980,430.6104987197915,12
2024-09-20 14:41:55.136,430.59401337958127,9
2024-09-20 14:41:55.425,430.59633786785145,101
2024-09-20 14:41:55.505,430.5859902575044,997
2024-09-20 14:41:55.658,430.58684712407046,1000
2024-09-20 14:41:55.666,,998
2024-09-20 14:41:55.711,430.61857001660303,997
2024-09-20 14:41:55.838,430.5927520320703,6
2024-09-20 14:41:55.919,430.6121661322963,997
2024-09-20 14:41:56.242,430.5865352882035,1000
2024-09-20 14:41:56.445,430.6063524245224,10
2024-09-20 14:41:56.621,430.61120883628166,14
2024-09-20 14:41:56.695,430.591556083211,96
2024-09-20 14:41:56.702,430.5890063277115,1000
2024-09-20 14:41:56.863,430.593680799134,103
2024-09-20 14:41:57.088,430.6001732155517,1005
2024-09-20 14:41:57.117,430.6234115997426,1004
2024-09-20 14:41:57.140,430.6072940668945,103
2024-09-20 14:41:57.209,,96
2024-09-20 14:41:57.220,430.62437602274537,5
2024-09-20 14:41:57.230,430.5961367383416,996
2024-09-20 14:41:57.253,430.59729680445815,7
2024-09-20 14:41:57.300,430.6143030137637,15
2024-09-20 14:41:57.307,430.6144301924346,99
2024-09-20 14:41:57.310,430.6100002205599,9
2024-09-20 14:41:57.341,430.59507469690806,13
2024-09-20 14:41:57.390,430.6116187202656,97
2024-09-20 14:41:57.391,430.6090114512008,14
2024-09-20 14:41:57.401,430.61311971715367,8
2024-09-20 14:41:57.416,430.59419588964056,1003
2024-09-20 14:41:57.550,430.6132966428052,8
2024-09-20 14:41:57.660,430.59634161678827,1002
2024-09-20 14:41:57.693,430.627476355124,7
2024-09-20 14:41:57.710,430.6205484204002,6
2024-09-20 14:41:57.731,430.6055577915987,101
2024-09-20 14:41:57.798,430.58448416030166,1005
2024-09-20 14:41:57.827,430.6075015448623,105
2024-09-20 14:41:57.873,430.5903658167527,98
2024-09-20 14:41:57.900,430.6185758514149,15
2024-09-20 14:41:57.920,430.5868264567174,1002
2024-09-20 14:41:57.978,430.6270057488127,104
2024-09-20 14:41:58.011,430.5585294193637,95
2024-09-20 14:41:58.053,430.5814702497042,1002
2024-09-20 14:41:58.083,430.55298475001774,10
2024-09-20 14:41:58.120,430.5388570942565,15
2024-09-20 14:41:58.237,430.54154684881496,99
2024-09-20 14:41:58.276,430.5351867743247,15
2024-09-20 14:41:58.382,430.5670463743429,96
2024-09-20 14:41:58.521,-430.54439963343617,6
2024-09-20 14:41:58.561,430.5771239076319,14
2024-09-20 14:41:58.627,430.5760301223328,10
2024-09-20 14:41:58.635,430.55060216992746,6
2024-09-20 14:41:58.673,430.57325239318936,14
2024-09-20 14:41:58.675,430.5503756258258,9
2024-09-20 14:41:58.816,430.5724978456528,104
2024-09-20 14:41:58.847,430.5359998083471,99
2024-09-20 14:41:58.857,430.5753471506431,8
2024-09-20 14:41:59.597,430.5750248294658,996
