Timestamp,Price,Size
2024-09-16 13:27:00.012,414.7111992526141,997
2024-09-16 13:27:00.037,414.7264386771384,13
2024-09-16 13:27:00.038,414.7866612556328,996
2024-09-16 13:27:00.039,414.7227330026157,8
2024-09-16 13:27:00.065,414.7097164729108,999
2024-09-16 13:27:00.073,414.7465978864912,1002
2024-09-16 13:27:00.084,414.7313195122928,97
2024-09-16 13:27:00.094,414.74248599360334,95
2024-09-16 13:27:00.096,414.72405742260935,97
2024-09-16 13:27:00.124,414.7282542802996,1000
2024-09-16 13:27:00.148,414.73321022750105,1001
2024-09-16 13:27:00.330,414.7643020382467,104
2024-09-16 13:27:00.404,414.7208923070169,1005
2024-09-16 13:27:00.412,414.7850286798251,999
2024-09-16 13:27:00.489,414.7274903563884,99
2024-09-16 13:27:00.668,414.733778990837,1004
2024-09-16 13:27:00.675,414.7224712032988,5
2024-09-16 13:27:00.706,414.72869779061824,97
2024-09-16 13:27:00.734,414.78119451716486,99
2024-09-16 13:27:00.734,41.47104463079305,11
2024-09-16 13:27:00.756,414.7233292378468,9
2024-09-16 13:27:00.759,414.70957741520135,9
2024-09-16 13:27:00.813,414.7353920650215,1004
2024-09-16 13:27:00.849,414.7624076909393,9
2024-09-16 13:27:01.022,414.6831104325252,8
2024-09-16 13:27:01.045,414.65993929443874,6
2024-09-16 13:27:01.078,414.65440977636,11
2024-09-16 13:27:01.085,414.7180307524093,998
2024-09-16 13:27:01.095,414.6720497398088,10
2024-09-16 13:27:01.117,414.6887563526403,10
2024-09-16 13:27:01.269,414.6484732030052,105
2024-09-16 13:27:01.276,414.674934461122,1002
2024-09-16 13:27:01.405,414.6606797849514,14
2024-09-16 13:27:01.412,414.69821838065536,100
2024-09-16 13:27:01.457,414.6837161319283,99
2024-09-16 13:27:01.483,414.63206488932406,6
2024-09-16 13:27:01.484,414.6740277080632,1002
2024-09-16 13:27:01.510,414.63348317443,999
2024-09-16 13:27:01.527,414.72012276848346,97
2024-09-16 13:27:01.560,414.6780684338692,5
2024-09-16 13:27:01.615,414.6359309247033,7
2024-09-16 13:27:01.636,414.7204786667919,101
2024-09-16 13:27:01.651,414.6955541637747,1005
2024-09-16 13:27:01.677,414.7099259290276,1005
2024-09-16 13:27:01.721,414.7149410886023,15
2024-09-16 13:27:01.778,414.7168286921624,101
2024-09-16 13:27:01.805,414.681232160111,1004
2024-09-16 13:27:01.832,414.6910099435028,104
2024-09-16 13:27:01.891,414.6746053255251,999
2024-09-16 13:27:01.917,414.6915381532675,96
2024-09-16 13:27:01.931,414.7071793755077,103
2024-09-16 13:27:01.956,414.6554752698276,996
2024-09-16 13:27:01.998,414.6546907033821,98
2024-09-16 13:27:01.999,414.68833768734856,97
2024-09-16 13:27:02.339,414.661816958287,99
2024-09-16 13:27:02.425,414.6774925706204,99
2024-09-16 13:27:02.440,414.6726590010354,10
2024-09-16 13:27:02.459,414.6805582861245,102
2024-09-16 13:27:02.466,414.64491246437547,102
2024-09-16 13:27:02.506,414.6734586136031,14
2024-09-16 13:27:02.606,414.6778394153787,1000
2024-09-16 13:27:02.758,414.6708572175774,996
2024-09-16 13:27:02.896,414.6862835663975,995
2024-09-16 13:27:02.901,414.6692055276218,1005
2024-09-16 13:27:03.020,414.7127771290472,1000
2024-09-16 13:27:03.252,414.6669813367122,1004
2024-09-16 13:27:03.260,414.7080306647846,1002
2024-09-16 13:27:03.360,414.7147823004188,998
2024-09-16 13:27:03.367,414.6674008831093,99
2024-09-16 13:27:03.423,414.7175272656034,999
2024-09-16 13:27:03.438,414.68266256389,7
2024-09-16 13:27:03.493,414.6891030869194,11
2024-09-16 13:27:03.596,414.7117081019333,99
2024-09-16 13:27:03.695,414.693722649625,1003
2024-09-16 13:27:03.756,414.7241557358301,1002
2024-09-16 13:27:03.757,414.7265492034556,97
2024-09-16 13:27:03.776,414.7035499183543,11
2024-09-16 13:27:03.860,414.7050201723621,1000
2024-09-16 13:27:03.883,414.7292509071761,6
2024-09-16 13:27:04.090,414.795008165554,1000
2024-09-16 13:27:04.091,414.7594481354257,8
2024-09-16 13:27:04.162,414.793935235412,1000
2024-09-16 13:27:04.189,414.75359337664406,8
2024-09-16 13:27:04.198,414.7928516194634,15
2024-09-16 13:27:04.201,414.7579305950412,11
2024-09-16 13:27:04.207,414.7225806015299,104
2024-09-16 13:27:04.247,414.7639839407664,103
2024-09-16 13:27:04.271,414.7441841563184,104
2024-09-16 13:27:04.286,414.7326277205896,103
2024-09-16 13:27:04.296,414.7056914978099,9
2024-09-16 13:27:04.340,414.8071037253316,14
2024-09-16 13:27:04.345,414.7724267959944,14
2024-09-16 13:27:04.351,414.7828912972744,96
2024-09-16 13:27:04.444,414.72415648817946,1004
2024-09-16 13:27:04.659,414.7448873952922,103
2024-09-16 13:27:04.675,414.7236974739844,1004
2024-09-16 13:27:04.778,414.7132408246423,999
2024-09-16 13:27:04.976,,12
2024-09-16 13:27:05.328,414.7897030125024,999
2024-09-16 13:27:05.679,414.7925439865177,98
2024-09-16 13:27:05.910,414.79804655877615,11
2024-09-16 13:27:06.059,414.81423071225055,101
2024-09-16 13:27:06.070,414.7705408686522,98
2024-09-16 13:27:06.081,414.8011474134504,1001
2024-09-16 13:27:06.203,414.7640339115416,99
2024-09-16 13:27:06.226,414.7498836538575,104
2024-09-16 13:27:06.246,414.7564500401021,103
2024-09-16 13:27:06.348,414.781036461138,1004
2024-09-16 13:27:06.397,414.76871907651537,15
2024-09-16 13:27:06.405,414.7873804336339,102
2024-09-16 13:27:06.413,414.8348687419789,100
2024-09-16 13:27:06.501,414.7574968314441,103
2024-09-16 13:27:06.545,414.73846436456057,95
2024-09-16 13:27:06.647,414.8279643494905,95
2024-09-16 13:27:06.715,414.8054047291066,11
2024-09-16 13:27:06.754,414.741780534315,997
2024-09-16 13:27:06.779,414.8229971342078,1004
2024-09-16 13:27:06.822,414.7838606005501,1005
2024-09-16 13:27:06.832,414.7758622580709,98
2024-09-16 13:27:06.837,414.75391585960256,1001
2024-09-16 13:27:06.856,414.843573843278,9
2024-09-16 13:27:06.859,414.771703048214,5
2024-09-16 13:27:07.174,414.7732052458548,1004
2024-09-16 13:27:07.180,414.76294711891086,14
2024-09-16 13:27:07.180,414.7772703635504,13
2024-09-16 13:27:07.238,414.79488434172686,95
2024-09-16 13:27:07.362,414.69815012400335,5
2024-09-16 13:27:07.414,414.79857312227296,7
2024-09-16 13:27:07.455,414.7600317004751,15
2024-09-16 13:27:07.465,414.70277179842026,1001
2024-09-16 13:27:07.588,414.7629956047714,996
2024-09-16 13:27:07.621,414.76254429095655,1003
2024-09-16 13:27:07.627,414.77739303809017,95
2024-09-16 13:27:07.642,414.7059479201792,1001
2024-09-16 13:27:07.693,414.7539540870143,100
2024-09-16 13:27:07.706,414.72500669438216,8
2024-09-16 13:27:07.718,414.7834144099219,98
2024-09-16 13:27:07.764,414.7849538517296,7
2024-09-16 13:27:07.874,414.77187381054665,1000
2024-09-16 13:27:07.881,414.7347526754203,6
2024-09-16 13:27:07.912,414.7625560437478,998
2024-09-16 13:27:07.929,414.8002778494276,6
2024-09-16 13:27:07.975,414.8087834986941,5
2024-09-16 13:27:08.103,414.6373445793645,1002
2024-09-16 13:27:08.154,414.6466675163732,13
2024-09-16 13:27:08.165,414.6511134266372,14
2024-09-16 13:27:08.226,414.6262314325364,99
2024-09-16 13:27:08.288,414.6100907623208,98
2024-09-16 13:27:08.334,414.6860586281908,99
2024-09-16 13:27:08.426,414.6619583475872,99
2024-09-16 13:27:08.443,414.6240904338581,6
2024-09-16 13:27:08.498,414.618487018332,997
2024-09-16 13:27:08.500,414.6464339323357,13
2024-09-16 13:27:08.531,414.6939258985457,10
2024-09-16 13:27:08.554,414.6670874057105,7
2024-09-16 13:27:08.686,414.63958788721766,5
2024-09-16 13:27:08.722,414.631805656564,998
2024-09-16 13:27:08.773,414.6685270305084,997
2024-09-16 13:27:08.784,414.6670177419832,96
2024-09-16 13:27:08.801,414.6349956039767,97
2024-09-16 13:27:08.818,414.6970961955467,1002
2024-09-16 13:27:08.849,414.65034052951967,1003
2024-09-16 13:27:08.877,-414.6738260171014,13
2024-09-16 13:27:08.934,414.6277990100394,997
2024-09-16 13:27:08.953,414.6662404934582,1004
2024-09-16 13:27:09.004,414.6469785256871,1000
2024-09-16 13:27:09.021,414.6549872467191,7
2024-09-16 13:27:09.051,414.6377586476469,1005
2024-09-16 13:27:09.052,414.6599691078562,99
2024-09-16 13:27:09.109,414.61597791992654,999
2024-09-16 13:27:09.167,414.6269548156378,1000
2024-09-16 13:27:09.249,414.71158801894825,105
2024-09-16 13:27:09.259,414.6202276074239,6
2024-09-16 13:27:09.286,414.685811176257,10
2024-09-16 13:27:09.324,414.61737252823417,1001
2024-09-16 13:27:09.356,414.6634370994589,996
2024-09-16 13:27:09.444,414.67665644316907,1001
2024-09-16 13:27:09.497,414.6902987626977,5
2024-09-16 13:27:09.527,414.60966271093935,12
2024-09-16 13:27:09.593,414.6816360058377,102
2024-09-16 13:27:09.595,414.612732492,14
2024-09-16 13:27:09.688,414.7072917135733,1004
2024-09-16 13:27:09.744,414.6412198759027,1003
2024-09-16 13:27:09.765,414.6458761565531,101
2024-09-16 13:27:09.793,414.6596382126667,101
2024-09-16 13:27:09.818,414.6334804532501,99
2024-09-16 13:27:09.834,414.7216648991895,998
2024-09-16 13:27:09.848,414.6185182446917,101
2024-09-16 13:27:09.863,414.6948181328925,97
2024-09-16 13:27:09.920,414.6774654860834,998
2024-09-16 13:27:09.961,414.6205871295807,11
2024-09-16 13:27:09.973,414.694911498637,105
2024-09-16 13:27:09.985,414.7051226094825,999
2024-09-16 13:27:09.985,414.7028589859369,1000
2024-09-16 13:27:10.090,414.6243488383217,99
2024-09-16 13:27:10.121,414.6310936948663,9
2024-09-16 13:27:10.131,414.62125668493695,995
2024-09-16 13:27:10.156,414.641464477664,7
2024-09-16 13:27:10.277,414.6478820961692,103
2024-09-16 13:27:10.313,414.633197459186,5
2024-09-16 13:27:10.417,414.6486753739367,11
2024-09-16 13:27:10.618,414.6332677966264,998
2024-09-16 13:27:10.621,414.617273685555,100
2024-09-16 13:27:10.674,414.62116057136296,996
2024-09-16 13:27:10.877,414.6388286992431,98
2024-09-16 13:27:10.877,414.6216857354715,14
2024-09-16 13:27:10.894,414.64440039364143,1005
2024-09-16 13:27:10.901,414.6570728522161,1000
2024-09-16 13:27:10.934,414.6362559713444,13
2024-09-16 13:27:10.950,414.61584670285447,997
2024-09-16 13:27:11.021,414.6077580288302,103
2024-09-16 13:27:11.057,414.64164237091313,104
2024-09-16 13:27:11.133,414.6344786473837,100
2024-09-16 13:27:11.363,414.6132435123351,95
2024-09-16 13:27:11.379,414.6190130695536,103
2024-09-16 13:27:11.492,414.5943338841379,5
2024-09-16 13:27:11.547,414.610935016153,995
2024-09-16 13:27:11.563,414.5793524876374,104
2024-09-16 13:27:11.566,414.630166848878,11
2024-09-16 13:27:11.573,414.6294162306742,11
2024-09-16 13:27:11.709,414.6071444263633,98
2024-09-16 13:27:12.058,414.6581578838554,996
2024-09-16 13:27:12.220,414.64061018162727,12
2024-09-16 13:27:12.265,414.6359664641879,1001
2024-09-16 13:27:12.307,414.633921771829,98
2024-09-16 13:27:12.501,414.6512557864259,5
2024-09-16 13:27:12.635,414.6494587970432,14
2024-09-16 13:27:12.652,414.6534833813882,103
2024-09-16 13:27:12.701,414.67286940767065,100
2024-09-16 13:27:12.839,414.6362866620685,1005
2024-09-16 13:27:12.945,414.65478979950615,96
2024-09-16 13:27:13.000,414.63828107544526,101
2024-09-16 13:27:13.004,414.60473347741646,103
2024-09-16 13:27:13.006,414.6230048673087,998
2024-09-16 13:27:13.100,414.6073850746026,1002
2024-09-16 13:27:13.116,414.6222778113169,9
2024-09-16 13:27:13.127,414.58898987835454,999
2024-09-16 13:27:13.170,414.6424230079024,1003
2024-09-16 13:27:13.202,414.641142066753,12
2024-09-16 13:27:13.208,414.6354342062386,7
2024-09-16 13:27:13.237,414.62899444779663,12
2024-09-16 13:27:13.280,414.6466495984332,10
2024-09-16 13:27:13.296,414.6067306412405,1000
2024-09-16 13:27:13.311,414.6370740586689,15
2024-09-16 13:27:13.316,414.60793455395054,998
2024-09-16 13:27:13.321,414.66668284573126,99
2024-09-16 13:27:13.369,414.6152688528972,100
2024-09-16 13:27:13.466,414.64714135062445,12
2024-09-16 13:27:13.567,414.60736913161,100
2024-09-16 13:27:13.608,414.6377430230257,101
2024-09-16 13:27:13.628,414.5943977458197,11
2024-09-16 13:27:13.661,414.5992635157909,1004
2024-09-16 13:27:13.695,414.6177919239705,11
2024-09-16 13:27:13.733,414.5953208403148,12
2024-09-16 13:27:13.767,414.6037649138988,13
2024-09-16 13:27:13.844,414.6426678872412,102
2024-09-16 13:27:13.870,414.6152524850069,101
2024-09-16 13:27:13.870,414.6210624821274,996
2024-09-16 13:27:13.937,414.6092291087488,1005
2024-09-16 13:27:13.992,414.5842698695768,97
2024-09-16 13:27:14.337,414.6102548684755,1001
2024-09-16 13:27:14.941,414.61588781175385,96
2024-09-16 13:27:15.446,414.5714942060105,9
2024-09-16 13:27:15.670,414.57192537013947,11
2024-09-16 13:27:15.700,414.5546847944115,98
2024-09-16 13:27:15.835,414.6149937240432,14
2024-09-16 13:27:15.849,414.5411376944672,6
2024-09-16 13:27:15.890,414.6039270173032,103
2024-09-16 13:27:15.930,414.5509123854026,100
2024-09-16 13:27:15.995,414.54708241257833,12
2024-09-16 13:27:16.049,414.5147001987488,14
2024-09-16 13:27:16.142,414.5182537974274,8
2024-09-16 13:27:16.295,414.52468900543926,103
2024-09-16 13:27:16.656,414.5325068350559,15
2024-09-16 13:27:16.706,414.5400862734496,95
2024-09-16 13:27:17.025,414.58322280142255,9
2024-09-16 13:27:17.081,414.54659449463,998
2024-09-16 13:27:17.087,414.5526533776323,14
2024-09-16 13:27:17.147,414.55362388025696,7
2024-09-16 13:27:17.236,414.56628049445845,101
2024-09-16 13:27:17.242,414.5982251980526,100
2024-09-16 13:27:17.378,414.5794583612373,997
2024-09-16 13:27:17.411,414.53010397826495,11
2024-09-16 13:27:17.431,414.56130113055735,8
2024-09-16 13:27:17.515,414.5806386814516,1001
2024-09-16 13:27:17.536,414.58158095015807,995
2024-09-16 13:27:17.555,414.5609596826856,1001
2024-09-16 13:27:17.590,414.5794374043703,1004
2024-09-16 13:27:17.596,414.5705158608272,12
2024-09-16 13:27:17.602,414.588400847293,15
2024-09-16 13:27:17.659,414.54009645299,1004
2024-09-16 13:27:17.668,414.5758477344618,12
2024-09-16 13:27:17.680,414.5851499840418,98
2024-09-16 13:27:17.793,414.56358464166783,1002
2024-09-16 13:27:17.796,41.45432828369188,11
2024-09-16 13:27:17.828,414.5311145012101,95
2024-09-16 13:27:18.043,414.6173195460972,1005
2024-09-16 13:27:18.056,414.5974783399507,14
2024-09-16 13:27:18.099,414.52797263319366,10
2024-09-16 13:27:18.177,414.6106860497792,15
2024-09-16 13:27:18.201,414.6028269115584,105
2024-09-16 13:27:18.236,414.5985770701257,98
2024-09-16 13:27:18.256,414.5799823182455,100
2024-09-16 13:27:18.259,414.6026290739555,14
2024-09-16 13:27:18.324,414.6083428004432,96
2024-09-16 13:27:18.333,414.592811791888,14
2024-09-16 13:27:18.412,414.6090433687584,101
2024-09-16 13:27:18.459,414.6011128329277,98
2024-09-16 13:27:18.538,414.53003862433104,96
2024-09-16 13:27:18.603,414.5700312204044,8
2024-09-16 13:27:18.635,414.5418538987376,1002
2024-09-16 13:27:18.719,414.60244115557873,14
2024-09-16 13:27:18.722,414.6098094710636,1000
2024-09-16 13:27:18.782,414.59139195878566,5
2024-09-16 13:27:18.893,414.5956522983085,105
2024-09-16 13:27:18.974,414.5746178301122,14
2024-09-16 13:27:19.047,414.5422968464793,12
2024-09-16 13:27:19.102,414.5188130985337,101
2024-09-16 13:27:19.143,414.523221835701,97
2024-09-16 13:27:19.177,414.55309785695897,1004
2024-09-16 13:27:19.198,414.5145407602207,7
2024-09-16 13:27:19.315,414.5674898672111,99
2024-09-16 13:27:19.555,414.5189696500148,999
2024-09-16 13:27:19.664,414.5315065807737,996
2024-09-16 13:27:19.724,414.5349476183183,8
2024-09-16 13:27:19.789,414.5371154309613,100
2024-09-16 13:27:20.000,414.554250906166,104
2024-09-16 13:27:20.127,414.568569482663,101
2024-09-16 13:27:20.127,414.5609491822,10
2024-09-16 13:27:20.226,414.5529136499602,98
2024-09-16 13:27:20.251,414.582005409458,998
2024-09-16 13:27:20.304,414.56301357205393,1005
2024-09-16 13:27:20.331,414.5619222943934,102
2024-09-16 13:27:20.349,414.5672592612971,6
2024-09-16 13:27:20.386,414.566586578961,97
2024-09-16 13:27:20.418,414.5705694412089,1004
2024-09-16 13:27:20.459,414.5853904511586,98
2024-09-16 13:27:20.708,414.5769883856404,97
2024-09-16 13:27:20.725,414.5605892256013,1001
2024-09-16 13:27:20.887,414.5586649326595,997
2024-09-16 13:27:20.933,414.5836722910341,13
2024-09-16 13:27:21.143,414.6077389272765,10
2024-09-16 13:27:21.147,414.56239421000726,8
2024-09-16 13:27:21.159,414.5915316745762,105
2024-09-16 13:27:21.254,414.5860997873805,1005
2024-09-16 13:27:21.335,414.6001042921857,1004
2024-09-16 13:27:21.490,414.5758007111807,98
2024-09-16 13:27:21.718,414.5976615107455,14
2024-09-16 13:27:21.743,414.57105833941097,102
2024-09-16 13:27:21.774,414.6069871119537,999
2024-09-16 13:27:21.809,414.58660314856576,9
2024-09-16 13:27:21.814,414.6209939018037,98
2024-09-16 13:27:21.815,414.586244782932,11
2024-09-16 13:27:21.825,414.6043895679404,996
2024-09-16 13:27:21.865,-414.5932018707816,6
2024-09-16 13:27:21.923,414.5880922766884,5
2024-09-16 13:27:21.925,414.5961834559429,999
2024-09-16 13:27:21.931,41.45817573813792,14
2024-09-16 13:27:21.981,414.5894668937178,97
2024-09-16 13:27:22.001,414.5786017579296,103
2024-09-16 13:27:22.010,414.64032331994207,7
2024-09-16 13:27:22.030,414.6501031405563,9
2024-09-16 13:27:22.051,414.6449726521066,104
2024-09-16 13:27:22.069,414.6152883306048,995
2024-09-16 13:27:22.145,414.6231427925339,1001
2024-09-16 13:27:22.153,414.5993918650441,97
2024-09-16 13:27:22.212,414.6219864694064,995
2024-09-16 13:27:22.242,414.61918808297264,1000
2024-09-16 13:27:22.253,414.6249246604195,1000
2024-09-16 13:27:22.282,414.6081020071034,102
2024-09-16 13:27:22.312,414.59919164706594,12
2024-09-16 13:27:22.320,414.6411555399782,99
2024-09-16 13:27:22.341,414.6261106968254,14
2024-09-16 13:27:22.363,414.64585637163617,1005
2024-09-16 13:27:22.594,414.6323537107584,103
2024-09-16 13:27:22.608,414.6104497114316,13
2024-09-16 13:27:22.682,414.64040434118647,102
2024-09-16 13:27:22.695,414.6239449891051,99
2024-09-16 13:27:22.696,414.6126007197976,98
2024-09-16 13:27:22.772,414.64323241943816,101
2024-09-16 13:27:22.824,414.6209681731016,998
2024-09-16 13:27:22.843,414.6356373670075,1003
2024-09-16 13:27:22.887,414.60307303039457,104
2024-09-16 13:27:22.919,414.6200069028853,11
2024-09-16 13:27:22.945,414.5768961737695,96
2024-09-16 13:27:23.074,414.6565953268434,10
2024-09-16 13:27:23.160,414.65312172275793,998
2024-09-16 13:27:23.400,414.6489913060125,101
2024-09-16 13:27:23.509,414.6503652017431,997
2024-09-16 13:27:24.012,414.6517002415565,12
2024-09-16 13:27:24.031,414.6441793894741,1000
2024-09-16 13:27:24.196,414.64760005622907,95
2024-09-16 13:27:24.506,414.64257992127057,995
2024-09-16 13:27:24.595,414.6298427602008,5
2024-09-16 13:27:24.641,414.6459502916693,15
2024-09-16 13:27:24.642,414.6447567101275,996
2024-09-16 13:27:24.724,414.6561129979825,1003
2024-09-16 13:27:24.749,414.6535923933942,98
2024-09-16 13:27:24.753,414.632427463506,1004
2024-09-16 13:27:24.868,414.6506892173017,103
2024-09-16 13:27:24.929,414.6446003852277,5
2024-09-16 13:27:24.987,414.6503524251041,97
2024-09-16 13:27:25.025,414.6742208650829,14
2024-09-16 13:27:25.071,414.6415637802152,8
2024-09-16 13:27:25.128,414.6510532078366,105
2024-09-16 13:27:25.154,414.6384668675132,15
2024-09-16 13:27:25.195,414.6541045562535,13
2024-09-16 13:27:25.200,414.6323314096717,999
2024-09-16 13:27:25.221,414.6514998687014,1003
2024-09-16 13:27:25.229,414.673820152232,12
2024-09-16 13:27:25.306,414.6729051481507,999
2024-09-16 13:27:25.341,414.6707953879176,9
2024-09-16 13:27:25.505,414.6858361357478,997
2024-09-16 13:27:25.529,414.6814933237508,997
2024-09-16 13:27:25.639,414.655017837936,8
2024-09-16 13:27:25.683,414.64006345096345,99
2024-09-16 13:27:25.768,414.65948522700586,1003
2024-09-16 13:27:25.793,414.6284661727593,996
2024-09-16 13:27:26.309,414.6665169038128,102
2024-09-16 13:27:26.717,414.655791308292,104
2024-09-16 13:27:27.547,414.6639153394615,11
2024-09-16 13:27:27.944,414.6282860574101,7
2024-09-16 13:27:27.958,414.628921774052,96
2024-09-16 13:27:28.142,414.6691309735581,1001
2024-09-16 13:27:28.186,414.68692360101176,8
2024-09-16 13:27:28.214,414.6921343391633,1003
2024-09-16 13:27:28.272,414.6629115417996,995
2024-09-16 13:27:28.372,414.6611679471788,101
2024-09-16 13:27:28.401,414.6610088843891,1002
2024-09-16 13:27:28.419,414.6653977811579,103
2024-09-16 13:27:28.510,414.68479964386,996
2024-09-16 13:27:28.526,414.6964117650402,1005
2024-09-16 13:27:28.535,414.70699435105024,1005
2024-09-16 13:27:28.586,414.66146916149535,1000
2024-09-16 13:27:28.708,414.6800436415792,96
2024-09-16 13:27:28.710,414.71160909913766,103
2024-09-16 13:27:28.885,414.67761741793663,13
2024-09-16 13:27:28.987,414.67591865555374,1001
2024-09-16 13:27:29.050,414.6578856635597,97
2024-09-16 13:27:29.178,414.6726416725373,99
2024-09-16 13:27:29.239,414.6511314957593,98
2024-09-16 13:27:29.304,414.6616665327849,1002
2024-09-16 13:27:29.332,414.6389544438434,99
2024-09-16 13:27:29.370,414.644066847916,13
2024-09-16 13:27:29.463,414.6460340557476,1002
2024-09-16 13:27:29.495,41.471440002817154,995
2024-09-16 13:27:29.636,414.68271002656354,5
2024-09-16 13:27:29.648,414.6757421228157,6
2024-09-16 13:27:29.665,414.6981741192001,99
2024-09-16 13:27:29.921,414.6365151490095,1003
2024-09-16 13:27:29.961,414.67231043691913,100
2024-09-16 13:27:29.976,414.6606106167884,8
2024-09-16 13:27:29.981,414.6452508726486,1005
2024-09-16 13:27:30.073,414.6272958291453,101
2024-09-16 13:27:30.082,414.6461257605855,103
2024-09-16 13:27:30.138,414.6121611761624,98
2024-09-16 13:27:30.143,414.609318911381,97
2024-09-16 13:27:30.145,414.603507915694,9
2024-09-16 13:27:30.171,414.60953828148575,96
2024-09-16 13:27:30.180,414.62317491828594,100
2024-09-16 13:27:30.217,414.6140400857274,995
2024-09-16 13:27:30.221,414.6148729867771,996
2024-09-16 13:27:30.262,414.6293460772499,1002
2024-09-16 13:27:30.322,414.6574980445905,13
2024-09-16 13:27:30.338,414.62512403323336,997
2024-09-16 13:27:30.395,,101
2024-09-16 13:27:30.418,414.6121348409165,15
2024-09-16 13:27:30.429,414.6114647663308,997
2024-09-16 13:27:30.456,414.64135396701,997
2024-09-16 13:27:30.627,414.62098252471486,1003
2024-09-16 13:27:30.631,414.632066726409,1004
2024-09-16 13:27:30.661,414.6516670412925,1002
2024-09-16 13:27:30.757,414.5952044784725,95
2024-09-16 13:27:31.016,414.62044591756,996
2024-09-16 13:27:31.037,414.6182663766769,7
2024-09-16 13:27:31.051,414.616355254082,996
2024-09-16 13:27:31.055,414.6586690432448,6
2024-09-16 13:27:31.157,414.6082094465229,995
2024-09-16 13:27:31.165,414.65844088425735,14
2024-09-16 13:27:31.180,414.6271288743483,96
2024-09-16 13:27:31.211,414.6741683452345,97
2024-09-16 13:27:31.213,414.66476942231486,102
2024-09-16 13:27:31.251,414.62218198354486,98
2024-09-16 13:27:31.300,414.6107243441047,100
2024-09-16 13:27:31.361,414.6374031630734,102
2024-09-16 13:27:31.375,414.6269738473653,999
2024-09-16 13:27:31.413,414.6427768693775,1004
2024-09-16 13:27:31.465,414.6253574584085,95
2024-09-16 13:27:31.527,414.63042563023015,10
2024-09-16 13:27:31.557,414.6669055524914,1002
2024-09-16 13:27:31.584,414.60907379881735,1004
2024-09-16 13:27:31.718,414.6212358805486,100
2024-09-16 13:27:31.810,414.6181801276013,999
2024-09-16 13:27:31.879,414.6354045601731,9
2024-09-16 13:27:31.908,414.6249854974459,95
2024-09-16 13:27:31.921,414.6644603065649,1000
2024-09-16 13:27:31.925,414.6601792360138,13
2024-09-16 13:27:31.968,414.6237290150957,9
2024-09-16 13:27:32.130,414.70202340168265,6
2024-09-16 13:27:32.141,414.6577510223898,101
2024-09-16 13:27:32.202,414.6945302510193,100
2024-09-16 13:27:32.248,414.6204474327514,99
2024-09-16 13:27:32.265,414.6412297751546,12
2024-09-16 13:27:32.337,414.63056729440297,1001
2024-09-16 13:27:32.370,414.6693068081496,14
2024-09-16 13:27:32.394,414.6555235734549,998
2024-09-16 13:27:32.401,414.6292681807808,98
2024-09-16 13:27:32.406,414.64345649883205,997
2024-09-16 13:27:32.446,414.6953605371344,10
2024-09-16 13:27:32.506,414.6316651644528,6
2024-09-16 13:27:32.535,414.6610499880609,10
2024-09-16 13:27:32.594,414.6394575911276,100
2024-09-16 13:27:32.607,414.6199477247147,97
2024-09-16 13:27:32.613,414.63563722849807,102
2024-09-16 13:27:32.617,414.6407719282464,15
2024-09-16 13:27:32.664,414.6731577851778,1001
2024-09-16 13:27:32.744,414.6577905882019,999
2024-09-16 13:27:32.756,414.6325983644094,7
2024-09-16 13:27:32.824,414.64420611363335,997
2024-09-16 13:27:32.857,414.6876926095172,100
2024-09-16 13:27:32.874,414.6726669525517,1005
2024-09-16 13:27:32.905,414.6526696773781,96
2024-09-16 13:27:33.066,414.70460209304815,97
2024-09-16 13:27:33.757,414.6916795885128,104
2024-09-16 13:27:33.850,-414.6927628331513,104
2024-09-16 13:27:34.074,414.75226913678335,998
2024-09-16 13:27:34.095,414.7894843583599,15
2024-09-16 13:27:34.156,-414.78975290277657,101
2024-09-16 13:27:34.222,414.75134525365934,95
2024-09-16 13:27:34.294,414.7057688442921,96
2024-09-16 13:27:34.306,414.6950975953057,101
2024-09-16 13:27:34.316,414.7590936571274,98
2024-09-16 13:27:34.370,414.7726644645076,1001
2024-09-16 13:27:34.456,,12
2024-09-16 13:27:34.508,414.7119506564288,1000
2024-09-16 13:27:34.552,414.7725392855714,103
2024-09-16 13:27:34.712,414.7122529530196,1000
2024-09-16 13:27:34.737,414.72100869005146,1002
2024-09-16 13:27:34.773,414.7237211232184,5
2024-09-16 13:27:34.776,414.7194966417549,1003
2024-09-16 13:27:34.809,414.73176837824434,10
2024-09-16 13:27:34.836,414.732333759444,101
2024-09-16 13:27:34.928,414.7530774528043,1005
2024-09-16 13:27:35.025,414.7885740759334,998
2024-09-16 13:27:35.040,414.7865829966666,101
2024-09-16 13:27:35.102,414.7722050676425,103
2024-09-16 13:27:35.105,414.7920126486737,6
2024-09-16 13:27:35.208,414.79978005855145,995
2024-09-16 13:27:35.222,414.7770312378415,103
2024-09-16 13:27:35.244,414.8030582826517,1003
2024-09-16 13:27:35.269,414.78864950959286,997
2024-09-16 13:27:35.385,414.7993176330423,995
2024-09-16 13:27:35.453,414.793050732799,104
2024-09-16 13:27:35.468,414.7795542049399,103
2024-09-16 13:27:35.511,414.77506112016704,1004
2024-09-16 13:27:35.539,414.7788894447834,15
2024-09-16 13:27:35.539,414.78046582114985,6
2024-09-16 13:27:35.618,414.7950406802963,101
2024-09-16 13:27:35.638,414.7761172661861,995
2024-09-16 13:27:35.643,414.7919827599097,102
2024-09-16 13:27:35.727,414.7939231702762,105
2024-09-16 13:27:35.766,414.8006563611871,1001
2024-09-16 13:27:35.835,414.78872353623,103
2024-09-16 13:27:35.859,414.7763003419776,6
2024-09-16 13:27:35.869,414.78964927708273,999
2024-09-16 13:27:35.905,414.79262031752495,95
2024-09-16 13:27:35.950,414.80137237338937,997
2024-09-16 13:27:35.982,414.8038672873618,996
2024-09-16 13:27:36.010,414.8413615619473,101
2024-09-16 13:27:36.084,414.8331232195077,15
2024-09-16 13:27:36.282,414.8358607680398,5
2024-09-16 13:27:36.542,414.8508978243334,95
2024-09-16 13:27:36.596,414.85073412069374,999
2024-09-16 13:27:36.618,,997
2024-09-16 13:27:36.628,414.82373863075566,1005
2024-09-16 13:27:36.655,414.8366376958236,14
2024-09-16 13:27:36.658,414.8564184844985,13
2024-09-16 13:27:36.699,414.85595353264017,104
2024-09-16 13:27:36.704,414.8335288785557,102
2024-09-16 13:27:36.719,414.8288513341173,104
2024-09-16 13:27:36.918,414.8608941573687,9
2024-09-16 13:27:36.923,414.825810865028,15
2024-09-16 13:27:36.933,414.81737332742,1004
2024-09-16 13:27:36.969,414.8478188074389,1000
2024-09-16 13:27:37.035,414.8681438302024,1005
2024-09-16 13:27:37.058,414.8925531406848,9
2024-09-16 13:27:37.268,414.8686175932971,995
2024-09-16 13:27:37.296,414.88259337399273,105
2024-09-16 13:27:37.355,414.8834744616241,997
2024-09-16 13:27:37.384,414.9025694676986,11
2024-09-16 13:27:37.489,414.8739523494581,1004
2024-09-16 13:27:37.594,414.8998744570901,99
2024-09-16 13:27:37.649,414.8922174283188,1001
2024-09-16 13:27:37.663,414.87998325035073,95
2024-09-16 13:27:37.899,414.8814990895752,99
2024-09-16 13:27:37.907,414.8954916412153,15
2024-09-16 13:27:38.046,414.841819261717,9
2024-09-16 13:27:38.067,414.88252071686816,97
2024-09-16 13:27:38.068,414.8476490893973,1004
2024-09-16 13:27:38.186,414.7964612358824,998
2024-09-16 13:27:38.252,-414.8173328513216,14
2024-09-16 13:27:38.267,414.87710563494136,8
2024-09-16 13:27:38.301,414.8368957883936,97
2024-09-16 13:27:38.317,414.8546508178819,7
2024-09-16 13:27:38.359,414.871462839064,100
2024-09-16 13:27:38.379,414.8572988872566,102
2024-09-16 13:27:38.434,414.82770727618873,1000
2024-09-16 13:27:38.555,414.8271145834064,998
2024-09-16 13:27:38.584,414.867921666698,995
2024-09-16 13:27:38.712,414.8359738453602,97
2024-09-16 13:27:38.736,414.83387868422767,12
2024-09-16 13:27:38.757,41.47928335933734,997
2024-09-16 13:27:38.826,414.7901468125748,995
2024-09-16 13:27:38.844,414.8034891542613,6
2024-09-16 13:27:38.852,414.85032609582623,1001
2024-09-16 13:27:38.870,414.8399993591389,101
2024-09-16 13:27:38.882,414.827285375648,98
2024-09-16 13:27:38.883,414.8231919992934,1003
2024-09-16 13:27:38.948,414.7915106009911,10
2024-09-16 13:27:38.959,414.8188548993744,995
2024-09-16 13:27:38.978,414.8046131615511,998
2024-09-16 13:27:39.081,414.7782202064324,103
2024-09-16 13:27:39.102,414.80289869284655,8
2024-09-16 13:27:39.161,414.7721066203925,6
2024-09-16 13:27:39.210,414.7814325393534,95
2024-09-16 13:27:39.226,-414.7677192228588,97
2024-09-16 13:27:39.305,414.78100743491547,101
2024-09-16 13:27:39.317,414.851396859098,105
2024-09-16 13:27:39.361,414.7740996326165,14
2024-09-16 13:27:39.363,414.80932439368144,1000
2024-09-16 13:27:39.519,414.8422198730637,96
2024-09-16 13:27:39.604,414.78107981092495,998
2024-09-16 13:27:39.650,414.813210627852,104
2024-09-16 13:27:39.663,414.8070447119751,10
2024-09-16 13:27:39.703,414.7737788582471,102
2024-09-16 13:27:39.772,414.8188543473683,100
2024-09-16 13:27:39.783,414.8220932627618,995
2024-09-16 13:27:39.789,414.7984387577486,103
2024-09-16 13:27:39.803,414.7932888224304,100
2024-09-16 13:27:39.834,414.8243387031432,1004
2024-09-16 13:27:39.839,414.7856403235629,7
2024-09-16 13:27:39.944,414.7855767170686,12
2024-09-16 13:27:40.007,414.7574109537241,996
2024-09-16 13:27:40.045,414.7650275003413,1000
2024-09-16 13:27:40.125,414.7632258408504,1000
2024-09-16 13:27:40.170,414.7815327644079,1000
2024-09-16 13:27:40.208,414.7599371515424,10
2024-09-16 13:27:40.242,414.76720561047176,102
2024-09-16 13:27:40.244,414.7879760316965,98
2024-09-16 13:27:40.273,414.7548758109934,998
2024-09-16 13:27:40.330,414.7716878710172,101
2024-09-16 13:27:40.458,414.7575476775879,10
2024-09-16 13:27:40.511,414.78499162110273,12
2024-09-16 13:27:40.512,414.7925852520159,10
2024-09-16 13:27:40.641,414.7678186183117,99
2024-09-16 13:27:40.652,414.7682228219948,997
2024-09-16 13:27:40.740,414.7562647398615,99
2024-09-16 13:27:40.768,414.7927378933155,11
2024-09-16 13:27:40.783,-414.8047617606877,99
2024-09-16 13:27:40.811,414.7595705944975,13
2024-09-16 13:27:40.829,414.7702282330629,1001
2024-09-16 13:27:40.839,414.7905826356583,1003
2024-09-16 13:27:40.939,,6
2024-09-16 13:27:40.970,414.75494754616,1001
2024-09-16 13:27:41.015,414.78568711668566,15
2024-09-16 13:27:41.071,414.8130444205809,104
2024-09-16 13:27:41.231,414.7720086231751,95
2024-09-16 13:27:41.237,414.7794156156172,97
2024-09-16 13:27:41.273,414.79430970682887,98
2024-09-16 13:27:41.274,-414.8008980862471,5
2024-09-16 13:27:41.357,414.8321687201024,10
2024-09-16 13:27:41.362,414.81491994647496,14
2024-09-16 13:27:41.414,414.8082068069398,97
2024-09-16 13:27:41.486,414.8014822309182,1000
2024-09-16 13:27:41.555,414.7690995976377,95
2024-09-16 13:27:41.660,414.7944175685119,98
2024-09-16 13:27:41.667,414.8105278543944,95
2024-09-16 13:27:41.678,414.8445404325256,1001
2024-09-16 13:27:41.740,414.8102707237846,100
2024-09-16 13:27:41.763,414.8095368504414,101
2024-09-16 13:27:41.800,414.78776148444825,995
2024-09-16 13:27:41.814,414.8499931106271,7
2024-09-16 13:27:41.832,414.7809067825085,1004
2024-09-16 13:27:41.874,414.7860806012898,96
2024-09-16 13:27:41.878,414.80072963120296,1001
2024-09-16 13:27:41.928,414.7741801527136,99
2024-09-16 13:27:41.933,414.81485244471446,1000
2024-09-16 13:27:41.943,414.8553789899495,998
2024-09-16 13:27:42.074,414.8340333811421,98
2024-09-16 13:27:42.081,414.86130965281217,998
2024-09-16 13:27:42.084,414.8044094374382,995
2024-09-16 13:27:42.087,414.8620162371972,15
2024-09-16 13:27:42.094,414.8771167554436,1005
2024-09-16 13:27:42.212,414.7870893084757,8
2024-09-16 13:27:42.215,414.8003307613172,97
2024-09-16 13:27:42.232,414.8598080273328,1002
2024-09-16 13:27:42.246,414.8084760166334,99
2024-09-16 13:27:42.285,414.78553906512514,11
2024-09-16 13:27:42.350,414.8323118201222,105
2024-09-16 13:27:42.401,414.8298820856397,8
2024-09-16 13:27:42.454,414.8314248295722,15
2024-09-16 13:27:42.505,414.8525754269922,1005
2024-09-16 13:27:42.507,414.83352786374064,100
2024-09-16 13:27:42.530,414.80476568500126,15
2024-09-16 13:27:42.544,414.8124967104119,96
2024-09-16 13:27:42.596,414.79981687092027,10
2024-09-16 13:27:42.622,414.80715971261344,102
2024-09-16 13:27:42.635,414.8085289097799,999
2024-09-16 13:27:42.725,414.8688775634715,6
2024-09-16 13:27:42.802,414.7991350422523,5
2024-09-16 13:27:42.818,414.8623026897492,5
2024-09-16 13:27:42.842,414.80033520007146,12
2024-09-16 13:27:42.850,414.8183359185116,5
2024-09-16 13:27:42.881,414.800138814071,998
2024-09-16 13:27:42.903,414.826283468992,9
2024-09-16 13:27:42.915,414.7823412272532,1000
2024-09-16 13:27:42.939,414.8040896863223,1004
2024-09-16 13:27:42.981,414.8377964353994,997
2024-09-16 13:27:43.014,414.8249397926266,13
2024-09-16 13:27:43.018,414.8181357713302,97
2024-09-16 13:27:43.024,414.8219053799907,997
2024-09-16 13:27:43.170,414.8262962323077,995
2024-09-16 13:27:43.179,414.8043099634616,10
2024-09-16 13:27:43.186,414.81496569753216,7
2024-09-16 13:27:43.246,414.7914485866312,96
2024-09-16 13:27:43.293,414.8149888720549,95
2024-09-16 13:27:43.348,414.8235955483535,95
2024-09-16 13:27:43.383,414.832518760902,995
2024-09-16 13:27:43.541,414.80369944234405,1000
2024-09-16 13:27:43.587,414.8115922649049,995
2024-09-16 13:27:43.605,414.7835218835236,104
2024-09-16 13:27:43.693,414.80423282810216,99
2024-09-16 13:27:43.711,414.82026976624286,1000
2024-09-16 13:27:43.793,,9
2024-09-16 13:27:43.832,414.80148047763055,101
2024-09-16 13:27:43.850,414.7901130060985,99
2024-09-16 13:27:43.914,414.8235834804825,101
2024-09-16 13:27:43.934,414.8093962848436,11
2024-09-16 13:27:43.951,414.7969636413921,95
2024-09-16 13:27:43.952,414.8204553788968,996
2024-09-16 13:27:43.953,414.8148996488196,14
2024-09-16 13:27:44.010,414.8942830136388,1002
2024-09-16 13:27:44.025,414.878702029788,1005
2024-09-16 13:27:44.028,414.8185663418949,95
2024-09-16 13:27:44.088,414.86006412034726,96
2024-09-16 13:27:44.131,414.8589706966149,96
2024-09-16 13:27:44.137,414.90990443525976,103
2024-09-16 13:27:44.258,414.8645785057603,1002
2024-09-16 13:27:44.298,414.8232293558468,9
2024-09-16 13:27:44.312,414.7887062653524,99
2024-09-16 13:27:44.347,414.7996482206877,7
2024-09-16 13:27:44.417,414.9232664585805,1003
2024-09-16 13:27:44.456,414.8151981388269,997
2024-09-16 13:27:44.537,414.7913436195621,997
2024-09-16 13:27:44.549,414.8236669874583,96
2024-09-16 13:27:44.562,414.8081612225045,1004
2024-09-16 13:27:44.572,414.7850267178968,5
2024-09-16 13:27:44.584,414.77220832180353,99
2024-09-16 13:27:44.644,414.9114135803841,99
2024-09-16 13:27:44.692,414.8225595798791,995
2024-09-16 13:27:44.717,414.8531516197909,1002
2024-09-16 13:27:44.747,414.8828276460153,97
2024-09-16 13:27:44.782,414.7889745412597,1005
2024-09-16 13:27:44.830,414.87186615836345,9
2024-09-16 13:27:44.839,414.8896273952633,1001
2024-09-16 13:27:44.888,414.7743665182095,8
2024-09-16 13:27:44.936,414.7952172109188,99
2024-09-16 13:27:44.980,414.7855581459061,13
2024-09-16 13:27:46.113,414.90474134298057,1002
2024-09-16 13:27:46.127,414.9120877500478,102
2024-09-16 13:27:46.237,414.89934142137423,103
2024-09-16 13:27:46.242,414.9087880220743,6
2024-09-16 13:27:46.380,414.9165064651347,8
2024-09-16 13:27:46.472,414.9018474962398,7
2024-09-16 13:27:46.637,414.92169510973935,1000
2024-09-16 13:27:46.776,414.91669062339065,1003
2024-09-16 13:27:46.860,414.9092698190194,1002
2024-09-16 13:27:46.954,414.9027781975135,15
2024-09-16 13:27:46.963,414.8946710990823,13
2024-09-16 13:27:47.464,414.9060791381063,5
2024-09-16 13:27:47.612,414.9279834478702,15
2024-09-16 13:27:47.814,414.8966062548247,101
2024-09-16 13:27:48.037,414.8985455551713,9
2024-09-16 13:27:48.095,414.9464359157871,97
2024-09-16 13:27:48.164,414.9494110632964,999
2024-09-16 13:27:48.179,414.9246361932588,102
2024-09-16 13:27:48.254,414.9243882119927,13
2024-09-16 13:27:48.315,414.940237140483,996
2024-09-16 13:27:48.367,414.90708459313583,13
2024-09-16 13:27:48.444,414.9433923094627,103
2024-09-16 13:27:48.495,414.9309376224779,95
2024-09-16 13:27:48.824,414.9457920915275,1000
2024-09-16 13:27:49.060,414.87249497323495,997
2024-09-16 13:27:49.232,414.88466093449387,105
2024-09-16 13:27:49.343,414.8919617614456,997
2024-09-16 13:27:49.376,414.8898373032422,98
2024-09-16 13:27:50.597,414.8840702302104,996
2024-09-16 13:27:51.060,414.88466685583217,1004
2024-09-16 13:27:51.082,414.8580485373767,1000
2024-09-16 13:27:51.135,414.8969151827306,998
2024-09-16 13:27:51.241,414.90415930108986,102
2024-09-16 13:27:51.298,414.8611894133916,5
2024-09-16 13:27:51.335,414.8584975100362,96
2024-09-16 13:27:51.492,414.9262844571071,1002
2024-09-16 13:27:51.519,414.8784545244779,11
2024-09-16 13:27:51.594,414.8681407064508,104
2024-09-16 13:27:51.595,414.8876225001084,97
2024-09-16 13:27:51.625,414.8669839355166,12
2024-09-16 13:27:51.660,414.86395558991154,13
2024-09-16 13:27:51.766,414.8698576027945,103
2024-09-16 13:27:51.798,414.8721271688447,9
2024-09-16 13:27:51.961,414.9255151291826,14
2024-09-16 13:27:51.998,414.8572751765953,13
2024-09-16 13:27:52.318,414.9330505619301,13
2024-09-16 13:27:52.426,414.9175476358627,996
2024-09-16 13:27:52.483,414.9326720123853,100
2024-09-16 13:27:52.546,414.9254346043944,10
2024-09-16 13:27:52.591,414.9291012439559,95
2024-09-16 13:27:52.785,414.93346667583126,95
2024-09-16 13:27:52.792,414.92704098470426,999
2024-09-16 13:27:53.233,414.9247996982734,98
2024-09-16 13:27:53.469,414.9185599605394,105
2024-09-16 13:27:53.500,41.49197503822143,1005
2024-09-16 13:27:53.704,414.9280836915901,999
2024-09-16 13:27:53.841,414.9031876403959,997
2024-09-16 13:27:54.267,414.75437617186265,10
2024-09-16 13:27:54.306,414.90165295428153,6
2024-09-16 13:27:54.327,414.9108835363578,104
2024-09-16 13:27:54.486,414.9019123770397,8
2024-09-16 13:27:54.579,414.8201921951968,1000
2024-09-16 13:27:54.629,414.913054722461,12
2024-09-16 13:27:54.634,414.7535583234848,7
2024-09-16 13:27:54.656,414.8894173118166,6
2024-09-16 13:27:54.746,414.9008905991258,1002
2024-09-16 13:27:54.751,414.9350084850111,5
2024-09-16 13:27:54.757,414.73868847304345,102
2024-09-16 13:27:54.828,414.7801533954306,103
2024-09-16 13:27:54.834,414.8169381446063,15
2024-09-16 13:27:54.870,414.8029177198847,1003
2024-09-16 13:27:54.892,414.8421262228504,100
2024-09-16 13:27:54.907,414.7686495090717,6
2024-09-16 13:27:54.919,414.8604547296298,9
2024-09-16 13:27:54.950,414.9052620056613,15
2024-09-16 13:27:54.972,414.9161712882855,997
2024-09-16 13:27:54.992,414.91981600067896,5
2024-09-16 13:27:55.005,414.70320401368366,6
2024-09-16 13:27:55.080,414.7109981141817,6
2024-09-16 13:27:55.119,414.73154208597,101
2024-09-16 13:27:55.142,414.71132619252353,9
2024-09-16 13:27:55.189,414.7536765311005,8
2024-09-16 13:27:55.234,414.68536166582015,12
2024-09-16 13:27:55.293,414.7408855094283,6
2024-09-16 13:27:55.319,414.6805424642355,98
2024-09-16 13:27:55.342,414.7314750357572,1002
2024-09-16 13:27:55.382,414.7131997597706,8
2024-09-16 13:27:55.401,414.70901241333735,14
2024-09-16 13:27:55.410,414.6982095875364,1000
2024-09-16 13:27:55.428,414.7094491820319,13
2024-09-16 13:27:55.498,414.7161484095751,103
2024-09-16 13:27:55.570,414.7125769910092,14
2024-09-16 13:27:55.585,414.6817633974471,102
2024-09-16 13:27:55.593,414.70244552901033,103
2024-09-16 13:27:55.608,414.6820437976344,997
2024-09-16 13:27:55.665,414.7522700873372,11
2024-09-16 13:27:55.733,414.70009830451136,1002
2024-09-16 13:27:55.744,414.6997861926366,6
2024-09-16 13:27:55.821,414.69746884736014,5
2024-09-16 13:27:55.825,414.71483372395033,998
2024-09-16 13:27:55.867,414.7001718723766,103
2024-09-16 13:27:55.896,414.70787529766807,102
2024-09-16 13:27:55.925,414.6990991667533,995
2024-09-16 13:27:55.966,414.69709088882985,1001
2024-09-16 13:27:55.974,414.69049106209184,1000
2024-09-16 13:27:56.097,414.6784465778954,1002
2024-09-16 13:27:56.402,414.6856086334561,996
2024-09-16 13:27:56.439,414.6493602221091,996
2024-09-16 13:27:56.640,414.6689062605919,6
2024-09-16 13:27:56.710,414.6794348189471,15
2024-09-16 13:27:56.769,414.694867617418,5
2024-09-16 13:27:56.785,414.6447922535739,996
2024-09-16 13:27:56.912,414.657018235521,98
2024-09-16 13:27:57.079,414.73435362588447,1003
2024-09-16 13:27:57.112,414.73224663027577,998
2024-09-16 13:27:57.126,414.7428789233485,97
2024-09-16 13:27:57.167,414.7375972268964,996
2024-09-16 13:27:57.326,414.7352916179827,12
2024-09-16 13:27:57.354,414.74072221467446,996
2024-09-16 13:27:57.364,414.715873418772,9
2024-09-16 13:27:57.371,414.719657535021,97
2024-09-16 13:27:57.627,414.7003539148608,96
2024-09-16 13:27:57.634,414.7370296920039,9
2024-09-16 13:27:57.654,414.7002319732118,9
2024-09-16 13:27:57.821,414.7243834642447,12
2024-09-16 13:27:58.002,414.72921565256206,1001
2024-09-16 13:27:58.064,414.73403363546566,103
2024-09-16 13:27:58.162,414.7262806894637,103
2024-09-16 13:27:58.185,414.7540670912692,8
2024-09-16 13:27:58.207,,10
2024-09-16 13:27:58.339,414.7672686555928,96
2024-09-16 13:27:58.598,414.7432872888351,10
2024-09-16 13:27:58.605,,105
2024-09-16 13:27:58.824,414.7319552073883,14
2024-09-16 13:27:58.944,414.74504686841686,97
2024-09-16 13:27:59.045,414.8098256535715,1002
2024-09-16 13:27:59.055,414.8376315533217,99
2024-09-16 13:27:59.064,414.8458536075236,1001
2024-09-16 13:27:59.084,414.844505854392,14
2024-09-16 13:27:59.167,414.770223771189,12
2024-09-16 13:27:59.210,414.7989264720103,102
2024-09-16 13:27:59.238,414.7861151450917,996
2024-09-16 13:27:59.241,414.79590703003015,101
2024-09-16 13:27:59.271,414.7490398971917,104
2024-09-16 13:27:59.355,414.7424325407792,96
2024-09-16 13:27:59.401,414.8203618472064,5
2024-09-16 13:27:59.413,414.8211432712792,997
2024-09-16 13:27:59.434,414.80011515690535,14
2024-09-16 13:27:59.472,414.7451697498122,98
2024-09-16 13:27:59.476,414.8442963945503,1005
2024-09-16 13:27:59.483,414.7420602754976,103
2024-09-16 13:27:59.491,414.8256007254293,13
2024-09-16 13:27:59.516,414.780882472776,7
2024-09-16 13:27:59.604,414.7616572289268,998
2024-09-16 13:27:59.616,414.8496318636466,1005
2024-09-16 13:27:59.662,414.7608250875608,12
2024-09-16 13:27:59.719,414.8116522938254,999
2024-09-16 13:27:59.847,414.7575316872631,6
2024-09-16 13:27:59.899,414.8176044535743,1002
2024-09-16 13:27:59.938,414.7490718647538,1005
2024-09-16 13:27:59.945,414.81466060077366,1003
2024-09-16 13:27:59.951,414.8021612069441,99
2024-09-16 13:27:59.958,414.74910334853314,997
