Timestamp,Price,Size
2024-09-16 11:20:00.000,417.3881491350887,8
2024-09-16 11:20:00.009,417.3770786081499,105
2024-09-16 11:20:00.026,417.36418925789,1001
2024-09-16 11:20:00.027,417.4030590450146,998
2024-09-16 11:20:00.073,417.4253120415596,99
2024-09-16 11:20:00.082,417.4160745975269,995
2024-09-16 11:20:00.086,417.41052091967504,97
2024-09-16 11:20:00.126,417.3740308080996,98
2024-09-16 11:20:00.155,417.3677281389094,7
2024-09-16 11:20:00.282,417.39730428772,13
2024-09-16 11:20:00.283,41.74232860216302,101
2024-09-16 11:20:00.310,417.4094439494213,101
2024-09-16 11:20:00.321,417.3683748099833,98
2024-09-16 11:20:00.336,-417.4099028172807,1001
2024-09-16 11:20:00.362,417.41634833328607,95
2024-09-16 11:20:00.430,417.4384473485853,14
2024-09-16 11:20:00.488,417.4133136409581,99
2024-09-16 11:20:00.526,417.44467169692257,999
2024-09-16 11:20:00.589,417.4183671944245,15
2024-09-16 11:20:00.611,417.403321100239,6
2024-09-16 11:20:00.615,417.4070941198806,95
2024-09-16 11:20:00.617,417.4373281710483,11
2024-09-16 11:20:00.657,417.3777330532992,997
2024-09-16 11:20:00.736,417.4421844719569,102
2024-09-16 11:20:00.756,417.3979551356797,1003
2024-09-16 11:20:00.770,417.4313342092949,102
2024-09-16 11:20:00.794,417.43271843784095,10
2024-09-16 11:20:00.913,417.4035778507656,12
2024-09-16 11:20:01.101,417.38724714881386,15
2024-09-16 11:20:01.161,417.37113445594827,14
2024-09-16 11:20:01.299,417.4218934157884,1005
2024-09-16 11:20:01.340,417.4002049796019,999
2024-09-16 11:20:01.523,417.4133820851841,98
2024-09-16 11:20:01.560,417.40452771549616,1001
2024-09-16 11:20:01.608,417.4208425753055,1001
2024-09-16 11:20:01.727,417.3931656672762,98
2024-09-16 11:20:01.743,417.41592453019337,1001
2024-09-16 11:20:01.950,417.42297961789,1005
2024-09-16 11:20:01.973,417.40335209379657,7
2024-09-16 11:20:01.976,417.4039380456513,14
2024-09-16 11:20:02.024,417.3754838680285,13
2024-09-16 11:20:02.055,417.3771911705039,5
2024-09-16 11:20:02.058,417.3512851821165,105
2024-09-16 11:20:02.094,417.362056219965,105
2024-09-16 11:20:02.131,417.3667255334119,11
2024-09-16 11:20:02.152,417.3798564774172,103
2024-09-16 11:20:02.161,417.3629089657776,102
2024-09-16 11:20:02.300,417.3610345715047,1000
2024-09-16 11:20:02.507,417.3769717844538,1003
2024-09-16 11:20:02.571,417.3828211318967,13
2024-09-16 11:20:02.609,417.3653603070618,8
2024-09-16 11:20:02.697,417.3771386818203,1002
2024-09-16 11:20:02.823,417.382590212805,105
2024-09-16 11:20:02.881,417.3842894588944,1000
2024-09-16 11:20:02.931,417.3577254328682,6
2024-09-16 11:20:02.992,417.3456519153512,1000
2024-09-16 11:20:03.164,417.35279648786906,1004
2024-09-16 11:20:03.165,417.3514031247877,11
2024-09-16 11:20:04.003,417.305666365665,97
2024-09-16 11:20:04.047,417.2985616638581,8
2024-09-16 11:20:04.075,417.31899927637227,95
2024-09-16 11:20:04.077,417.26067260803626,104
2024-09-16 11:20:04.150,417.2703654582604,105
2024-09-16 11:20:04.194,417.3187248196663,1005
2024-09-16 11:20:04.300,417.32470302525815,98
2024-09-16 11:20:04.405,417.3109343867747,95
2024-09-16 11:20:04.415,417.2811301848183,1000
2024-09-16 11:20:04.502,417.3382313503254,10
2024-09-16 11:20:04.647,417.2772736944855,97
2024-09-16 11:20:04.765,417.3500931077043,8
2024-09-16 11:20:04.786,417.2582411385807,14
2024-09-16 11:20:04.836,417.2744882591772,11
2024-09-16 11:20:04.875,417.290627295677,1002
2024-09-16 11:20:04.953,417.27722830089306,101
2024-09-16 11:20:04.957,417.3127802065874,100
2024-09-16 11:20:04.982,417.24635298991655,1004
2024-09-16 11:20:05.010,417.2609579344076,9
2024-09-16 11:20:05.088,417.24709388039366,102
2024-09-16 11:20:05.148,417.28876801660255,9
2024-09-16 11:20:05.314,417.2455503338858,1002
2024-09-16 11:20:05.484,417.2806318775847,104
2024-09-16 11:20:05.568,417.2578233289756,102
2024-09-16 11:20:05.650,417.2892540646627,999
2024-09-16 11:20:05.675,417.25793041027566,999
2024-09-16 11:20:05.808,417.26205676714926,104
2024-09-16 11:20:05.935,417.2616435022644,96
2024-09-16 11:20:06.007,417.2135952642601,98
2024-09-16 11:20:06.023,417.196158862516,996
2024-09-16 11:20:06.036,417.2236688279123,100
2024-09-16 11:20:06.087,417.2526072437644,103
2024-09-16 11:20:06.216,417.2026118242621,96
2024-09-16 11:20:06.294,417.21819914953727,13
2024-09-16 11:20:06.307,417.1959381671607,98
2024-09-16 11:20:06.330,417.208860946161,999
2024-09-16 11:20:06.360,417.2032634090553,7
2024-09-16 11:20:06.439,417.2265128492085,10
2024-09-16 11:20:06.471,417.1986543058295,997
2024-09-16 11:20:06.487,417.2107507152403,96
2024-09-16 11:20:06.489,417.2558439487156,98
2024-09-16 11:20:06.528,417.2668380582426,7
2024-09-16 11:20:06.540,417.2384485138266,101
2024-09-16 11:20:06.571,417.2436851031887,101
2024-09-16 11:20:06.589,417.2059021205052,104
2024-09-16 11:20:06.633,417.2169372764543,998
2024-09-16 11:20:06.657,417.2206912481707,104
2024-09-16 11:20:06.703,417.2003405220269,1002
2024-09-16 11:20:06.749,417.24687654336935,96
2024-09-16 11:20:06.811,417.21997807348,100
2024-09-16 11:20:06.840,417.2026290527679,5
2024-09-16 11:20:06.847,417.2125674776584,1005
2024-09-16 11:20:06.902,417.2064124449592,99
2024-09-16 11:20:06.975,417.2047750769329,1003
2024-09-16 11:20:07.006,417.1639711172276,103
2024-09-16 11:20:07.055,417.19949234062943,1000
2024-09-16 11:20:07.079,417.153386955583,995
2024-09-16 11:20:07.193,417.2213944340239,104
2024-09-16 11:20:07.210,417.2044593297833,98
2024-09-16 11:20:07.321,417.2136429866355,102
2024-09-16 11:20:07.356,417.18864750172753,1002
2024-09-16 11:20:07.390,417.1510182208978,9
2024-09-16 11:20:07.420,417.2035829110029,1000
2024-09-16 11:20:07.436,417.1675974962354,101
2024-09-16 11:20:07.652,417.189206257327,5
2024-09-16 11:20:07.654,417.18855198203306,99
2024-09-16 11:20:07.727,417.22919699556974,15
2024-09-16 11:20:07.768,417.1859452323511,8
2024-09-16 11:20:07.786,417.2232768596806,98
2024-09-16 11:20:07.849,417.1845653965096,98
2024-09-16 11:20:07.920,417.18651064797376,1003
2024-09-16 11:20:07.945,417.18744909217054,14
2024-09-16 11:20:07.969,417.19400074133966,998
2024-09-16 11:20:07.999,417.14920463592057,1001
2024-09-16 11:20:08.035,417.2320349497916,97
2024-09-16 11:20:08.080,417.1620393963295,99
2024-09-16 11:20:08.190,417.201569909728,995
2024-09-16 11:20:08.198,417.1786885169049,97
2024-09-16 11:20:08.217,-417.2345591872428,996
2024-09-16 11:20:08.219,417.1893634042153,101
2024-09-16 11:20:08.278,417.2198442794037,6
2024-09-16 11:20:08.279,417.2745355039416,8
2024-09-16 11:20:08.340,417.2596059669872,6
2024-09-16 11:20:08.341,417.2542470324448,6
2024-09-16 11:20:08.464,417.21019951781614,100
2024-09-16 11:20:08.567,417.1730664874557,103
2024-09-16 11:20:08.568,417.2326697804809,98
2024-09-16 11:20:08.629,417.1410815379477,1001
2024-09-16 11:20:08.790,-417.2559605726748,10
2024-09-16 11:20:08.909,417.1978905194143,7
2024-09-16 11:20:08.924,417.2078575479146,12
2024-09-16 11:20:08.950,417.2038219031453,99
2024-09-16 11:20:09.007,417.0738030650484,103
2024-09-16 11:20:09.013,417.082741854844,1002
2024-09-16 11:20:09.032,417.0703094912771,104
2024-09-16 11:20:09.114,417.0682032900415,1005
2024-09-16 11:20:09.121,417.0625352866395,98
2024-09-16 11:20:09.150,417.0874305772603,996
2024-09-16 11:20:09.209,417.0756569100054,998
2024-09-16 11:20:09.303,417.0907940092413,100
2024-09-16 11:20:09.303,417.101510060982,9
2024-09-16 11:20:09.310,417.1419546122645,101
2024-09-16 11:20:09.356,417.0668378351119,104
2024-09-16 11:20:09.356,417.15346072398427,1001
2024-09-16 11:20:09.420,417.04861858033854,997
2024-09-16 11:20:09.536,417.1417640029509,1003
2024-09-16 11:20:09.552,417.1273435976053,102
2024-09-16 11:20:09.562,417.0644024566762,997
2024-09-16 11:20:09.650,417.1441319933933,105
2024-09-16 11:20:09.717,417.06953745382873,998
2024-09-16 11:20:09.937,417.0816988602476,98
2024-09-16 11:20:09.968,417.0497947807749,100
2024-09-16 11:20:10.023,417.0556775882405,13
2024-09-16 11:20:10.109,417.0925673994239,98
2024-09-16 11:20:10.241,417.0770750917482,100
2024-09-16 11:20:10.332,417.0924098358489,103
2024-09-16 11:20:10.375,417.0662821445523,15
2024-09-16 11:20:10.431,417.0564710018134,99
2024-09-16 11:20:10.457,417.06862744599465,7
2024-09-16 11:20:10.749,417.07226469085407,7
2024-09-16 11:20:10.831,41.70569366249319,1003
2024-09-16 11:20:10.919,417.07193902132894,13
2024-09-16 11:20:11.035,417.0347323101848,99
2024-09-16 11:20:11.059,417.0598607518117,96
2024-09-16 11:20:11.100,417.0373760956371,10
2024-09-16 11:20:11.122,417.020939680215,1005
2024-09-16 11:20:11.130,417.0546964685476,104
2024-09-16 11:20:11.175,417.0589009554281,11
2024-09-16 11:20:11.177,417.04361423993385,101
2024-09-16 11:20:11.245,417.0496029314884,1003
2024-09-16 11:20:11.372,417.04706080119513,99
2024-09-16 11:20:11.393,417.0475074210028,996
2024-09-16 11:20:11.457,417.0127200417703,96
2024-09-16 11:20:11.463,417.057126668517,1001
2024-09-16 11:20:11.507,417.0027807591154,11
2024-09-16 11:20:11.568,416.997764100141,95
2024-09-16 11:20:11.598,417.0259649078451,997
2024-09-16 11:20:11.612,,1003
2024-09-16 11:20:11.616,417.032078431441,105
2024-09-16 11:20:11.643,417.0516821148655,97
2024-09-16 11:20:11.740,417.025085734048,997
2024-09-16 11:20:11.745,,101
2024-09-16 11:20:11.745,417.03365458618566,15
2024-09-16 11:20:11.756,417.009316902413,14
2024-09-16 11:20:11.801,417.0012209831282,102
2024-09-16 11:20:11.831,417.036983794436,1004
2024-09-16 11:20:11.834,417.0491701785084,13
2024-09-16 11:20:11.851,417.0533203293879,1001
2024-09-16 11:20:11.928,417.0390693273225,9
2024-09-16 11:20:11.940,41.70043700948904,7
2024-09-16 11:20:11.985,417.0334594909574,14
2024-09-16 11:20:12.016,417.00882750830016,99
2024-09-16 11:20:12.021,417.1104875734157,1000
2024-09-16 11:20:12.064,417.0197041718866,100
2024-09-16 11:20:12.083,417.0134803038686,996
2024-09-16 11:20:12.099,417.01280713105245,12
2024-09-16 11:20:12.108,417.1026275411301,104
2024-09-16 11:20:12.154,417.0369066134685,1000
2024-09-16 11:20:12.155,417.11448273616537,12
2024-09-16 11:20:12.186,417.1288888471705,101
2024-09-16 11:20:12.225,417.03181008043634,1003
2024-09-16 11:20:12.237,417.0372189498577,9
2024-09-16 11:20:12.248,417.1063918677592,5
2024-09-16 11:20:12.263,417.1083272637923,1003
2024-09-16 11:20:12.269,417.0311730731051,6
2024-09-16 11:20:12.303,417.1420845976322,101
2024-09-16 11:20:12.353,417.0073928167264,999
2024-09-16 11:20:12.363,417.0570924788694,999
2024-09-16 11:20:12.455,417.01356845722535,95
2024-09-16 11:20:12.504,417.013797393752,997
2024-09-16 11:20:12.597,417.1419376525512,999
2024-09-16 11:20:12.606,417.0531421260032,13
2024-09-16 11:20:12.754,417.1302250150788,103
2024-09-16 11:20:12.769,417.0785360736732,9
2024-09-16 11:20:12.821,417.0950583238039,9
2024-09-16 11:20:12.857,417.0710928785014,97
2024-09-16 11:20:12.953,417.04787930903336,11
2024-09-16 11:20:12.957,417.0143878115748,5
2024-09-16 11:20:12.964,417.005983069113,10
2024-09-16 11:20:12.970,417.1343132901586,6
2024-09-16 11:20:12.990,417.00247835948375,996
2024-09-16 11:20:13.079,417.100586843223,998
2024-09-16 11:20:13.148,417.08586998479,11
2024-09-16 11:20:13.183,417.0927740185427,104
2024-09-16 11:20:13.256,417.07466443991706,101
2024-09-16 11:20:13.287,417.0781285453049,14
2024-09-16 11:20:13.386,417.1034510505007,997
2024-09-16 11:20:13.390,417.1205056432439,14
2024-09-16 11:20:13.409,417.1220172888033,12
2024-09-16 11:20:13.414,417.093971098438,101
2024-09-16 11:20:13.422,417.05289023892846,9
2024-09-16 11:20:13.447,417.0841755469077,1003
2024-09-16 11:20:13.469,417.08269213331886,1004
2024-09-16 11:20:13.510,417.1211295964011,97
2024-09-16 11:20:13.582,417.0608745274831,99
2024-09-16 11:20:13.619,417.0393970714104,101
2024-09-16 11:20:13.624,417.0771751269895,103
2024-09-16 11:20:13.625,417.0545571147426,99
2024-09-16 11:20:13.632,417.101447462152,1004
2024-09-16 11:20:13.634,417.0626185301803,1003
2024-09-16 11:20:13.636,417.1052714454706,102
2024-09-16 11:20:13.652,417.102835097029,1003
2024-09-16 11:20:13.727,417.0732336685532,997
2024-09-16 11:20:13.886,,999
2024-09-16 11:20:13.886,417.0893238987308,6
2024-09-16 11:20:13.961,417.11324540228753,996
2024-09-16 11:20:13.965,417.1038341442924,995
2024-09-16 11:20:13.992,417.1059268420293,11
2024-09-16 11:20:14.065,417.0313323035445,12
2024-09-16 11:20:14.110,417.05071558353615,98
2024-09-16 11:20:14.135,417.0094987472432,7
2024-09-16 11:20:14.226,417.0377777450246,100
2024-09-16 11:20:14.327,417.0216317148105,104
2024-09-16 11:20:14.339,417.0058983003548,99
2024-09-16 11:20:14.453,417.0172614446687,104
2024-09-16 11:20:14.500,417.0163667195792,14
2024-09-16 11:20:14.615,417.01258382907525,1002
2024-09-16 11:20:14.657,417.0464255188522,1002
2024-09-16 11:20:14.709,417.0044581635892,6
2024-09-16 11:20:14.717,417.02894064817343,98
2024-09-16 11:20:14.728,417.0497341583194,95
2024-09-16 11:20:14.781,417.0315330798307,14
2024-09-16 11:20:14.827,417.0073271198454,102
2024-09-16 11:20:15.024,417.01143436819314,997
2024-09-16 11:20:15.093,416.9959920995194,102
2024-09-16 11:20:15.257,416.9924297675242,1005
2024-09-16 11:20:15.273,416.98392242025005,15
2024-09-16 11:20:15.283,417.00579289479725,96
2024-09-16 11:20:15.334,416.9976178081386,8
2024-09-16 11:20:15.348,417.01278551765546,11
2024-09-16 11:20:15.413,-416.9608834999466,1001
2024-09-16 11:20:15.582,417.0105763428652,997
2024-09-16 11:20:15.595,417.02767727933247,1002
2024-09-16 11:20:15.658,416.991375980966,995
2024-09-16 11:20:15.694,416.9995120903752,102
2024-09-16 11:20:15.707,416.9723363539583,1004
2024-09-16 11:20:15.722,416.9577414318658,1002
2024-09-16 11:20:15.731,417.00617189463605,99
2024-09-16 11:20:15.775,416.9622936131778,105
2024-09-16 11:20:15.783,417.02770347250623,1001
2024-09-16 11:20:15.840,417.011877765624,9
2024-09-16 11:20:15.930,417.0343420852493,15
2024-09-16 11:20:15.966,417.0371182398789,1003
2024-09-16 11:20:16.328,416.97123645983805,998
2024-09-16 11:20:16.409,416.9652985965737,103
2024-09-16 11:20:17.021,417.0445340487671,8
2024-09-16 11:20:17.035,417.0586505807297,99
2024-09-16 11:20:17.057,417.0554855199348,1003
2024-09-16 11:20:17.161,417.0739435797521,99
2024-09-16 11:20:17.198,417.0165813645163,105
2024-09-16 11:20:17.234,417.0576397331665,99
2024-09-16 11:20:17.241,416.99796696188,6
2024-09-16 11:20:17.252,417.05663915129605,7
2024-09-16 11:20:17.283,417.0414880333289,95
2024-09-16 11:20:17.370,417.0566660576957,14
2024-09-16 11:20:17.412,417.062456129058,14
2024-09-16 11:20:17.475,417.0037946353144,1003
2024-09-16 11:20:17.579,417.0350147717826,997
2024-09-16 11:20:17.585,417.0525019309828,995
2024-09-16 11:20:17.618,416.9626862289141,15
2024-09-16 11:20:17.635,416.9626894774887,5
2024-09-16 11:20:17.771,417.0118397577504,6
2024-09-16 11:20:17.802,417.038270120354,15
2024-09-16 11:20:17.829,416.9844605757872,9
2024-09-16 11:20:17.903,417.0278892904225,11
2024-09-16 11:20:17.928,417.00617930847886,100
2024-09-16 11:20:18.050,417.0668501044756,1000
2024-09-16 11:20:18.372,417.07678920355767,12
2024-09-16 11:20:18.535,417.0797530191554,101
2024-09-16 11:20:18.645,417.0740245859632,14
2024-09-16 11:20:18.793,417.0791012942348,103
2024-09-16 11:20:19.034,416.99740855690993,998
2024-09-16 11:20:19.036,417.10638311818224,5
2024-09-16 11:20:19.039,417.05885637314697,11
2024-09-16 11:20:19.159,417.0658831262418,10
2024-09-16 11:20:19.196,417.0676713917253,1005
2024-09-16 11:20:19.207,417.1114838523334,1003
2024-09-16 11:20:19.301,-417.1024620900844,99
2024-09-16 11:20:19.303,416.9804650492085,105
2024-09-16 11:20:19.323,417.1009673306801,5
2024-09-16 11:20:19.373,417.0430274356504,15
2024-09-16 11:20:19.378,417.0572607972441,8
2024-09-16 11:20:19.382,417.04799646776826,997
2024-09-16 11:20:19.390,417.1029644288735,1005
2024-09-16 11:20:19.406,417.0733044778715,1004
2024-09-16 11:20:19.508,417.1160006777877,103
2024-09-16 11:20:19.565,417.04821864775226,995
2024-09-16 11:20:19.579,417.082133730388,100
2024-09-16 11:20:19.596,417.057715175952,6
2024-09-16 11:20:19.635,417.0662514103207,104
2024-09-16 11:20:19.694,417.0702608001934,7
2024-09-16 11:20:19.758,417.07170904115776,1003
2024-09-16 11:20:19.793,416.99163830794487,7
2024-09-16 11:20:19.814,417.0490413890703,11
2024-09-16 11:20:19.847,417.0425904222925,95
2024-09-16 11:20:19.906,417.0600523188626,1001
2024-09-16 11:20:19.916,417.0708604683219,1002
2024-09-16 11:20:19.942,416.9946883444571,995
2024-09-16 11:20:19.966,417.11031611644944,7
2024-09-16 11:20:19.970,417.0464900383011,99
2024-09-16 11:20:19.983,417.04014497127525,10
2024-09-16 11:20:20.040,416.98615189089344,6
2024-09-16 11:20:20.135,416.98428561352114,10
2024-09-16 11:20:20.335,416.9643483571212,15
2024-09-16 11:20:20.384,416.995699056857,1003
2024-09-16 11:20:20.415,416.99063291056274,15
2024-09-16 11:20:20.442,416.9906548507067,5
2024-09-16 11:20:20.514,416.9858897505747,100
2024-09-16 11:20:20.526,416.984613446149,95
2024-09-16 11:20:20.672,416.9712275000201,96
2024-09-16 11:20:20.796,416.9971985900361,5
2024-09-16 11:20:20.848,416.98682741114425,98
2024-09-16 11:20:20.868,417.00123199435103,98
2024-09-16 11:20:20.966,416.987901054859,6
2024-09-16 11:20:21.023,417.0020384373157,997
2024-09-16 11:20:21.046,417.1030514796232,97
2024-09-16 11:20:21.099,417.0194745419077,1002
2024-09-16 11:20:21.176,417.0582566818203,104
2024-09-16 11:20:21.234,416.9718982157464,12
2024-09-16 11:20:21.255,417.1030782900792,1005
2024-09-16 11:20:21.305,417.0400776307382,15
2024-09-16 11:20:21.353,417.0111740214576,995
2024-09-16 11:20:21.378,417.0094839968063,105
2024-09-16 11:20:21.384,417.12441065311697,98
2024-09-16 11:20:21.409,417.0466959750652,100
2024-09-16 11:20:21.440,416.9675815263319,10
2024-09-16 11:20:21.483,417.0183297880613,1003
2024-09-16 11:20:21.539,416.9551252674022,996
2024-09-16 11:20:21.700,416.9609149694703,103
2024-09-16 11:20:21.711,417.102717298735,98
2024-09-16 11:20:21.735,417.1005121641484,8
2024-09-16 11:20:21.779,417.1060013785188,7
2024-09-16 11:20:21.825,416.9952923740713,97
2024-09-16 11:20:21.841,417.02492529008754,998
2024-09-16 11:20:21.937,417.1184367730579,100
2024-09-16 11:20:21.938,417.1242885185223,5
2024-09-16 11:20:21.972,417.0576312366241,7
2024-09-16 11:20:22.075,417.0919414472775,999
2024-09-16 11:20:22.108,417.1660539162749,1002
2024-09-16 11:20:22.116,417.12726704462,102
2024-09-16 11:20:22.177,417.08266103384574,10
2024-09-16 11:20:22.188,417.1288792414864,1003
2024-09-16 11:20:22.211,417.0913241281268,1002
2024-09-16 11:20:22.220,417.1534264762045,11
2024-09-16 11:20:22.337,417.114239257722,15
2024-09-16 11:20:22.433,417.09460385019537,9
2024-09-16 11:20:22.468,417.10591627282326,10
2024-09-16 11:20:22.666,,103
2024-09-16 11:20:22.681,417.11275861173766,5
2024-09-16 11:20:22.682,417.1345049661293,1002
2024-09-16 11:20:22.720,417.1238139349917,105
2024-09-16 11:20:22.831,417.1133505680968,5
2024-09-16 11:20:22.969,417.088548487563,96
2024-09-16 11:20:22.976,417.0981277918242,1002
2024-09-16 11:20:23.045,417.18962282896905,101
2024-09-16 11:20:23.267,417.1813518992434,1000
2024-09-16 11:20:23.377,417.1914491298476,1005
2024-09-16 11:20:23.386,417.1769315615074,1002
2024-09-16 11:20:23.436,417.1927919127551,14
2024-09-16 11:20:23.446,417.1688255561575,1001
2024-09-16 11:20:23.447,417.2271944294904,14
2024-09-16 11:20:23.483,417.2306593496958,6
2024-09-16 11:20:23.520,417.1999120888095,7
2024-09-16 11:20:23.574,417.2274940022393,102
2024-09-16 11:20:23.628,417.2011042184111,12
2024-09-16 11:20:23.688,417.2167183226379,7
2024-09-16 11:20:23.688,417.1797628135859,9
2024-09-16 11:20:23.779,417.218540147542,997
2024-09-16 11:20:23.847,417.1723851109872,996
2024-09-16 11:20:23.853,417.2315719937215,9
2024-09-16 11:20:24.104,417.22148029232034,103
2024-09-16 11:20:24.534,417.2307541984409,100
2024-09-16 11:20:24.935,417.2295875826576,103
2024-09-16 11:20:25.115,417.246249605088,5
2024-09-16 11:20:25.152,417.2271354257005,12
2024-09-16 11:20:25.169,417.2503071339981,102
2024-09-16 11:20:25.219,417.2331349063504,995
2024-09-16 11:20:25.307,417.21316969882105,1001
2024-09-16 11:20:25.324,417.2457507406223,102
2024-09-16 11:20:25.336,417.2143801410047,996
2024-09-16 11:20:25.367,417.2306804853324,101
2024-09-16 11:20:25.373,417.2347471040209,8
2024-09-16 11:20:25.385,417.23733056288506,97
2024-09-16 11:20:25.431,417.2292501707011,96
2024-09-16 11:20:25.477,417.2197596789201,14
2024-09-16 11:20:25.481,417.2426881486772,5
2024-09-16 11:20:25.543,417.2274316227328,9
2024-09-16 11:20:25.665,417.2098909547591,10
2024-09-16 11:20:25.737,417.2524579777218,7
2024-09-16 11:20:25.744,417.2424714440935,95
2024-09-16 11:20:25.830,417.25563178945305,997
2024-09-16 11:20:25.845,417.2402266894236,14
2024-09-16 11:20:25.850,417.2081816284715,105
2024-09-16 11:20:25.902,417.2312593454927,999
2024-09-16 11:20:25.911,417.2053928072727,1002
2024-09-16 11:20:26.020,417.2742207355449,100
2024-09-16 11:20:26.138,417.2620903942309,104
2024-09-16 11:20:26.147,417.2199118762241,102
2024-09-16 11:20:26.170,417.2734880400796,12
2024-09-16 11:20:26.248,417.22217068922697,12
2024-09-16 11:20:26.380,417.23431376448855,15
2024-09-16 11:20:26.458,417.2186213773626,96
2024-09-16 11:20:26.521,417.2961168356328,6
2024-09-16 11:20:26.596,417.2613761348888,5
2024-09-16 11:20:26.642,417.21958568928,1005
2024-09-16 11:20:26.643,417.2652665419756,96
2024-09-16 11:20:26.836,417.2382035140567,13
2024-09-16 11:20:26.870,417.223779285644,96
2024-09-16 11:20:26.977,417.254951527047,15
2024-09-16 11:20:27.063,417.2589882012805,10
2024-09-16 11:20:27.082,-417.2896932847796,99
2024-09-16 11:20:27.112,417.2995659126977,9
2024-09-16 11:20:27.134,417.24117731004594,11
2024-09-16 11:20:27.161,417.2549688868987,1003
2024-09-16 11:20:27.294,417.2979797589274,1004
2024-09-16 11:20:27.381,417.235579697444,99
2024-09-16 11:20:27.604,417.2734663402314,105
2024-09-16 11:20:27.664,417.3006000928675,105
2024-09-16 11:20:27.874,-417.2955202066316,103
2024-09-16 11:20:28.114,417.2901219466503,105
2024-09-16 11:20:28.116,417.28476153502334,1000
2024-09-16 11:20:28.132,417.2558629342208,998
2024-09-16 11:20:28.147,417.2886558538598,11
2024-09-16 11:20:28.164,417.2773073590583,998
2024-09-16 11:20:28.177,417.2458993423232,1004
2024-09-16 11:20:28.219,417.2856021915155,7
2024-09-16 11:20:28.265,417.2469841093529,103
2024-09-16 11:20:28.296,417.258230108712,96
2024-09-16 11:20:28.311,417.2672998081799,1002
2024-09-16 11:20:28.343,417.293084364184,998
2024-09-16 11:20:28.398,417.2883101150392,1002
2024-09-16 11:20:28.489,417.2790420981816,995
2024-09-16 11:20:28.506,417.2751668717282,8
2024-09-16 11:20:28.557,417.29758033913487,100
2024-09-16 11:20:28.579,417.2669066018596,6
2024-09-16 11:20:28.649,417.2576577136271,100
2024-09-16 11:20:28.681,417.2393297550318,99
2024-09-16 11:20:28.693,417.2599965222364,97
2024-09-16 11:20:28.816,417.2751453410637,7
2024-09-16 11:20:28.887,417.2653929539488,14
2024-09-16 11:20:28.890,417.2786327470197,101
2024-09-16 11:20:28.895,417.2699190641212,104
2024-09-16 11:20:28.948,-417.2734478562879,8
2024-09-16 11:20:28.986,417.2727156928154,12
2024-09-16 11:20:29.385,417.2659797784009,104
2024-09-16 11:20:29.627,417.2654002729189,95
2024-09-16 11:20:30.436,417.2602233888407,7
2024-09-16 11:20:30.849,417.25759485365046,100
2024-09-16 11:20:31.101,417.2758169541655,998
2024-09-16 11:20:31.123,,997
2024-09-16 11:20:31.190,417.255212751523,95
2024-09-16 11:20:31.337,417.2591888253025,6
2024-09-16 11:20:31.346,417.27000486164144,99
2024-09-16 11:20:31.382,417.2665909395357,95
2024-09-16 11:20:31.405,417.2474693169744,97
2024-09-16 11:20:31.434,417.2522002835412,6
2024-09-16 11:20:31.595,417.2864416535325,99
2024-09-16 11:20:31.643,417.2695333271618,11
2024-09-16 11:20:31.750,417.2746952221856,99
2024-09-16 11:20:31.795,417.25359066387045,5
2024-09-16 11:20:31.844,417.27840817412186,95
2024-09-16 11:20:31.896,417.2556112086264,1001
2024-09-16 11:20:31.942,417.2653991172466,100
2024-09-16 11:20:32.534,417.3231245918946,11
2024-09-16 11:20:32.930,417.311242626387,5
2024-09-16 11:20:32.931,417.3220607959277,996
2024-09-16 11:20:32.949,417.2941649019296,995
2024-09-16 11:20:33.070,417.3110279079806,1002
2024-09-16 11:20:33.073,417.3009031049305,1004
2024-09-16 11:20:33.115,417.2873515496867,96
2024-09-16 11:20:33.188,417.29673210727685,1001
2024-09-16 11:20:33.223,417.3036251601188,1003
2024-09-16 11:20:33.240,417.3194484036944,8
2024-09-16 11:20:33.250,417.3169020456517,104
2024-09-16 11:20:33.269,417.29021788860456,6
2024-09-16 11:20:33.295,417.31525406264376,15
2024-09-16 11:20:33.323,417.3206899328917,10
2024-09-16 11:20:33.325,417.299709870671,99
2024-09-16 11:20:33.438,417.2993251585228,100
2024-09-16 11:20:33.440,417.2965275633556,1003
2024-09-16 11:20:33.688,417.3109536980522,1001
2024-09-16 11:20:33.786,417.31163443390113,96
2024-09-16 11:20:33.813,417.3180990091336,105
2024-09-16 11:20:33.828,417.31639146813353,97
2024-09-16 11:20:33.871,417.2913460199407,98
2024-09-16 11:20:33.989,417.2685715155362,15
2024-09-16 11:20:33.991,417.2916910901238,1005
2024-09-16 11:20:34.010,417.294479588054,1002
2024-09-16 11:20:34.082,417.22568885995537,100
2024-09-16 11:20:34.089,-417.2144698484483,998
2024-09-16 11:20:34.184,417.2868003630623,1000
2024-09-16 11:20:34.263,417.22814656960696,1003
2024-09-16 11:20:34.273,417.2735987108792,5
2024-09-16 11:20:34.283,417.1992510603847,1000
2024-09-16 11:20:34.307,417.2629182040701,105
2024-09-16 11:20:34.316,417.2780599410928,100
2024-09-16 11:20:34.323,417.3088758165441,15
2024-09-16 11:20:34.364,417.2568443595727,1003
2024-09-16 11:20:34.383,417.2121244770212,105
2024-09-16 11:20:34.508,417.247412385121,101
2024-09-16 11:20:34.523,417.22542008282494,14
2024-09-16 11:20:34.533,417.2925644061226,1003
2024-09-16 11:20:34.616,417.2921984714723,1003
2024-09-16 11:20:34.632,417.3028318613557,6
2024-09-16 11:20:34.641,417.2220161091868,1003
2024-09-16 11:20:34.714,417.2020502077633,95
2024-09-16 11:20:34.767,417.2677554695111,5
2024-09-16 11:20:34.781,417.2419067864635,6
2024-09-16 11:20:34.782,417.276295572729,7
2024-09-16 11:20:34.788,417.2937064940877,6
2024-09-16 11:20:34.798,,95
2024-09-16 11:20:34.864,417.226935347918,1005
2024-09-16 11:20:34.884,417.2814822479488,13
2024-09-16 11:20:34.907,417.2251446290735,5
2024-09-16 11:20:34.984,417.3008063311555,8
2024-09-16 11:20:35.132,417.1849507805113,999
2024-09-16 11:20:35.149,417.2379764585506,1001
2024-09-16 11:20:35.195,417.1945940468658,95
2024-09-16 11:20:35.263,417.1831379219444,101
2024-09-16 11:20:35.351,417.2367126927149,103
2024-09-16 11:20:35.510,417.2319600261298,105
2024-09-16 11:20:35.740,417.20189766429496,1000
2024-09-16 11:20:35.815,417.2389722034269,103
2024-09-16 11:20:35.908,417.2065339480762,8
2024-09-16 11:20:36.026,417.1990380560273,14
2024-09-16 11:20:36.063,417.2086928885384,99
2024-09-16 11:20:36.163,417.198856265336,1001
2024-09-16 11:20:36.183,417.17905360312943,103
2024-09-16 11:20:36.232,417.18714659511056,997
2024-09-16 11:20:36.238,417.2094898629803,6
2024-09-16 11:20:36.252,417.19060358426736,10
2024-09-16 11:20:36.295,417.177755260408,13
2024-09-16 11:20:36.339,417.1767640393913,995
2024-09-16 11:20:36.467,417.1875126047432,1002
2024-09-16 11:20:36.499,417.2215141755656,12
2024-09-16 11:20:36.511,417.20797475645446,103
2024-09-16 11:20:36.551,417.1890519096976,8
2024-09-16 11:20:36.597,-417.1896744695276,95
2024-09-16 11:20:36.607,417.21213585026646,105
2024-09-16 11:20:36.914,417.2263749220747,103
2024-09-16 11:20:36.972,417.19465595285294,5
2024-09-16 11:20:36.987,417.2039965266054,98
2024-09-16 11:20:37.040,417.1889461529564,102
2024-09-16 11:20:37.101,417.1695683647979,14
2024-09-16 11:20:37.131,417.17942723247154,1004
2024-09-16 11:20:37.138,-417.1707430366034,999
2024-09-16 11:20:37.140,417.2063616174024,11
2024-09-16 11:20:37.161,417.1813297929823,9
2024-09-16 11:20:37.220,417.2062988795759,1003
2024-09-16 11:20:37.348,417.1792104408046,998
2024-09-16 11:20:37.377,417.1822589218928,5
2024-09-16 11:20:37.539,417.1719467651794,1005
2024-09-16 11:20:37.565,417.1806584384741,15
2024-09-16 11:20:37.621,417.2215705513453,100
2024-09-16 11:20:37.663,417.18907425326006,13
2024-09-16 11:20:37.706,417.1597095243856,998
2024-09-16 11:20:37.713,417.2016657136518,1001
2024-09-16 11:20:37.740,417.2034920929031,5
2024-09-16 11:20:37.767,417.1906072490238,105
2024-09-16 11:20:37.787,417.2056356030275,14
2024-09-16 11:20:37.826,417.19685602663,1005
2024-09-16 11:20:37.833,417.19253227293046,995
2024-09-16 11:20:37.870,417.1783362712374,102
2024-09-16 11:20:37.888,417.16598838208114,14
2024-09-16 11:20:37.925,417.19007684465294,1002
2024-09-16 11:20:37.933,417.1926172038094,999
2024-09-16 11:20:38.459,417.2028721024529,13
2024-09-16 11:20:38.835,417.2050472319227,7
2024-09-16 11:20:38.953,417.21053926413,14
2024-09-16 11:20:39.022,417.1825056151139,15
2024-09-16 11:20:39.037,417.1858718796242,1000
2024-09-16 11:20:39.095,417.16729228285016,8
2024-09-16 11:20:39.144,417.1846830214808,1005
2024-09-16 11:20:39.189,417.1890985873157,5
2024-09-16 11:20:39.191,417.1807770557029,14
2024-09-16 11:20:39.208,417.1638583356927,10
2024-09-16 11:20:39.257,417.1887109806861,104
2024-09-16 11:20:39.284,417.2113215255919,98
2024-09-16 11:20:39.310,417.1510667890114,98
2024-09-16 11:20:39.315,417.1604342767915,5
2024-09-16 11:20:39.317,417.1639929467625,996
2024-09-16 11:20:39.461,417.2090717100928,104
2024-09-16 11:20:39.492,417.1799735619706,1003
2024-09-16 11:20:39.521,417.1876126894597,103
2024-09-16 11:20:39.524,417.1977641307103,8
2024-09-16 11:20:39.667,417.1710824550383,11
2024-09-16 11:20:39.709,417.192300242991,14
2024-09-16 11:20:39.710,417.1690781389805,6
2024-09-16 11:20:39.733,417.1664354108198,1000
2024-09-16 11:20:39.733,-417.16665985802257,1002
2024-09-16 11:20:39.734,417.2211654769493,1003
2024-09-16 11:20:39.747,417.1919167149473,97
2024-09-16 11:20:39.812,417.1831999343085,997
2024-09-16 11:20:39.854,417.1679742429751,99
2024-09-16 11:20:39.920,417.212176434363,1003
2024-09-16 11:20:39.960,417.1516700982456,10
2024-09-16 11:20:40.041,417.1321822504176,103
2024-09-16 11:20:40.059,417.222267276963,6
2024-09-16 11:20:40.116,417.135465940537,6
2024-09-16 11:20:40.179,417.21083687306975,9
2024-09-16 11:20:40.236,417.1767857779769,103
2024-09-16 11:20:40.237,417.1285135012956,997
2024-09-16 11:20:40.295,417.1358644432238,95
2024-09-16 11:20:40.322,417.1349155046527,11
2024-09-16 11:20:40.336,417.15774861812287,102
2024-09-16 11:20:40.342,417.14580381239824,10
2024-09-16 11:20:40.371,417.1740871878957,1005
2024-09-16 11:20:40.386,417.1985622583302,8
2024-09-16 11:20:40.419,417.18436904382304,1002
2024-09-16 11:20:40.429,417.1999079851353,98
2024-09-16 11:20:40.453,417.2267422594399,1001
2024-09-16 11:20:40.457,417.1494502549544,1000
2024-09-16 11:20:40.461,417.1661507128544,13
2024-09-16 11:20:40.463,417.2390921203047,1002
2024-09-16 11:20:40.548,417.1436020316552,7
2024-09-16 11:20:40.573,417.1642704323744,7
2024-09-16 11:20:40.576,417.2125025517431,98
2024-09-16 11:20:40.605,417.1953664456788,100
2024-09-16 11:20:40.618,417.164801262099,6
2024-09-16 11:20:40.718,417.2377788568708,997
2024-09-16 11:20:40.759,417.2339798754482,98
2024-09-16 11:20:40.761,417.2086182974516,15
2024-09-16 11:20:40.849,417.1650045187061,999
2024-09-16 11:20:40.945,417.2532816704705,995
2024-09-16 11:20:41.001,417.3013839899735,1003
2024-09-16 11:20:41.001,417.2050742766344,12
2024-09-16 11:20:41.023,417.2419927256742,11
2024-09-16 11:20:41.038,417.2860677003797,14
2024-09-16 11:20:41.076,417.3047299079788,11
2024-09-16 11:20:41.131,417.2100212095191,996
2024-09-16 11:20:41.195,417.2610098832455,1003
2024-09-16 11:20:41.237,417.2556135753287,1002
2024-09-16 11:20:41.242,417.2359411683513,101
2024-09-16 11:20:41.261,417.2362802513981,6
2024-09-16 11:20:41.279,417.2088536935059,101
2024-09-16 11:20:41.352,-417.2610832392191,1000
2024-09-16 11:20:41.465,417.255387491724,96
2024-09-16 11:20:41.479,417.2203331163607,1005
2024-09-16 11:20:41.484,417.236422694965,95
2024-09-16 11:20:41.562,417.2314541045229,15
2024-09-16 11:20:41.571,417.201908245618,99
2024-09-16 11:20:41.621,417.24518418801006,1000
2024-09-16 11:20:41.626,417.2477491782996,12
2024-09-16 11:20:41.693,417.2370050568304,998
2024-09-16 11:20:41.699,417.2098416648701,104
2024-09-16 11:20:41.708,417.2406124990004,999
2024-09-16 11:20:41.724,417.2097489997445,11
2024-09-16 11:20:41.739,,995
2024-09-16 11:20:41.799,417.1965938951995,101
2024-09-16 11:20:41.883,417.25373563491513,11
2024-09-16 11:20:41.938,417.1869128059848,6
2024-09-16 11:20:41.968,417.2024764094937,8
2024-09-16 11:20:41.975,417.2516869731813,998
2024-09-16 11:20:42.018,417.2740912556698,101
2024-09-16 11:20:42.061,417.296125316804,1004
2024-09-16 11:20:42.140,417.2420894360814,1000
2024-09-16 11:20:42.338,417.2826629212572,95
2024-09-16 11:20:42.356,417.2569914471913,1001
2024-09-16 11:20:42.374,417.2065536217325,1000
2024-09-16 11:20:42.496,417.2994107443603,102
2024-09-16 11:20:42.548,417.20076167171,1005
2024-09-16 11:20:42.571,417.2205177955783,1005
2024-09-16 11:20:42.577,41.73050806531268,101
2024-09-16 11:20:42.630,417.1939109830474,11
2024-09-16 11:20:42.697,417.24012849164734,102
2024-09-16 11:20:42.697,417.2405645718956,96
2024-09-16 11:20:42.778,417.2930609985837,12
2024-09-16 11:20:42.891,417.31062526773854,10
2024-09-16 11:20:42.944,417.2259472192404,1005
2024-09-16 11:20:42.967,417.2441442853096,100
2024-09-16 11:20:42.969,417.2575610607458,1003
2024-09-16 11:20:43.137,417.1743508956284,7
2024-09-16 11:20:43.161,417.18810841697615,97
2024-09-16 11:20:43.205,417.192737118153,5
2024-09-16 11:20:43.232,417.183521929018,9
2024-09-16 11:20:43.247,417.1953223217244,5
2024-09-16 11:20:43.448,417.1599893241733,103
2024-09-16 11:20:43.625,417.1879764899847,996
2024-09-16 11:20:43.631,417.189019070093,1005
2024-09-16 11:20:43.680,417.1876280624547,11
2024-09-16 11:20:43.993,417.1857591037952,1000
2024-09-16 11:20:44.014,417.1649757380388,997
2024-09-16 11:20:45.000,-417.1590338424754,105
2024-09-16 11:20:45.069,417.199493856997,102
2024-09-16 11:20:45.246,417.1912035675357,99
2024-09-16 11:20:45.321,417.1878976706399,11
2024-09-16 11:20:45.352,417.2039975849976,103
2024-09-16 11:20:45.572,417.1650980890193,1002
2024-09-16 11:20:45.861,417.2133685536554,1003
2024-09-16 11:20:45.871,417.1953470934029,1000
2024-09-16 11:20:45.938,417.17230425804223,103
2024-09-16 11:20:46.047,417.3252524936048,5
2024-09-16 11:20:46.056,417.30010092588327,1001
2024-09-16 11:20:46.066,417.24243619526027,1005
2024-09-16 11:20:46.119,417.2805857883,95
2024-09-16 11:20:46.125,417.2486809152076,14
2024-09-16 11:20:46.153,417.2316673698411,9
2024-09-16 11:20:46.160,417.3239329953375,14
2024-09-16 11:20:46.192,417.3022413291524,96
2024-09-16 11:20:46.215,417.2456173909373,6
2024-09-16 11:20:46.233,417.23384789890446,97
2024-09-16 11:20:46.326,417.2914175370318,998
2024-09-16 11:20:46.375,417.2389160941455,99
2024-09-16 11:20:46.414,417.2306260816395,96
2024-09-16 11:20:46.426,417.2379566544511,6
2024-09-16 11:20:46.427,417.3058487601754,9
2024-09-16 11:20:46.459,417.29259982943273,8
2024-09-16 11:20:46.475,417.300785676702,1001
2024-09-16 11:20:46.596,417.2592524561396,15
2024-09-16 11:20:46.631,417.24898688338425,998
2024-09-16 11:20:46.786,417.2252299951371,12
2024-09-16 11:20:46.793,417.2273691962864,104
2024-09-16 11:20:46.808,417.27959430636827,6
2024-09-16 11:20:46.896,417.29982613681983,99
2024-09-16 11:20:46.917,417.2361005577566,15
2024-09-16 11:20:46.960,417.2518973604444,7
2024-09-16 11:20:46.967,417.2121315521356,98
2024-09-16 11:20:47.016,417.2975372672289,1005
2024-09-16 11:20:47.082,417.2975646174121,13
2024-09-16 11:20:47.093,417.2995931271435,95
2024-09-16 11:20:47.330,417.3298434551312,9
2024-09-16 11:20:47.428,417.319867875102,105
2024-09-16 11:20:47.556,417.34660254105273,101
2024-09-16 11:20:47.609,417.3457600550312,9
2024-09-16 11:20:47.765,417.349721220227,10
2024-09-16 11:20:47.863,417.3415340634842,9
2024-09-16 11:20:47.869,417.2923697154015,5
2024-09-16 11:20:48.077,417.3682948786219,1003
2024-09-16 11:20:48.147,417.34727921450514,996
2024-09-16 11:20:48.179,417.3289204397013,1003
2024-09-16 11:20:48.206,417.3430825543359,98
2024-09-16 11:20:48.217,417.3548301924067,1004
2024-09-16 11:20:48.227,417.35048613610536,100
2024-09-16 11:20:48.260,417.3876219267007,7
2024-09-16 11:20:48.322,417.3686784393827,14
2024-09-16 11:20:48.380,417.353160211394,102
2024-09-16 11:20:48.407,417.3587016539235,15
2024-09-16 11:20:48.409,417.3533676840257,13
2024-09-16 11:20:48.438,417.3141456255061,105
2024-09-16 11:20:48.538,417.330103942394,96
2024-09-16 11:20:48.570,417.3537147454956,997
2024-09-16 11:20:48.614,417.3438327660182,102
2024-09-16 11:20:48.619,417.3666968693828,103
2024-09-16 11:20:48.625,417.3819657148183,95
2024-09-16 11:20:48.680,417.35463088568514,996
2024-09-16 11:20:48.682,417.3318417229982,1003
2024-09-16 11:20:48.725,417.36691052995366,1001
2024-09-16 11:20:48.826,417.3444633374562,1002
2024-09-16 11:20:48.849,417.3404764065122,997
2024-09-16 11:20:48.900,417.3296488950693,104
2024-09-16 11:20:48.990,417.3239560668501,97
2024-09-16 11:20:49.035,417.3886646127262,1005
2024-09-16 11:20:49.110,417.3238888103403,1003
2024-09-16 11:20:49.114,417.3586466583062,6
2024-09-16 11:20:49.153,417.3895247209204,7
2024-09-16 11:20:49.187,417.36785588704095,9
2024-09-16 11:20:49.238,417.37769320566326,96
2024-09-16 11:20:49.271,,99
2024-09-16 11:20:49.287,417.3928862330536,1001
2024-09-16 11:20:49.295,417.3464055885962,105
2024-09-16 11:20:49.357,417.3416377514118,102
2024-09-16 11:20:49.386,417.3304275063143,1001
2024-09-16 11:20:49.402,417.3396669909365,98
2024-09-16 11:20:49.444,417.3470683930409,98
2024-09-16 11:20:49.559,417.4021806074724,7
2024-09-16 11:20:49.598,417.3555223167008,997
2024-09-16 11:20:49.668,417.3919235075392,15
2024-09-16 11:20:49.747,417.4103587123248,998
2024-09-16 11:20:49.760,417.3484420974679,101
2024-09-16 11:20:49.828,417.39723283144895,6
2024-09-16 11:20:50.032,417.3552394003194,8
2024-09-16 11:20:50.114,417.3978732935112,996
2024-09-16 11:20:50.394,417.3531465778367,10
2024-09-16 11:20:50.444,417.3988628417081,100
2024-09-16 11:20:50.502,417.3795495925789,99
2024-09-16 11:20:50.527,417.3647410850231,96
2024-09-16 11:20:50.537,417.3673045322011,105
2024-09-16 11:20:50.621,417.3707988006304,14
2024-09-16 11:20:50.667,417.3851989982575,11
2024-09-16 11:20:50.694,417.4206852690099,995
2024-09-16 11:20:50.839,417.3674726324016,1002
2024-09-16 11:20:50.873,417.3633287617939,11
2024-09-16 11:20:50.903,417.3771943045543,99
2024-09-16 11:20:50.911,417.3646874503691,1001
2024-09-16 11:20:50.966,417.3640657639235,12
2024-09-16 11:20:51.025,417.41479748667854,996
2024-09-16 11:20:51.045,417.362978501706,6
2024-09-16 11:20:51.049,417.35107148858674,10
2024-09-16 11:20:51.081,417.3538740149072,103
2024-09-16 11:20:51.102,417.4238810289521,1005
2024-09-16 11:20:51.113,417.3672354525994,5
2024-09-16 11:20:51.116,417.34731329624594,6
2024-09-16 11:20:51.116,417.3778939928525,12
2024-09-16 11:20:51.148,417.3951304409084,104
2024-09-16 11:20:51.164,417.3675796159949,14
2024-09-16 11:20:51.479,417.37160490543016,1000
2024-09-16 11:20:51.515,,99
2024-09-16 11:20:51.698,417.3622642332169,15
2024-09-16 11:20:51.729,417.3622643087168,996
2024-09-16 11:20:51.770,417.3695935257055,99
2024-09-16 11:20:51.816,417.3615976360573,101
2024-09-16 11:20:51.883,417.3764955601537,1002
2024-09-16 11:20:51.988,417.4151513276697,1003
2024-09-16 11:20:52.005,417.4007377936444,14
2024-09-16 11:20:52.153,417.3835220963242,1000
2024-09-16 11:20:52.176,417.3763193715103,996
2024-09-16 11:20:52.181,417.3632543557107,1002
2024-09-16 11:20:52.193,417.352517976285,103
2024-09-16 11:20:52.349,417.3319951544905,995
2024-09-16 11:20:52.378,417.3752826760359,995
2024-09-16 11:20:52.381,417.3899479085455,103
2024-09-16 11:20:52.391,417.4153509679907,998
2024-09-16 11:20:52.406,417.39409456506326,1003
2024-09-16 11:20:52.480,417.3930700630448,105
2024-09-16 11:20:52.482,417.35541810718007,10
2024-09-16 11:20:52.505,417.37055807145725,6
2024-09-16 11:20:52.514,417.3953835611936,95
2024-09-16 11:20:52.555,417.3967613352364,995
2024-09-16 11:20:52.601,417.3460588379829,995
2024-09-16 11:20:52.606,417.3996660992488,100
2024-09-16 11:20:52.659,417.3899660816441,102
2024-09-16 11:20:52.724,417.3955412705701,96
2024-09-16 11:20:52.760,417.35476986449225,100
2024-09-16 11:20:52.829,417.3765240003876,1001
2024-09-16 11:20:52.902,417.3714485182452,996
2024-09-16 11:20:53.125,417.4168687535339,98
2024-09-16 11:20:53.161,417.48481228187126,101
2024-09-16 11:20:53.210,417.402649686787,13
2024-09-16 11:20:53.224,417.4330953470942,1004
2024-09-16 11:20:53.275,41.73984951926086,7
2024-09-16 11:20:53.275,417.4489480121471,996
2024-09-16 11:20:53.310,417.444460138714,15
2024-09-16 11:20:53.311,417.43798518255375,1004
2024-09-16 11:20:53.359,417.464655158382,1002
2024-09-16 11:20:53.370,417.43211829235946,104
2024-09-16 11:20:53.425,417.408648234041,999
2024-09-16 11:20:53.562,417.4496409557319,11
2024-09-16 11:20:53.603,417.4733373349512,105
2024-09-16 11:20:53.613,417.46160139968816,14
2024-09-16 11:20:53.647,417.4862121869029,1001
2024-09-16 11:20:53.702,417.43711016281577,998
2024-09-16 11:20:53.704,417.40359283658734,1005
2024-09-16 11:20:53.762,417.4480023667813,13
2024-09-16 11:20:53.863,417.4134272162351,104
2024-09-16 11:20:53.865,417.4117177824588,8
2024-09-16 11:20:53.880,417.4541881139857,104
2024-09-16 11:20:53.944,417.4789015115388,6
2024-09-16 11:20:53.960,417.4466300410217,103
2024-09-16 11:20:54.065,417.467601037365,1005
2024-09-16 11:20:54.065,417.443199366651,10
2024-09-16 11:20:54.094,417.4538870907225,14
2024-09-16 11:20:54.264,417.4654329540221,1004
2024-09-16 11:20:54.545,417.4478961664164,1001
2024-09-16 11:20:54.658,417.47022986932006,6
2024-09-16 11:20:54.767,417.4427850288388,7
2024-09-16 11:20:54.768,417.44803143512473,995
2024-09-16 11:20:54.873,417.4794635118288,996
2024-09-16 11:20:54.972,417.4545626249959,101
2024-09-16 11:20:55.034,417.4557849217669,102
2024-09-16 11:20:55.151,417.4826780231791,998
2024-09-16 11:20:55.199,417.4639015133197,105
2024-09-16 11:20:55.227,417.4377605758745,14
2024-09-16 11:20:55.228,417.4479565997902,103
2024-09-16 11:20:55.244,417.4715224951975,1004
2024-09-16 11:20:55.258,417.4524656463357,12
2024-09-16 11:20:55.277,41.74699537962652,1003
2024-09-16 11:20:55.458,417.45577809104606,104
2024-09-16 11:20:55.490,417.4544497663194,997
2024-09-16 11:20:55.499,417.4655346583026,1000
2024-09-16 11:20:55.686,417.45423745584645,1001
2024-09-16 11:20:55.931,417.4644094993614,995
2024-09-16 11:20:56.777,417.4678718011593,100
2024-09-16 11:20:57.038,417.49277101570647,97
2024-09-16 11:20:57.064,417.4671563138504,999
2024-09-16 11:20:57.092,417.4921916868751,999
2024-09-16 11:20:57.138,,999
2024-09-16 11:20:57.148,417.4946628645229,15
2024-09-16 11:20:57.195,417.5264697530321,102
2024-09-16 11:20:57.206,417.4712858736162,103
2024-09-16 11:20:57.397,417.48635531584864,96
2024-09-16 11:20:57.401,417.5010752683377,95
2024-09-16 11:20:57.435,417.49884131774985,105
2024-09-16 11:20:57.463,417.52722473370886,7
2024-09-16 11:20:57.502,417.4903001056893,95
2024-09-16 11:20:57.569,417.5230108885378,100
2024-09-16 11:20:57.695,417.4610687811739,8
2024-09-16 11:20:57.726,417.52885271704537,97
2024-09-16 11:20:57.727,417.5059349609133,8
2024-09-16 11:20:57.771,417.487171498339,1000
2024-09-16 11:20:57.781,417.4952185320996,102
2024-09-16 11:20:57.812,417.52616646322366,103
2024-09-16 11:20:57.831,417.4802421689316,1002
2024-09-16 11:20:57.838,417.4784280293256,14
2024-09-16 11:20:57.911,417.4836122327485,1005
2024-09-16 11:20:58.047,417.39648358122673,98
2024-09-16 11:20:58.077,417.4644452577345,101
2024-09-16 11:20:58.114,417.46278752223134,1002
2024-09-16 11:20:58.146,417.4311599048494,12
2024-09-16 11:20:58.186,417.47063061388064,14
2024-09-16 11:20:58.189,417.4454362313022,13
2024-09-16 11:20:58.235,417.43478984490014,1005
2024-09-16 11:20:58.244,41.73973139665484,997
2024-09-16 11:20:58.300,417.4193894654862,8
2024-09-16 11:20:58.336,417.4633378267831,95
2024-09-16 11:20:58.352,,100
2024-09-16 11:20:58.387,417.4074006133168,9
2024-09-16 11:20:58.469,417.4204987340515,15
2024-09-16 11:20:58.475,417.3899036857016,6
2024-09-16 11:20:58.519,417.4685945577658,1000
2024-09-16 11:20:58.659,417.4165971137498,98
2024-09-16 11:20:58.665,417.42599127387865,13
2024-09-16 11:20:58.686,417.3954035882492,1005
2024-09-16 11:20:58.734,417.38437506590793,13
2024-09-16 11:20:58.735,417.4247190110834,105
2024-09-16 11:20:58.815,-417.4200323069015,105
2024-09-16 11:20:58.818,417.4411655318816,98
2024-09-16 11:20:58.850,417.4612049321773,8
2024-09-16 11:20:58.860,417.4243117902517,10
2024-09-16 11:20:58.928,417.4032884929423,1001
2024-09-16 11:20:58.949,417.42109732846353,1001
2024-09-16 11:20:58.953,417.3957451968375,14
2024-09-16 11:20:59.649,417.4484361062925,99
2024-09-16 11:20:59.669,417.44535534796887,1004
2024-09-16 11:20:59.677,417.4287442783743,7
2024-09-16 11:20:59.874,417.451979306684,100
