Timestamp,Price,Size
2024-09-16 10:19:00.551,417.20189195553417,104
2024-09-16 10:19:00.605,417.2010734325559,15
2024-09-16 10:19:00.719,417.200529989155,15
2024-09-16 10:19:01.026,417.1898291695047,9
2024-09-16 10:19:01.030,417.1363516171622,98
2024-09-16 10:19:01.073,417.1865133690009,1005
2024-09-16 10:19:01.101,417.1586143856399,9
2024-09-16 10:19:01.241,417.1990904736331,8
2024-09-16 10:19:01.249,417.19737590564006,105
2024-09-16 10:19:01.274,417.1719359325375,997
2024-09-16 10:19:01.407,417.15763748918056,9
2024-09-16 10:19:01.428,417.1930157220496,95
2024-09-16 10:19:01.718,417.1782841634331,11
2024-09-16 10:19:02.071,417.07597481417616,5
2024-09-16 10:19:02.224,417.1140473458764,102
2024-09-16 10:19:02.254,417.14609333244834,11
2024-09-16 10:19:02.267,-417.1099221366226,1004
2024-09-16 10:19:02.320,417.1268000094189,96
2024-09-16 10:19:02.344,417.1032397952521,97
2024-09-16 10:19:02.385,417.13794360780713,1002
2024-09-16 10:19:02.550,417.1404989675925,11
2024-09-16 10:19:02.652,417.107092404378,96
2024-09-16 10:19:02.785,417.0950268904488,9
2024-09-16 10:19:02.823,-417.1676697845076,1002
2024-09-16 10:19:02.863,417.0877863526457,1005
2024-09-16 10:19:02.886,417.1259212966768,15
2024-09-16 10:19:02.907,417.11553816229286,13
2024-09-16 10:19:02.925,417.12926446428713,1005
2024-09-16 10:19:02.935,417.1149289671112,1002
2024-09-16 10:19:02.949,417.1214080444048,1005
2024-09-16 10:19:02.984,417.1008891377889,998
2024-09-16 10:19:03.202,417.11273297345576,100
2024-09-16 10:19:03.226,417.1455363987124,103
2024-09-16 10:19:03.299,417.1478168249639,998
2024-09-16 10:19:03.434,417.1221342349808,104
2024-09-16 10:19:03.468,417.1365062413557,99
2024-09-16 10:19:03.480,417.1600120467077,98
2024-09-16 10:19:03.571,417.1261074454366,102
2024-09-16 10:19:03.600,417.1201133622415,104
2024-09-16 10:19:03.640,417.138673285443,5
2024-09-16 10:19:03.722,417.1267776189719,11
2024-09-16 10:19:03.820,417.1377532303935,11
2024-09-16 10:19:03.833,417.150331281616,8
2024-09-16 10:19:03.949,417.1185354089741,9
2024-09-16 10:19:03.959,417.123326415966,8
2024-09-16 10:19:04.104,417.1623514424592,8
2024-09-16 10:19:04.602,417.1497821785524,1004
2024-09-16 10:19:04.660,417.1546040888686,998
2024-09-16 10:19:05.062,417.1324284611063,13
2024-09-16 10:19:05.104,417.1494222385178,8
2024-09-16 10:19:05.112,417.1036771888185,102
2024-09-16 10:19:05.235,,8
2024-09-16 10:19:05.272,417.13295830358686,1004
2024-09-16 10:19:05.365,417.1393438740196,99
2024-09-16 10:19:05.367,417.1233926646103,99
2024-09-16 10:19:05.387,417.09096480738793,998
2024-09-16 10:19:05.440,417.1240918793986,1004
2024-09-16 10:19:05.461,417.1302823757198,105
2024-09-16 10:19:05.461,-417.1321888249928,97
2024-09-16 10:19:05.540,417.1674489698704,999
2024-09-16 10:19:05.573,417.1454107617229,997
2024-09-16 10:19:05.574,417.1504841314944,11
2024-09-16 10:19:05.584,417.11872876719497,999
2024-09-16 10:19:05.697,417.11511277976246,5
2024-09-16 10:19:05.717,417.13616536207,14
2024-09-16 10:19:05.822,417.11449259329424,997
2024-09-16 10:19:05.898,417.1168825159118,95
2024-09-16 10:19:05.981,417.1474343006553,104
2024-09-16 10:19:06.107,417.1245237616586,1003
2024-09-16 10:19:06.260,417.15617024801486,100
2024-09-16 10:19:06.392,417.13935731903126,6
2024-09-16 10:19:06.401,417.153103557972,999
2024-09-16 10:19:06.424,417.1300486037989,96
2024-09-16 10:19:06.450,417.1324348898084,5
2024-09-16 10:19:06.451,417.12392360156974,10
2024-09-16 10:19:06.735,417.1528364679327,996
2024-09-16 10:19:06.740,417.1380323774424,10
2024-09-16 10:19:06.740,417.127636328228,105
2024-09-16 10:19:06.833,417.1400210924817,5
2024-09-16 10:19:06.938,417.1575468272068,100
2024-09-16 10:19:07.020,417.135477180457,6
2024-09-16 10:19:07.038,417.124156629672,95
2024-09-16 10:19:07.086,417.0945079422901,5
2024-09-16 10:19:07.155,417.1157815758247,14
2024-09-16 10:19:07.192,417.1284204707797,105
2024-09-16 10:19:07.210,417.094357745626,99
2024-09-16 10:19:07.228,417.091706873012,95
2024-09-16 10:19:07.251,417.1142510218344,1003
2024-09-16 10:19:07.296,417.1278043158461,96
2024-09-16 10:19:07.343,417.1035386669332,10
2024-09-16 10:19:07.406,417.12256201415335,97
2024-09-16 10:19:07.605,417.0990680827824,103
2024-09-16 10:19:07.612,417.12610590239086,98
2024-09-16 10:19:07.631,417.11859056012247,996
2024-09-16 10:19:07.655,417.1239741877876,1003
2024-09-16 10:19:07.673,417.12835893917577,15
2024-09-16 10:19:07.733,417.1128942002753,12
2024-09-16 10:19:07.746,417.1180647802468,999
2024-09-16 10:19:07.760,417.09624005767154,1002
2024-09-16 10:19:07.941,417.122879507344,6
2024-09-16 10:19:08.076,417.0814458416927,995
2024-09-16 10:19:08.077,417.07908331201713,100
2024-09-16 10:19:08.095,417.1395504763548,103
2024-09-16 10:19:08.133,417.0949745678578,10
2024-09-16 10:19:08.194,417.1193874094381,997
2024-09-16 10:19:08.207,417.131968576152,997
2024-09-16 10:19:08.321,417.0880585407775,995
2024-09-16 10:19:08.546,417.1333815078759,7
2024-09-16 10:19:08.561,417.0210288568809,98
2024-09-16 10:19:08.598,417.0065841414712,1003
2024-09-16 10:19:08.659,417.1133302729079,998
2024-09-16 10:19:08.855,417.0755003515668,999
2024-09-16 10:19:08.858,417.047232623104,102
2024-09-16 10:19:08.858,417.1323100993173,15
2024-09-16 10:19:08.887,417.08840943272,1000
2024-09-16 10:19:08.904,417.0293793511197,1005
2024-09-16 10:19:08.986,417.0917214969639,999
2024-09-16 10:19:09.866,417.0069777133701,105
2024-09-16 10:19:10.071,417.01454203894673,100
2024-09-16 10:19:10.244,417.00583263695125,11
2024-09-16 10:19:10.286,417.0173890667181,12
2024-09-16 10:19:10.491,417.026872753278,105
2024-09-16 10:19:10.548,417.0314838617528,5
2024-09-16 10:19:10.575,417.0341933252824,9
2024-09-16 10:19:10.601,417.02599770006833,104
2024-09-16 10:19:10.684,417.0119676539162,101
2024-09-16 10:19:10.733,417.0160585873348,101
2024-09-16 10:19:10.931,417.0103431663078,97
2024-09-16 10:19:10.946,417.0343214480415,8
2024-09-16 10:19:10.967,417.0136316548157,1003
2024-09-16 10:19:10.973,,996
2024-09-16 10:19:11.007,417.0924780678285,15
2024-09-16 10:19:11.061,417.01088343555824,8
2024-09-16 10:19:11.158,417.0218280300364,95
2024-09-16 10:19:11.166,417.0123440225945,103
2024-09-16 10:19:11.180,417.04280042918657,100
2024-09-16 10:19:11.216,416.997667424388,96
2024-09-16 10:19:11.246,417.0393092034968,997
2024-09-16 10:19:11.248,416.98341248268304,10
2024-09-16 10:19:11.349,417.08888878243806,97
2024-09-16 10:19:11.359,417.09299543538,999
2024-09-16 10:19:11.374,417.0416569283769,1005
2024-09-16 10:19:11.377,417.0515402373617,11
2024-09-16 10:19:11.420,417.00582751506425,8
2024-09-16 10:19:11.446,417.03362339554656,1005
2024-09-16 10:19:11.448,417.0202622311912,996
2024-09-16 10:19:11.457,417.08773678781614,8
2024-09-16 10:19:11.478,417.028954487039,1003
2024-09-16 10:19:11.509,416.9928157781223,95
2024-09-16 10:19:11.668,417.0605925785085,8
2024-09-16 10:19:11.674,417.0285727934733,995
2024-09-16 10:19:11.698,417.025613840867,1004
2024-09-16 10:19:11.750,416.98184434056606,103
2024-09-16 10:19:11.767,417.0639126550524,95
2024-09-16 10:19:11.783,417.0299424869869,14
2024-09-16 10:19:11.859,417.063021890492,6
2024-09-16 10:19:11.951,416.9892367918152,14
2024-09-16 10:19:11.973,416.9799486279851,102
2024-09-16 10:19:12.413,417.0694280695091,95
2024-09-16 10:19:12.424,417.060877359965,98
2024-09-16 10:19:12.709,417.0528086756215,1003
2024-09-16 10:19:13.007,416.97870983948224,7
2024-09-16 10:19:13.012,416.9499338205959,104
2024-09-16 10:19:13.332,417.0103458455105,7
2024-09-16 10:19:13.419,416.9940261951026,1000
2024-09-16 10:19:13.425,416.9729260370267,5
2024-09-16 10:19:13.529,416.9714598149964,9
2024-09-16 10:19:13.531,416.98686040708645,105
2024-09-16 10:19:13.627,416.9681972088501,95
2024-09-16 10:19:13.648,417.0038094868861,97
2024-09-16 10:19:13.654,417.0494825542144,11
2024-09-16 10:19:13.727,417.035922705097,998
2024-09-16 10:19:13.730,416.9628211947257,5
2024-09-16 10:19:13.944,416.952416895649,102
2024-09-16 10:19:13.950,417.05614093602856,99
2024-09-16 10:19:13.952,416.9843458470734,99
2024-09-16 10:19:14.059,416.951028248472,1000
2024-09-16 10:19:14.103,416.9318686130028,8
2024-09-16 10:19:14.135,416.9341350223459,97
2024-09-16 10:19:14.211,416.96577282128607,995
2024-09-16 10:19:14.226,416.94313408716096,11
2024-09-16 10:19:14.313,416.9340434857769,8
2024-09-16 10:19:14.423,416.9666350173009,5
2024-09-16 10:19:14.434,416.9529916505945,101
2024-09-16 10:19:14.446,416.9582757743535,1003
2024-09-16 10:19:14.471,416.9566692794042,5
2024-09-16 10:19:14.509,416.9477067027928,15
2024-09-16 10:19:14.555,416.93457288770566,105
2024-09-16 10:19:14.626,416.9333591138007,105
2024-09-16 10:19:14.663,416.91986764920034,995
2024-09-16 10:19:14.750,416.96715883532295,1001
2024-09-16 10:19:14.752,416.9702469424921,11
2024-09-16 10:19:14.775,416.9457483567881,99
2024-09-16 10:19:14.883,416.92821422589975,998
2024-09-16 10:19:14.971,416.9664924049125,9
2024-09-16 10:19:14.986,416.95843477117273,1005
2024-09-16 10:19:15.054,416.998044750784,96
2024-09-16 10:19:15.077,416.9843690235245,995
2024-09-16 10:19:15.141,416.9803431053571,6
2024-09-16 10:19:15.219,416.973532626484,9
2024-09-16 10:19:15.278,416.9915786167351,6
2024-09-16 10:19:15.288,417.0010411889815,103
2024-09-16 10:19:15.312,416.97505542658433,6
2024-09-16 10:19:15.325,-416.9691585895988,103
2024-09-16 10:19:15.404,416.9917772159696,15
2024-09-16 10:19:15.416,416.9651594516324,13
2024-09-16 10:19:15.536,416.9695078623889,997
2024-09-16 10:19:15.639,416.9916645298917,1000
2024-09-16 10:19:15.682,416.9860029010214,10
2024-09-16 10:19:15.766,417.0122117669989,104
2024-09-16 10:19:15.832,416.9824484068999,998
2024-09-16 10:19:15.870,416.989584297893,102
2024-09-16 10:19:15.872,417.00970020031,102
2024-09-16 10:19:15.876,417.02517052916784,95
2024-09-16 10:19:15.934,416.9790601661444,105
2024-09-16 10:19:16.017,416.9391371384203,8
2024-09-16 10:19:16.051,416.955221452597,8
2024-09-16 10:19:16.133,416.9486834081153,1004
2024-09-16 10:19:16.134,416.9420578384374,997
2024-09-16 10:19:16.144,416.9771782167912,995
2024-09-16 10:19:16.158,416.9542257012051,102
2024-09-16 10:19:16.183,416.9982521436123,1002
2024-09-16 10:19:16.207,416.95390859290814,1003
2024-09-16 10:19:16.376,416.9331119366005,9
2024-09-16 10:19:16.403,416.93799939298543,1001
2024-09-16 10:19:16.636,416.9202200555077,100
2024-09-16 10:19:16.795,416.94837118926966,15
2024-09-16 10:19:16.961,416.94935865413527,1001
2024-09-16 10:19:17.008,417.0057710698161,97
2024-09-16 10:19:17.141,417.0231988326729,12
2024-09-16 10:19:17.152,416.9399400781315,12
2024-09-16 10:19:17.156,417.0026005911007,1004
2024-09-16 10:19:17.191,417.03190636515217,104
2024-09-16 10:19:17.299,417.0377268776679,105
2024-09-16 10:19:17.300,417.0316957134897,997
2024-09-16 10:19:17.335,417.0595800058842,997
2024-09-16 10:19:17.342,416.92985475990565,996
2024-09-16 10:19:17.347,417.0519527050142,98
2024-09-16 10:19:17.378,417.05939692079465,1005
2024-09-16 10:19:17.426,417.0100688802377,12
2024-09-16 10:19:17.487,417.0598318909716,15
2024-09-16 10:19:17.513,416.93279325303286,5
2024-09-16 10:19:17.520,417.0263700403314,7
2024-09-16 10:19:17.651,,1002
2024-09-16 10:19:17.685,417.03293948193726,13
2024-09-16 10:19:17.743,417.0070365689701,12
2024-09-16 10:19:17.782,417.0314711557994,996
2024-09-16 10:19:17.835,417.0440054693809,95
2024-09-16 10:19:17.878,416.9561689351552,1005
2024-09-16 10:19:17.879,417.04596113130543,15
2024-09-16 10:19:17.882,417.0355477282272,100
2024-09-16 10:19:17.901,416.9851689377487,101
2024-09-16 10:19:17.940,417.0202096620554,99
2024-09-16 10:19:17.968,417.0060627575681,11
2024-09-16 10:19:18.065,416.9833086456573,998
2024-09-16 10:19:18.076,417.0120626395865,104
2024-09-16 10:19:18.098,417.0355361557258,99
2024-09-16 10:19:18.129,417.0361095875752,105
2024-09-16 10:19:18.213,417.06406029558536,5
2024-09-16 10:19:18.215,416.993701701772,1001
2024-09-16 10:19:18.282,417.00770153885753,6
2024-09-16 10:19:18.297,417.077734764542,1005
2024-09-16 10:19:18.332,416.9920019904448,95
2024-09-16 10:19:18.366,417.020642203119,9
2024-09-16 10:19:18.379,417.0807061897788,1002
2024-09-16 10:19:18.387,417.0689306705567,12
2024-09-16 10:19:18.397,417.0118300781614,995
2024-09-16 10:19:18.452,416.9891014980514,12
2024-09-16 10:19:18.468,416.9988399099802,6
2024-09-16 10:19:18.475,416.9790298406325,97
2024-09-16 10:19:18.540,416.9814258143896,97
2024-09-16 10:19:18.583,417.022900589314,97
2024-09-16 10:19:18.613,416.9882135803201,11
2024-09-16 10:19:18.672,417.0661637991422,14
2024-09-16 10:19:18.679,417.0768728591299,100
2024-09-16 10:19:18.693,416.9872764301272,102
2024-09-16 10:19:18.723,417.0605258517485,7
2024-09-16 10:19:18.775,416.9854235016582,105
2024-09-16 10:19:18.828,417.00836877404777,101
2024-09-16 10:19:18.896,417.0573921499626,12
2024-09-16 10:19:18.905,417.0230485868569,1005
2024-09-16 10:19:18.939,-417.06031011521134,105
2024-09-16 10:19:19.409,416.9980455108723,10
2024-09-16 10:19:19.424,417.001585098513,95
2024-09-16 10:19:19.453,416.9923551274277,10
2024-09-16 10:19:19.457,417.0045983985987,5
2024-09-16 10:19:19.587,416.99605609801387,6
2024-09-16 10:19:19.627,417.0153640959926,7
2024-09-16 10:19:19.649,416.9999310827501,6
2024-09-16 10:19:19.689,416.99235139042696,102
2024-09-16 10:19:19.710,416.99138741543135,5
2024-09-16 10:19:19.711,417.0012890548453,104
2024-09-16 10:19:19.793,417.0212106222763,104
2024-09-16 10:19:19.920,417.010980371124,15
2024-09-16 10:19:19.986,416.9992915215858,9
2024-09-16 10:19:19.988,417.0048117490635,11
2024-09-16 10:19:20.030,416.9617974751908,102
2024-09-16 10:19:20.081,416.9548882008221,8
2024-09-16 10:19:20.160,416.9008080045236,5
2024-09-16 10:19:20.202,416.8917767030516,1002
2024-09-16 10:19:20.271,416.919413588164,97
2024-09-16 10:19:20.296,416.8912267918289,1002
2024-09-16 10:19:20.347,416.8813083419538,103
2024-09-16 10:19:20.358,416.9985744261342,15
2024-09-16 10:19:20.387,416.8976580884671,1003
2024-09-16 10:19:20.398,416.99560105764,1001
2024-09-16 10:19:20.441,416.9647792495306,997
2024-09-16 10:19:20.454,416.9763421276428,104
2024-09-16 10:19:20.511,41.69822883742922,103
2024-09-16 10:19:20.533,416.97129571685696,99
2024-09-16 10:19:20.651,416.9782182061437,105
2024-09-16 10:19:20.708,416.9589053230837,103
2024-09-16 10:19:20.708,416.9523948888043,12
2024-09-16 10:19:20.780,416.9591554897334,7
2024-09-16 10:19:20.784,416.9467702098998,102
2024-09-16 10:19:20.836,416.8722353270836,98
2024-09-16 10:19:20.853,416.9889507647642,95
2024-09-16 10:19:20.864,416.8909817659063,8
2024-09-16 10:19:20.891,416.9139149446692,95
2024-09-16 10:19:20.921,416.9760351918543,11
2024-09-16 10:19:20.937,416.8626838115114,6
2024-09-16 10:19:20.958,416.8864271358581,10
2024-09-16 10:19:20.993,416.98593604545965,1001
2024-09-16 10:19:21.424,416.8782292721005,998
2024-09-16 10:19:21.902,416.85685038045176,1000
2024-09-16 10:19:22.067,416.895011787125,1003
2024-09-16 10:19:22.114,416.8760859666245,1003
2024-09-16 10:19:22.182,416.89700027759926,99
2024-09-16 10:19:22.535,416.8770257675863,8
2024-09-16 10:19:22.555,416.8759334659616,14
2024-09-16 10:19:22.651,416.8953233876784,8
2024-09-16 10:19:22.753,416.8874716844788,995
2024-09-16 10:19:23.052,416.9217215299115,998
2024-09-16 10:19:23.058,416.916974461184,999
2024-09-16 10:19:23.113,416.93589269159565,103
2024-09-16 10:19:23.132,416.9267268740368,1005
2024-09-16 10:19:23.259,416.8921546878812,11
2024-09-16 10:19:23.264,416.9325398731168,101
2024-09-16 10:19:23.378,416.9185011802693,1004
2024-09-16 10:19:23.510,416.9123647073707,104
2024-09-16 10:19:23.622,416.9177308359037,7
2024-09-16 10:19:23.685,416.9156141652086,1004
2024-09-16 10:19:23.770,416.9028682800248,11
2024-09-16 10:19:23.780,416.9266521961955,11
2024-09-16 10:19:23.856,416.9066637328822,96
2024-09-16 10:19:23.921,416.9107112713184,7
2024-09-16 10:19:23.976,416.9033074725919,1005
2024-09-16 10:19:24.060,416.9250105808296,1003
2024-09-16 10:19:24.123,416.9347006281084,995
2024-09-16 10:19:24.384,416.9526998091423,6
2024-09-16 10:19:24.388,416.9220264791285,11
2024-09-16 10:19:24.418,416.94779120381736,97
2024-09-16 10:19:24.457,416.9611591351842,995
2024-09-16 10:19:24.667,416.9540493929408,1001
2024-09-16 10:19:24.843,416.9348708460418,11
2024-09-16 10:19:24.987,,99
2024-09-16 10:19:25.449,416.97677078699337,100
2024-09-16 10:19:25.790,416.975397433347,7
2024-09-16 10:19:25.818,416.96167034723817,12
2024-09-16 10:19:26.160,416.9815238425549,1001
2024-09-16 10:19:26.186,417.0404415727055,998
2024-09-16 10:19:26.195,417.0472172047001,12
2024-09-16 10:19:26.266,417.07967619054375,100
2024-09-16 10:19:26.316,417.0179164802546,1000
2024-09-16 10:19:26.318,417.061369577933,1001
2024-09-16 10:19:26.320,416.9604925981608,1000
2024-09-16 10:19:26.327,417.0305669595281,13
2024-09-16 10:19:26.334,416.9542130998702,105
2024-09-16 10:19:26.336,417.02938964941086,1001
2024-09-16 10:19:26.371,416.9653063929634,11
2024-09-16 10:19:26.418,417.00338408570354,103
2024-09-16 10:19:26.427,417.02367710417417,995
2024-09-16 10:19:26.445,417.0201122390875,97
2024-09-16 10:19:26.494,417.0248831656945,103
2024-09-16 10:19:26.520,416.98090333534174,1002
2024-09-16 10:19:26.534,417.0178676817941,105
2024-09-16 10:19:26.580,416.9683706325885,98
2024-09-16 10:19:26.598,417.0652420042971,95
2024-09-16 10:19:26.602,417.03252661484896,996
2024-09-16 10:19:26.604,416.9822865754875,1005
2024-09-16 10:19:26.655,417.0266857252981,103
2024-09-16 10:19:26.702,416.9638493541746,1000
2024-09-16 10:19:26.720,417.0503965714609,99
2024-09-16 10:19:26.732,417.0328369369088,10
2024-09-16 10:19:26.791,416.96190420425006,96
2024-09-16 10:19:26.839,417.0301376832823,8
2024-09-16 10:19:26.842,417.0323586103583,7
2024-09-16 10:19:26.990,416.95713146902426,105
2024-09-16 10:19:27.033,417.053737134355,105
2024-09-16 10:19:27.081,417.15046217982206,998
2024-09-16 10:19:27.089,417.0385637840583,6
2024-09-16 10:19:27.099,417.1318400219273,998
2024-09-16 10:19:27.114,417.0427426029232,995
2024-09-16 10:19:27.498,41.70420763643837,15
2024-09-16 10:19:27.508,417.0290963886481,6
2024-09-16 10:19:27.519,417.01729619678144,1002
2024-09-16 10:19:27.519,417.0357356353237,105
2024-09-16 10:19:27.543,417.0859259614168,1002
2024-09-16 10:19:27.605,417.1501752164454,14
2024-09-16 10:19:27.755,417.0277361817412,999
2024-09-16 10:19:27.844,417.1157370697489,7
2024-09-16 10:19:27.844,417.1676932574852,99
2024-09-16 10:19:27.966,417.0289038998079,996
2024-09-16 10:19:27.967,417.01014765458285,15
2024-09-16 10:19:28.382,417.1524802693924,97
2024-09-16 10:19:29.066,417.1277012543934,1005
2024-09-16 10:19:29.157,417.1175405274282,98
2024-09-16 10:19:29.160,417.1048686869417,105
2024-09-16 10:19:29.248,417.16451925098136,11
2024-09-16 10:19:29.258,417.1233942628466,101
2024-09-16 10:19:29.318,417.1585173825517,105
2024-09-16 10:19:29.408,417.0937349145584,103
2024-09-16 10:19:29.494,417.11932798565374,13
2024-09-16 10:19:29.527,417.1142666707582,12
2024-09-16 10:19:29.560,417.1177145363599,997
2024-09-16 10:19:29.564,417.1333528607057,100
2024-09-16 10:19:29.570,417.1047726592652,12
2024-09-16 10:19:29.610,417.1372116501033,1002
2024-09-16 10:19:29.704,417.1560261232638,999
2024-09-16 10:19:29.879,417.1096524423858,999
2024-09-16 10:19:30.028,417.10028123754336,100
2024-09-16 10:19:30.148,417.1066309237302,1002
2024-09-16 10:19:30.196,417.105443424455,11
2024-09-16 10:19:30.234,417.09257795404505,105
2024-09-16 10:19:30.236,417.08869939265327,95
2024-09-16 10:19:30.269,417.1129686843084,15
2024-09-16 10:19:30.372,417.1061480948847,103
2024-09-16 10:19:30.407,417.1483892659245,1000
2024-09-16 10:19:30.796,417.1294138254908,5
2024-09-16 10:19:30.828,417.1009333334802,97
2024-09-16 10:19:30.901,417.1273705204162,15
2024-09-16 10:19:30.976,-417.1195020717468,5
2024-09-16 10:19:31.184,417.1543178694975,996
2024-09-16 10:19:31.240,417.1403560609248,998
2024-09-16 10:19:31.283,417.16050690050673,8
2024-09-16 10:19:32.017,417.2517223675897,105
2024-09-16 10:19:32.021,417.1828859491095,1005
2024-09-16 10:19:32.105,-417.1849735320405,997
2024-09-16 10:19:32.119,417.2596561081356,8
2024-09-16 10:19:32.124,417.2480847022724,104
2024-09-16 10:19:32.245,417.1675506548022,14
2024-09-16 10:19:32.273,417.2170512656715,12
2024-09-16 10:19:32.312,417.1942352497408,6
2024-09-16 10:19:32.328,417.24915342805866,100
2024-09-16 10:19:32.378,417.1423059172188,997
2024-09-16 10:19:32.464,417.1622964839685,100
2024-09-16 10:19:32.497,417.2325142717308,999
2024-09-16 10:19:32.544,417.2421211724503,100
2024-09-16 10:19:32.585,417.222723886834,100
2024-09-16 10:19:32.694,417.2342298558726,10
2024-09-16 10:19:32.696,417.16247850654,105
2024-09-16 10:19:32.708,417.2643185196155,6
2024-09-16 10:19:32.768,417.2427798385133,15
2024-09-16 10:19:32.791,417.2048365255206,12
2024-09-16 10:19:32.793,417.2592031003498,104
2024-09-16 10:19:32.853,417.2490366509047,15
2024-09-16 10:19:32.857,417.2295874039371,103
2024-09-16 10:19:32.868,417.2569745700809,7
2024-09-16 10:19:32.871,417.2084952993092,11
2024-09-16 10:19:32.923,417.2098375050506,1002
2024-09-16 10:19:33.089,417.3101049725191,99
2024-09-16 10:19:33.100,417.3003339924719,996
2024-09-16 10:19:33.163,417.2673705068685,1001
2024-09-16 10:19:33.294,417.2537800459015,997
2024-09-16 10:19:33.306,417.3140035682801,99
2024-09-16 10:19:33.314,417.2399030934699,95
2024-09-16 10:19:33.351,417.2301776045967,1005
2024-09-16 10:19:33.397,417.2428441695242,15
2024-09-16 10:19:33.416,417.2505880415376,9
2024-09-16 10:19:33.463,417.2607351887857,8
2024-09-16 10:19:33.619,417.3353270555753,997
2024-09-16 10:19:33.631,417.3157376612305,1004
2024-09-16 10:19:33.642,417.334098007842,98
2024-09-16 10:19:33.654,417.24413137271495,11
2024-09-16 10:19:33.673,417.3254133043578,995
2024-09-16 10:19:33.776,417.3456782804612,1004
2024-09-16 10:19:33.777,417.2469552034028,998
2024-09-16 10:19:33.809,417.33873073627456,12
2024-09-16 10:19:33.818,417.2593582779757,14
2024-09-16 10:19:33.835,417.2716986081065,998
2024-09-16 10:19:33.843,417.2454618837283,101
2024-09-16 10:19:33.878,417.2530236124909,1000
2024-09-16 10:19:33.945,417.2536720331342,998
2024-09-16 10:19:33.949,417.2950218254152,5
2024-09-16 10:19:34.004,417.33501223761584,102
2024-09-16 10:19:34.032,417.30679575804425,102
2024-09-16 10:19:34.080,417.3163565924593,9
2024-09-16 10:19:34.084,417.3095232871374,995
2024-09-16 10:19:34.101,417.3362039468141,97
2024-09-16 10:19:34.119,417.3428236795447,103
2024-09-16 10:19:34.162,417.30484709645776,105
2024-09-16 10:19:34.215,417.35890613719295,9
2024-09-16 10:19:34.242,417.3333486604859,11
2024-09-16 10:19:34.245,417.34804460712087,13
2024-09-16 10:19:34.269,417.3282881669535,10
2024-09-16 10:19:34.347,417.3273698288897,104
2024-09-16 10:19:34.352,417.3227143373997,1001
2024-09-16 10:19:34.366,417.3397801480716,8
2024-09-16 10:19:34.370,417.3295387361849,15
2024-09-16 10:19:34.388,417.3342303590993,15
2024-09-16 10:19:34.443,417.3323594064427,102
2024-09-16 10:19:34.478,417.3459662670573,1004
2024-09-16 10:19:34.491,417.3351047945778,103
2024-09-16 10:19:34.495,417.3277640179127,12
2024-09-16 10:19:34.519,-417.3282714405081,95
2024-09-16 10:19:34.553,417.3475553210586,999
2024-09-16 10:19:34.644,417.3434795504737,105
2024-09-16 10:19:34.710,417.3040181012833,12
2024-09-16 10:19:34.774,417.2927529386992,999
2024-09-16 10:19:34.807,417.30388142034815,14
2024-09-16 10:19:34.939,417.3532719528647,998
2024-09-16 10:19:34.955,417.3399949808797,1003
2024-09-16 10:19:34.981,417.3404905393807,105
2024-09-16 10:19:35.064,417.3363308758365,9
2024-09-16 10:19:35.082,417.3632369976485,996
2024-09-16 10:19:35.177,417.36727679281375,1000
2024-09-16 10:19:35.312,417.3625161376764,1000
2024-09-16 10:19:35.385,417.3567095712162,103
2024-09-16 10:19:35.601,417.3479915294808,995
2024-09-16 10:19:35.637,417.3600062455127,1001
2024-09-16 10:19:35.716,417.33564709797054,95
2024-09-16 10:19:35.725,417.33597067233126,14
2024-09-16 10:19:35.848,417.33477508287433,1005
2024-09-16 10:19:36.029,417.34590244945633,1002
2024-09-16 10:19:36.377,417.3447024328424,98
2024-09-16 10:19:36.650,417.3596932884003,13
2024-09-16 10:19:36.685,417.3524720224854,13
2024-09-16 10:19:36.691,417.3436108319417,13
2024-09-16 10:19:36.726,417.3580578925303,8
2024-09-16 10:19:37.004,417.3440718658556,103
2024-09-16 10:19:37.005,417.3827594682728,100
2024-09-16 10:19:37.013,417.2910486923816,1005
2024-09-16 10:19:37.030,417.2722192014144,1002
2024-09-16 10:19:37.059,417.3564511635296,14
2024-09-16 10:19:37.063,,1004
2024-09-16 10:19:37.073,417.27551517269904,996
2024-09-16 10:19:37.133,417.30608002072734,999
2024-09-16 10:19:37.165,417.3651850398483,15
2024-09-16 10:19:37.177,417.2831951529328,15
2024-09-16 10:19:37.184,417.24939893701657,7
2024-09-16 10:19:37.196,417.2865119236805,14
2024-09-16 10:19:37.208,417.3013879879102,13
2024-09-16 10:19:37.272,417.2828211862889,7
2024-09-16 10:19:37.346,417.27558474900746,1002
2024-09-16 10:19:37.395,417.3387329692349,995
2024-09-16 10:19:37.435,417.2779636567988,14
2024-09-16 10:19:37.438,417.3135732576545,8
2024-09-16 10:19:37.547,417.2780631793871,996
2024-09-16 10:19:37.560,417.2632535715951,104
2024-09-16 10:19:37.563,417.2964274581848,1000
2024-09-16 10:19:37.602,417.368891423064,101
2024-09-16 10:19:37.679,417.2891586301212,5
2024-09-16 10:19:37.733,417.361391160916,103
2024-09-16 10:19:37.854,417.35058495461794,10
2024-09-16 10:19:37.904,417.2847668507263,13
2024-09-16 10:19:37.910,417.3310104302205,12
2024-09-16 10:19:37.930,417.3564928506563,105
2024-09-16 10:19:37.941,417.35338443148265,98
2024-09-16 10:19:37.990,417.2656002310102,6
2024-09-16 10:19:38.107,417.2540399692343,1001
2024-09-16 10:19:38.430,417.24417244085913,996
2024-09-16 10:19:38.470,417.2598952466956,15
2024-09-16 10:19:38.587,417.2541198616252,99
2024-09-16 10:19:38.589,417.25728910828633,7
2024-09-16 10:19:38.608,417.2700823380863,96
2024-09-16 10:19:38.614,417.2611525699514,995
2024-09-16 10:19:38.718,417.26535490959856,99
2024-09-16 10:19:38.760,417.2982122569655,997
2024-09-16 10:19:38.860,417.2477165933861,100
2024-09-16 10:19:38.955,417.29029900650426,99
2024-09-16 10:19:39.165,417.344341038504,95
2024-09-16 10:19:39.277,417.3113315534888,1004
2024-09-16 10:19:39.285,417.30679644345474,10
2024-09-16 10:19:39.415,417.3173553177728,1004
2024-09-16 10:19:39.605,417.3175450596364,11
2024-09-16 10:19:39.743,417.3114129037811,96
2024-09-16 10:19:39.762,417.35009729696446,1004
2024-09-16 10:19:39.889,417.3150272496384,96
2024-09-16 10:19:39.979,417.34418230853805,1002
2024-09-16 10:19:40.129,417.3682960753023,11
2024-09-16 10:19:40.222,417.4031567980872,11
2024-09-16 10:19:40.575,417.4218294874837,104
2024-09-16 10:19:40.689,417.4290326731733,998
2024-09-16 10:19:40.723,417.34811591103056,98
2024-09-16 10:19:40.888,417.3827362866938,100
2024-09-16 10:19:41.098,417.4428794046421,1003
2024-09-16 10:19:41.147,417.4499673723652,5
2024-09-16 10:19:41.411,417.4330379243947,1004
2024-09-16 10:19:41.442,417.4293561967534,103
2024-09-16 10:19:41.445,417.44197420812736,99
2024-09-16 10:19:41.446,417.43387633097575,96
2024-09-16 10:19:41.458,417.4231734663909,997
2024-09-16 10:19:41.514,417.4212079641956,7
2024-09-16 10:19:41.530,417.4187837848917,995
2024-09-16 10:19:41.694,417.4407982305265,1002
2024-09-16 10:19:41.812,417.4182084671269,105
2024-09-16 10:19:41.901,417.4260584718493,14
2024-09-16 10:19:42.013,417.3734588343833,95
2024-09-16 10:19:42.019,417.33290843725695,6
2024-09-16 10:19:42.030,417.3655540724776,10
2024-09-16 10:19:42.069,417.4257039254099,995
2024-09-16 10:19:42.077,417.4076754966459,14
2024-09-16 10:19:42.177,417.3439273900429,14
2024-09-16 10:19:42.187,417.3440916576274,13
2024-09-16 10:19:42.192,417.3554930598018,102
2024-09-16 10:19:42.200,417.3109043034108,104
2024-09-16 10:19:42.201,417.36904041735136,11
2024-09-16 10:19:42.224,417.35294543581904,13
2024-09-16 10:19:42.380,417.35514088254746,105
2024-09-16 10:19:42.437,417.3524208641141,995
2024-09-16 10:19:42.445,417.4258145844694,99
2024-09-16 10:19:42.464,417.3439655734272,997
2024-09-16 10:19:42.494,417.43952302999287,13
2024-09-16 10:19:42.556,417.3764796591954,999
2024-09-16 10:19:42.591,417.3547078211636,97
2024-09-16 10:19:42.613,417.3304605584117,6
2024-09-16 10:19:42.741,417.3856839510824,5
2024-09-16 10:19:42.757,417.3160357763176,96
2024-09-16 10:19:42.776,417.33524238351606,97
2024-09-16 10:19:42.836,417.36267603583656,14
2024-09-16 10:19:42.845,417.34129338473815,13
2024-09-16 10:19:42.917,417.333952124792,12
2024-09-16 10:19:42.935,417.3470861486557,97
2024-09-16 10:19:42.943,417.3392516508978,1000
2024-09-16 10:19:42.945,417.3343250438411,995
2024-09-16 10:19:42.977,417.4301191463133,1004
2024-09-16 10:19:43.077,417.3109445274748,9
2024-09-16 10:19:43.179,417.3262217310639,98
2024-09-16 10:19:43.301,417.3066120851264,995
2024-09-16 10:19:43.334,417.3078864045205,105
2024-09-16 10:19:43.456,417.3101107223656,1003
2024-09-16 10:19:44.026,417.3085127708829,102
2024-09-16 10:19:44.056,417.32360999284936,95
2024-09-16 10:19:44.191,417.2946716786684,98
2024-09-16 10:19:44.204,417.2959949428317,999
2024-09-16 10:19:44.244,417.30100331226873,1002
2024-09-16 10:19:44.294,417.30592341447743,104
2024-09-16 10:19:44.331,417.31720645668014,104
2024-09-16 10:19:44.337,417.3214515748888,14
2024-09-16 10:19:44.352,417.2985162791985,98
2024-09-16 10:19:44.368,417.2903717424287,100
2024-09-16 10:19:44.416,417.30731375408766,8
2024-09-16 10:19:44.441,417.3309571689017,1000
2024-09-16 10:19:44.472,417.3057691485764,1002
2024-09-16 10:19:44.616,417.3198031559842,1001
2024-09-16 10:19:44.624,417.2905318735906,1005
2024-09-16 10:19:44.670,417.2927698857014,5
2024-09-16 10:19:44.688,417.30367982591,8
2024-09-16 10:19:44.692,417.2946063943597,1005
2024-09-16 10:19:44.721,,998
2024-09-16 10:19:44.756,417.3203839862381,10
2024-09-16 10:19:44.762,417.3125858494182,1002
2024-09-16 10:19:44.766,417.3198851203662,5
2024-09-16 10:19:44.776,417.2976276780934,100
2024-09-16 10:19:44.831,417.3188122072479,1000
2024-09-16 10:19:44.885,417.3186318611562,100
2024-09-16 10:19:44.964,417.2975324019717,6
2024-09-16 10:19:44.969,417.28883021059386,7
2024-09-16 10:19:44.969,417.2842686376125,997
2024-09-16 10:19:45.001,,1001
2024-09-16 10:19:45.031,417.22019523479946,98
2024-09-16 10:19:45.105,417.2188309922976,1002
2024-09-16 10:19:45.108,417.2179268780336,96
2024-09-16 10:19:45.147,417.2237042810309,9
2024-09-16 10:19:45.154,417.21281682480287,99
2024-09-16 10:19:45.206,417.2585984097041,97
2024-09-16 10:19:45.302,417.21808318638216,12
2024-09-16 10:19:45.317,417.2261048161415,5
2024-09-16 10:19:45.319,417.2318736637243,999
2024-09-16 10:19:45.405,417.3145701417347,1001
2024-09-16 10:19:45.414,417.21002717289264,105
2024-09-16 10:19:45.524,417.2330647129237,103
2024-09-16 10:19:45.533,417.2083665561304,1001
2024-09-16 10:19:45.662,417.2386591340487,1003
2024-09-16 10:19:45.678,417.2866739611968,12
2024-09-16 10:19:45.694,417.22808905989285,104
2024-09-16 10:19:45.780,417.2303985948185,14
2024-09-16 10:19:45.857,417.2145085027608,15
2024-09-16 10:19:45.879,417.2694972434618,96
2024-09-16 10:19:45.888,417.22328431865947,11
2024-09-16 10:19:45.952,417.2857699406269,96
2024-09-16 10:19:45.976,417.2225751923478,995
2024-09-16 10:19:46.000,,103
2024-09-16 10:19:46.021,417.2316545331932,100
2024-09-16 10:19:46.037,417.1959263293761,1004
2024-09-16 10:19:46.046,417.2267211327066,1002
2024-09-16 10:19:46.170,417.2137760446087,1000
2024-09-16 10:19:46.234,417.21118283175264,1001
2024-09-16 10:19:46.342,417.1973504925288,105
2024-09-16 10:19:46.362,417.2369082765636,7
2024-09-16 10:19:46.397,417.2113590897064,5
2024-09-16 10:19:46.424,417.1919166409002,95
2024-09-16 10:19:46.463,417.1963039732474,997
2024-09-16 10:19:46.483,417.21590178652735,10
2024-09-16 10:19:46.489,417.2127291865867,999
2024-09-16 10:19:46.701,417.2072900503081,1003
2024-09-16 10:19:46.963,417.2002558135771,999
2024-09-16 10:19:46.987,417.228076713536,1004
2024-09-16 10:19:47.084,417.2276433408232,98
2024-09-16 10:19:47.135,417.21829553668687,12
2024-09-16 10:19:47.299,417.242700969233,1003
2024-09-16 10:19:47.317,417.2295491583419,1003
2024-09-16 10:19:47.448,417.2075734530399,1003
2024-09-16 10:19:47.514,417.2452864865028,8
2024-09-16 10:19:47.769,417.2289434095193,14
2024-09-16 10:19:47.783,417.235225975292,105
2024-09-16 10:19:47.832,417.253457431626,13
2024-09-16 10:19:48.012,417.2590577985947,996
2024-09-16 10:19:48.021,417.271334529074,996
2024-09-16 10:19:48.043,417.23838372648606,995
2024-09-16 10:19:48.054,417.2568327526381,7
2024-09-16 10:19:48.075,417.2232057780619,1002
2024-09-16 10:19:48.085,417.2128961232229,11
2024-09-16 10:19:48.188,417.1969221103593,14
2024-09-16 10:19:48.211,417.2236113553354,12
2024-09-16 10:19:48.236,417.2494423925653,1000
2024-09-16 10:19:48.262,417.2330049475072,13
2024-09-16 10:19:48.280,417.2472298635717,12
2024-09-16 10:19:48.315,417.2724122014478,95
2024-09-16 10:19:48.340,417.24570040759545,104
2024-09-16 10:19:48.351,417.2554166377777,104
2024-09-16 10:19:48.404,417.26913493562535,1001
2024-09-16 10:19:48.507,417.21293577591575,14
2024-09-16 10:19:48.508,417.2605156408113,997
2024-09-16 10:19:48.540,-417.2656983295752,13
2024-09-16 10:19:48.638,417.2507625751893,100
2024-09-16 10:19:48.709,417.2596980014465,6
2024-09-16 10:19:48.717,417.2277782647765,1002
2024-09-16 10:19:48.801,417.25793437815,96
2024-09-16 10:19:48.823,417.21084679885496,1004
2024-09-16 10:19:48.895,417.2528481261513,12
2024-09-16 10:19:48.912,417.2075554858114,105
2024-09-16 10:19:48.917,417.2667706956308,1002
2024-09-16 10:19:48.926,417.2382206601096,98
2024-09-16 10:19:49.079,417.2827575513657,995
2024-09-16 10:19:49.328,417.3015724487641,99
2024-09-16 10:19:49.345,417.2700358976665,96
2024-09-16 10:19:49.508,,96
2024-09-16 10:19:49.587,417.27255795621306,1005
2024-09-16 10:19:49.716,417.2852959293804,6
2024-09-16 10:19:49.751,417.2719217345657,997
2024-09-16 10:19:49.802,417.26287738030834,1001
2024-09-16 10:19:49.843,417.2705774711069,1003
2024-09-16 10:19:50.014,417.21544154604607,95
2024-09-16 10:19:50.043,417.27655341161096,1003
2024-09-16 10:19:50.089,417.2157636413452,12
2024-09-16 10:19:50.111,417.2753195725011,95
2024-09-16 10:19:50.170,417.2401501062648,101
2024-09-16 10:19:50.213,417.229819570005,1001
2024-09-16 10:19:50.267,417.2471180012248,999
2024-09-16 10:19:50.315,417.2394058088717,96
2024-09-16 10:19:50.323,417.2581686828989,5
2024-09-16 10:19:50.349,417.20974882833576,99
2024-09-16 10:19:50.398,417.2662939090701,98
2024-09-16 10:19:50.451,417.2044574977156,9
2024-09-16 10:19:50.502,417.28069245826487,1002
2024-09-16 10:19:50.506,417.2371253377869,104
2024-09-16 10:19:50.549,417.27282589773256,104
2024-09-16 10:19:50.580,417.1881760749338,102
2024-09-16 10:19:50.703,417.2130826936253,1004
2024-09-16 10:19:50.713,417.2668859322671,104
2024-09-16 10:19:50.752,417.2032359392104,12
2024-09-16 10:19:50.803,417.1894405357897,99
2024-09-16 10:19:50.816,417.2561602095855,14
2024-09-16 10:19:50.933,417.23059263141073,1004
2024-09-16 10:19:50.943,417.2641551869758,12
2024-09-16 10:19:51.274,417.235315971285,997
2024-09-16 10:19:51.346,417.2536856579853,12
2024-09-16 10:19:51.589,417.2341244822149,1003
2024-09-16 10:19:52.119,417.2715769758171,999
2024-09-16 10:19:52.165,417.2629486010872,995
2024-09-16 10:19:52.204,417.1837316576797,10
2024-09-16 10:19:52.214,417.2514780516067,8
2024-09-16 10:19:52.281,417.25931861159614,99
2024-09-16 10:19:52.316,417.2226364875173,98
2024-09-16 10:19:52.359,-417.1914128341173,6
2024-09-16 10:19:52.361,417.2508040367185,9
2024-09-16 10:19:52.497,417.231450191539,6
2024-09-16 10:19:52.501,417.2000942560774,8
2024-09-16 10:19:52.617,417.2526042094235,98
2024-09-16 10:19:52.651,417.18687070105307,103
2024-09-16 10:19:52.740,417.2025590892069,1003
2024-09-16 10:19:52.803,417.1964436726568,998
2024-09-16 10:19:52.833,417.2113666193326,105
2024-09-16 10:19:52.835,417.1950694886048,11
2024-09-16 10:19:52.926,417.1685324971658,1001
2024-09-16 10:19:52.944,41.72314739980656,998
2024-09-16 10:19:52.962,417.2082876133791,997
2024-09-16 10:19:53.487,417.1932996120259,104
2024-09-16 10:19:53.667,417.192139361178,13
2024-09-16 10:19:53.808,417.1742239607008,9
2024-09-16 10:19:54.014,417.2135210814321,10
2024-09-16 10:19:54.035,417.2121359849594,99
2024-09-16 10:19:54.141,41.72190007337419,5
2024-09-16 10:19:54.181,417.2025938129287,7
2024-09-16 10:19:54.219,417.20139593204783,105
2024-09-16 10:19:54.283,417.2183787287497,1005
2024-09-16 10:19:54.284,417.2104507555417,105
2024-09-16 10:19:54.340,417.2162551670114,999
2024-09-16 10:19:54.392,417.2010879119393,9
2024-09-16 10:19:54.393,417.2000558605801,13
2024-09-16 10:19:54.439,417.2017720421676,1002
2024-09-16 10:19:54.474,417.22162898645513,95
2024-09-16 10:19:54.655,417.2174875594243,104
2024-09-16 10:19:54.686,417.2041736361774,96
2024-09-16 10:19:54.714,417.2073887618021,7
2024-09-16 10:19:54.717,417.2132752297795,1005
2024-09-16 10:19:54.741,417.2233341887656,1002
2024-09-16 10:19:54.746,417.2187827344739,8
2024-09-16 10:19:54.781,417.2293772832339,1003
2024-09-16 10:19:54.942,417.186754990555,101
2024-09-16 10:19:54.975,417.215947867943,1002
2024-09-16 10:19:55.056,-417.26813850005567,100
2024-09-16 10:19:55.082,417.2559489385416,1001
2024-09-16 10:19:55.381,417.2307449377712,998
2024-09-16 10:19:55.447,417.2449340220183,101
2024-09-16 10:19:55.588,417.28504483149857,1005
2024-09-16 10:19:55.890,417.3015560426029,103
2024-09-16 10:19:56.013,417.341216501184,997
2024-09-16 10:19:56.027,417.3560465807397,1005
2024-09-16 10:19:56.178,417.310991306939,1005
2024-09-16 10:19:56.222,417.38923407112776,1003
2024-09-16 10:19:56.245,417.339287871876,5
2024-09-16 10:19:56.256,417.3552675059676,10
2024-09-16 10:19:56.316,417.352970336855,8
2024-09-16 10:19:56.318,417.3384210678584,100
2024-09-16 10:19:56.322,417.37106150463353,9
2024-09-16 10:19:56.533,417.3803701202423,1000
2024-09-16 10:19:56.623,417.3567154601914,1001
2024-09-16 10:19:56.676,417.3355277848711,8
2024-09-16 10:19:56.691,417.3771626331986,995
2024-09-16 10:19:56.715,417.3330182237022,10
2024-09-16 10:19:56.750,417.3481563153601,103
2024-09-16 10:19:56.806,417.3290812757167,104
2024-09-16 10:19:56.819,417.3357920353728,1001
2024-09-16 10:19:56.838,417.3615192887064,11
2024-09-16 10:19:56.868,417.3142663047932,995
2024-09-16 10:19:56.950,417.3157001281831,100
2024-09-16 10:19:56.951,,95
2024-09-16 10:19:58.053,417.3045951729798,999
2024-09-16 10:19:58.067,417.25054074762807,1001
2024-09-16 10:19:58.084,417.2948162092148,11
2024-09-16 10:19:58.111,417.2917300999135,8
2024-09-16 10:19:58.126,417.2596297175322,97
2024-09-16 10:19:58.221,417.320931181022,999
2024-09-16 10:19:58.474,417.2892313051082,103
2024-09-16 10:19:58.685,417.30578559941694,9
2024-09-16 10:19:58.759,417.2611890233703,104
2024-09-16 10:19:58.975,417.2773259235041,102
2024-09-16 10:19:58.983,417.323190747136,1000
2024-09-16 10:19:59.000,417.3785743178133,96
2024-09-16 10:19:59.034,417.37077930252485,995
2024-09-16 10:19:59.065,417.3355807717194,1004
2024-09-16 10:19:59.070,417.3350330711505,11
2024-09-16 10:19:59.089,-417.3545579213342,998
2024-09-16 10:19:59.100,417.33671002778703,95
2024-09-16 10:19:59.130,417.37413313099785,15
2024-09-16 10:19:59.135,417.3902820369653,996
2024-09-16 10:19:59.193,417.2822614771745,95
2024-09-16 10:19:59.203,417.3638800557064,11
2024-09-16 10:19:59.256,417.357575600472,105
2024-09-16 10:19:59.260,417.3739382021088,998
2024-09-16 10:19:59.286,417.3598134167408,7
2024-09-16 10:19:59.311,417.3625386369159,1002
2024-09-16 10:19:59.396,417.3911580112903,998
2024-09-16 10:19:59.498,417.37569663974784,14
2024-09-16 10:19:59.646,417.3218843432792,1005
2024-09-16 10:19:59.660,417.38624852566943,96
2024-09-16 10:19:59.726,417.37295177381935,104
2024-09-16 10:19:59.762,417.3566967912603,99
2024-09-16 10:19:59.783,417.3794061861263,103
2024-09-16 10:19:59.896,417.35531027671215,7
2024-09-16 10:19:59.980,417.3038991994539,6
