Timestamp,Price,Size
2024-09-16 14:13:00.119,415.639212950737,99
2024-09-16 14:13:00.214,415.6424108386764,999
2024-09-16 14:13:00.219,415.6643537222616,6
2024-09-16 14:13:00.224,415.6350839967656,998
2024-09-16 14:13:00.332,415.6429737822121,100
2024-09-16 14:13:00.365,415.6451794604525,99
2024-09-16 14:13:00.461,415.6201747720463,101
2024-09-16 14:13:00.559,415.6488707412404,1004
2024-09-16 14:13:00.583,415.6632359830521,1005
2024-09-16 14:13:00.610,415.6325819366685,11
2024-09-16 14:13:00.614,415.63916035281005,14
2024-09-16 14:13:00.650,415.64434326032494,97
2024-09-16 14:13:00.842,415.6345474995346,5
2024-09-16 14:13:00.863,415.6238507311024,15
2024-09-16 14:13:01.073,415.5793560029721,97
2024-09-16 14:13:01.083,415.6657225365457,15
2024-09-16 14:13:01.129,415.6254746331901,11
2024-09-16 14:13:01.166,415.5665851683616,98
2024-09-16 14:13:01.241,415.6316391987861,105
2024-09-16 14:13:01.250,415.6248143644361,1001
2024-09-16 14:13:01.318,415.6584798072649,998
2024-09-16 14:13:01.339,415.5648427776749,9
2024-09-16 14:13:01.366,415.61867113177806,99
2024-09-16 14:13:01.390,415.64686339057033,995
2024-09-16 14:13:01.473,415.6359569559801,1001
2024-09-16 14:13:01.499,415.5584114819095,10
2024-09-16 14:13:01.586,415.55933156339546,995
2024-09-16 14:13:01.595,415.6641768651459,15
2024-09-16 14:13:01.614,415.6398485110868,1003
2024-09-16 14:13:01.680,415.60996443052113,1002
2024-09-16 14:13:01.681,415.56198840962617,14
2024-09-16 14:13:01.683,415.6060092735237,101
2024-09-16 14:13:01.723,415.6365999915504,1005
2024-09-16 14:13:01.753,415.6211252381104,7
2024-09-16 14:13:01.758,415.666049690479,999
2024-09-16 14:13:01.763,415.625314473084,96
2024-09-16 14:13:01.847,415.577000840441,1003
2024-09-16 14:13:01.880,415.5547340166067,9
2024-09-16 14:13:01.891,415.6469346675124,7
2024-09-16 14:13:01.974,415.5625807307835,7
2024-09-16 14:13:01.981,415.6178200813978,104
2024-09-16 14:13:01.984,415.6274143656899,1004
2024-09-16 14:13:01.988,415.5764579751595,102
2024-09-16 14:13:02.021,415.58515460483454,101
2024-09-16 14:13:02.063,415.53226905738353,10
2024-09-16 14:13:02.095,415.52567696278015,96
2024-09-16 14:13:02.101,415.5368992269534,10
2024-09-16 14:13:02.160,415.5453001915414,97
2024-09-16 14:13:02.168,415.5105203179145,99
2024-09-16 14:13:02.176,415.5748119562616,104
2024-09-16 14:13:02.290,415.56991751406326,1000
2024-09-16 14:13:02.364,415.51649820926326,95
2024-09-16 14:13:02.403,415.5442146474448,6
2024-09-16 14:13:02.411,415.51794604008273,12
2024-09-16 14:13:02.454,415.52707083502776,998
2024-09-16 14:13:02.522,415.5863457093412,15
2024-09-16 14:13:02.538,415.5746679634753,5
2024-09-16 14:13:02.609,415.5440374206146,999
2024-09-16 14:13:02.616,415.5547033503572,995
2024-09-16 14:13:02.895,415.5470364818498,999
2024-09-16 14:13:02.917,415.54847351469175,998
2024-09-16 14:13:02.967,415.5055673447607,97
2024-09-16 14:13:03.012,415.55562311677926,998
2024-09-16 14:13:03.070,415.5724702784062,1003
2024-09-16 14:13:03.071,415.4938161518988,97
2024-09-16 14:13:03.073,415.5403010789769,14
2024-09-16 14:13:03.119,415.5241751760144,1004
2024-09-16 14:13:03.123,415.5621580799614,100
2024-09-16 14:13:03.130,415.53090798617,9
2024-09-16 14:13:03.145,415.547429380583,999
2024-09-16 14:13:03.166,415.5056803382852,95
2024-09-16 14:13:03.218,415.5141547018215,13
2024-09-16 14:13:03.235,415.5424138513095,1003
2024-09-16 14:13:03.257,415.5564970557496,1004
2024-09-16 14:13:03.330,415.56377927348126,996
2024-09-16 14:13:03.359,415.5513340973318,999
2024-09-16 14:13:03.369,415.5807762635055,14
2024-09-16 14:13:03.387,415.56910443528096,995
2024-09-16 14:13:03.393,415.5151730696912,98
2024-09-16 14:13:03.503,415.5799954306755,105
2024-09-16 14:13:03.528,415.5338645629669,104
2024-09-16 14:13:03.547,415.52276569055664,996
2024-09-16 14:13:03.548,415.4844486031456,8
2024-09-16 14:13:03.554,415.57000942672335,95
2024-09-16 14:13:03.586,415.517650468768,11
2024-09-16 14:13:03.594,415.50822660137607,14
2024-09-16 14:13:03.631,415.5618746928462,96
2024-09-16 14:13:03.656,415.5681620752997,103
2024-09-16 14:13:03.665,415.5049270401132,10
2024-09-16 14:13:03.884,415.5698893168058,996
2024-09-16 14:13:03.910,415.56195469080535,1001
2024-09-16 14:13:04.050,415.483919712847,1000
2024-09-16 14:13:04.050,415.4859583205889,7
2024-09-16 14:13:04.127,415.4687219771238,103
2024-09-16 14:13:04.165,415.5201623737296,5
2024-09-16 14:13:04.166,415.4623749327119,12
2024-09-16 14:13:04.183,41.54870428187055,1004
2024-09-16 14:13:04.194,415.5160662627055,997
2024-09-16 14:13:04.261,415.4717980888268,1001
2024-09-16 14:13:04.279,415.49284921760216,1001
2024-09-16 14:13:04.336,415.52283638482464,11
2024-09-16 14:13:04.341,415.4652459459016,9
2024-09-16 14:13:04.450,415.4656643523225,105
2024-09-16 14:13:04.455,415.4905214362051,14
2024-09-16 14:13:04.509,415.4950321838149,8
2024-09-16 14:13:04.551,415.51800091340647,97
2024-09-16 14:13:04.620,415.4883273331973,102
2024-09-16 14:13:04.630,415.4907114074107,1002
2024-09-16 14:13:04.663,415.524184564044,998
2024-09-16 14:13:04.669,415.4821291452403,6
2024-09-16 14:13:04.683,415.5283510086737,97
2024-09-16 14:13:04.700,415.5008382473206,995
2024-09-16 14:13:04.782,415.4577446785632,14
2024-09-16 14:13:04.796,415.4829136817848,6
2024-09-16 14:13:04.855,415.5142241671796,1003
2024-09-16 14:13:04.872,415.493665701528,997
2024-09-16 14:13:04.908,415.4872768149164,98
2024-09-16 14:13:04.970,415.5214130179285,99
2024-09-16 14:13:05.016,415.4766584200223,103
2024-09-16 14:13:05.051,415.4806811080966,7
2024-09-16 14:13:05.063,415.4877067051001,102
2024-09-16 14:13:05.071,415.4728384794056,97
2024-09-16 14:13:05.084,415.47713869474,5
2024-09-16 14:13:05.136,415.5385768131837,98
2024-09-16 14:13:05.136,415.4722419590567,7
2024-09-16 14:13:05.148,415.4917200671995,11
2024-09-16 14:13:05.173,415.46902090528414,9
2024-09-16 14:13:05.174,415.4899317428279,996
2024-09-16 14:13:05.176,415.4763696614871,96
2024-09-16 14:13:05.222,415.4958789577054,15
2024-09-16 14:13:05.225,415.4664559834072,97
2024-09-16 14:13:05.232,415.46530695235407,101
2024-09-16 14:13:05.342,415.4657948451766,996
2024-09-16 14:13:05.441,415.476895990924,102
2024-09-16 14:13:05.612,415.4823818394344,98
2024-09-16 14:13:05.625,415.4625336032127,8
2024-09-16 14:13:05.632,415.476870693076,999
2024-09-16 14:13:05.641,415.48518403524207,13
2024-09-16 14:13:05.697,-415.5394874029043,14
2024-09-16 14:13:05.733,415.50238560177326,15
2024-09-16 14:13:05.736,415.5329997180908,96
2024-09-16 14:13:05.737,415.4939093272631,12
2024-09-16 14:13:05.824,415.502344750051,105
2024-09-16 14:13:05.884,415.48874701463177,998
2024-09-16 14:13:05.953,415.4565893703544,996
2024-09-16 14:13:05.966,415.4890489422031,12
2024-09-16 14:13:05.967,415.4990511731528,11
2024-09-16 14:13:06.099,415.5886901204633,7
2024-09-16 14:13:06.104,415.6506433411697,1003
2024-09-16 14:13:06.183,415.5909471704885,99
2024-09-16 14:13:06.191,415.6373333296119,15
2024-09-16 14:13:06.197,415.6183196170064,996
2024-09-16 14:13:06.220,415.5770481657258,103
2024-09-16 14:13:06.241,415.57106285695386,96
2024-09-16 14:13:06.287,415.62366247734457,95
2024-09-16 14:13:06.341,415.6360893592134,100
2024-09-16 14:13:06.368,415.5609329859408,97
2024-09-16 14:13:06.446,415.6021368348967,105
2024-09-16 14:13:06.460,415.59703798386175,998
2024-09-16 14:13:06.461,415.5819286894748,1001
2024-09-16 14:13:06.593,415.60339013249467,95
2024-09-16 14:13:06.608,415.5473577835471,9
2024-09-16 14:13:06.735,415.6032565091386,5
2024-09-16 14:13:06.778,415.6339179138846,6
2024-09-16 14:13:06.779,415.54818016031953,95
2024-09-16 14:13:06.829,415.60630419325,13
2024-09-16 14:13:06.866,415.5919146124664,95
2024-09-16 14:13:06.894,415.54888318039633,97
2024-09-16 14:13:06.931,415.58041946073513,9
2024-09-16 14:13:06.948,415.6063579959856,11
2024-09-16 14:13:06.981,415.580709341134,103
2024-09-16 14:13:07.002,415.5741172628444,11
2024-09-16 14:13:07.016,415.5583441002193,999
2024-09-16 14:13:07.069,415.5693766265999,7
2024-09-16 14:13:07.103,415.5639325431314,9
2024-09-16 14:13:07.103,415.59270374192056,8
2024-09-16 14:13:07.149,415.5534687812184,5
2024-09-16 14:13:07.205,415.5521005728923,1003
2024-09-16 14:13:07.291,415.587030510902,99
2024-09-16 14:13:07.310,415.6079440292489,1000
2024-09-16 14:13:07.320,415.5638198939387,102
2024-09-16 14:13:07.328,415.5407368687792,11
2024-09-16 14:13:07.453,415.59202237640017,1001
2024-09-16 14:13:07.500,415.5779198802461,12
2024-09-16 14:13:07.595,415.5503076743785,95
2024-09-16 14:13:07.623,-41.55614935836818,9
2024-09-16 14:13:07.637,415.5769829362059,998
2024-09-16 14:13:07.639,415.58775073610246,5
2024-09-16 14:13:07.802,415.5634011797207,1000
2024-09-16 14:13:07.984,415.6261532439826,1004
2024-09-16 14:13:08.010,415.561179427412,999
2024-09-16 14:13:08.111,41.55655012326525,999
2024-09-16 14:13:08.131,415.57519988973314,5
2024-09-16 14:13:08.139,415.5644316192024,105
2024-09-16 14:13:08.177,415.5838418160377,999
2024-09-16 14:13:08.233,415.5334429097575,995
2024-09-16 14:13:08.239,415.56859883626106,12
2024-09-16 14:13:08.323,415.5424534606037,1000
2024-09-16 14:13:08.339,415.5789698160423,999
2024-09-16 14:13:08.384,415.5499453004802,14
2024-09-16 14:13:08.394,415.5865850676794,95
2024-09-16 14:13:08.448,415.563541076558,996
2024-09-16 14:13:08.524,415.5191497917931,105
2024-09-16 14:13:08.528,415.5842101330576,99
2024-09-16 14:13:08.540,415.5829390627338,1002
2024-09-16 14:13:08.584,415.58549518059766,1004
2024-09-16 14:13:08.629,415.5582982958068,6
2024-09-16 14:13:08.654,415.57891070404713,105
2024-09-16 14:13:08.679,415.5322810679622,1003
2024-09-16 14:13:08.681,415.5407853057937,1002
2024-09-16 14:13:08.718,415.5705089944073,995
2024-09-16 14:13:08.725,415.55155769090015,98
2024-09-16 14:13:08.791,415.56373713378986,996
2024-09-16 14:13:08.857,415.5681324154682,1000
2024-09-16 14:13:08.887,415.5894121836022,1005
2024-09-16 14:13:09.036,415.5373275264648,95
2024-09-16 14:13:09.058,415.5634789203176,1001
2024-09-16 14:13:09.084,415.5460613104684,996
2024-09-16 14:13:09.379,415.5384476085052,12
2024-09-16 14:13:09.478,415.55521387975983,102
2024-09-16 14:13:09.526,415.5792689545207,6
2024-09-16 14:13:09.697,415.55263477644087,5
2024-09-16 14:13:09.849,,11
2024-09-16 14:13:09.937,415.54745564866016,15
2024-09-16 14:13:09.945,415.5973316047405,14
2024-09-16 14:13:10.004,415.63926342189234,15
2024-09-16 14:13:10.020,415.647078183232,999
2024-09-16 14:13:10.043,415.6428554132109,101
2024-09-16 14:13:10.248,415.6511122411398,95
2024-09-16 14:13:10.251,415.63316221328375,12
2024-09-16 14:13:10.269,415.6309411851841,11
2024-09-16 14:13:10.278,415.6598755894075,97
2024-09-16 14:13:10.373,415.65501647091855,11
2024-09-16 14:13:10.375,,13
2024-09-16 14:13:10.404,415.63221286868367,1001
2024-09-16 14:13:10.578,415.6323101303796,99
2024-09-16 14:13:10.582,415.618457342896,999
2024-09-16 14:13:10.662,415.6653871260688,99
2024-09-16 14:13:10.795,415.65488362833264,1001
2024-09-16 14:13:10.799,415.6355266411328,101
2024-09-16 14:13:10.848,415.6194730549833,1004
2024-09-16 14:13:10.913,415.63768991274594,15
2024-09-16 14:13:10.913,415.6334893337724,1000
2024-09-16 14:13:10.917,415.6436197738257,13
2024-09-16 14:13:10.950,415.62496374620974,1005
2024-09-16 14:13:10.971,415.6613939124148,99
2024-09-16 14:13:11.093,415.6856651234617,1001
2024-09-16 14:13:11.260,415.6781426420762,15
2024-09-16 14:13:11.302,415.6969986923804,6
2024-09-16 14:13:11.412,415.67783154415,15
2024-09-16 14:13:11.483,415.692363655054,99
2024-09-16 14:13:11.489,415.7210404174895,13
2024-09-16 14:13:11.523,415.6964620115807,1002
2024-09-16 14:13:11.593,415.6917869720963,14
2024-09-16 14:13:11.614,415.690330685102,103
2024-09-16 14:13:11.616,415.6878149471191,8
2024-09-16 14:13:11.643,415.69565463808175,1004
2024-09-16 14:13:11.698,415.6920646324115,995
2024-09-16 14:13:11.718,415.68743788989553,105
2024-09-16 14:13:11.728,415.6970366509084,997
2024-09-16 14:13:11.746,415.7025721313913,5
2024-09-16 14:13:11.812,415.6842683668829,1003
2024-09-16 14:13:11.858,415.71177247692935,1000
2024-09-16 14:13:11.912,415.66871986540247,14
2024-09-16 14:13:11.951,415.6829729996036,105
2024-09-16 14:13:11.983,415.68116162363737,105
2024-09-16 14:13:13.160,415.7016842819072,13
2024-09-16 14:13:13.381,415.6990246955785,996
2024-09-16 14:13:13.557,415.68715405666944,998
2024-09-16 14:13:13.681,415.6805549486808,6
2024-09-16 14:13:14.301,415.7091702265853,98
2024-09-16 14:13:14.306,415.723061653479,998
2024-09-16 14:13:14.325,415.7121072581952,1003
2024-09-16 14:13:14.375,415.730565612806,1000
2024-09-16 14:13:14.413,415.676105766136,7
2024-09-16 14:13:14.437,415.6979382845273,997
2024-09-16 14:13:14.512,415.7306005985084,1002
2024-09-16 14:13:14.727,415.7213838182967,6
2024-09-16 14:13:14.769,415.6861507817554,14
2024-09-16 14:13:14.784,415.72008897598624,1004
2024-09-16 14:13:14.786,415.7294994294419,9
2024-09-16 14:13:14.978,415.70769434510754,14
2024-09-16 14:13:15.128,415.7774865684591,11
2024-09-16 14:13:15.214,415.7970708231588,6
2024-09-16 14:13:15.220,-415.7754784600205,9
2024-09-16 14:13:15.241,415.7835568440965,1005
2024-09-16 14:13:15.266,415.8039820738696,104
2024-09-16 14:13:15.288,415.7846227724375,10
2024-09-16 14:13:15.489,415.7410185056033,6
2024-09-16 14:13:15.519,415.7811506181605,101
2024-09-16 14:13:15.521,415.7925301743976,997
2024-09-16 14:13:15.584,415.7587096570202,998
2024-09-16 14:13:15.611,415.7305723851943,104
2024-09-16 14:13:15.629,415.7731262091356,96
2024-09-16 14:13:15.678,415.8116213313142,998
2024-09-16 14:13:15.767,415.7380372092315,9
2024-09-16 14:13:15.841,415.8198823070527,103
2024-09-16 14:13:15.903,415.73650102726685,9
2024-09-16 14:13:15.947,415.73006900855904,1001
2024-09-16 14:13:15.958,415.73564534675495,98
2024-09-16 14:13:15.983,415.7675652500998,11
2024-09-16 14:13:15.995,415.8187023335557,11
2024-09-16 14:13:16.116,415.8314284082757,96
2024-09-16 14:13:16.187,415.871013416244,96
2024-09-16 14:13:16.216,415.86718138459776,101
2024-09-16 14:13:16.411,415.8614488457995,103
2024-09-16 14:13:16.476,415.8456860471125,1005
2024-09-16 14:13:16.476,415.88069123434366,12
2024-09-16 14:13:16.481,415.82755971793455,104
2024-09-16 14:13:16.492,415.8605148562641,103
2024-09-16 14:13:16.500,415.8548273507805,12
2024-09-16 14:13:16.545,415.8086895183552,1000
2024-09-16 14:13:16.787,415.81428543733705,1002
2024-09-16 14:13:16.882,415.8655580355157,102
2024-09-16 14:13:16.975,415.8660322446604,96
2024-09-16 14:13:17.035,415.8016480857112,105
2024-09-16 14:13:17.246,415.7955534985917,103
2024-09-16 14:13:17.384,415.7914192412067,7
2024-09-16 14:13:17.469,415.8375536585424,15
2024-09-16 14:13:17.522,415.8008366251749,98
2024-09-16 14:13:17.657,415.79728887855066,8
2024-09-16 14:13:17.681,415.8006624218797,101
2024-09-16 14:13:17.911,415.7825324666298,95
2024-09-16 14:13:18.015,415.8334430374283,103
2024-09-16 14:13:18.070,415.8100395077332,999
2024-09-16 14:13:18.077,415.7853253183497,6
2024-09-16 14:13:18.096,415.8074433062836,997
2024-09-16 14:13:18.124,415.8412077238806,99
2024-09-16 14:13:18.161,415.8043695659272,95
2024-09-16 14:13:18.173,415.81887223911264,97
2024-09-16 14:13:18.214,415.7608483370853,103
2024-09-16 14:13:18.268,415.8098120752781,998
2024-09-16 14:13:18.428,415.80087111256194,100
2024-09-16 14:13:18.514,415.78654649412766,1001
2024-09-16 14:13:18.674,415.8424726712608,15
2024-09-16 14:13:18.693,415.79247623035576,8
2024-09-16 14:13:18.754,415.8251699143453,1004
2024-09-16 14:13:18.851,415.813611642111,97
2024-09-16 14:13:18.984,415.8153537383387,103
2024-09-16 14:13:19.014,415.7689013053384,102
2024-09-16 14:13:19.073,415.783778300637,10
2024-09-16 14:13:19.291,415.7626227302338,103
2024-09-16 14:13:19.389,415.76788899838846,8
2024-09-16 14:13:19.405,415.7585796574432,102
2024-09-16 14:13:19.436,415.767929784408,13
2024-09-16 14:13:19.504,415.7920295523737,105
2024-09-16 14:13:19.505,415.79772183250384,102
2024-09-16 14:13:19.553,415.7781293116279,97
2024-09-16 14:13:19.593,415.78334889706855,104
2024-09-16 14:13:19.715,415.7858070455715,96
2024-09-16 14:13:19.879,415.7686572239729,15
2024-09-16 14:13:19.883,415.8013511680047,95
2024-09-16 14:13:19.891,415.8093573552114,98
2024-09-16 14:13:20.024,415.82738332787375,9
2024-09-16 14:13:20.155,415.82020118993904,1002
2024-09-16 14:13:20.300,415.7898042539381,1005
2024-09-16 14:13:20.343,415.8225460842161,13
2024-09-16 14:13:20.478,415.8166625380928,13
2024-09-16 14:13:20.494,415.81341933372977,14
2024-09-16 14:13:20.509,415.809420279119,998
2024-09-16 14:13:20.574,415.80860657770745,1002
2024-09-16 14:13:20.685,415.774220907693,96
2024-09-16 14:13:20.694,415.819818434809,102
2024-09-16 14:13:20.712,415.8220714005214,99
2024-09-16 14:13:20.767,415.8256093937985,10
2024-09-16 14:13:20.782,415.7614203635448,102
2024-09-16 14:13:20.787,415.8311695342013,104
2024-09-16 14:13:20.797,415.8047089704472,95
2024-09-16 14:13:20.805,415.80725610666224,999
2024-09-16 14:13:20.821,415.8232337901503,999
2024-09-16 14:13:20.914,415.8086704535369,98
2024-09-16 14:13:20.935,415.8210533945993,99
2024-09-16 14:13:20.940,415.7935122161992,1001
2024-09-16 14:13:21.009,415.7283141202422,998
2024-09-16 14:13:21.020,415.7597760236048,999
2024-09-16 14:13:21.074,415.7648849257697,96
2024-09-16 14:13:21.149,415.7687661065657,5
2024-09-16 14:13:21.163,415.76454142059873,1003
2024-09-16 14:13:21.278,415.7386632806581,999
2024-09-16 14:13:21.284,415.77376820934137,10
2024-09-16 14:13:21.301,415.8000513771813,15
2024-09-16 14:13:21.333,415.7460572141643,1003
2024-09-16 14:13:21.357,415.8008457101999,98
2024-09-16 14:13:21.407,415.73118438313776,1000
2024-09-16 14:13:21.417,415.7588036981068,1001
2024-09-16 14:13:21.432,415.7961137363231,10
2024-09-16 14:13:21.436,415.7918099342304,6
2024-09-16 14:13:21.437,415.7832953026066,996
2024-09-16 14:13:21.451,415.7750857159749,997
2024-09-16 14:13:21.480,415.7657211970755,997
2024-09-16 14:13:21.489,415.7494067250958,1004
2024-09-16 14:13:21.552,415.7938296955116,997
2024-09-16 14:13:21.586,415.756837418873,13
2024-09-16 14:13:21.620,415.8073073718007,996
2024-09-16 14:13:21.745,415.750151207424,97
2024-09-16 14:13:21.800,415.76438566158527,1001
2024-09-16 14:13:21.806,415.7829543472353,1005
2024-09-16 14:13:21.859,415.75455900400414,95
2024-09-16 14:13:21.948,,95
2024-09-16 14:13:21.995,415.7759124902543,95
2024-09-16 14:13:21.997,415.7841248635728,1003
2024-09-16 14:13:22.003,415.7110522009156,11
2024-09-16 14:13:22.100,415.70301242757904,995
2024-09-16 14:13:22.117,415.7139641354416,11
2024-09-16 14:13:22.432,415.7081526712141,997
2024-09-16 14:13:22.885,415.71823971101406,99
2024-09-16 14:13:22.974,415.7265797300309,997
2024-09-16 14:13:23.049,415.7156467397552,12
2024-09-16 14:13:23.056,415.7211633140707,1000
2024-09-16 14:13:23.068,415.6871909830764,996
2024-09-16 14:13:23.134,415.7313958906444,14
2024-09-16 14:13:23.215,415.6887953894596,98
2024-09-16 14:13:23.222,415.7027187639102,10
2024-09-16 14:13:23.247,415.6787902503648,5
2024-09-16 14:13:23.288,415.6950757742748,96
2024-09-16 14:13:23.293,,101
2024-09-16 14:13:23.361,415.688544092764,1001
2024-09-16 14:13:23.427,415.6948987531021,97
2024-09-16 14:13:23.453,415.7275908760014,102
2024-09-16 14:13:23.526,415.7150297184822,13
2024-09-16 14:13:23.557,415.7053010168326,1004
2024-09-16 14:13:23.612,415.7326220161627,7
2024-09-16 14:13:23.617,-415.6735362097105,99
2024-09-16 14:13:23.680,415.73600432918687,9
2024-09-16 14:13:23.691,415.68968581572005,97
2024-09-16 14:13:23.716,415.7292284622317,996
2024-09-16 14:13:23.755,415.69774336574335,1002
2024-09-16 14:13:23.758,415.701811215399,1000
2024-09-16 14:13:23.765,415.72065230424647,98
2024-09-16 14:13:23.790,415.7347382775136,8
2024-09-16 14:13:23.852,415.6933008445181,1002
2024-09-16 14:13:23.912,415.7288082569023,8
2024-09-16 14:13:24.017,415.6696957991636,101
2024-09-16 14:13:24.197,415.6952135633634,99
2024-09-16 14:13:24.215,415.7105835349839,999
2024-09-16 14:13:24.289,415.7351704635445,5
2024-09-16 14:13:24.297,415.7145930080888,97
2024-09-16 14:13:24.336,415.6824161269854,100
2024-09-16 14:13:24.357,415.6749554975661,11
2024-09-16 14:13:24.358,415.6778509248184,7
2024-09-16 14:13:24.366,415.68087403513374,1002
2024-09-16 14:13:24.387,415.67369280729565,1004
2024-09-16 14:13:24.415,415.6762425962664,102
2024-09-16 14:13:24.426,415.7109648676928,96
2024-09-16 14:13:24.451,415.7327428408086,999
2024-09-16 14:13:24.536,415.684111972191,98
2024-09-16 14:13:24.567,415.6813352566372,105
2024-09-16 14:13:24.569,415.6683973739115,7
2024-09-16 14:13:24.585,415.6692076024143,102
2024-09-16 14:13:24.645,415.7098339429768,10
2024-09-16 14:13:24.701,415.7228230933353,10
2024-09-16 14:13:24.713,415.7049614021578,1000
2024-09-16 14:13:24.772,415.67840829163697,9
2024-09-16 14:13:25.007,415.6600821277426,8
2024-09-16 14:13:25.016,415.6529857136552,996
2024-09-16 14:13:25.068,415.6202217712692,98
2024-09-16 14:13:25.138,415.6707922341493,96
2024-09-16 14:13:25.150,415.6701416182424,101
2024-09-16 14:13:25.310,415.6620195865392,103
2024-09-16 14:13:25.363,415.6490667602184,10
2024-09-16 14:13:25.377,415.6968838473812,98
2024-09-16 14:13:25.494,415.672466120235,95
2024-09-16 14:13:25.533,415.70449766396575,96
2024-09-16 14:13:25.600,415.6438563338431,99
2024-09-16 14:13:25.607,415.6635076429648,1002
2024-09-16 14:13:25.610,415.6662471704878,997
2024-09-16 14:13:25.632,415.6851914237317,999
2024-09-16 14:13:25.657,415.65793408712057,101
2024-09-16 14:13:25.662,415.66421421332967,1002
2024-09-16 14:13:25.672,415.6361227731084,96
2024-09-16 14:13:25.735,415.61907837338833,99
2024-09-16 14:13:25.740,415.66007597028687,14
2024-09-16 14:13:25.891,415.64902144078434,13
2024-09-16 14:13:25.985,415.63839906595473,13
2024-09-16 14:13:26.192,415.5965955192112,6
2024-09-16 14:13:26.230,415.627947170078,103
2024-09-16 14:13:26.272,415.6051155556681,10
2024-09-16 14:13:26.384,415.61972412127466,102
2024-09-16 14:13:26.387,415.6334518757989,997
2024-09-16 14:13:26.403,415.62811730153953,7
2024-09-16 14:13:26.403,415.6400706681016,12
2024-09-16 14:13:26.517,415.6365665129367,1001
2024-09-16 14:13:26.531,415.61762429630994,105
2024-09-16 14:13:26.728,415.6226947444652,104
2024-09-16 14:13:26.855,415.6204199626318,10
2024-09-16 14:13:27.089,415.6247658640503,1004
2024-09-16 14:13:27.160,415.5810337415072,12
2024-09-16 14:13:27.193,415.64192004899695,103
2024-09-16 14:13:27.300,415.6440432952664,7
2024-09-16 14:13:27.308,415.6129801061922,1000
2024-09-16 14:13:27.386,415.6024242218713,98
2024-09-16 14:13:27.415,415.5959095124396,103
2024-09-16 14:13:27.422,415.5829709174954,7
2024-09-16 14:13:27.468,415.6199764433188,9
2024-09-16 14:13:27.501,415.5744462430368,1002
2024-09-16 14:13:27.521,415.6379775013826,11
2024-09-16 14:13:27.596,415.6243223408193,10
2024-09-16 14:13:27.629,415.62873799814815,12
2024-09-16 14:13:27.679,415.5926728019709,995
2024-09-16 14:13:27.716,415.5926789162244,11
2024-09-16 14:13:27.737,415.6222449735972,95
2024-09-16 14:13:27.801,415.613230310897,97
2024-09-16 14:13:27.924,415.5917903122324,1003
2024-09-16 14:13:27.958,415.6114986554678,7
2024-09-16 14:13:27.959,415.58914468973416,7
2024-09-16 14:13:27.972,415.6110413306911,1002
2024-09-16 14:13:28.077,415.6433708493469,996
2024-09-16 14:13:28.122,415.6337660733975,10
2024-09-16 14:13:28.580,415.6340958964244,8
2024-09-16 14:13:28.629,415.6435620848962,9
2024-09-16 14:13:28.720,415.6532620920266,102
2024-09-16 14:13:29.098,415.6743992467948,1000
2024-09-16 14:13:29.109,415.6564838556713,13
2024-09-16 14:13:29.129,415.6925427247989,102
2024-09-16 14:13:29.222,415.7112162037412,1000
2024-09-16 14:13:29.264,415.6651413199967,14
2024-09-16 14:13:29.276,415.6831857460173,14
2024-09-16 14:13:29.301,415.6560561130464,998
2024-09-16 14:13:29.333,415.69309936005885,5
2024-09-16 14:13:29.339,415.7184077122503,999
2024-09-16 14:13:29.396,415.6758422729481,1005
2024-09-16 14:13:29.427,415.6930240525661,97
2024-09-16 14:13:29.488,415.6727015306844,8
2024-09-16 14:13:29.525,415.7084088264056,12
2024-09-16 14:13:29.534,415.676528256298,13
2024-09-16 14:13:29.551,415.7136552227691,995
2024-09-16 14:13:29.592,415.68007221044087,8
2024-09-16 14:13:29.740,415.7219978385113,8
2024-09-16 14:13:29.778,415.6807044477334,99
2024-09-16 14:13:29.876,415.6813745009299,8
2024-09-16 14:13:29.999,415.6547305182288,7
2024-09-16 14:13:30.048,415.73480785851314,10
2024-09-16 14:13:30.135,415.6937095378848,99
2024-09-16 14:13:30.196,415.70673774386415,96
2024-09-16 14:13:30.219,415.7253137031671,97
2024-09-16 14:13:30.256,415.6731024572399,100
2024-09-16 14:13:30.350,415.7462373642183,15
2024-09-16 14:13:30.352,415.7563850125936,14
2024-09-16 14:13:30.403,415.6711867841661,9
2024-09-16 14:13:30.514,415.709584377202,14
2024-09-16 14:13:30.572,415.73833327564455,1000
2024-09-16 14:13:30.580,415.72602482460064,13
2024-09-16 14:13:30.705,415.7154193626183,14
2024-09-16 14:13:30.744,415.72316398081455,1002
2024-09-16 14:13:30.834,415.7110729077252,98
2024-09-16 14:13:30.882,415.7185962136128,997
2024-09-16 14:13:31.056,415.73476910591,15
2024-09-16 14:13:31.177,415.7293660705875,1003
2024-09-16 14:13:31.267,415.7271766195499,11
2024-09-16 14:13:31.318,415.73835777882056,103
2024-09-16 14:13:31.350,415.71828793865313,100
2024-09-16 14:13:31.371,415.71729496520425,9
2024-09-16 14:13:31.437,415.7454565995045,100
2024-09-16 14:13:31.443,415.7266361805235,15
2024-09-16 14:13:31.453,415.7004023687275,97
2024-09-16 14:13:31.475,415.69450170393714,100
2024-09-16 14:13:31.494,415.7190473706008,98
2024-09-16 14:13:31.497,415.708936728015,95
2024-09-16 14:13:31.510,,97
2024-09-16 14:13:31.567,415.7374801719535,998
2024-09-16 14:13:31.636,415.7025148918119,11
2024-09-16 14:13:31.659,415.7115470773292,9
2024-09-16 14:13:31.745,415.71734916450754,104
2024-09-16 14:13:31.767,415.7365192562162,995
2024-09-16 14:13:31.772,415.7334068148528,11
2024-09-16 14:13:31.842,415.7316258825477,998
2024-09-16 14:13:31.849,415.71798969512247,995
2024-09-16 14:13:31.849,415.6920693195028,998
2024-09-16 14:13:31.954,415.7299991256576,10
2024-09-16 14:13:31.993,415.6980630945557,99
2024-09-16 14:13:31.998,415.7262265392356,999
2024-09-16 14:13:32.351,415.6804260473152,100
2024-09-16 14:13:32.488,415.6796685776728,97
2024-09-16 14:13:32.781,415.67493535891776,1001
2024-09-16 14:13:32.998,415.68472925565305,8
2024-09-16 14:13:33.031,415.6453646922929,95
2024-09-16 14:13:33.052,415.6582122219264,103
2024-09-16 14:13:33.124,415.6479313516759,100
2024-09-16 14:13:33.140,415.6498277028074,1000
2024-09-16 14:13:33.197,415.644832992237,999
2024-09-16 14:13:33.213,415.65721037478886,96
2024-09-16 14:13:33.701,415.6411467442453,98
2024-09-16 14:13:33.929,415.6671692275344,995
2024-09-16 14:13:34.081,415.6672822870905,97
2024-09-16 14:13:34.135,415.7181401112891,1003
2024-09-16 14:13:34.188,415.64532042169225,997
2024-09-16 14:13:34.224,415.6506959143746,996
2024-09-16 14:13:34.243,415.668886541637,102
2024-09-16 14:13:34.253,415.6996225285503,1001
2024-09-16 14:13:34.256,-415.6453948040093,8
2024-09-16 14:13:34.371,415.6699569032854,100
2024-09-16 14:13:34.502,415.7235238165503,995
2024-09-16 14:13:34.539,415.6323864684275,5
2024-09-16 14:13:34.745,415.6588164044487,15
2024-09-16 14:13:34.932,415.6497682130329,98
2024-09-16 14:13:35.045,415.7511621789407,101
2024-09-16 14:13:35.129,415.74659481584905,96
2024-09-16 14:13:35.150,415.7303137738349,104
2024-09-16 14:13:35.187,415.73013742901776,9
2024-09-16 14:13:35.261,415.7309902046777,14
2024-09-16 14:13:35.660,415.75535691386585,8
2024-09-16 14:13:35.818,415.7065998822965,9
2024-09-16 14:13:36.072,415.7717822574936,15
2024-09-16 14:13:36.117,415.7624784932357,11
2024-09-16 14:13:36.193,415.7681979634081,95
2024-09-16 14:13:36.218,415.78112273171735,9
2024-09-16 14:13:36.270,415.76771244627616,12
2024-09-16 14:13:36.406,415.7670775143779,8
2024-09-16 14:13:36.558,415.77893768670407,1000
2024-09-16 14:13:36.608,415.7660138820647,14
2024-09-16 14:13:36.666,415.7428268516626,14
2024-09-16 14:13:36.734,415.7798599560781,103
2024-09-16 14:13:36.747,415.7940616203063,1000
2024-09-16 14:13:36.924,415.78833720917305,105
2024-09-16 14:13:37.035,415.8086014834634,1004
2024-09-16 14:13:37.056,415.8369382743134,101
2024-09-16 14:13:37.081,415.8218518257814,15
2024-09-16 14:13:37.122,415.8283085053209,6
2024-09-16 14:13:37.147,415.82959699834527,99
2024-09-16 14:13:37.151,415.83322399509245,15
2024-09-16 14:13:37.184,415.7994332144521,7
2024-09-16 14:13:37.252,415.8356673223242,98
2024-09-16 14:13:37.703,415.81280582745103,996
2024-09-16 14:13:37.823,415.8182986346162,8
2024-09-16 14:13:37.840,-415.8221332841008,5
2024-09-16 14:13:38.004,415.8422734257915,997
2024-09-16 14:13:38.092,415.84901656066967,97
2024-09-16 14:13:38.183,415.8388885692233,8
2024-09-16 14:13:38.189,415.8699119149891,995
2024-09-16 14:13:38.208,415.83878446067314,12
2024-09-16 14:13:38.286,415.868449728581,999
2024-09-16 14:13:38.334,415.8350386347615,96
2024-09-16 14:13:38.407,415.8511151197041,1000
2024-09-16 14:13:38.411,415.8623860971751,14
2024-09-16 14:13:38.438,415.8621801379954,15
2024-09-16 14:13:38.458,415.8517994356435,998
2024-09-16 14:13:38.464,415.83932410234667,8
2024-09-16 14:13:38.564,415.8606772355925,14
2024-09-16 14:13:38.569,415.8666349133586,1003
2024-09-16 14:13:38.585,415.857917684871,12
2024-09-16 14:13:38.591,415.8348659515975,995
2024-09-16 14:13:38.599,415.8451435966031,13
2024-09-16 14:13:38.627,415.8787566838545,14
2024-09-16 14:13:38.643,41.584157671379415,98
2024-09-16 14:13:38.654,415.8607555476368,15
2024-09-16 14:13:38.684,415.84965678248346,1005
2024-09-16 14:13:38.684,415.8330902407561,96
2024-09-16 14:13:38.740,415.8442922393312,996
2024-09-16 14:13:38.807,415.8771824503463,1000
2024-09-16 14:13:38.817,415.8237778138638,1004
2024-09-16 14:13:38.864,415.85049968320914,998
2024-09-16 14:13:38.929,415.85519561556384,10
2024-09-16 14:13:38.935,415.8499006382139,1001
2024-09-16 14:13:38.937,415.8579457443167,98
2024-09-16 14:13:38.946,415.8486188470311,997
2024-09-16 14:13:39.042,415.8136040488977,15
2024-09-16 14:13:39.062,415.8349248533504,1005
2024-09-16 14:13:39.083,415.85067312821553,997
2024-09-16 14:13:39.114,415.8444818606542,104
2024-09-16 14:13:39.343,415.8406228736813,8
2024-09-16 14:13:39.443,415.7836273954647,11
2024-09-16 14:13:39.539,415.8622782765413,99
2024-09-16 14:13:39.563,415.8429647773393,999
2024-09-16 14:13:39.817,415.8666698379632,102
2024-09-16 14:13:40.037,415.7967774951698,7
2024-09-16 14:13:40.051,415.7910271486135,6
2024-09-16 14:13:40.058,415.8157589361082,98
2024-09-16 14:13:40.080,415.8495822741921,6
2024-09-16 14:13:40.133,415.7733463922821,12
2024-09-16 14:13:40.145,415.81355430729405,13
2024-09-16 14:13:40.146,415.76911124837295,12
2024-09-16 14:13:40.184,415.7670680630427,100
2024-09-16 14:13:40.231,415.78236386426096,103
2024-09-16 14:13:40.236,415.7858193556573,15
2024-09-16 14:13:40.243,415.8194918447433,998
2024-09-16 14:13:40.259,415.7897681770386,5
2024-09-16 14:13:40.318,415.8402633634748,105
2024-09-16 14:13:40.388,415.79108507169576,13
2024-09-16 14:13:40.538,415.79631351042974,11
2024-09-16 14:13:40.542,415.7710853771866,1003
2024-09-16 14:13:40.604,415.82327042971167,98
2024-09-16 14:13:40.616,415.8235213346457,1005
2024-09-16 14:13:40.617,415.840096067057,102
2024-09-16 14:13:40.641,415.76190048973217,7
2024-09-16 14:13:40.660,415.7776259411162,1002
2024-09-16 14:13:40.827,415.7864283189236,99
2024-09-16 14:13:40.849,415.8141246290227,96
2024-09-16 14:13:40.916,415.7689821573582,10
2024-09-16 14:13:40.954,415.7986186827674,1003
2024-09-16 14:13:40.963,415.76455954225406,101
2024-09-16 14:13:40.982,415.7786752808564,12
2024-09-16 14:13:40.983,415.7824581892212,1005
2024-09-16 14:13:40.998,415.8454346709925,996
2024-09-16 14:13:41.047,415.831492059387,9
2024-09-16 14:13:41.134,415.8194996306683,998
2024-09-16 14:13:41.137,415.829326314772,104
2024-09-16 14:13:41.160,415.8305418793794,101
2024-09-16 14:13:41.268,415.83137489051546,14
2024-09-16 14:13:41.284,415.8246026378014,8
2024-09-16 14:13:41.348,415.8180562062821,10
2024-09-16 14:13:41.356,415.8180094596461,999
2024-09-16 14:13:41.532,415.8400756302637,104
2024-09-16 14:13:41.554,415.8378056359838,7
2024-09-16 14:13:41.580,415.83207316348654,1001
2024-09-16 14:13:41.582,415.8431352740657,14
2024-09-16 14:13:41.597,415.8266721894446,15
2024-09-16 14:13:41.640,415.830700574456,97
2024-09-16 14:13:41.684,415.8294836587059,96
2024-09-16 14:13:41.756,415.8222874327205,105
2024-09-16 14:13:41.770,415.83256682344165,1001
2024-09-16 14:13:41.829,415.8183521432312,103
2024-09-16 14:13:41.921,415.819320529072,5
2024-09-16 14:13:42.001,415.7878594865395,1002
2024-09-16 14:13:42.163,,14
2024-09-16 14:13:42.167,415.81594320148304,995
2024-09-16 14:13:42.208,415.8131759208539,103
2024-09-16 14:13:42.294,415.7799432541735,15
2024-09-16 14:13:42.296,415.8421163097603,100
2024-09-16 14:13:42.339,415.8377163797282,1004
2024-09-16 14:13:42.349,415.780959460804,100
2024-09-16 14:13:42.367,415.8063764421429,13
2024-09-16 14:13:42.375,415.8219807055598,15
2024-09-16 14:13:42.381,415.8325579106418,1001
2024-09-16 14:13:42.396,415.8069304057409,6
2024-09-16 14:13:42.553,415.79604968087,999
2024-09-16 14:13:42.683,415.812632917269,1004
2024-09-16 14:13:42.696,415.81237445580143,102
2024-09-16 14:13:42.865,-415.8521754807567,1000
2024-09-16 14:13:42.876,415.8024797267428,9
2024-09-16 14:13:42.904,415.80106983627127,996
2024-09-16 14:13:42.966,415.7903180928018,99
2024-09-16 14:13:43.001,,1004
2024-09-16 14:13:43.055,415.80651179993134,7
2024-09-16 14:13:43.097,415.8046444081661,7
2024-09-16 14:13:43.100,415.8561520475854,14
2024-09-16 14:13:43.147,415.803487417222,996
2024-09-16 14:13:43.163,415.8618876079677,6
2024-09-16 14:13:43.196,415.8488396351137,6
2024-09-16 14:13:43.217,415.8795190418007,103
2024-09-16 14:13:43.231,415.87043168673137,15
2024-09-16 14:13:43.306,415.86948551121526,1004
2024-09-16 14:13:43.318,415.8593787819379,1003
2024-09-16 14:13:43.336,415.8272288789833,103
2024-09-16 14:13:43.386,415.7946377942813,1005
2024-09-16 14:13:43.473,415.80441466476185,104
2024-09-16 14:13:43.492,415.7956806223936,14
2024-09-16 14:13:43.496,415.7993995742227,5
2024-09-16 14:13:43.505,415.88276516948247,99
2024-09-16 14:13:43.611,415.7789240704772,1004
2024-09-16 14:13:43.751,415.77771537536967,14
2024-09-16 14:13:43.788,,100
2024-09-16 14:13:43.818,415.7964462101436,96
2024-09-16 14:13:43.869,415.8439749333237,99
2024-09-16 14:13:43.917,415.8026361474009,99
2024-09-16 14:13:43.944,415.8807797029991,1001
2024-09-16 14:13:44.039,415.8385831008391,11
2024-09-16 14:13:44.092,415.8992068724236,997
2024-09-16 14:13:44.161,415.7760126680796,1005
2024-09-16 14:13:44.165,415.884115526578,1000
2024-09-16 14:13:44.168,415.8366150361683,105
2024-09-16 14:13:44.178,415.86053643655214,12
2024-09-16 14:13:44.217,415.82452663832527,996
2024-09-16 14:13:44.218,415.8281479309965,7
2024-09-16 14:13:44.251,-415.8704024805128,1004
2024-09-16 14:13:44.342,415.8828538115383,995
2024-09-16 14:13:44.399,415.822227430792,8
2024-09-16 14:13:44.425,415.8977579732448,997
2024-09-16 14:13:44.442,415.83356842977423,104
2024-09-16 14:13:44.443,415.884318208559,96
2024-09-16 14:13:44.638,415.8359007394866,9
2024-09-16 14:13:44.652,415.85625430947937,8
2024-09-16 14:13:44.734,415.8233852330399,998
2024-09-16 14:13:44.861,415.8234536487301,7
2024-09-16 14:13:44.922,415.8123022116848,998
2024-09-16 14:13:44.977,415.8125585848828,995
2024-09-16 14:13:45.150,415.80770470315946,1000
2024-09-16 14:13:45.162,415.8014599028294,97
2024-09-16 14:13:45.248,415.78978381399446,98
2024-09-16 14:13:45.268,415.80208372220176,100
2024-09-16 14:13:45.370,415.8015767766898,9
2024-09-16 14:13:45.417,415.7969370205756,997
2024-09-16 14:13:45.454,415.7985026907438,1000
2024-09-16 14:13:45.520,415.8150562132207,11
2024-09-16 14:13:45.790,415.8097582403789,999
2024-09-16 14:13:45.929,415.8113374584093,6
2024-09-16 14:13:45.931,415.7870825697305,100
2024-09-16 14:13:45.940,415.801902438158,11
2024-09-16 14:13:46.001,415.7662893099792,13
2024-09-16 14:13:46.002,41.57783317707263,11
2024-09-16 14:13:46.032,415.7764941198951,1001
2024-09-16 14:13:46.138,415.7959432685231,997
2024-09-16 14:13:46.172,415.8159045009631,101
2024-09-16 14:13:46.174,415.798373577817,101
2024-09-16 14:13:46.314,415.8198365192684,998
2024-09-16 14:13:46.373,415.7894340147475,7
2024-09-16 14:13:46.383,415.8223747756692,996
2024-09-16 14:13:46.395,415.7721262253826,102
2024-09-16 14:13:46.406,415.8235435031952,7
2024-09-16 14:13:46.430,415.8038312008881,12
2024-09-16 14:13:46.519,415.799242648553,1000
2024-09-16 14:13:46.546,415.7783468415591,1005
2024-09-16 14:13:46.561,415.7533641440944,95
2024-09-16 14:13:46.604,415.8357293295351,6
2024-09-16 14:13:46.650,415.8000728505463,997
2024-09-16 14:13:46.682,415.81766593422617,100
2024-09-16 14:13:46.723,415.7682045012029,103
2024-09-16 14:13:46.759,415.787528058254,998
2024-09-16 14:13:46.790,415.7682024135949,99
2024-09-16 14:13:46.802,415.822466074779,7
2024-09-16 14:13:46.806,415.805005610909,96
2024-09-16 14:13:46.922,415.8037257045629,997
2024-09-16 14:13:46.960,415.81252173072494,7
2024-09-16 14:13:46.964,415.8247329478109,999
2024-09-16 14:13:46.971,415.82329052435495,1002
2024-09-16 14:13:46.981,415.761140487816,1000
2024-09-16 14:13:47.017,415.7527603600403,1000
2024-09-16 14:13:47.022,415.7947943245685,10
2024-09-16 14:13:47.110,415.7199000929141,995
2024-09-16 14:13:47.139,415.8023870697292,105
2024-09-16 14:13:47.189,415.7407764958477,9
2024-09-16 14:13:47.255,415.74076465542,96
2024-09-16 14:13:47.304,415.7891108369563,12
2024-09-16 14:13:47.379,415.7177935240832,96
2024-09-16 14:13:47.464,415.7538752240872,101
2024-09-16 14:13:47.572,415.7324586646206,998
2024-09-16 14:13:47.779,415.8044001973885,98
2024-09-16 14:13:47.786,415.7304842385844,995
2024-09-16 14:13:47.826,415.7659076142695,102
2024-09-16 14:13:47.828,415.7710818350192,1002
2024-09-16 14:13:47.840,415.723702224174,13
2024-09-16 14:13:47.844,415.75767479596607,995
2024-09-16 14:13:47.931,415.72242750674405,13
2024-09-16 14:13:47.997,415.7668453928715,1001
2024-09-16 14:13:48.115,415.7732819124646,9
2024-09-16 14:13:48.197,415.7593506920748,8
2024-09-16 14:13:48.295,415.7540620720212,1000
2024-09-16 14:13:48.358,41.57667708503241,13
2024-09-16 14:13:48.368,415.7662306078656,7
2024-09-16 14:13:48.405,415.76423449305497,10
2024-09-16 14:13:48.575,415.7710571672054,1003
2024-09-16 14:13:48.613,415.7680258131186,11
2024-09-16 14:13:48.726,415.7500264230296,9
2024-09-16 14:13:48.750,415.7510133418819,1001
2024-09-16 14:13:48.760,415.7711925317043,999
2024-09-16 14:13:48.765,415.7696742033616,104
2024-09-16 14:13:48.787,415.77765386552426,1000
2024-09-16 14:13:48.929,-415.7261720122935,98
2024-09-16 14:13:49.048,41.57524039620408,15
2024-09-16 14:13:49.266,415.7584433246651,1001
2024-09-16 14:13:49.296,415.7535519582222,104
2024-09-16 14:13:49.512,415.7497341479603,996
2024-09-16 14:13:49.572,415.7348655466621,97
2024-09-16 14:13:49.944,415.7481974307445,1000
2024-09-16 14:13:49.958,415.7684482230394,15
2024-09-16 14:13:50.056,415.7404959976183,6
2024-09-16 14:13:50.066,415.7626106226426,101
2024-09-16 14:13:50.076,415.7480279942386,100
2024-09-16 14:13:50.111,415.77949640203167,6
2024-09-16 14:13:50.133,415.7651157191351,14
2024-09-16 14:13:50.190,415.7614185180787,8
2024-09-16 14:13:50.203,415.7826421542347,95
2024-09-16 14:13:50.222,415.728324597836,13
2024-09-16 14:13:50.317,415.77791080640543,14
2024-09-16 14:13:50.369,415.7268022301701,8
2024-09-16 14:13:50.477,415.7560368243497,1005
2024-09-16 14:13:50.498,415.7675958115395,6
2024-09-16 14:13:50.502,415.7620981583002,11
2024-09-16 14:13:50.530,415.7572963289012,14
2024-09-16 14:13:50.626,415.7564106993438,11
2024-09-16 14:13:50.633,415.75931734833904,15
2024-09-16 14:13:50.670,415.7502831068894,97
2024-09-16 14:13:50.721,415.754975753056,5
2024-09-16 14:13:50.764,415.76461941414135,10
2024-09-16 14:13:50.895,415.777040325076,12
2024-09-16 14:13:50.922,415.73249285585376,102
2024-09-16 14:13:51.059,415.7505616771895,997
2024-09-16 14:13:51.072,-415.73761071976816,1005
2024-09-16 14:13:51.093,415.7145624419744,8
2024-09-16 14:13:51.135,415.7422536166376,8
2024-09-16 14:13:51.156,415.7418536698612,995
2024-09-16 14:13:51.216,415.7446777059597,15
2024-09-16 14:13:51.264,415.6754574950454,15
2024-09-16 14:13:51.313,415.7140824222114,12
2024-09-16 14:13:51.336,415.7093660089556,10
2024-09-16 14:13:51.436,415.7283862400901,999
2024-09-16 14:13:51.460,415.7552320054272,9
2024-09-16 14:13:51.523,415.7372954430284,10
2024-09-16 14:13:51.528,415.7018434104563,9
2024-09-16 14:13:51.583,415.673038392354,997
2024-09-16 14:13:51.604,415.7003077345302,101
2024-09-16 14:13:51.609,415.7562116581679,101
2024-09-16 14:13:51.622,415.7308942079018,7
2024-09-16 14:13:51.680,415.6895720510268,12
2024-09-16 14:13:51.916,415.73241063231205,1001
2024-09-16 14:13:51.941,415.74782681411926,13
2024-09-16 14:13:52.025,415.6948375292259,104
2024-09-16 14:13:52.069,415.6688769600566,995
2024-09-16 14:13:52.117,415.67539462751097,105
2024-09-16 14:13:52.250,415.6792464420522,996
2024-09-16 14:13:52.257,415.6681957747042,997
2024-09-16 14:13:52.420,415.6951837819093,98
2024-09-16 14:13:52.761,415.6760684383562,105
2024-09-16 14:13:52.864,415.69359193296407,1005
2024-09-16 14:13:52.873,415.6656576597083,102
2024-09-16 14:13:53.310,415.6800911094464,1004
2024-09-16 14:13:53.533,415.6648915541288,105
2024-09-16 14:13:54.016,415.66701397861925,995
2024-09-16 14:13:54.024,415.7165764650376,997
2024-09-16 14:13:54.058,415.6874525226818,12
2024-09-16 14:13:54.071,-415.7147147882238,96
2024-09-16 14:13:54.099,415.7186795682281,5
2024-09-16 14:13:54.178,415.7155960191637,100
2024-09-16 14:13:54.217,415.7034069576941,95
2024-09-16 14:13:54.238,415.7045698709834,98
2024-09-16 14:13:54.241,415.70340328048667,5
2024-09-16 14:13:54.259,415.71729712770224,7
2024-09-16 14:13:54.311,415.7140204560802,98
2024-09-16 14:13:54.331,415.7244322001344,1002
2024-09-16 14:13:54.381,415.6801158809663,996
2024-09-16 14:13:54.465,415.70931854562895,1003
2024-09-16 14:13:54.474,415.70530356934455,1001
2024-09-16 14:13:54.479,415.695607552208,995
2024-09-16 14:13:54.496,415.67791175901226,6
2024-09-16 14:13:54.580,415.7093807998999,1003
2024-09-16 14:13:54.603,415.710252383196,1000
2024-09-16 14:13:54.609,415.69567425839153,1002
2024-09-16 14:13:54.655,415.7110636282988,8
2024-09-16 14:13:54.670,415.6964126701184,996
2024-09-16 14:13:54.691,415.705738571877,100
2024-09-16 14:13:54.705,415.68641881384735,11
2024-09-16 14:13:54.775,415.6928752119801,100
2024-09-16 14:13:54.796,415.7041271704241,996
2024-09-16 14:13:54.878,415.7074572641621,96
2024-09-16 14:13:54.935,415.6934325826412,15
2024-09-16 14:13:54.938,415.6852571145305,103
2024-09-16 14:13:54.977,415.66846751017016,6
2024-09-16 14:13:55.045,415.6741024066847,6
2024-09-16 14:13:55.115,415.69523763175147,998
2024-09-16 14:13:55.169,415.7126686147473,997
2024-09-16 14:13:55.340,415.68170507954153,105
2024-09-16 14:13:55.378,415.6986505374878,5
2024-09-16 14:13:55.382,415.75297716626056,102
2024-09-16 14:13:55.407,415.6836977399774,101
2024-09-16 14:13:55.515,415.6660927568552,99
2024-09-16 14:13:55.518,415.6779897980537,7
2024-09-16 14:13:55.523,415.6939167055721,997
2024-09-16 14:13:55.556,415.6618515812729,7
2024-09-16 14:13:55.566,415.7074529012048,101
2024-09-16 14:13:55.586,415.73857137497873,13
2024-09-16 14:13:55.656,-415.6711385987351,98
2024-09-16 14:13:55.659,415.68547692952177,9
2024-09-16 14:13:55.737,415.6696134182085,103
2024-09-16 14:13:55.830,415.71478723937736,996
2024-09-16 14:13:55.842,415.68237314004114,97
2024-09-16 14:13:55.889,415.6798986436515,11
2024-09-16 14:13:55.952,415.67693220475286,97
2024-09-16 14:13:56.071,415.73018911359503,1001
2024-09-16 14:13:56.894,415.73436146951946,1004
2024-09-16 14:13:57.040,415.7425718651804,1001
2024-09-16 14:13:57.054,415.67549648282267,95
2024-09-16 14:13:57.088,415.71435121765,99
2024-09-16 14:13:57.132,415.7535686119104,101
2024-09-16 14:13:57.141,415.7092115053493,1005
2024-09-16 14:13:57.207,415.697589890141,99
2024-09-16 14:13:57.218,415.7428245614147,13
2024-09-16 14:13:57.223,415.7576207599128,995
2024-09-16 14:13:57.284,41.57593939761123,103
2024-09-16 14:13:57.371,415.7062064783336,1004
2024-09-16 14:13:57.375,415.73973338586944,1005
2024-09-16 14:13:57.529,415.72481981783847,100
2024-09-16 14:13:57.538,415.72542719160464,1001
2024-09-16 14:13:57.754,415.7388172266418,12
2024-09-16 14:13:57.755,415.76302332659344,101
2024-09-16 14:13:57.759,415.7264514178395,14
2024-09-16 14:13:57.772,41.57236741973162,105
2024-09-16 14:13:57.776,415.7406665985319,98
2024-09-16 14:13:57.789,415.6810470011709,103
2024-09-16 14:13:57.900,415.70164039893285,1000
2024-09-16 14:13:57.915,415.756385971236,995
2024-09-16 14:13:57.917,415.74164958241766,1002
2024-09-16 14:13:57.964,415.7510893762784,101
2024-09-16 14:13:57.981,-415.7174711278014,15
2024-09-16 14:13:57.996,415.7493406020014,12
2024-09-16 14:13:58.348,415.6618377684336,999
2024-09-16 14:13:58.804,415.6727263293092,1003
2024-09-16 14:13:58.872,415.6669440739005,95
2024-09-16 14:13:58.876,415.6818178202208,10
2024-09-16 14:13:59.012,415.6905704018862,5
2024-09-16 14:13:59.012,415.6874375386293,15
2024-09-16 14:13:59.197,415.7418923794899,103
2024-09-16 14:13:59.203,415.6950240883506,12
2024-09-16 14:13:59.225,415.6777201965141,101
2024-09-16 14:13:59.509,415.7168507115345,6
2024-09-16 14:13:59.538,415.7476873370897,102
2024-09-16 14:13:59.543,415.7149358297967,15
2024-09-16 14:13:59.614,415.7059251976893,102
2024-09-16 14:13:59.654,415.7307605062007,99
2024-09-16 14:13:59.691,415.69491116735287,12
2024-09-16 14:13:59.767,415.70467783370015,101
2024-09-16 14:13:59.805,415.7559543801704,96
2024-09-16 14:13:59.863,415.6913397520536,103
2024-09-16 14:13:59.867,415.7046034822854,102
