Timestamp,Price,Size
2024-09-19 11:43:00.095,421.15299054796026,5
2024-09-19 11:43:00.107,421.1719240809359,6
2024-09-19 11:43:00.128,421.13289425866566,95
2024-09-19 11:43:00.191,421.2038230849763,98
2024-09-19 11:43:00.203,421.1502884956461,103
2024-09-19 11:43:00.275,421.1279068503742,6
2024-09-19 11:43:00.369,421.1601195115564,1005
2024-09-19 11:43:00.382,421.1861212190889,98
2024-09-19 11:43:00.389,421.1617036546559,13
2024-09-19 11:43:00.395,421.1609135922822,99
2024-09-19 11:43:00.434,421.2196689558144,997
2024-09-19 11:43:00.459,421.20293290842096,102
2024-09-19 11:43:00.584,421.1881395074616,105
2024-09-19 11:43:00.713,421.15256145941777,1002
2024-09-19 11:43:00.741,421.1542929649682,5
2024-09-19 11:43:00.764,421.1873347933416,8
2024-09-19 11:43:00.772,421.1997397031448,10
2024-09-19 11:43:00.781,421.2124422279625,1000
2024-09-19 11:43:00.812,421.2018871694669,9
2024-09-19 11:43:00.822,421.174195497099,99
2024-09-19 11:43:00.824,421.1900853582442,105
2024-09-19 11:43:00.849,421.1553766814401,96
2024-09-19 11:43:01.031,421.25701800931,999
2024-09-19 11:43:01.055,421.22213087222286,102
2024-09-19 11:43:01.067,421.2181374599914,11
2024-09-19 11:43:01.156,421.2056135085588,98
2024-09-19 11:43:01.183,421.2091306631007,11
2024-09-19 11:43:01.215,421.2225386862714,95
2024-09-19 11:43:01.227,421.24511382059217,95
2024-09-19 11:43:01.248,421.2108814097314,1002
2024-09-19 11:43:01.261,421.2555094826138,1001
2024-09-19 11:43:01.273,421.2519333697983,996
2024-09-19 11:43:01.354,421.25529259097743,96
2024-09-19 11:43:01.396,421.2540189642835,1004
2024-09-19 11:43:01.407,421.2184648900865,99
2024-09-19 11:43:01.577,421.2167751639987,999
2024-09-19 11:43:01.636,421.22774706382046,1000
2024-09-19 11:43:01.726,421.246329651048,8
2024-09-19 11:43:01.826,421.2135117524239,97
2024-09-19 11:43:01.868,421.2626442277565,10
2024-09-19 11:43:01.935,421.2253996942634,103
2024-09-19 11:43:01.948,421.2433216881142,104
2024-09-19 11:43:02.013,421.17066299638606,101
2024-09-19 11:43:02.027,421.19674238941263,15
2024-09-19 11:43:02.073,421.16951851869857,96
2024-09-19 11:43:02.118,,1005
2024-09-19 11:43:02.466,421.1805637268732,97
2024-09-19 11:43:02.561,421.1493823900093,12
2024-09-19 11:43:02.621,421.1651344321146,15
2024-09-19 11:43:02.646,421.1554848665997,1000
2024-09-19 11:43:02.650,421.209911462266,995
2024-09-19 11:43:02.651,421.1944439690255,12
2024-09-19 11:43:02.686,421.1699234851751,1000
2024-09-19 11:43:02.793,421.1410681594918,995
2024-09-19 11:43:02.814,421.1384870903135,995
2024-09-19 11:43:02.826,421.19799042517474,996
2024-09-19 11:43:02.827,421.157422767364,15
2024-09-19 11:43:02.831,421.166608292284,999
2024-09-19 11:43:03.004,421.15230452926096,10
2024-09-19 11:43:03.026,421.1322435174255,102
2024-09-19 11:43:03.088,421.1430566605813,95
2024-09-19 11:43:03.105,421.1480031193766,11
2024-09-19 11:43:03.109,421.1394117051274,15
2024-09-19 11:43:03.249,421.1416667987636,10
2024-09-19 11:43:03.275,421.14521435464144,101
2024-09-19 11:43:03.275,421.1596677302084,12
2024-09-19 11:43:03.276,421.12442435746,100
2024-09-19 11:43:03.288,421.1810166899975,95
2024-09-19 11:43:03.310,421.16492020941,98
2024-09-19 11:43:03.328,421.1447222390446,9
2024-09-19 11:43:03.348,421.1525961688448,1002
2024-09-19 11:43:03.356,421.1477169852308,10
2024-09-19 11:43:03.396,421.16797153966536,1002
2024-09-19 11:43:03.491,421.1307933320609,100
2024-09-19 11:43:03.579,421.123163720128,1001
2024-09-19 11:43:03.759,421.08760044689177,1003
2024-09-19 11:43:03.773,421.1685093716486,97
2024-09-19 11:43:03.795,421.1421934628708,1004
2024-09-19 11:43:03.855,421.1476808277188,7
2024-09-19 11:43:03.934,421.1516997247743,101
2024-09-19 11:43:04.011,421.0540623755092,12
2024-09-19 11:43:04.028,421.0869618882068,998
2024-09-19 11:43:04.042,421.102595062929,11
2024-09-19 11:43:04.066,421.06809650221294,998
2024-09-19 11:43:04.081,421.0705520984925,997
2024-09-19 11:43:04.129,421.05943279680207,7
2024-09-19 11:43:04.216,421.08708246301927,103
2024-09-19 11:43:04.241,421.0945527035907,103
2024-09-19 11:43:04.259,421.05639297603614,10
2024-09-19 11:43:04.306,421.0892751451244,10
2024-09-19 11:43:04.312,42.10824886503568,104
2024-09-19 11:43:04.334,421.0799875920319,8
2024-09-19 11:43:04.355,421.0888806468225,104
2024-09-19 11:43:04.397,421.0386529267024,13
2024-09-19 11:43:04.403,421.0985691564722,1001
2024-09-19 11:43:04.414,421.0942180751744,98
2024-09-19 11:43:04.437,421.0758783703828,12
2024-09-19 11:43:04.486,-421.0966941990406,95
2024-09-19 11:43:04.492,421.0901772666784,6
2024-09-19 11:43:04.526,421.0425472132452,1004
2024-09-19 11:43:04.548,421.0526326941941,15
2024-09-19 11:43:04.603,,14
2024-09-19 11:43:04.619,421.08230424201616,11
2024-09-19 11:43:04.662,421.06804652841055,7
2024-09-19 11:43:04.770,421.1039906038431,1005
2024-09-19 11:43:04.833,421.0827142528868,1001
2024-09-19 11:43:04.907,421.0741401829849,1003
2024-09-19 11:43:04.945,421.0697348032437,997
2024-09-19 11:43:04.967,421.0664568275159,1001
2024-09-19 11:43:04.989,42.10737080954684,11
2024-09-19 11:43:05.147,421.0854743545694,96
2024-09-19 11:43:06.031,421.08858713831887,10
2024-09-19 11:43:06.064,421.05533340260666,96
2024-09-19 11:43:06.073,421.0635949793323,105
2024-09-19 11:43:06.076,421.0826542203142,998
2024-09-19 11:43:06.100,421.071919299303,1004
2024-09-19 11:43:06.117,421.07770392525526,5
2024-09-19 11:43:06.125,421.0631854764864,13
2024-09-19 11:43:06.136,421.0716343656152,14
2024-09-19 11:43:06.201,421.0716629579647,999
2024-09-19 11:43:06.215,421.0748974329461,95
2024-09-19 11:43:06.310,421.0646170949382,100
2024-09-19 11:43:06.367,421.0692636693904,9
2024-09-19 11:43:06.368,421.0882234191556,101
2024-09-19 11:43:06.414,420.9941150520468,995
2024-09-19 11:43:06.457,421.05139812167374,96
2024-09-19 11:43:06.486,421.0707944182688,105
2024-09-19 11:43:06.507,421.02140911218015,100
2024-09-19 11:43:06.535,421.0353491692744,105
2024-09-19 11:43:06.695,421.0766432546957,1001
2024-09-19 11:43:06.753,420.9861408384278,8
2024-09-19 11:43:06.814,421.0806491697408,1000
2024-09-19 11:43:06.821,421.0741945667571,11
2024-09-19 11:43:06.904,421.0793021961744,1001
2024-09-19 11:43:06.914,421.05065119102153,10
2024-09-19 11:43:06.952,421.049530303751,5
2024-09-19 11:43:06.974,421.0769615778716,8
2024-09-19 11:43:07.046,420.9407021646665,15
2024-09-19 11:43:07.064,420.9656512626296,10
2024-09-19 11:43:07.068,420.96354261562897,95
2024-09-19 11:43:07.088,421.0126410869648,12
2024-09-19 11:43:07.090,420.96368700940303,105
2024-09-19 11:43:07.139,420.9963640288152,1004
2024-09-19 11:43:07.153,420.9658418674692,1002
2024-09-19 11:43:07.224,420.93253614932826,1001
2024-09-19 11:43:07.246,420.9556145352117,96
2024-09-19 11:43:07.285,420.9282169117968,1004
2024-09-19 11:43:07.321,420.9661908461319,1003
2024-09-19 11:43:07.454,420.9417197113348,103
2024-09-19 11:43:07.462,420.9581802689246,1002
2024-09-19 11:43:07.519,420.97907450435497,1000
2024-09-19 11:43:07.552,420.9560292694982,12
2024-09-19 11:43:07.581,420.9772872751138,96
2024-09-19 11:43:07.670,420.9315237594183,95
2024-09-19 11:43:07.675,420.9648616672433,104
2024-09-19 11:43:07.734,420.9810044307898,9
2024-09-19 11:43:07.874,420.9368193945929,10
2024-09-19 11:43:08.002,421.080121333413,98
2024-09-19 11:43:08.046,421.0156883162072,1000
2024-09-19 11:43:08.092,420.966684131763,105
2024-09-19 11:43:08.130,421.0851616201896,997
2024-09-19 11:43:08.190,421.11387811059967,97
2024-09-19 11:43:08.271,420.9676969803164,14
2024-09-19 11:43:08.306,421.0725165767395,101
2024-09-19 11:43:08.348,421.0915438973311,95
2024-09-19 11:43:08.427,421.0697321316303,12
2024-09-19 11:43:08.446,,95
2024-09-19 11:43:08.485,420.972897496132,6
2024-09-19 11:43:08.493,421.04071051360125,15
2024-09-19 11:43:08.562,420.9813853672451,7
2024-09-19 11:43:08.565,421.0537458194624,5
2024-09-19 11:43:08.573,421.1170714707823,104
2024-09-19 11:43:08.600,420.97221600313287,95
2024-09-19 11:43:08.602,421.0040918406584,995
2024-09-19 11:43:08.644,420.97993610931087,102
2024-09-19 11:43:08.668,421.0019974545854,998
2024-09-19 11:43:08.681,421.0012444562704,13
2024-09-19 11:43:08.750,,98
2024-09-19 11:43:08.787,420.9882844864919,9
2024-09-19 11:43:08.817,420.9732485140906,101
2024-09-19 11:43:08.832,420.9949652207105,6
2024-09-19 11:43:08.837,420.99462109470346,1004
2024-09-19 11:43:08.894,-420.9980933126567,96
2024-09-19 11:43:08.925,421.1141129119752,96
2024-09-19 11:43:08.934,421.11213081489126,13
2024-09-19 11:43:08.961,421.0916132596269,8
2024-09-19 11:43:09.324,421.1312326037933,99
2024-09-19 11:43:09.508,421.1515045939684,8
2024-09-19 11:43:10.070,421.1528900166418,8
2024-09-19 11:43:10.140,421.127400699201,1003
2024-09-19 11:43:10.149,421.1159308094212,9
2024-09-19 11:43:10.175,421.120381526052,9
2024-09-19 11:43:10.201,421.12809665215207,101
2024-09-19 11:43:10.206,421.11447581115135,15
2024-09-19 11:43:10.223,421.1285492987302,12
2024-09-19 11:43:10.263,421.1357206924495,101
2024-09-19 11:43:10.326,421.1779671258048,998
2024-09-19 11:43:10.409,421.10793631828,6
2024-09-19 11:43:10.440,421.1039886759581,96
2024-09-19 11:43:10.445,42.11169116549149,99
2024-09-19 11:43:10.460,421.1409166817541,103
2024-09-19 11:43:10.517,421.1046321714919,1000
2024-09-19 11:43:10.529,421.1140309652136,7
2024-09-19 11:43:10.538,421.0928739894948,1003
2024-09-19 11:43:10.595,421.1150434098452,7
2024-09-19 11:43:10.719,421.1589375102976,6
2024-09-19 11:43:10.729,421.140965385102,99
2024-09-19 11:43:10.905,421.1129999616601,1004
2024-09-19 11:43:11.064,421.0801367818142,13
2024-09-19 11:43:11.568,421.1186301247512,996
2024-09-19 11:43:11.718,421.1101975520516,8
2024-09-19 11:43:11.841,421.1138777033324,15
2024-09-19 11:43:11.922,421.1115572152439,999
2024-09-19 11:43:11.944,421.11579605397,100
2024-09-19 11:43:11.983,421.1030615305553,11
2024-09-19 11:43:12.017,421.1041507352157,1001
2024-09-19 11:43:12.416,421.113936549767,995
2024-09-19 11:43:12.477,421.1032883061863,105
2024-09-19 11:43:12.669,421.0809444316608,997
2024-09-19 11:43:12.695,421.104582123196,98
2024-09-19 11:43:14.013,421.13683013741934,15
2024-09-19 11:43:14.016,421.1020173545781,99
2024-09-19 11:43:14.138,421.1642552730506,102
2024-09-19 11:43:14.145,421.15777338512055,101
2024-09-19 11:43:14.180,421.1322385777717,1002
2024-09-19 11:43:14.187,421.1503114930864,13
2024-09-19 11:43:14.211,421.1511867900612,999
2024-09-19 11:43:14.245,421.10768924476486,96
2024-09-19 11:43:14.284,42.117500813978815,96
2024-09-19 11:43:14.330,421.18894831144826,1003
2024-09-19 11:43:14.518,421.1173211281532,14
2024-09-19 11:43:14.558,421.1400738505416,8
2024-09-19 11:43:14.577,421.1776501926582,98
2024-09-19 11:43:14.612,421.1581255451529,10
2024-09-19 11:43:14.650,42.11807682369664,7
2024-09-19 11:43:14.702,421.1342688183907,99
2024-09-19 11:43:14.716,421.1840587170936,14
2024-09-19 11:43:14.778,421.14764856761946,1004
2024-09-19 11:43:14.814,421.1801242153998,15
2024-09-19 11:43:14.834,421.1456960979568,8
2024-09-19 11:43:14.991,421.15835358447663,1004
2024-09-19 11:43:15.047,421.1369111096113,98
2024-09-19 11:43:15.080,421.1979501611179,15
2024-09-19 11:43:15.081,421.148117696413,9
2024-09-19 11:43:15.144,421.1299266395945,10
2024-09-19 11:43:15.286,421.17472967460446,96
2024-09-19 11:43:15.291,421.1661904731388,13
2024-09-19 11:43:15.342,421.14073243221713,15
2024-09-19 11:43:15.491,421.1530593501831,996
2024-09-19 11:43:15.525,421.1695166250547,1004
2024-09-19 11:43:15.542,421.18282954698105,9
2024-09-19 11:43:15.559,421.137723155396,104
2024-09-19 11:43:15.578,421.19971894723307,1004
2024-09-19 11:43:15.639,421.1303648925237,99
2024-09-19 11:43:15.709,421.1457503474717,9
2024-09-19 11:43:15.892,421.192621370574,103
2024-09-19 11:43:15.899,421.17512485637377,1000
2024-09-19 11:43:15.925,421.12821571889424,7
2024-09-19 11:43:15.954,421.1994753122213,101
2024-09-19 11:43:16.114,421.1407609900643,15
2024-09-19 11:43:16.267,421.1432318258071,13
2024-09-19 11:43:16.609,421.1412184276981,9
2024-09-19 11:43:17.068,421.1150736743917,5
2024-09-19 11:43:17.299,421.1145235708648,96
2024-09-19 11:43:17.303,421.1058105638507,104
2024-09-19 11:43:17.309,421.11851440221545,6
2024-09-19 11:43:17.490,421.0664445400158,105
2024-09-19 11:43:17.536,421.0966817427664,8
2024-09-19 11:43:17.562,421.1131785653036,997
2024-09-19 11:43:17.586,421.065463645251,10
2024-09-19 11:43:17.763,421.0703907371491,999
2024-09-19 11:43:17.808,421.097514839536,9
2024-09-19 11:43:17.888,421.0846300659133,9
2024-09-19 11:43:17.889,421.09307725626354,101
2024-09-19 11:43:18.012,421.0692534398922,995
2024-09-19 11:43:18.067,421.1309875698045,100
2024-09-19 11:43:18.090,421.0772683872359,14
2024-09-19 11:43:18.094,421.1226258052522,102
2024-09-19 11:43:18.142,421.0615252967654,101
2024-09-19 11:43:18.219,421.07287349448745,1001
2024-09-19 11:43:18.236,421.07311021570473,13
2024-09-19 11:43:18.277,421.1170216842143,8
2024-09-19 11:43:18.358,421.08965580806233,8
2024-09-19 11:43:18.370,421.1131643721225,13
2024-09-19 11:43:18.410,421.0680895483226,13
2024-09-19 11:43:18.600,421.1301019983548,995
2024-09-19 11:43:18.768,421.13554344182654,13
2024-09-19 11:43:18.796,421.1201497022005,95
2024-09-19 11:43:18.848,421.0846807185127,13
2024-09-19 11:43:18.889,421.1540073842968,998
2024-09-19 11:43:18.913,421.15649811302393,1004
2024-09-19 11:43:18.950,421.1271630522036,95
2024-09-19 11:43:18.961,421.1179822622168,103
2024-09-19 11:43:19.032,421.0839893113535,1005
2024-09-19 11:43:19.041,421.04412076834217,998
2024-09-19 11:43:19.053,421.0094562248652,9
2024-09-19 11:43:19.070,420.99876162594,98
2024-09-19 11:43:19.141,421.0323602452698,103
2024-09-19 11:43:19.183,421.0242550288607,8
2024-09-19 11:43:19.231,421.03515499712427,6
2024-09-19 11:43:19.392,421.0148013231456,1004
2024-09-19 11:43:19.412,421.0271841973084,102
2024-09-19 11:43:19.426,421.0249058881756,997
2024-09-19 11:43:19.486,421.00506862088446,998
2024-09-19 11:43:19.537,421.0490296593535,1005
2024-09-19 11:43:19.557,421.0206299819918,97
2024-09-19 11:43:19.608,421.0046987850593,998
2024-09-19 11:43:19.618,420.9946844865056,6
2024-09-19 11:43:19.696,421.0030739667528,11
2024-09-19 11:43:19.702,421.00207788798906,999
2024-09-19 11:43:19.789,421.04031968054704,98
2024-09-19 11:43:19.810,421.0833410697648,13
2024-09-19 11:43:19.835,421.03672024312607,14
2024-09-19 11:43:19.866,421.0703276975845,998
2024-09-19 11:43:19.940,421.02705201458895,11
2024-09-19 11:43:19.962,421.0022508160649,98
2024-09-19 11:43:19.987,421.0097146351629,1003
2024-09-19 11:43:20.011,420.9898885040238,1000
2024-09-19 11:43:20.014,420.9381239905512,1005
2024-09-19 11:43:20.040,420.9705971616282,96
2024-09-19 11:43:20.278,421.008446216173,13
2024-09-19 11:43:20.423,420.96727646843954,1004
2024-09-19 11:43:20.453,420.9401851316828,98
2024-09-19 11:43:20.834,420.9743215642473,1004
2024-09-19 11:43:21.069,420.98848249813983,97
2024-09-19 11:43:21.123,420.96052106380273,999
2024-09-19 11:43:21.156,420.9878676402733,5
2024-09-19 11:43:21.173,420.9780161588495,998
2024-09-19 11:43:21.195,420.9871294362677,7
2024-09-19 11:43:21.382,420.96894510392326,1001
2024-09-19 11:43:21.383,420.9725598913448,102
2024-09-19 11:43:21.395,420.98401630802886,15
2024-09-19 11:43:21.433,420.9728247072985,5
2024-09-19 11:43:21.459,420.9685329180912,6
2024-09-19 11:43:21.466,420.9894805090696,10
2024-09-19 11:43:21.504,420.9643683386876,998
2024-09-19 11:43:21.559,-420.96681610791865,5
2024-09-19 11:43:21.616,420.9696299834014,8
2024-09-19 11:43:21.636,420.98518002021353,100
2024-09-19 11:43:21.638,420.96417280299073,100
2024-09-19 11:43:21.682,420.98986364763965,99
2024-09-19 11:43:21.746,420.94005891297263,997
2024-09-19 11:43:21.814,420.98555920356097,998
2024-09-19 11:43:21.934,420.9915423583644,14
2024-09-19 11:43:21.936,420.9769002379625,101
2024-09-19 11:43:21.984,421.0039043912541,99
2024-09-19 11:43:22.207,421.0000815613933,10
2024-09-19 11:43:22.554,420.9997178224399,99
2024-09-19 11:43:22.597,420.9810107787508,98
2024-09-19 11:43:22.901,420.992735141343,102
2024-09-19 11:43:23.139,421.0102026228898,96
2024-09-19 11:43:23.287,421.0170660642775,999
2024-09-19 11:43:23.332,421.0305156404898,1002
2024-09-19 11:43:23.373,421.0196223914324,100
2024-09-19 11:43:23.396,421.01366953777097,15
2024-09-19 11:43:23.577,421.0146939134615,96
2024-09-19 11:43:23.612,421.0076594053045,103
2024-09-19 11:43:23.818,421.01802972746987,1003
2024-09-19 11:43:23.826,,9
2024-09-19 11:43:24.001,421.0227796577785,7
2024-09-19 11:43:24.024,421.0137138894009,1001
2024-09-19 11:43:24.079,421.066422679732,97
2024-09-19 11:43:24.104,421.01925983492447,14
2024-09-19 11:43:24.126,421.0169281471004,105
2024-09-19 11:43:24.158,420.9900744644488,100
2024-09-19 11:43:24.226,421.0188234464754,998
2024-09-19 11:43:24.229,420.9763451622712,102
2024-09-19 11:43:24.392,421.0629270385451,98
2024-09-19 11:43:24.396,420.9807424144737,996
2024-09-19 11:43:24.603,421.0217931274829,1000
2024-09-19 11:43:24.645,421.0477254959558,96
2024-09-19 11:43:24.671,420.9944302934213,15
2024-09-19 11:43:24.677,421.0370761551331,1001
2024-09-19 11:43:24.699,421.0288546157424,1003
2024-09-19 11:43:24.720,420.9729709492709,996
2024-09-19 11:43:24.761,421.03381529384313,96
2024-09-19 11:43:24.770,420.9685737480988,15
2024-09-19 11:43:24.825,421.01594409629,104
2024-09-19 11:43:24.897,420.9930887058785,1002
2024-09-19 11:43:24.916,421.0567199708025,999
2024-09-19 11:43:24.916,421.01280094279934,104
2024-09-19 11:43:24.931,420.96988948388594,10
2024-09-19 11:43:24.967,421.06847568649886,996
2024-09-19 11:43:24.969,420.97465919043,10
2024-09-19 11:43:24.979,421.0430366177021,995
2024-09-19 11:43:25.023,421.1070588038856,998
2024-09-19 11:43:25.025,421.1168820139021,14
2024-09-19 11:43:25.101,421.0833489636627,95
2024-09-19 11:43:25.194,421.1122801297787,6
2024-09-19 11:43:25.251,421.0982196915747,1001
2024-09-19 11:43:25.251,421.10152164716845,10
2024-09-19 11:43:25.297,421.05023323256,95
2024-09-19 11:43:25.397,421.1244699799777,100
2024-09-19 11:43:25.416,421.0835241687296,9
2024-09-19 11:43:25.424,421.0657366856967,103
2024-09-19 11:43:25.529,421.0594946415825,99
2024-09-19 11:43:25.647,-421.1075866987866,12
2024-09-19 11:43:25.667,421.08229576710943,8
2024-09-19 11:43:25.701,421.0410886396352,99
2024-09-19 11:43:25.728,421.08549901215576,1002
2024-09-19 11:43:25.856,421.0907506078252,12
2024-09-19 11:43:25.857,421.0720826215028,101
2024-09-19 11:43:25.888,421.1162485445932,8
2024-09-19 11:43:25.905,421.0855715335829,999
2024-09-19 11:43:26.034,421.199934079368,999
2024-09-19 11:43:26.083,421.18874306026265,10
2024-09-19 11:43:26.116,421.2261319957154,1000
2024-09-19 11:43:26.149,421.110968516322,1005
2024-09-19 11:43:26.152,421.1740713771873,11
2024-09-19 11:43:26.168,421.1712021441555,998
2024-09-19 11:43:26.186,421.2348707698957,11
2024-09-19 11:43:26.209,421.1897594526541,5
2024-09-19 11:43:26.230,421.1756650783204,998
2024-09-19 11:43:26.312,421.2039830287751,995
2024-09-19 11:43:26.319,421.17951336594,7
2024-09-19 11:43:26.329,421.1944889756671,10
2024-09-19 11:43:26.340,421.16711142097415,9
2024-09-19 11:43:26.406,421.21732872808127,6
2024-09-19 11:43:26.453,421.1951952934081,12
2024-09-19 11:43:26.461,421.1873966042554,1000
2024-09-19 11:43:26.501,421.1731371506886,103
2024-09-19 11:43:26.555,421.1715102525184,999
2024-09-19 11:43:26.577,421.1811245563645,7
2024-09-19 11:43:26.614,421.1686429580975,105
2024-09-19 11:43:26.690,421.1867180962537,996
2024-09-19 11:43:26.727,421.18441047260194,10
2024-09-19 11:43:26.737,421.1349084111482,1005
2024-09-19 11:43:26.765,421.18506020038456,100
2024-09-19 11:43:26.787,421.1703162806695,1003
2024-09-19 11:43:26.825,421.1814677496945,12
2024-09-19 11:43:26.904,421.0933519244149,999
2024-09-19 11:43:26.914,421.1873500776232,103
2024-09-19 11:43:27.023,421.2194194798573,1000
2024-09-19 11:43:27.056,421.20714064977153,11
2024-09-19 11:43:27.060,421.18460323412177,97
2024-09-19 11:43:27.152,421.1847485395372,14
2024-09-19 11:43:27.233,421.1755244379325,11
2024-09-19 11:43:27.303,421.191972606977,12
2024-09-19 11:43:27.428,421.2261698175338,1001
2024-09-19 11:43:27.478,421.1938175646747,9
2024-09-19 11:43:27.535,421.20153039898287,14
2024-09-19 11:43:27.551,421.2201586107961,99
2024-09-19 11:43:27.589,,9
2024-09-19 11:43:27.633,421.2238601458438,100
2024-09-19 11:43:27.636,421.186565779038,96
2024-09-19 11:43:27.673,421.2090087610273,13
2024-09-19 11:43:27.677,421.2110390949014,100
2024-09-19 11:43:27.821,421.1978734175228,7
2024-09-19 11:43:27.880,421.1870742512701,11
2024-09-19 11:43:27.959,,101
2024-09-19 11:43:28.152,421.1797605230704,101
2024-09-19 11:43:28.204,421.1622151258981,9
2024-09-19 11:43:28.280,421.18730909627175,5
2024-09-19 11:43:28.288,421.1589147036366,7
2024-09-19 11:43:28.324,421.168912670514,14
2024-09-19 11:43:28.373,421.1935972046078,97
2024-09-19 11:43:28.425,421.1982574951925,100
2024-09-19 11:43:28.684,421.1954188875322,98
2024-09-19 11:43:28.720,421.1786165453913,99
2024-09-19 11:43:28.808,421.1628015386265,15
2024-09-19 11:43:28.922,421.1921991025824,997
2024-09-19 11:43:30.037,421.2316637280381,10
2024-09-19 11:43:30.125,421.2118463892134,99
2024-09-19 11:43:30.172,421.2112223797776,11
2024-09-19 11:43:30.193,421.2026237515321,103
2024-09-19 11:43:30.419,421.2321669174731,10
2024-09-19 11:43:30.496,421.18205243711753,995
2024-09-19 11:43:30.514,421.2037526225864,103
2024-09-19 11:43:30.641,421.21048820545866,9
2024-09-19 11:43:31.026,421.1219879305123,100
2024-09-19 11:43:31.081,421.1437576448596,1003
2024-09-19 11:43:31.124,421.1201258909053,996
2024-09-19 11:43:31.171,421.1967581512545,998
2024-09-19 11:43:31.176,421.1728984345541,999
2024-09-19 11:43:31.195,421.1743280468261,13
2024-09-19 11:43:31.294,421.225573159576,6
2024-09-19 11:43:31.327,421.11237017128377,7
2024-09-19 11:43:31.416,421.1701204499953,99
2024-09-19 11:43:31.454,421.1111823579728,997
2024-09-19 11:43:31.490,421.2420041368312,11
2024-09-19 11:43:31.510,421.2377742829809,103
2024-09-19 11:43:31.568,421.2183878974173,999
2024-09-19 11:43:31.575,421.16863333212416,997
2024-09-19 11:43:31.610,421.17825629677975,7
2024-09-19 11:43:31.652,421.1543064120994,6
2024-09-19 11:43:31.653,421.1216468148281,996
2024-09-19 11:43:31.662,421.0928270215051,104
2024-09-19 11:43:31.724,421.2519338082754,1000
2024-09-19 11:43:31.737,421.2157838650023,12
2024-09-19 11:43:31.795,421.08358615042414,5
2024-09-19 11:43:31.802,421.2118566835151,5
2024-09-19 11:43:31.846,421.1744758246416,13
2024-09-19 11:43:31.849,421.2314063070702,95
2024-09-19 11:43:31.861,421.1720608856899,997
2024-09-19 11:43:31.907,421.1747959399997,11
2024-09-19 11:43:31.942,421.1662503621041,1001
2024-09-19 11:43:31.968,,12
2024-09-19 11:43:31.969,421.0997598217842,97
2024-09-19 11:43:32.073,421.082287104177,998
2024-09-19 11:43:32.196,421.1117779691195,99
2024-09-19 11:43:32.225,421.0757022732211,998
2024-09-19 11:43:32.273,421.0880879019498,999
2024-09-19 11:43:32.278,421.06370862162873,995
2024-09-19 11:43:32.302,421.1791536357175,995
2024-09-19 11:43:32.330,421.0676391927781,101
2024-09-19 11:43:32.379,421.1508930452787,95
2024-09-19 11:43:32.458,421.1028214145838,6
2024-09-19 11:43:32.519,421.08339604021575,100
2024-09-19 11:43:32.553,421.0913156299239,101
2024-09-19 11:43:32.562,421.07020769356143,6
2024-09-19 11:43:32.571,421.088149483459,99
2024-09-19 11:43:32.646,421.0950694171897,97
2024-09-19 11:43:32.680,421.1584971097796,99
2024-09-19 11:43:32.842,421.0612107341454,100
2024-09-19 11:43:32.849,421.09522026670015,14
2024-09-19 11:43:32.890,421.1258564798901,8
2024-09-19 11:43:32.926,421.1367583676036,995
2024-09-19 11:43:32.937,421.1575638480599,5
2024-09-19 11:43:32.945,421.080232790382,103
2024-09-19 11:43:32.982,421.1294648771181,97
2024-09-19 11:43:32.987,421.0880846438604,6
2024-09-19 11:43:33.095,421.15428620427,103
2024-09-19 11:43:33.202,421.1758693662604,1003
2024-09-19 11:43:33.239,421.11512469298935,995
2024-09-19 11:43:33.261,421.1342631043444,1005
2024-09-19 11:43:33.320,421.18928220951096,6
2024-09-19 11:43:33.324,421.1795333233869,11
2024-09-19 11:43:33.390,421.175229304879,1005
2024-09-19 11:43:33.399,421.09851482599566,11
2024-09-19 11:43:33.451,421.1873807099377,1003
2024-09-19 11:43:33.590,421.18354412620033,1004
2024-09-19 11:43:33.688,421.0677223064149,5
2024-09-19 11:43:33.771,421.1984905445821,14
2024-09-19 11:43:33.901,421.0436607009175,102
2024-09-19 11:43:33.925,421.180813752868,96
2024-09-19 11:43:33.994,421.0541431315482,100
2024-09-19 11:43:34.024,421.02986064392456,104
2024-09-19 11:43:34.202,421.0471808919464,7
2024-09-19 11:43:34.277,421.0319354428567,1000
2024-09-19 11:43:34.290,421.0489234029272,11
2024-09-19 11:43:34.312,421.0304771838424,7
2024-09-19 11:43:34.352,421.06385280413895,101
2024-09-19 11:43:34.456,421.0373693494994,15
2024-09-19 11:43:34.486,421.0566605930186,10
2024-09-19 11:43:34.494,421.02755367887295,1005
2024-09-19 11:43:34.501,421.0383584980385,1004
2024-09-19 11:43:34.573,421.029833531989,13
2024-09-19 11:43:34.697,421.0600005412937,1005
2024-09-19 11:43:34.793,421.0199589430513,103
2024-09-19 11:43:34.798,421.0303916060074,1004
2024-09-19 11:43:34.822,421.051010954059,15
2024-09-19 11:43:34.827,421.06927357901424,996
2024-09-19 11:43:35.049,421.15721668192737,7
2024-09-19 11:43:35.092,-421.0725576576836,9
2024-09-19 11:43:35.441,421.1629080824257,9
2024-09-19 11:43:35.448,421.1258911817262,102
2024-09-19 11:43:35.481,421.0642949972964,1005
2024-09-19 11:43:35.484,421.05934699218886,1002
2024-09-19 11:43:35.508,421.16772680315165,15
2024-09-19 11:43:35.522,421.0234583878187,996
2024-09-19 11:43:35.641,421.0984686747095,95
2024-09-19 11:43:35.687,421.05962633762414,102
2024-09-19 11:43:35.736,421.1292168119643,1002
2024-09-19 11:43:35.754,421.035016380018,9
2024-09-19 11:43:35.846,421.13347902419696,104
2024-09-19 11:43:35.853,421.0781160068358,1000
2024-09-19 11:43:35.967,421.15987663490927,101
2024-09-19 11:43:35.972,421.12971198110944,98
2024-09-19 11:43:35.976,421.02719324746687,11
2024-09-19 11:43:36.113,421.2021545339684,12
2024-09-19 11:43:36.163,421.1981624493288,1004
2024-09-19 11:43:36.173,421.1841402854658,6
2024-09-19 11:43:36.277,421.2027375708482,97
2024-09-19 11:43:36.307,421.1881743247824,998
2024-09-19 11:43:36.337,421.1948705751714,999
2024-09-19 11:43:36.511,421.1939657291602,97
2024-09-19 11:43:36.545,421.1878785863453,1000
2024-09-19 11:43:36.596,42.11976583994414,97
2024-09-19 11:43:36.663,421.1689151934543,1002
2024-09-19 11:43:36.753,421.18548733375945,5
2024-09-19 11:43:36.800,421.18768500374745,996
2024-09-19 11:43:36.961,421.159732718516,997
2024-09-19 11:43:37.049,421.2929563168178,98
2024-09-19 11:43:37.052,421.2664905995484,99
2024-09-19 11:43:37.054,421.2679348912436,98
2024-09-19 11:43:37.193,421.2533348519386,98
2024-09-19 11:43:37.236,421.2943898248407,998
2024-09-19 11:43:37.344,421.18461678331096,1005
2024-09-19 11:43:37.447,421.1772006287278,95
2024-09-19 11:43:37.518,421.2313953183501,10
2024-09-19 11:43:37.518,421.237412644051,104
2024-09-19 11:43:37.528,42.121692547087136,103
2024-09-19 11:43:37.641,421.2727760166446,103
2024-09-19 11:43:37.681,421.2896651486688,10
2024-09-19 11:43:37.818,421.2887697860238,997
2024-09-19 11:43:37.858,421.28284570990775,1001
2024-09-19 11:43:37.930,421.29886268350646,999
2024-09-19 11:43:37.941,421.1728245136929,100
2024-09-19 11:43:39.101,421.2248789700991,998
2024-09-19 11:43:39.140,421.2354339926113,996
2024-09-19 11:43:39.233,421.1959810746845,5
2024-09-19 11:43:39.256,421.1945605590913,97
2024-09-19 11:43:39.262,421.24376702905687,7
2024-09-19 11:43:39.343,421.19134216181766,100
2024-09-19 11:43:39.346,421.2089640026242,13
2024-09-19 11:43:39.349,421.2130089317917,10
2024-09-19 11:43:39.395,421.2194089045565,103
2024-09-19 11:43:39.453,421.2270003894621,5
2024-09-19 11:43:39.468,421.2165808536297,97
2024-09-19 11:43:39.472,421.20091921565,1001
2024-09-19 11:43:39.540,421.2153767556717,102
2024-09-19 11:43:39.553,421.2105278336151,15
2024-09-19 11:43:39.561,421.2179999077471,101
2024-09-19 11:43:39.594,421.1967880316889,12
2024-09-19 11:43:39.600,421.18562920579706,996
2024-09-19 11:43:39.600,421.18956999001017,99
2024-09-19 11:43:39.639,421.2061934714455,1000
2024-09-19 11:43:39.668,421.2083153517542,998
2024-09-19 11:43:39.720,421.1983304473063,995
2024-09-19 11:43:39.731,421.2383482762712,9
2024-09-19 11:43:39.733,421.21250757434575,95
2024-09-19 11:43:39.785,421.2216818569904,99
2024-09-19 11:43:39.808,421.2107323905756,102
2024-09-19 11:43:39.885,421.1996642806861,1002
2024-09-19 11:43:39.907,421.2015986711108,1001
2024-09-19 11:43:39.926,421.2224564619125,103
2024-09-19 11:43:39.945,421.20900670056017,999
2024-09-19 11:43:40.009,421.22312945045417,11
2024-09-19 11:43:40.066,421.2565696501553,9
2024-09-19 11:43:40.068,421.1885348432134,14
2024-09-19 11:43:40.078,42.12336148636979,101
2024-09-19 11:43:40.136,421.2382005563278,11
2024-09-19 11:43:40.142,421.257569047397,96
2024-09-19 11:43:40.156,421.1824923068513,100
2024-09-19 11:43:40.177,421.23373196479935,13
2024-09-19 11:43:40.216,421.2121507290078,5
2024-09-19 11:43:40.374,421.2090885733142,15
2024-09-19 11:43:40.382,421.2342752775812,100
2024-09-19 11:43:40.484,421.2069882297675,102
2024-09-19 11:43:40.515,421.22273699480826,1003
2024-09-19 11:43:40.544,421.2596626846092,1002
2024-09-19 11:43:40.553,421.2805724116552,1003
2024-09-19 11:43:40.581,421.2315291939268,10
2024-09-19 11:43:40.635,421.206403120811,97
2024-09-19 11:43:40.711,421.2455262054056,98
2024-09-19 11:43:40.803,421.2883932933887,8
2024-09-19 11:43:40.819,421.2194980880759,15
2024-09-19 11:43:40.842,421.20243804563614,14
2024-09-19 11:43:40.849,421.2151713679141,7
2024-09-19 11:43:40.854,421.2353120754638,96
2024-09-19 11:43:40.954,421.2384722797472,1003
2024-09-19 11:43:41.015,421.1837250540734,96
2024-09-19 11:43:41.184,421.2000930631853,14
2024-09-19 11:43:41.196,421.2045918067945,105
2024-09-19 11:43:41.225,421.1795748451492,95
2024-09-19 11:43:41.227,421.21315570898696,103
2024-09-19 11:43:41.307,421.18105908669423,102
2024-09-19 11:43:41.338,421.1684893484113,102
2024-09-19 11:43:41.422,421.2495361184376,104
2024-09-19 11:43:41.435,421.18724542352106,103
2024-09-19 11:43:41.453,421.2536312013179,997
2024-09-19 11:43:41.520,421.1973509086972,101
2024-09-19 11:43:41.562,421.1983621467984,995
2024-09-19 11:43:41.573,421.19139893779067,99
2024-09-19 11:43:41.678,421.2624141555036,998
2024-09-19 11:43:41.716,421.2097916894321,104
2024-09-19 11:43:41.812,421.2076272239732,999
2024-09-19 11:43:41.927,421.2079874870945,9
2024-09-19 11:43:41.933,421.1821175888416,6
2024-09-19 11:43:41.933,421.2536075685822,13
2024-09-19 11:43:41.960,421.2228295875323,9
2024-09-19 11:43:42.061,421.2449902839817,999
2024-09-19 11:43:42.096,421.2712426297123,95
2024-09-19 11:43:42.165,421.2837954935984,996
2024-09-19 11:43:42.255,421.25172726472994,999
2024-09-19 11:43:42.440,421.2793808419468,95
2024-09-19 11:43:42.459,421.281071319624,10
2024-09-19 11:43:42.623,421.24305022657205,104
2024-09-19 11:43:42.641,421.23728860412376,1002
2024-09-19 11:43:42.722,421.2631028082827,103
2024-09-19 11:43:42.811,421.2292257596495,7
2024-09-19 11:43:42.849,421.24236715906767,97
2024-09-19 11:43:42.849,421.2720760323795,104
2024-09-19 11:43:42.869,421.2790113339724,10
2024-09-19 11:43:42.932,421.2663289865295,15
2024-09-19 11:43:43.015,421.2812398004182,996
2024-09-19 11:43:43.223,421.304275809734,9
2024-09-19 11:43:43.304,421.2903856206862,105
2024-09-19 11:43:43.426,421.2760172338049,998
2024-09-19 11:43:43.438,421.2930341669606,104
2024-09-19 11:43:43.502,421.2723979305743,5
2024-09-19 11:43:43.550,421.2948722952022,1002
2024-09-19 11:43:43.626,421.2974788096191,1003
2024-09-19 11:43:43.633,421.28561698236194,99
2024-09-19 11:43:43.674,421.2913270839482,9
2024-09-19 11:43:43.708,421.2862974001685,1004
2024-09-19 11:43:43.725,421.2633401654018,100
2024-09-19 11:43:43.779,421.28632418106326,11
2024-09-19 11:43:43.785,421.2869021808918,6
2024-09-19 11:43:43.833,421.2835482624138,998
2024-09-19 11:43:43.916,421.28114394348233,995
2024-09-19 11:43:43.943,421.2984605690132,100
2024-09-19 11:43:44.475,421.28934134392745,12
2024-09-19 11:43:45.060,421.3676761953704,97
2024-09-19 11:43:45.092,421.29785282683775,998
2024-09-19 11:43:45.128,421.34263479949993,9
2024-09-19 11:43:45.129,421.38346099151,998
2024-09-19 11:43:45.167,421.33817622322,105
2024-09-19 11:43:45.200,421.3709972822624,996
2024-09-19 11:43:45.240,421.3635544302658,102
2024-09-19 11:43:45.255,421.28843342560936,995
2024-09-19 11:43:45.275,421.3713634403141,14
2024-09-19 11:43:45.284,421.3966011425523,102
2024-09-19 11:43:45.300,421.3434669510875,1002
2024-09-19 11:43:45.408,421.3650321176135,96
2024-09-19 11:43:45.416,421.367597300231,7
2024-09-19 11:43:45.445,,10
2024-09-19 11:43:45.454,421.3198970584336,1002
2024-09-19 11:43:45.505,421.2915010287244,96
2024-09-19 11:43:45.510,421.3805887611048,1003
2024-09-19 11:43:45.544,421.3747141289816,999
2024-09-19 11:43:45.560,421.285823662813,1002
2024-09-19 11:43:45.578,421.3710576169983,1002
2024-09-19 11:43:45.667,421.35762143410886,1004
2024-09-19 11:43:45.791,421.3799453001074,104
2024-09-19 11:43:45.867,421.3604937236778,5
2024-09-19 11:43:45.874,421.29814835826267,97
2024-09-19 11:43:45.938,421.37875109835176,13
2024-09-19 11:43:45.943,421.3785789516244,98
2024-09-19 11:43:45.948,421.38311884219866,102
2024-09-19 11:43:46.001,421.4714342493819,1002
2024-09-19 11:43:46.019,421.5179938058705,13
2024-09-19 11:43:46.052,421.5215367123986,102
2024-09-19 11:43:46.054,421.3832455262695,98
2024-09-19 11:43:46.057,421.5189075014656,9
2024-09-19 11:43:46.079,421.51953047917607,100
2024-09-19 11:43:46.081,421.5306744966925,998
2024-09-19 11:43:46.083,421.46266677891447,1000
2024-09-19 11:43:46.098,421.4589736928083,97
2024-09-19 11:43:46.165,421.4532036213226,8
2024-09-19 11:43:46.172,421.485996195408,15
2024-09-19 11:43:46.278,421.4231161867752,7
2024-09-19 11:43:46.373,421.3911429528872,995
2024-09-19 11:43:46.388,421.5036981228321,95
2024-09-19 11:43:46.402,421.4944064503203,11
2024-09-19 11:43:46.416,421.4676651784222,1001
2024-09-19 11:43:46.431,421.4848122529859,996
2024-09-19 11:43:46.436,421.45400358301424,11
2024-09-19 11:43:46.607,421.51495820713546,1005
2024-09-19 11:43:46.683,421.5133883865244,997
2024-09-19 11:43:46.697,421.4993000199016,103
2024-09-19 11:43:46.783,421.45755767099314,101
2024-09-19 11:43:46.839,421.410685473236,14
2024-09-19 11:43:46.855,421.4177679043753,97
2024-09-19 11:43:46.886,421.440116481611,999
2024-09-19 11:43:46.903,421.5198237225674,996
2024-09-19 11:43:46.917,421.52139636375847,10
2024-09-19 11:43:46.955,421.4181231457987,96
2024-09-19 11:43:46.965,421.4580899294817,12
2024-09-19 11:43:47.143,421.5301524952281,1004
2024-09-19 11:43:47.180,421.5412035532787,101
2024-09-19 11:43:47.219,421.5448672025511,5
2024-09-19 11:43:47.309,421.5379127059423,10
2024-09-19 11:43:47.350,421.5430783402304,100
2024-09-19 11:43:47.414,421.5429014337219,998
2024-09-19 11:43:47.423,421.5510159093744,12
2024-09-19 11:43:47.425,421.5293541141408,998
2024-09-19 11:43:47.446,421.5628530652218,100
2024-09-19 11:43:47.447,421.5299776085847,1000
2024-09-19 11:43:47.488,421.5087945225337,7
2024-09-19 11:43:47.508,421.54056030738417,104
2024-09-19 11:43:47.559,421.55771609216725,11
2024-09-19 11:43:47.691,421.544730838218,105
2024-09-19 11:43:47.713,421.54011914324576,12
2024-09-19 11:43:47.736,421.54110139083343,99
2024-09-19 11:43:47.836,421.5422626380391,7
2024-09-19 11:43:47.845,421.5030109908624,14
2024-09-19 11:43:47.904,421.5565941421546,1002
2024-09-19 11:43:47.925,421.5290989689475,999
2024-09-19 11:43:47.938,421.54307075828297,10
2024-09-19 11:43:47.939,421.53965933388434,10
2024-09-19 11:43:47.983,421.5619097753436,996
2024-09-19 11:43:48.004,421.6437011466906,1003
2024-09-19 11:43:48.079,421.57131435484087,1000
2024-09-19 11:43:48.166,421.6767465534487,6
2024-09-19 11:43:48.190,421.63785300497045,95
2024-09-19 11:43:48.292,421.62158831453047,103
2024-09-19 11:43:48.298,421.5950384452378,105
2024-09-19 11:43:48.417,421.6079148763133,95
2024-09-19 11:43:48.417,421.55629849345127,1002
2024-09-19 11:43:48.425,421.6262436054415,9
2024-09-19 11:43:48.448,421.6606990709022,101
2024-09-19 11:43:48.636,421.6200800123344,95
2024-09-19 11:43:48.685,421.58406398667,14
2024-09-19 11:43:48.704,421.6420989658791,15
2024-09-19 11:43:48.710,421.565821311483,95
2024-09-19 11:43:48.720,421.5793119709981,1004
2024-09-19 11:43:48.774,421.66747879512127,1003
2024-09-19 11:43:48.784,421.57544689530266,100
2024-09-19 11:43:48.787,421.6361309874685,999
2024-09-19 11:43:48.789,421.5762560657229,1002
2024-09-19 11:43:48.813,421.5684609123924,999
2024-09-19 11:43:48.821,421.6229497044801,5
2024-09-19 11:43:48.894,421.56977165222327,97
2024-09-19 11:43:48.941,421.5855411529927,11
2024-09-19 11:43:49.015,421.6310737294506,95
2024-09-19 11:43:49.039,421.6182232488637,15
2024-09-19 11:43:49.069,,105
2024-09-19 11:43:49.196,421.6415987040042,104
2024-09-19 11:43:49.203,421.649718673468,14
2024-09-19 11:43:49.227,421.6496084932497,105
2024-09-19 11:43:49.254,421.6393953653208,995
2024-09-19 11:43:49.295,421.6383587562343,13
2024-09-19 11:43:49.303,421.6297274499952,14
2024-09-19 11:43:49.341,421.663305328857,1001
2024-09-19 11:43:49.361,421.6282772276448,998
2024-09-19 11:43:49.417,421.6378148428125,102
2024-09-19 11:43:49.422,421.64106764146845,10
2024-09-19 11:43:49.446,421.621516560235,96
2024-09-19 11:43:49.484,421.6466007394884,1005
2024-09-19 11:43:49.493,421.62353183623935,9
2024-09-19 11:43:49.506,,15
2024-09-19 11:43:49.551,421.6389702584663,8
2024-09-19 11:43:49.637,421.63960204929634,11
2024-09-19 11:43:49.685,421.6667081921456,99
2024-09-19 11:43:49.798,421.6329341850524,102
2024-09-19 11:43:49.810,421.62733203948886,995
2024-09-19 11:43:49.843,421.6624293703498,8
2024-09-19 11:43:49.872,421.6092459015013,103
2024-09-19 11:43:49.884,421.6307447124283,996
2024-09-19 11:43:49.898,421.6522976426628,9
2024-09-19 11:43:49.915,421.6592228100995,98
2024-09-19 11:43:49.989,421.6280911431634,100
2024-09-19 11:43:49.991,421.6441341645685,995
2024-09-19 11:43:50.006,421.6268785071623,15
2024-09-19 11:43:50.014,421.604208317384,11
2024-09-19 11:43:50.040,421.646352180295,998
2024-09-19 11:43:50.047,421.6217971939356,105
2024-09-19 11:43:50.051,421.6619702141746,97
2024-09-19 11:43:50.081,421.6665551518316,10
2024-09-19 11:43:50.209,421.6103345964636,9
2024-09-19 11:43:50.216,421.6466879076923,998
2024-09-19 11:43:50.257,421.63470416359513,999
2024-09-19 11:43:50.271,421.6662384516401,6
2024-09-19 11:43:50.290,421.63909226830407,11
2024-09-19 11:43:50.370,421.6158410668354,1005
2024-09-19 11:43:50.414,421.6327722728481,13
2024-09-19 11:43:50.435,421.6134768129599,1000
2024-09-19 11:43:50.473,421.6328754164495,999
2024-09-19 11:43:50.615,421.5993086102668,6
2024-09-19 11:43:50.622,421.62333356809233,995
2024-09-19 11:43:50.648,421.60493437683255,1002
2024-09-19 11:43:50.657,421.66385254914906,1002
2024-09-19 11:43:50.675,421.6379282000465,95
2024-09-19 11:43:50.684,421.6179287949613,101
2024-09-19 11:43:50.730,421.63996596381,100
2024-09-19 11:43:50.757,421.6332700759813,103
2024-09-19 11:43:50.797,421.606345911692,15
2024-09-19 11:43:50.806,421.6079997593286,996
2024-09-19 11:43:50.830,421.6117389473032,13
2024-09-19 11:43:50.873,421.6478320576501,105
2024-09-19 11:43:50.901,421.6352387618811,1001
2024-09-19 11:43:50.914,421.6300869679342,101
2024-09-19 11:43:51.003,421.6155630427697,1001
2024-09-19 11:43:51.033,421.6207713046058,98
2024-09-19 11:43:51.053,421.61470951987246,1001
2024-09-19 11:43:51.163,421.6183563661058,995
2024-09-19 11:43:51.242,421.6305315029917,104
2024-09-19 11:43:51.307,421.6485650341461,100
2024-09-19 11:43:51.552,421.61258024599226,1001
2024-09-19 11:43:51.618,421.6278303989176,996
2024-09-19 11:43:51.883,421.602700154368,103
2024-09-19 11:43:51.959,421.6386997339844,7
2024-09-19 11:43:51.964,421.611704146707,98
2024-09-19 11:43:51.975,421.61176349208864,14
2024-09-19 11:43:51.985,421.5988666813057,1004
2024-09-19 11:43:52.026,421.6265997703777,6
2024-09-19 11:43:52.086,421.6298335141584,13
2024-09-19 11:43:52.097,421.5953845453079,104
2024-09-19 11:43:52.125,421.5969018198111,101
2024-09-19 11:43:52.150,421.60526583591945,9
2024-09-19 11:43:52.258,421.60794074927367,96
2024-09-19 11:43:52.274,421.60133002299216,8
2024-09-19 11:43:52.282,421.60715070963374,1003
2024-09-19 11:43:52.352,421.6228216744185,96
2024-09-19 11:43:52.421,421.6191082493336,97
2024-09-19 11:43:52.434,421.5946100472544,99
2024-09-19 11:43:52.545,421.6605158885928,100
2024-09-19 11:43:52.621,421.6021368003715,996
2024-09-19 11:43:52.654,421.63304340265,95
2024-09-19 11:43:52.654,421.5880179766631,996
2024-09-19 11:43:52.667,421.6646328689149,99
2024-09-19 11:43:52.713,421.613492418659,995
2024-09-19 11:43:52.721,421.601243819941,1001
2024-09-19 11:43:52.814,421.60157089955857,96
2024-09-19 11:43:52.903,421.6121591030448,100
2024-09-19 11:43:52.956,421.6449561742969,95
2024-09-19 11:43:53.774,421.66607077022087,996
2024-09-19 11:43:54.031,421.7074971443552,1003
2024-09-19 11:43:54.064,421.6900532192938,105
2024-09-19 11:43:54.143,421.6074235547721,999
2024-09-19 11:43:54.148,421.59523895966487,1002
2024-09-19 11:43:54.156,421.634398839929,8
2024-09-19 11:43:54.159,421.6672543626466,995
2024-09-19 11:43:54.172,421.6175082906372,13
2024-09-19 11:43:54.215,421.60056356402174,95
2024-09-19 11:43:54.224,421.6679776836641,105
2024-09-19 11:43:54.386,421.65542134641527,12
2024-09-19 11:43:54.501,421.68206933338416,101
2024-09-19 11:43:54.596,421.6802446259857,95
2024-09-19 11:43:54.628,421.6229183761399,14
2024-09-19 11:43:54.645,421.5913550538015,104
2024-09-19 11:43:54.693,421.696678117306,103
2024-09-19 11:43:54.704,421.6922070188709,997
2024-09-19 11:43:54.752,421.6979431020859,10
2024-09-19 11:43:54.851,421.65944952489866,104
2024-09-19 11:43:54.887,-421.6109554044593,97
2024-09-19 11:43:54.901,421.6547936235492,997
2024-09-19 11:43:54.904,421.600545323791,95
2024-09-19 11:43:54.940,421.6139281824163,11
2024-09-19 11:43:54.946,421.6805009925973,102
2024-09-19 11:43:54.951,421.6388521571976,98
2024-09-19 11:43:54.963,421.6562636607652,1002
2024-09-19 11:43:54.998,421.65828561242,100
2024-09-19 11:43:55.023,421.608003005957,98
2024-09-19 11:43:55.040,421.6037350431319,1001
2024-09-19 11:43:55.154,421.59843030119225,10
2024-09-19 11:43:55.457,421.6111974332499,98
2024-09-19 11:43:55.522,421.6020264602939,103
2024-09-19 11:43:55.529,421.6059116390272,1002
2024-09-19 11:43:55.535,421.6051751820385,1005
2024-09-19 11:43:55.560,421.6170244649942,15
2024-09-19 11:43:55.770,421.5934217723047,7
2024-09-19 11:43:55.833,,96
2024-09-19 11:43:55.848,421.6200687442727,10
2024-09-19 11:43:55.954,421.5853159323024,995
2024-09-19 11:43:55.992,421.6068048684149,103
2024-09-19 11:43:57.020,421.564637327612,998
2024-09-19 11:43:57.026,421.5787833441102,1003
2024-09-19 11:43:57.070,421.56041574401615,1003
2024-09-19 11:43:57.175,421.5481980038242,1000
2024-09-19 11:43:57.233,421.5487708489128,996
2024-09-19 11:43:57.238,421.5459681253013,14
2024-09-19 11:43:57.313,421.5446022687723,12
2024-09-19 11:43:57.328,421.55399964795504,99
2024-09-19 11:43:57.343,421.569961335292,14
2024-09-19 11:43:57.362,421.5941883401349,105
2024-09-19 11:43:57.375,421.56663903825313,999
2024-09-19 11:43:57.377,421.5478987845351,999
2024-09-19 11:43:57.526,421.5639196775999,5
2024-09-19 11:43:57.592,421.5596500514784,7
2024-09-19 11:43:57.685,421.5544811916808,104
2024-09-19 11:43:57.691,421.5742301076418,98
2024-09-19 11:43:57.703,421.54605568257625,97
2024-09-19 11:43:57.754,421.5535374129224,103
2024-09-19 11:43:57.813,421.5480691373816,6
2024-09-19 11:43:57.944,421.55299355696127,15
2024-09-19 11:43:57.966,421.5378282577949,5
2024-09-19 11:43:59.027,421.566331231036,13
2024-09-19 11:43:59.122,421.5509934723343,100
2024-09-19 11:43:59.141,421.5769817120037,12
2024-09-19 11:43:59.281,42.15940615299009,97
2024-09-19 11:43:59.345,421.5923501114289,12
2024-09-19 11:43:59.444,421.5561628851349,12
2024-09-19 11:43:59.542,421.55494485543255,13
2024-09-19 11:43:59.780,421.5861032203945,1002
2024-09-19 11:43:59.892,421.5438617183383,95
2024-09-19 11:43:59.953,421.5848241972683,1000
2024-09-19 11:43:59.963,421.5695751370894,104
