Timestamp,Price,Size
2024-09-19 11:41:00.046,421.6603605099897,95
2024-09-19 11:41:00.189,421.664812030572,1000
2024-09-19 11:41:00.259,421.69476621028,998
2024-09-19 11:41:00.279,421.6671812637518,997
2024-09-19 11:41:00.429,421.6626853480776,6
2024-09-19 11:41:00.440,421.66842248924536,5
2024-09-19 11:41:00.483,421.6561124405642,96
2024-09-19 11:41:00.783,421.66574057968353,103
2024-09-19 11:41:01.033,421.6912641416872,996
2024-09-19 11:41:01.054,421.67735756357206,6
2024-09-19 11:41:01.127,421.68684268416473,15
2024-09-19 11:41:01.310,-421.6932866715852,1000
2024-09-19 11:41:01.449,421.6955970108303,1001
2024-09-19 11:41:01.472,421.6745068182398,99
2024-09-19 11:41:01.555,421.6878133180521,100
2024-09-19 11:41:01.646,421.6911870827153,99
2024-09-19 11:41:01.925,421.66621111224833,12
2024-09-19 11:41:01.970,421.6972751184812,8
2024-09-19 11:41:02.018,421.74449223732194,9
2024-09-19 11:41:02.503,421.7029792355924,998
2024-09-19 11:41:02.902,421.7174452859765,96
2024-09-19 11:41:02.925,421.7289081835973,101
2024-09-19 11:41:03.004,421.74405340412494,997
2024-09-19 11:41:03.077,421.7569530186997,1000
2024-09-19 11:41:03.293,421.7401935829429,1000
2024-09-19 11:41:03.396,421.7469841163208,7
2024-09-19 11:41:03.503,421.7646817165789,13
2024-09-19 11:41:03.701,421.764458879513,998
2024-09-19 11:41:03.752,421.73546019476754,97
2024-09-19 11:41:03.766,421.7728496772715,1002
2024-09-19 11:41:03.811,421.7518896883445,1002
2024-09-19 11:41:03.871,421.7376327957341,96
2024-09-19 11:41:03.955,421.7354316858703,98
2024-09-19 11:41:04.147,421.7034257738764,96
2024-09-19 11:41:04.155,421.6979655731302,98
2024-09-19 11:41:04.209,421.7380736813413,1005
2024-09-19 11:41:04.242,421.6821265342509,15
2024-09-19 11:41:04.335,421.6909539956494,6
2024-09-19 11:41:04.453,421.7110209690865,9
2024-09-19 11:41:04.507,421.7733788101157,6
2024-09-19 11:41:04.516,421.6883976174426,8
2024-09-19 11:41:04.550,421.7520174460426,999
2024-09-19 11:41:04.579,421.75861699684594,97
2024-09-19 11:41:04.628,421.6885439391288,7
2024-09-19 11:41:04.638,421.6867606204327,100
2024-09-19 11:41:04.638,421.7080164234836,15
2024-09-19 11:41:04.667,421.7037283096752,12
2024-09-19 11:41:04.986,421.7252418911388,101
2024-09-19 11:41:05.029,421.671797533348,1001
2024-09-19 11:41:05.109,421.6760289454472,105
2024-09-19 11:41:05.205,421.6619045957744,5
2024-09-19 11:41:05.267,421.691122911795,13
2024-09-19 11:41:05.410,421.6776896502372,15
2024-09-19 11:41:05.460,421.6855697615799,15
2024-09-19 11:41:05.514,421.6648939065019,8
2024-09-19 11:41:05.532,421.7103377731547,1001
2024-09-19 11:41:05.588,-421.6854599856786,6
2024-09-19 11:41:05.612,421.67253563920775,101
2024-09-19 11:41:05.617,421.6804516267735,95
2024-09-19 11:41:05.674,421.66473867013934,1002
2024-09-19 11:41:05.767,421.6617636033744,15
2024-09-19 11:41:05.838,421.6693685448064,998
2024-09-19 11:41:05.952,421.6773838307896,1001
2024-09-19 11:41:05.961,421.6585371097951,99
2024-09-19 11:41:05.968,421.6783809215624,105
2024-09-19 11:41:06.109,421.7201155052203,13
2024-09-19 11:41:06.194,421.7588556135531,8
2024-09-19 11:41:06.201,421.7712654268397,996
2024-09-19 11:41:06.204,421.7545461164577,7
2024-09-19 11:41:06.217,421.7690100762725,11
2024-09-19 11:41:06.268,421.7346848200256,1000
2024-09-19 11:41:06.330,421.749991293808,996
2024-09-19 11:41:06.364,421.7356739670337,998
2024-09-19 11:41:06.378,421.747034150301,15
2024-09-19 11:41:06.389,421.76525635391096,7
2024-09-19 11:41:06.430,421.7093878766413,9
2024-09-19 11:41:06.452,421.76539279374697,1003
2024-09-19 11:41:06.501,421.7284183137888,13
2024-09-19 11:41:06.646,421.7447914005908,996
2024-09-19 11:41:06.721,421.758002542891,998
2024-09-19 11:41:06.724,421.72562963317074,9
2024-09-19 11:41:06.767,421.7265130493924,12
2024-09-19 11:41:06.769,421.7587773495163,15
2024-09-19 11:41:06.799,421.73891307748,998
2024-09-19 11:41:06.807,421.7611560955387,1001
2024-09-19 11:41:06.833,421.7783868893205,98
2024-09-19 11:41:06.839,421.73894606679335,1003
2024-09-19 11:41:06.866,421.7652733324268,1000
2024-09-19 11:41:06.900,421.73667289256827,103
2024-09-19 11:41:06.909,421.7657383333399,6
2024-09-19 11:41:06.928,421.7554626565959,101
2024-09-19 11:41:06.956,421.77077354913297,12
2024-09-19 11:41:07.025,421.7322251574666,102
2024-09-19 11:41:07.614,421.7433095582903,101
2024-09-19 11:41:08.109,421.7139132652604,100
2024-09-19 11:41:08.296,421.7346461022473,1004
2024-09-19 11:41:08.326,421.7247540114405,1004
2024-09-19 11:41:08.393,421.7242081800847,104
2024-09-19 11:41:09.000,421.64156844015184,1005
2024-09-19 11:41:09.009,421.7157322131901,1002
2024-09-19 11:41:09.021,421.6242990996575,7
2024-09-19 11:41:09.044,421.6279567002576,99
2024-09-19 11:41:09.070,421.627489691286,1003
2024-09-19 11:41:09.102,421.6074692279951,1003
2024-09-19 11:41:09.118,421.6078180451591,9
2024-09-19 11:41:09.171,421.61938331637424,1005
2024-09-19 11:41:09.175,421.66024529460094,14
2024-09-19 11:41:09.184,421.6204951028295,13
2024-09-19 11:41:09.246,421.5990404692666,96
2024-09-19 11:41:09.304,421.6915536462041,1004
2024-09-19 11:41:09.327,421.6637068474813,15
2024-09-19 11:41:09.355,421.6949969151854,995
2024-09-19 11:41:09.519,421.6354021029082,96
2024-09-19 11:41:09.584,421.6897768545613,101
2024-09-19 11:41:09.632,,9
2024-09-19 11:41:09.733,421.707516816502,13
2024-09-19 11:41:09.766,421.63200409510335,1003
2024-09-19 11:41:09.779,421.7008166531938,97
2024-09-19 11:41:09.797,421.64101103294456,103
2024-09-19 11:41:09.816,421.6234547500329,11
2024-09-19 11:41:09.876,421.6503037383013,1004
2024-09-19 11:41:09.911,421.6417415965534,104
2024-09-19 11:41:09.914,421.70117956570886,12
2024-09-19 11:41:09.928,421.61667881212657,97
2024-09-19 11:41:09.958,421.5959322791551,8
2024-09-19 11:41:09.959,421.71537801107576,997
2024-09-19 11:41:09.999,421.6346004436608,95
2024-09-19 11:41:10.013,421.5624031467389,1005
2024-09-19 11:41:10.035,421.5436548070442,101
2024-09-19 11:41:10.058,421.5235654561186,995
2024-09-19 11:41:10.138,421.5321000428567,6
2024-09-19 11:41:10.188,421.5459959814291,8
2024-09-19 11:41:10.199,421.5551782317541,1000
2024-09-19 11:41:10.203,421.54774936534153,1003
2024-09-19 11:41:10.206,421.5523500555629,97
2024-09-19 11:41:10.274,421.5652202652607,95
2024-09-19 11:41:10.299,421.5604869913528,101
2024-09-19 11:41:10.340,421.5514214184461,98
2024-09-19 11:41:10.406,421.5798814754423,996
2024-09-19 11:41:10.414,421.5294943332773,12
2024-09-19 11:41:10.418,42.15553754116624,10
2024-09-19 11:41:10.486,421.5739955615708,9
2024-09-19 11:41:10.513,421.5539322060374,102
2024-09-19 11:41:10.544,421.5537871850534,995
2024-09-19 11:41:10.615,421.589984505006,1005
2024-09-19 11:41:10.681,421.57990748112593,999
2024-09-19 11:41:10.791,421.5351595445428,102
2024-09-19 11:41:10.856,421.5660428897677,997
2024-09-19 11:41:10.876,421.5481870376099,6
2024-09-19 11:41:10.892,421.5619208043725,1004
2024-09-19 11:41:10.953,421.6140621662194,996
2024-09-19 11:41:10.982,421.559233406261,12
2024-09-19 11:41:11.079,421.5189104752619,12
2024-09-19 11:41:11.177,421.5108538531455,11
2024-09-19 11:41:11.194,421.53124053264895,98
2024-09-19 11:41:11.219,421.490702907019,96
2024-09-19 11:41:11.230,421.46368446197056,12
2024-09-19 11:41:11.264,421.5418538683721,102
2024-09-19 11:41:11.266,421.494293898012,15
2024-09-19 11:41:11.294,421.5364883859386,102
2024-09-19 11:41:11.295,421.4873572153795,102
2024-09-19 11:41:11.313,421.4632409351348,9
2024-09-19 11:41:11.351,421.4791907577704,10
2024-09-19 11:41:11.376,421.46860089105166,1001
2024-09-19 11:41:11.511,421.5366104637309,104
2024-09-19 11:41:11.546,421.5277248800747,998
2024-09-19 11:41:11.549,421.5293051546356,15
2024-09-19 11:41:11.634,421.5323635366586,104
2024-09-19 11:41:11.755,421.5186572825292,101
2024-09-19 11:41:11.797,421.51834309883697,8
2024-09-19 11:41:11.801,421.4647711428903,99
2024-09-19 11:41:11.816,421.5366997017501,103
2024-09-19 11:41:11.820,421.4762282373289,1001
2024-09-19 11:41:11.856,421.5226152370481,105
2024-09-19 11:41:11.940,421.482306269914,105
2024-09-19 11:41:11.998,421.4867601091595,99
2024-09-19 11:41:12.001,421.5064794632286,1000
2024-09-19 11:41:12.003,421.50600565212807,14
2024-09-19 11:41:12.023,421.5201434813921,15
2024-09-19 11:41:12.030,421.5148396028043,999
2024-09-19 11:41:12.051,421.5054179617403,997
2024-09-19 11:41:12.065,421.517199351142,6
2024-09-19 11:41:12.068,421.5316068623591,10
2024-09-19 11:41:12.079,421.5207232068471,1001
2024-09-19 11:41:12.158,421.5240078032217,1001
2024-09-19 11:41:12.169,421.494942106644,98
2024-09-19 11:41:12.189,421.5038126049088,996
2024-09-19 11:41:12.232,421.4959402196175,5
2024-09-19 11:41:12.251,421.5358091656421,105
2024-09-19 11:41:12.319,421.51938864047406,13
2024-09-19 11:41:12.333,421.5164143120848,97
2024-09-19 11:41:12.366,421.5135502471029,104
2024-09-19 11:41:12.382,421.518618577492,96
2024-09-19 11:41:12.519,421.5177360761612,12
2024-09-19 11:41:12.534,421.51388939322976,101
2024-09-19 11:41:12.543,421.5064855330459,8
2024-09-19 11:41:12.610,421.5278399314324,1004
2024-09-19 11:41:12.626,421.491177318258,1004
2024-09-19 11:41:12.699,421.51607349963047,1004
2024-09-19 11:41:12.806,421.5019623076495,13
2024-09-19 11:41:12.808,421.5137894083456,100
2024-09-19 11:41:12.812,421.4959173023363,1000
2024-09-19 11:41:12.849,421.4899869376145,103
2024-09-19 11:41:12.908,421.5199719608513,995
2024-09-19 11:41:13.044,421.5047166783684,102
2024-09-19 11:41:13.186,421.4887387069588,97
2024-09-19 11:41:13.217,421.5007224389662,15
2024-09-19 11:41:13.249,421.5191981845656,105
2024-09-19 11:41:13.414,421.49672050702657,99
2024-09-19 11:41:13.422,421.5289240422639,104
2024-09-19 11:41:13.431,421.5055474496335,101
2024-09-19 11:41:13.570,421.48096693032846,95
2024-09-19 11:41:13.587,421.5395290461471,103
2024-09-19 11:41:13.642,421.491458355513,1001
2024-09-19 11:41:13.689,421.5008534568881,999
2024-09-19 11:41:13.690,421.54127691940135,6
2024-09-19 11:41:13.704,421.5593052797719,97
2024-09-19 11:41:13.706,421.5266772248455,1003
2024-09-19 11:41:13.869,421.499418113178,12
2024-09-19 11:41:13.870,421.48998007231046,96
2024-09-19 11:41:13.952,,8
2024-09-19 11:41:13.962,421.55811278350967,103
2024-09-19 11:41:14.428,421.57579121816775,6
2024-09-19 11:41:14.753,421.5742229805029,9
2024-09-19 11:41:14.953,421.5707979620268,9
2024-09-19 11:41:14.996,421.5781764122692,101
2024-09-19 11:41:15.004,421.6450840166169,10
2024-09-19 11:41:15.088,421.5786058775605,97
2024-09-19 11:41:15.098,421.6213298273565,1005
2024-09-19 11:41:15.103,421.646808420411,6
2024-09-19 11:41:15.138,421.5914551698634,95
2024-09-19 11:41:15.155,421.6320906682382,14
2024-09-19 11:41:15.278,421.6371661768748,98
2024-09-19 11:41:15.326,421.611102154275,1001
2024-09-19 11:41:15.443,421.64331181193626,1003
2024-09-19 11:41:15.454,421.5493680852372,104
2024-09-19 11:41:15.579,421.580880484693,99
2024-09-19 11:41:15.581,421.6548315690412,1003
2024-09-19 11:41:15.629,421.569010834753,98
2024-09-19 11:41:15.632,421.54380861285085,105
2024-09-19 11:41:15.672,421.5707564288322,101
2024-09-19 11:41:15.738,421.6338560463338,995
2024-09-19 11:41:15.808,421.6344840374829,996
2024-09-19 11:41:15.808,421.61943697526425,14
2024-09-19 11:41:15.830,421.63181304420425,7
2024-09-19 11:41:15.959,421.63768530364655,6
2024-09-19 11:41:15.972,421.6347944594855,5
2024-09-19 11:41:15.993,421.5812059599242,103
2024-09-19 11:41:16.049,,1005
2024-09-19 11:41:16.102,421.6278502524655,1000
2024-09-19 11:41:16.372,421.6267504513494,996
2024-09-19 11:41:16.414,421.6440059713108,995
2024-09-19 11:41:16.425,421.6654097912235,9
2024-09-19 11:41:16.441,421.6487580220865,14
2024-09-19 11:41:16.489,421.65384933087006,14
2024-09-19 11:41:16.569,421.6206627141476,14
2024-09-19 11:41:16.570,421.6596838469612,1003
2024-09-19 11:41:16.583,421.6793635267075,995
2024-09-19 11:41:16.599,421.6449918905734,998
2024-09-19 11:41:16.651,421.6580461928466,14
2024-09-19 11:41:16.728,421.6581497338088,995
2024-09-19 11:41:16.730,421.6604551271056,12
2024-09-19 11:41:16.825,421.6514505281606,997
2024-09-19 11:41:16.838,421.6275545234116,1005
2024-09-19 11:41:16.991,421.6992024511964,9
2024-09-19 11:41:17.024,421.62359279922725,995
2024-09-19 11:41:17.056,421.67444650381606,96
2024-09-19 11:41:17.058,421.6410449065844,15
2024-09-19 11:41:17.103,421.6148514340059,8
2024-09-19 11:41:17.116,421.6383933591033,1002
2024-09-19 11:41:17.128,421.65786871047567,1001
2024-09-19 11:41:17.166,421.6180377672408,103
2024-09-19 11:41:17.168,421.6559606679295,10
2024-09-19 11:41:17.175,421.6328520611225,98
2024-09-19 11:41:17.209,421.6052993044551,96
2024-09-19 11:41:17.247,421.6047726493884,11
2024-09-19 11:41:17.249,421.6414478490767,998
2024-09-19 11:41:17.285,421.6575239177072,15
2024-09-19 11:41:17.294,421.6342172103432,15
2024-09-19 11:41:17.379,421.6331930010935,102
2024-09-19 11:41:17.386,421.6322199124363,12
2024-09-19 11:41:17.389,421.66766442214487,9
2024-09-19 11:41:17.483,421.672603364601,996
2024-09-19 11:41:17.500,421.6207736459704,10
2024-09-19 11:41:17.559,421.6133530022526,13
2024-09-19 11:41:17.563,421.6707616477038,101
2024-09-19 11:41:17.786,421.63757250630425,15
2024-09-19 11:41:17.789,421.61687121031065,1003
2024-09-19 11:41:17.884,421.6322373057721,96
2024-09-19 11:41:17.928,421.60397493284233,104
2024-09-19 11:41:17.939,421.6066119987767,101
2024-09-19 11:41:17.958,421.6296591754553,13
2024-09-19 11:41:17.958,421.6773938069568,105
2024-09-19 11:41:18.651,421.6342147099735,7
2024-09-19 11:41:18.767,421.61019493240536,6
2024-09-19 11:41:18.878,421.6216565493577,97
2024-09-19 11:41:19.067,421.6535943978826,1003
2024-09-19 11:41:19.116,421.6257829360312,102
2024-09-19 11:41:19.118,421.6508028010314,1002
2024-09-19 11:41:19.245,421.6616081809914,1000
2024-09-19 11:41:19.248,421.5919406834881,105
2024-09-19 11:41:19.248,421.62237761171593,1005
2024-09-19 11:41:19.281,421.6635072978408,5
2024-09-19 11:41:19.290,421.58100223773926,14
2024-09-19 11:41:19.334,421.6412962055505,13
2024-09-19 11:41:19.433,421.6374149016801,6
2024-09-19 11:41:19.502,421.6457690319229,8
2024-09-19 11:41:19.517,421.6272686824779,95
2024-09-19 11:41:19.558,421.64521263446886,1000
2024-09-19 11:41:19.636,421.6242838498193,13
2024-09-19 11:41:19.669,421.5546144813742,102
2024-09-19 11:41:19.715,421.5505309250081,105
2024-09-19 11:41:19.783,421.6046270103884,1002
2024-09-19 11:41:19.858,,13
2024-09-19 11:41:19.865,421.6378666815645,101
2024-09-19 11:41:19.872,421.67493687300464,11
2024-09-19 11:41:19.892,421.6489939306983,998
2024-09-19 11:41:19.897,421.57381296647657,5
2024-09-19 11:41:19.995,421.63478045817993,101
2024-09-19 11:41:20.050,421.598187077129,8
2024-09-19 11:41:20.074,421.5760111952423,12
2024-09-19 11:41:20.180,-421.5780995413519,96
2024-09-19 11:41:20.201,421.5725756992163,8
2024-09-19 11:41:20.446,421.551144341024,100
2024-09-19 11:41:20.583,421.58093941459657,102
2024-09-19 11:41:20.596,421.59808873694993,8
2024-09-19 11:41:20.641,421.55801777381856,6
2024-09-19 11:41:20.710,421.5456610803961,997
2024-09-19 11:41:20.720,421.59967350868334,95
2024-09-19 11:41:20.735,-421.5518609989082,1002
2024-09-19 11:41:20.751,421.6067278898255,995
2024-09-19 11:41:20.870,421.6031240250225,104
2024-09-19 11:41:20.910,421.6043079239748,997
2024-09-19 11:41:21.014,421.62572559742114,15
2024-09-19 11:41:21.234,421.7282131884796,15
2024-09-19 11:41:21.282,421.6971695424616,6
2024-09-19 11:41:21.290,421.7231403238322,7
2024-09-19 11:41:21.447,421.7229246231884,1001
2024-09-19 11:41:21.472,421.7199756298312,8
2024-09-19 11:41:21.477,421.64474405722393,998
2024-09-19 11:41:21.491,421.6501735704662,97
2024-09-19 11:41:21.514,421.7117977474219,102
2024-09-19 11:41:21.527,421.6503421833974,997
2024-09-19 11:41:21.552,421.6501447280258,5
2024-09-19 11:41:21.569,421.697940095186,14
2024-09-19 11:41:21.588,421.7170606056269,1004
2024-09-19 11:41:21.672,421.6515458438277,103
2024-09-19 11:41:21.678,421.62716702839975,105
2024-09-19 11:41:21.690,421.6187660802517,1001
2024-09-19 11:41:21.714,421.69055357597824,101
2024-09-19 11:41:21.754,421.6888944273464,8
2024-09-19 11:41:21.774,421.6435648943995,1005
2024-09-19 11:41:21.805,421.7045482501893,6
2024-09-19 11:41:21.842,421.6179495712604,6
2024-09-19 11:41:21.846,421.7126010199955,998
2024-09-19 11:41:21.896,421.7103520907808,12
2024-09-19 11:41:21.897,421.63422777498135,102
2024-09-19 11:41:21.901,421.6277708688101,95
2024-09-19 11:41:21.909,421.614175590095,95
2024-09-19 11:41:21.931,421.6744687233265,1000
2024-09-19 11:41:21.979,421.6852352305045,1000
2024-09-19 11:41:21.980,421.717090188504,999
2024-09-19 11:41:22.607,421.72852769133925,11
2024-09-19 11:41:22.664,421.71759912583656,1000
2024-09-19 11:41:22.942,421.7426653373224,1000
2024-09-19 11:41:22.990,421.7572806841324,13
2024-09-19 11:41:23.001,421.7485270912778,1004
2024-09-19 11:41:23.128,421.7575447427347,9
2024-09-19 11:41:23.196,421.7594617249353,13
2024-09-19 11:41:23.756,421.7527028848636,998
2024-09-19 11:41:23.792,421.7599401691269,105
2024-09-19 11:41:23.809,421.7650890353536,1002
2024-09-19 11:41:23.815,421.7358979667758,1000
2024-09-19 11:41:24.046,421.7740144635444,1001
2024-09-19 11:41:24.108,421.7563837509247,1001
2024-09-19 11:41:24.170,421.76636903862897,102
2024-09-19 11:41:24.187,421.7526092879788,101
2024-09-19 11:41:24.193,421.7576173097469,999
2024-09-19 11:41:24.217,421.7557516765879,104
2024-09-19 11:41:24.338,421.75771747018985,999
2024-09-19 11:41:24.430,421.7531060596375,1003
2024-09-19 11:41:24.469,421.755912851519,7
2024-09-19 11:41:24.516,421.7530331020465,99
2024-09-19 11:41:24.576,421.7721469286371,1003
2024-09-19 11:41:24.627,421.75797334291786,1004
2024-09-19 11:41:24.670,421.7454791958084,6
2024-09-19 11:41:24.709,421.71633380390017,996
2024-09-19 11:41:24.782,421.7433735819738,999
2024-09-19 11:41:25.099,421.8055967807055,1001
2024-09-19 11:41:25.138,421.8058503752056,101
2024-09-19 11:41:25.212,421.7931226045217,96
2024-09-19 11:41:25.308,421.7193328421398,1000
2024-09-19 11:41:25.318,421.804795584043,10
2024-09-19 11:41:25.344,,1000
2024-09-19 11:41:25.409,421.7851656369966,101
2024-09-19 11:41:25.440,421.7895665415597,5
2024-09-19 11:41:25.522,421.7534028012285,1003
2024-09-19 11:41:25.528,421.8072028594987,102
2024-09-19 11:41:25.547,421.79736379677416,97
2024-09-19 11:41:25.679,421.7536927849016,10
2024-09-19 11:41:25.685,421.73761660347895,105
2024-09-19 11:41:25.719,421.7312855246124,1002
2024-09-19 11:41:25.725,421.7929634969969,996
2024-09-19 11:41:25.790,421.73047635088784,11
2024-09-19 11:41:25.795,421.8212928368647,12
2024-09-19 11:41:25.802,421.8098202133856,1000
2024-09-19 11:41:25.872,421.7947155878471,96
2024-09-19 11:41:25.894,421.7938817505885,15
2024-09-19 11:41:25.897,421.7646143822287,14
2024-09-19 11:41:27.053,421.8068990941368,102
2024-09-19 11:41:27.171,421.79398839606046,10
2024-09-19 11:41:27.764,421.8169773792712,1000
2024-09-19 11:41:27.873,421.7979671733434,11
2024-09-19 11:41:28.017,421.75921042121735,7
2024-09-19 11:41:28.046,421.7587298598903,6
2024-09-19 11:41:28.093,421.7911953333017,7
2024-09-19 11:41:28.148,421.7194750295554,1001
2024-09-19 11:41:28.169,421.8018621337688,1000
2024-09-19 11:41:28.205,421.7935074582679,12
2024-09-19 11:41:28.227,421.7077531883023,1002
2024-09-19 11:41:28.290,421.68828234255307,1001
2024-09-19 11:41:28.354,421.7662223471406,96
2024-09-19 11:41:28.434,421.74560312277634,6
2024-09-19 11:41:28.482,421.7534910418197,7
2024-09-19 11:41:28.504,421.7572654362151,98
2024-09-19 11:41:28.602,421.7587800059909,998
2024-09-19 11:41:28.631,421.8122504545182,999
2024-09-19 11:41:28.649,421.8082799024324,99
2024-09-19 11:41:28.653,421.7741469249359,103
2024-09-19 11:41:28.689,421.7493071493769,6
2024-09-19 11:41:28.708,421.7743318267372,1004
2024-09-19 11:41:28.762,421.76984001622174,99
2024-09-19 11:41:28.780,421.8029400555832,101
2024-09-19 11:41:28.834,421.75979664960585,999
2024-09-19 11:41:28.886,421.7274282226252,96
2024-09-19 11:41:28.923,421.7606606765373,13
2024-09-19 11:41:28.964,421.69190448604274,999
2024-09-19 11:41:28.969,421.685443877597,1004
2024-09-19 11:41:29.022,421.6042600016759,100
2024-09-19 11:41:29.041,421.6013647035237,1001
2024-09-19 11:41:29.060,421.6493265265336,15
2024-09-19 11:41:29.067,421.6445407042671,12
2024-09-19 11:41:29.110,421.6249638131406,105
2024-09-19 11:41:29.129,421.6910327976736,98
2024-09-19 11:41:29.163,-421.64850205590295,11
2024-09-19 11:41:29.200,421.65747892568425,9
2024-09-19 11:41:29.237,421.65875741436327,997
2024-09-19 11:41:29.266,421.64092085967206,1005
2024-09-19 11:41:29.284,421.67532129730375,997
2024-09-19 11:41:29.344,421.6485551076421,99
2024-09-19 11:41:29.475,421.6589578154959,15
2024-09-19 11:41:29.478,421.63574801157057,11
2024-09-19 11:41:29.499,421.62178758059713,998
2024-09-19 11:41:29.629,421.6603379674548,7
2024-09-19 11:41:29.688,421.6304324207953,13
2024-09-19 11:41:29.703,421.6241244145013,8
2024-09-19 11:41:29.757,421.6416172468062,97
2024-09-19 11:41:29.764,421.65177533334105,96
2024-09-19 11:41:29.824,421.6908430671285,1003
2024-09-19 11:41:29.826,421.6153145590808,15
2024-09-19 11:41:29.848,421.65160450972377,997
2024-09-19 11:41:29.850,421.6615838667326,998
2024-09-19 11:41:29.857,421.6949170339706,12
2024-09-19 11:41:29.859,421.6435921724273,13
2024-09-19 11:41:29.874,421.6344018315457,1000
2024-09-19 11:41:29.919,421.64460365104287,1004
2024-09-19 11:41:29.922,421.6346312720258,5
2024-09-19 11:41:29.981,421.6459552522728,10
2024-09-19 11:41:30.047,421.7051928669486,7
2024-09-19 11:41:30.074,421.70629979110487,10
2024-09-19 11:41:30.111,421.6987748226521,14
2024-09-19 11:41:30.145,421.6744590862084,13
2024-09-19 11:41:30.199,42.17128412298137,98
2024-09-19 11:41:30.388,421.6904299274448,997
2024-09-19 11:41:30.687,421.701857758662,7
2024-09-19 11:41:30.747,421.7013183798432,996
2024-09-19 11:41:30.751,421.6947230083072,13
2024-09-19 11:41:30.769,421.7009064442631,96
2024-09-19 11:41:30.810,421.7155406482129,12
2024-09-19 11:41:30.892,421.7003015191019,12
2024-09-19 11:41:30.920,421.6843721721512,103
2024-09-19 11:41:30.951,421.7099598947841,14
2024-09-19 11:41:30.977,421.7281479137296,1001
2024-09-19 11:41:30.984,421.72197066446455,103
2024-09-19 11:41:30.998,421.69560223774994,1004
2024-09-19 11:41:31.029,421.6730699328966,996
2024-09-19 11:41:31.085,421.67196370633775,6
2024-09-19 11:41:31.093,421.67195001392633,1004
2024-09-19 11:41:31.100,421.675357447896,95
2024-09-19 11:41:31.159,421.6400728963126,1000
2024-09-19 11:41:31.200,421.72034523750216,1003
2024-09-19 11:41:31.212,421.63815460281705,101
2024-09-19 11:41:31.262,421.71468848074886,10
2024-09-19 11:41:31.549,421.64037313424654,1004
2024-09-19 11:41:31.592,421.70088508673706,998
2024-09-19 11:41:31.625,421.6962860890894,97
2024-09-19 11:41:31.698,421.6992738956553,10
2024-09-19 11:41:31.719,421.6432313734855,95
2024-09-19 11:41:31.794,421.6760435757722,5
2024-09-19 11:41:31.846,421.6530684688199,999
2024-09-19 11:41:32.022,421.5933632880231,12
2024-09-19 11:41:32.035,421.6265896931244,996
2024-09-19 11:41:32.057,421.646313676123,11
2024-09-19 11:41:32.079,421.6788109288927,102
2024-09-19 11:41:32.085,421.6646789830558,99
2024-09-19 11:41:32.096,421.6597024433327,6
2024-09-19 11:41:32.204,421.60865496105953,14
2024-09-19 11:41:32.225,421.6711410017834,1000
2024-09-19 11:41:32.226,421.6293393687369,996
2024-09-19 11:41:32.304,421.6709012514265,995
2024-09-19 11:41:32.362,421.643633167442,104
2024-09-19 11:41:32.428,421.65836972942856,8
2024-09-19 11:41:32.489,421.6210649629968,98
2024-09-19 11:41:32.531,421.6636040625498,104
2024-09-19 11:41:32.639,421.6574269607465,99
2024-09-19 11:41:32.685,421.6533447774166,104
2024-09-19 11:41:32.758,421.6597002739258,101
2024-09-19 11:41:32.768,421.6486700905015,5
2024-09-19 11:41:32.792,421.6402367162135,11
2024-09-19 11:41:32.811,421.6252823906284,1001
2024-09-19 11:41:32.892,421.6664730449522,1001
2024-09-19 11:41:32.920,421.6282065555869,1000
2024-09-19 11:41:33.036,-421.6111705314224,1001
2024-09-19 11:41:33.061,421.59183150754905,99
2024-09-19 11:41:33.207,421.625406047223,97
2024-09-19 11:41:33.213,421.6333463853939,5
2024-09-19 11:41:33.224,421.61433039374725,5
2024-09-19 11:41:33.256,421.64754837942974,1004
2024-09-19 11:41:33.298,421.60385475234153,1001
2024-09-19 11:41:33.316,421.63155973333767,9
2024-09-19 11:41:33.330,421.6188753766036,7
2024-09-19 11:41:33.380,421.6387783023129,105
2024-09-19 11:41:33.490,421.6021792226232,103
2024-09-19 11:41:33.498,421.6309484312216,97
2024-09-19 11:41:33.524,421.6306093745061,12
2024-09-19 11:41:33.559,421.64224398770943,13
2024-09-19 11:41:33.562,421.641421651744,15
2024-09-19 11:41:33.687,421.64325677218585,13
2024-09-19 11:41:33.691,421.6176246778168,105
2024-09-19 11:41:33.714,421.623912662201,95
2024-09-19 11:41:33.725,421.59383193857815,104
2024-09-19 11:41:33.729,421.6238377217392,105
2024-09-19 11:41:33.730,421.610108294789,10
2024-09-19 11:41:33.755,421.6362783430947,1005
2024-09-19 11:41:33.779,421.6177349518969,102
2024-09-19 11:41:33.808,421.6156105007373,999
2024-09-19 11:41:33.839,421.59243044703146,996
2024-09-19 11:41:33.858,421.6009026590684,999
2024-09-19 11:41:33.938,421.6141921004935,11
2024-09-19 11:41:33.969,421.6116354807834,1002
2024-09-19 11:41:33.986,421.63485105510966,8
2024-09-19 11:41:34.008,421.6860589240276,101
2024-09-19 11:41:34.211,421.686449452944,105
2024-09-19 11:41:34.241,421.6573767620271,12
2024-09-19 11:41:34.307,421.66868524624965,96
2024-09-19 11:41:34.322,421.65363589108296,100
2024-09-19 11:41:34.587,421.64992138388095,1004
2024-09-19 11:41:34.702,421.7200779632561,97
2024-09-19 11:41:34.761,421.6878900260506,995
2024-09-19 11:41:35.147,421.7244901394101,95
2024-09-19 11:41:35.528,421.7090001844953,99
2024-09-19 11:41:35.579,421.7006479793641,8
2024-09-19 11:41:36.009,421.72902327687024,995
2024-09-19 11:41:36.125,421.7574722100516,995
2024-09-19 11:41:36.141,421.7651154784973,103
2024-09-19 11:41:36.148,421.7440803673734,14
2024-09-19 11:41:36.149,421.7534105995565,9
2024-09-19 11:41:36.213,421.7477207890501,11
2024-09-19 11:41:36.240,421.7324336777897,8
2024-09-19 11:41:36.417,421.7300405318882,999
2024-09-19 11:41:36.419,421.74717352272273,998
2024-09-19 11:41:36.430,421.7569481439919,96
2024-09-19 11:41:36.507,421.7364585768413,5
2024-09-19 11:41:36.708,421.7472144872908,104
2024-09-19 11:41:36.749,421.7394323186472,14
2024-09-19 11:41:36.770,421.7381845150209,6
2024-09-19 11:41:36.826,421.7499517227858,15
2024-09-19 11:41:36.879,421.7508805696415,95
2024-09-19 11:41:36.984,421.7308818811957,1001
2024-09-19 11:41:37.165,421.7298120116295,13
2024-09-19 11:41:37.213,,997
2024-09-19 11:41:37.217,421.7493183817212,10
2024-09-19 11:41:37.223,421.7317352350514,995
2024-09-19 11:41:37.257,421.71209834733145,10
2024-09-19 11:41:37.279,421.7346020290176,8
2024-09-19 11:41:37.343,421.75190156657226,1004
2024-09-19 11:41:37.545,421.7578576945566,101
2024-09-19 11:41:37.560,421.73923341626266,1002
2024-09-19 11:41:37.570,421.7219604133526,8
2024-09-19 11:41:37.622,421.7512811053224,100
2024-09-19 11:41:37.654,421.7647929634487,97
2024-09-19 11:41:37.738,421.7439976084704,99
2024-09-19 11:41:37.752,421.77166332047096,995
2024-09-19 11:41:37.785,421.7275272195385,997
2024-09-19 11:41:37.977,-421.7812768863277,105
2024-09-19 11:41:38.010,421.7384716752799,7
2024-09-19 11:41:38.028,421.7016664768439,103
2024-09-19 11:41:38.100,421.6946626142567,96
2024-09-19 11:41:38.125,421.7349963133386,104
2024-09-19 11:41:38.130,421.7539951437897,105
2024-09-19 11:41:38.140,421.7474226252612,100
2024-09-19 11:41:38.163,421.7208718545274,15
2024-09-19 11:41:38.191,421.71832226176736,998
2024-09-19 11:41:38.226,421.74736861805616,98
2024-09-19 11:41:38.227,421.7036621492487,100
2024-09-19 11:41:38.278,421.731618612601,97
2024-09-19 11:41:38.612,421.75394355612434,97
2024-09-19 11:41:38.669,421.72491741272535,1004
2024-09-19 11:41:38.758,421.7260373105645,995
2024-09-19 11:41:38.784,421.7292025938205,996
2024-09-19 11:41:38.810,421.7089940245296,12
2024-09-19 11:41:38.878,421.7451590588495,101
2024-09-19 11:41:38.885,421.7431665499137,996
2024-09-19 11:41:38.951,421.7219368892535,15
2024-09-19 11:41:39.001,421.72262507785183,99
2024-09-19 11:41:39.082,421.7168923153973,1004
2024-09-19 11:41:39.097,421.7159211386027,96
2024-09-19 11:41:39.097,421.7291753683513,997
2024-09-19 11:41:39.111,421.7038328088162,14
2024-09-19 11:41:39.226,421.7023319656032,100
2024-09-19 11:41:39.243,421.6884032770829,995
2024-09-19 11:41:39.245,421.7250033691187,9
2024-09-19 11:41:39.251,421.7546824271071,10
2024-09-19 11:41:39.299,421.722931999455,995
2024-09-19 11:41:39.305,421.7209732320104,99
2024-09-19 11:41:39.376,421.71543006088586,15
2024-09-19 11:41:39.387,421.7034426326469,102
2024-09-19 11:41:39.430,421.7346746416432,1002
2024-09-19 11:41:39.437,421.7081229996165,1002
2024-09-19 11:41:39.479,421.71883773714376,998
2024-09-19 11:41:39.534,421.7322947115961,100
2024-09-19 11:41:39.559,421.70639373400303,95
2024-09-19 11:41:39.576,421.7124189715802,1003
2024-09-19 11:41:39.578,421.7111255007669,1005
2024-09-19 11:41:39.583,421.70298748295295,996
2024-09-19 11:41:39.626,421.7114887681144,10
2024-09-19 11:41:39.774,421.7259629483179,97
2024-09-19 11:41:39.868,421.732137199861,11
2024-09-19 11:41:39.919,421.6997242227862,104
2024-09-19 11:41:39.937,421.7269102306669,104
2024-09-19 11:41:40.047,421.8236502844085,102
2024-09-19 11:41:40.061,421.8532183239192,95
2024-09-19 11:41:40.093,,9
2024-09-19 11:41:40.154,421.81440382439314,1003
2024-09-19 11:41:40.163,421.7863065249909,1004
2024-09-19 11:41:40.182,421.8215444500664,99
2024-09-19 11:41:40.209,421.8152401544548,96
2024-09-19 11:41:40.210,421.88670722328015,1001
2024-09-19 11:41:40.231,421.826776841014,999
2024-09-19 11:41:40.283,421.8958269027895,100
2024-09-19 11:41:40.345,421.7573843473848,95
2024-09-19 11:41:40.410,421.8090375192693,1005
2024-09-19 11:41:40.439,421.7712006165344,102
2024-09-19 11:41:40.445,421.82002424920273,11
2024-09-19 11:41:40.445,421.7496721973308,1002
2024-09-19 11:41:40.462,421.7856129499229,1003
2024-09-19 11:41:40.475,421.8134850137824,98
2024-09-19 11:41:40.478,421.78154424448167,998
2024-09-19 11:41:40.575,421.8868506234241,101
2024-09-19 11:41:40.576,421.7544991231276,5
2024-09-19 11:41:40.643,421.76653300392536,9
2024-09-19 11:41:40.765,421.8842127715239,1003
2024-09-19 11:41:40.812,421.8768951525237,1002
2024-09-19 11:41:40.879,421.759225152455,998
2024-09-19 11:41:40.993,421.79465187180807,105
2024-09-19 11:41:41.015,421.9013410873527,96
2024-09-19 11:41:41.202,421.88685310281954,11
2024-09-19 11:41:41.250,421.9015268292587,104
2024-09-19 11:41:41.349,421.89816903761226,10
2024-09-19 11:41:41.490,421.8955229589478,995
2024-09-19 11:41:41.548,421.9308400366789,104
2024-09-19 11:41:41.629,421.8811475656851,1001
2024-09-19 11:41:41.709,421.9016568657316,100
2024-09-19 11:41:41.750,421.9092766290779,1001
2024-09-19 11:41:41.750,421.9427809564663,997
2024-09-19 11:41:41.824,421.89298171908126,8
2024-09-19 11:41:41.922,421.8947618378512,1003
2024-09-19 11:41:42.102,421.9471672496242,95
2024-09-19 11:41:42.194,421.9555053657377,10
2024-09-19 11:41:42.351,421.94740336159833,14
2024-09-19 11:41:42.440,421.934548853385,1004
2024-09-19 11:41:42.556,421.9383330802043,996
2024-09-19 11:41:42.563,421.94816009289366,1000
2024-09-19 11:41:42.688,421.9377502848756,7
2024-09-19 11:41:43.007,421.9236582581747,14
2024-09-19 11:41:43.047,421.92959510888977,6
2024-09-19 11:41:43.220,421.9445275849235,103
2024-09-19 11:41:43.603,421.9446300987723,1002
2024-09-19 11:41:43.755,421.9330013308936,1002
2024-09-19 11:41:43.999,421.93082952593016,1002
2024-09-19 11:41:43.999,421.9357675784032,995
2024-09-19 11:41:44.051,421.9403904771469,102
2024-09-19 11:41:44.098,421.9359622702179,1000
2024-09-19 11:41:44.119,421.9283602171627,996
2024-09-19 11:41:44.161,421.9510338897208,11
2024-09-19 11:41:44.539,421.96041253876814,103
2024-09-19 11:41:44.584,421.96163128894193,5
2024-09-19 11:41:44.625,421.9383605875113,995
2024-09-19 11:41:44.692,421.9494809427705,103
2024-09-19 11:41:44.892,,14
2024-09-19 11:41:44.908,421.9331754029053,14
2024-09-19 11:41:44.926,421.9348159927887,98
2024-09-19 11:41:45.000,421.9163536878968,97
2024-09-19 11:41:45.096,421.9169879110278,8
2024-09-19 11:41:45.115,421.9179111899664,6
2024-09-19 11:41:45.145,421.9678976499621,105
2024-09-19 11:41:45.208,421.9544375033177,95
2024-09-19 11:41:45.320,421.92024890725565,99
2024-09-19 11:41:45.330,421.934371043143,95
2024-09-19 11:41:45.351,421.9161052409693,96
2024-09-19 11:41:45.377,42.19474061231995,104
2024-09-19 11:41:45.388,421.9223307234244,96
2024-09-19 11:41:45.391,421.9299696934248,101
2024-09-19 11:41:45.446,421.9187629505213,11
2024-09-19 11:41:45.464,421.9387309386004,105
2024-09-19 11:41:45.470,421.9314428706164,97
2024-09-19 11:41:45.476,421.922096654183,999
2024-09-19 11:41:45.502,421.9119066733332,10
2024-09-19 11:41:45.514,421.9328673339118,99
2024-09-19 11:41:45.530,421.9349434364223,98
2024-09-19 11:41:45.616,421.9206662606482,999
2024-09-19 11:41:45.674,421.92322376790753,1004
2024-09-19 11:41:45.689,421.9201497921695,15
2024-09-19 11:41:45.797,421.9316396790068,1004
2024-09-19 11:41:45.827,421.9294418797583,1000
2024-09-19 11:41:45.838,421.9184552753944,6
2024-09-19 11:41:45.868,421.92737948011046,1000
2024-09-19 11:41:45.914,421.9120631820891,95
2024-09-19 11:41:45.981,421.9360796415725,998
2024-09-19 11:41:46.001,421.9506640855207,103
2024-09-19 11:41:46.002,421.92576081712775,995
2024-09-19 11:41:46.040,421.93326370551154,97
2024-09-19 11:41:46.045,421.9352393846076,100
2024-09-19 11:41:46.084,421.9318149947724,15
2024-09-19 11:41:46.096,421.932968699552,995
2024-09-19 11:41:46.113,421.94655875725454,97
2024-09-19 11:41:46.196,421.93059313379786,1003
2024-09-19 11:41:46.355,421.9422744834844,999
2024-09-19 11:41:46.394,421.9874415690575,12
2024-09-19 11:41:46.405,421.9803238863898,102
2024-09-19 11:41:46.408,421.9624989560799,103
2024-09-19 11:41:46.412,421.9900755559656,1005
2024-09-19 11:41:46.432,421.9579277070233,6
2024-09-19 11:41:46.440,421.9291440520633,95
2024-09-19 11:41:46.455,421.9293308846192,104
2024-09-19 11:41:46.459,421.95372368556207,12
2024-09-19 11:41:46.503,421.9229391607827,1005
2024-09-19 11:41:46.591,421.9385751971428,8
2024-09-19 11:41:46.607,421.9880750201938,105
2024-09-19 11:41:46.633,421.92500380994096,11
2024-09-19 11:41:46.824,421.9860711697927,1000
2024-09-19 11:41:46.841,421.9401130778422,98
2024-09-19 11:41:46.925,421.9528925844084,98
2024-09-19 11:41:47.004,422.00036885237074,99
2024-09-19 11:41:47.113,421.9796070366547,1000
2024-09-19 11:41:47.173,422.0025428272664,102
2024-09-19 11:41:47.196,421.9975864256489,998
2024-09-19 11:41:47.233,421.9712593977628,102
2024-09-19 11:41:47.259,421.97393540419216,5
2024-09-19 11:41:47.274,421.9544535064043,7
2024-09-19 11:41:47.298,421.95821491394696,1000
2024-09-19 11:41:47.385,-421.9495236456704,95
2024-09-19 11:41:47.476,421.9462040457176,97
2024-09-19 11:41:47.600,421.9715811647046,11
2024-09-19 11:41:47.670,421.950923515524,13
2024-09-19 11:41:47.772,421.9617536130641,104
2024-09-19 11:41:47.772,421.9442457409981,105
2024-09-19 11:41:47.788,421.9839369672052,1002
2024-09-19 11:41:47.834,421.9684429073415,997
2024-09-19 11:41:47.878,421.96636823499216,1003
2024-09-19 11:41:48.087,421.9654779416304,1000
2024-09-19 11:41:48.189,421.95381876942537,7
2024-09-19 11:41:48.233,421.95289991360977,100
2024-09-19 11:41:48.508,421.9561033910644,1004
2024-09-19 11:41:48.645,421.9447118695154,103
2024-09-19 11:41:49.068,421.9397242005229,14
2024-09-19 11:41:49.079,421.943149649904,997
2024-09-19 11:41:49.273,421.97194355048526,998
2024-09-19 11:41:49.343,421.9784149687175,9
2024-09-19 11:41:49.531,421.9680015577049,102
2024-09-19 11:41:49.702,421.9743049896164,104
2024-09-19 11:41:50.002,421.9259243087509,997
2024-09-19 11:41:50.077,421.9454382046603,95
2024-09-19 11:41:50.160,422.01155555125337,12
2024-09-19 11:41:50.179,421.9974950495183,96
2024-09-19 11:41:50.185,421.9790432720686,15
2024-09-19 11:41:50.217,421.9864522148856,7
2024-09-19 11:41:50.239,421.9683989372278,97
2024-09-19 11:41:50.270,421.90427165870415,8
2024-09-19 11:41:50.301,421.91533519741625,101
2024-09-19 11:41:50.418,421.8954364904173,1003
2024-09-19 11:41:50.470,421.9187787575849,105
2024-09-19 11:41:50.490,421.921442880683,11
2024-09-19 11:41:50.519,421.8997621405134,995
2024-09-19 11:41:50.519,421.8990476543306,15
2024-09-19 11:41:50.537,422.003345708733,102
2024-09-19 11:41:50.566,421.984829867564,104
2024-09-19 11:41:50.687,421.9163569013171,104
2024-09-19 11:41:50.752,421.9670102393159,105
2024-09-19 11:41:50.797,421.9720529061205,96
2024-09-19 11:41:50.809,421.98012790680815,1001
2024-09-19 11:41:50.844,42.19451282302887,104
2024-09-19 11:41:50.870,422.0045889506507,97
2024-09-19 11:41:50.874,421.92571011103297,95
2024-09-19 11:41:50.880,421.8835688879067,998
2024-09-19 11:41:50.919,421.92493001313767,12
2024-09-19 11:41:51.003,421.9357886635624,999
2024-09-19 11:41:51.005,421.9033116386667,1003
2024-09-19 11:41:51.050,421.9129600704834,97
2024-09-19 11:41:51.116,421.9006726978532,12
2024-09-19 11:41:51.272,421.9131284869163,7
2024-09-19 11:41:51.428,421.8832747370071,995
2024-09-19 11:41:51.523,421.92088600117336,98
2024-09-19 11:41:51.622,421.8783579425841,1005
2024-09-19 11:41:51.667,421.9210718982992,999
2024-09-19 11:41:51.705,421.9335475217023,98
2024-09-19 11:41:51.755,421.9139491052176,5
2024-09-19 11:41:51.787,421.9271528861784,997
2024-09-19 11:41:51.790,421.895784558097,13
2024-09-19 11:41:51.801,421.9173308537381,7
2024-09-19 11:41:51.803,421.9096738267228,15
2024-09-19 11:41:51.810,421.9291557507103,1004
2024-09-19 11:41:52.565,421.947952562544,13
2024-09-19 11:41:52.590,421.940610077695,9
2024-09-19 11:41:52.604,421.9500994440388,1005
2024-09-19 11:41:52.916,421.9391275170668,998
2024-09-19 11:41:53.016,421.92629802136094,999
2024-09-19 11:41:53.082,421.9375602968753,1002
2024-09-19 11:41:53.093,421.942140028912,1002
2024-09-19 11:41:53.150,421.9432245183812,102
2024-09-19 11:41:53.172,421.9057268825159,13
2024-09-19 11:41:53.200,421.9277549821692,104
2024-09-19 11:41:53.251,421.9584593429838,101
2024-09-19 11:41:53.353,421.9543806578825,1002
2024-09-19 11:41:53.437,421.9084666652774,1002
2024-09-19 11:41:53.492,421.9091893736815,8
2024-09-19 11:41:53.574,42.1927419013676,8
2024-09-19 11:41:53.608,421.89847797439313,999
2024-09-19 11:41:53.618,421.9419718322493,99
2024-09-19 11:41:53.702,421.9669095103391,100
2024-09-19 11:41:53.806,421.9557538947947,15
2024-09-19 11:41:53.912,421.9299492819312,6
2024-09-19 11:41:53.917,421.960991236087,999
2024-09-19 11:41:53.921,421.9635586557433,14
2024-09-19 11:41:53.979,421.9648889743629,104
2024-09-19 11:41:53.994,421.9532603939214,8
2024-09-19 11:41:54.054,421.8645077036968,12
2024-09-19 11:41:54.066,421.8310852816701,9
2024-09-19 11:41:54.083,421.8126321777158,101
2024-09-19 11:41:54.094,421.88212685874055,6
2024-09-19 11:41:54.205,421.8485984025026,104
2024-09-19 11:41:54.233,421.80795956983445,102
2024-09-19 11:41:54.235,421.8800050437006,95
2024-09-19 11:41:54.265,421.8742641951297,1002
2024-09-19 11:41:54.358,421.8598026519289,95
2024-09-19 11:41:54.480,421.8820309501921,999
2024-09-19 11:41:54.537,421.7956978063279,5
2024-09-19 11:41:54.538,421.8208449187887,13
2024-09-19 11:41:54.568,421.8133463345592,96
2024-09-19 11:41:54.589,421.865544569889,13
2024-09-19 11:41:54.623,-421.8509958786921,97
2024-09-19 11:41:54.640,421.8789684449947,105
2024-09-19 11:41:54.715,421.8570110256801,996
2024-09-19 11:41:54.768,421.86214110428347,1002
2024-09-19 11:41:54.797,421.8903020739362,1004
2024-09-19 11:41:54.866,421.8564559279988,1002
2024-09-19 11:41:54.928,421.8746861347722,96
2024-09-19 11:41:54.978,421.79629030263726,101
2024-09-19 11:41:55.004,421.7786813475356,998
2024-09-19 11:41:55.008,421.82227732483767,1000
2024-09-19 11:41:55.047,421.7760106919832,999
2024-09-19 11:41:55.066,421.7785635123569,97
2024-09-19 11:41:55.149,421.8194424357,1002
2024-09-19 11:41:55.170,421.8168554879244,6
2024-09-19 11:41:55.257,421.7838561387837,11
2024-09-19 11:41:55.280,421.8153865657861,15
2024-09-19 11:41:55.281,421.7667832687944,1005
2024-09-19 11:41:55.322,421.8346262386205,997
2024-09-19 11:41:55.333,421.8133195898386,98
2024-09-19 11:41:55.362,421.79268669765264,104
2024-09-19 11:41:55.405,421.8190013969747,105
2024-09-19 11:41:55.410,421.8053230721024,1001
2024-09-19 11:41:55.415,421.834066191233,995
2024-09-19 11:41:55.439,421.82078685967247,98
2024-09-19 11:41:55.563,421.78712734901023,97
2024-09-19 11:41:55.579,421.82348707106,1003
2024-09-19 11:41:55.641,421.8248841352977,95
2024-09-19 11:41:55.643,421.8253240578592,105
2024-09-19 11:41:55.701,421.8221800752682,99
2024-09-19 11:41:55.760,421.79532422566734,7
2024-09-19 11:41:55.910,421.7594145608005,1004
2024-09-19 11:41:55.926,421.8118661467952,1000
2024-09-19 11:41:55.973,421.8141801702099,998
2024-09-19 11:41:55.986,421.7645318499725,999
2024-09-19 11:41:56.036,421.7999558399507,1000
2024-09-19 11:41:56.070,421.7627730595684,999
2024-09-19 11:41:56.103,421.7619546782095,97
2024-09-19 11:41:56.110,421.78564547835856,7
2024-09-19 11:41:56.118,421.77287836165146,1000
2024-09-19 11:41:56.127,421.7371034682764,9
2024-09-19 11:41:56.174,421.7525371597635,15
2024-09-19 11:41:56.224,421.779058311752,14
2024-09-19 11:41:56.228,421.763726613408,998
2024-09-19 11:41:56.260,421.7759247006041,1000
2024-09-19 11:41:56.454,421.780708690428,997
2024-09-19 11:41:56.529,421.7551060812063,103
2024-09-19 11:41:56.559,421.7683718407983,1001
2024-09-19 11:41:56.570,421.78131006770815,12
2024-09-19 11:41:56.593,421.7506608377796,8
2024-09-19 11:41:56.597,421.7869029803686,102
2024-09-19 11:41:56.609,421.75946850932615,999
2024-09-19 11:41:56.620,421.7642705328713,1004
2024-09-19 11:41:56.743,421.7633245485043,1001
2024-09-19 11:41:56.796,421.7624066052306,997
2024-09-19 11:41:56.833,421.7720997919208,101
2024-09-19 11:41:56.853,421.7828322378171,998
2024-09-19 11:41:56.913,421.7713981807812,9
2024-09-19 11:41:56.933,421.7725847658514,13
2024-09-19 11:41:57.061,421.6816045617116,100
2024-09-19 11:41:57.169,421.7206961762537,1005
2024-09-19 11:41:57.234,421.72605367439377,100
2024-09-19 11:41:57.238,421.7359253066846,1004
2024-09-19 11:41:57.242,421.7458334261507,999
2024-09-19 11:41:57.268,421.7059290007512,14
2024-09-19 11:41:57.331,421.6737783124794,105
2024-09-19 11:41:57.377,421.70413513092814,995
2024-09-19 11:41:57.496,421.7195271895686,10
2024-09-19 11:41:57.511,421.7502374197033,1004
2024-09-19 11:41:57.591,421.7212323700517,5
2024-09-19 11:41:57.658,421.6933500082854,9
2024-09-19 11:41:57.779,421.65270244618665,1001
2024-09-19 11:41:57.822,421.7366821885242,99
2024-09-19 11:41:57.942,421.76000649651786,999
2024-09-19 11:41:57.968,421.71502012423895,998
2024-09-19 11:41:57.970,421.71448701954665,1003
2024-09-19 11:41:57.997,421.7347259147838,103
2024-09-19 11:41:58.176,421.6173666047436,98
2024-09-19 11:41:58.224,421.6344750818902,1002
2024-09-19 11:41:58.448,421.6179258858552,15
2024-09-19 11:41:58.705,421.6213057553957,13
2024-09-19 11:41:58.717,421.619087689127,12
2024-09-19 11:41:58.889,421.6036838023981,1005
2024-09-19 11:41:58.979,421.6213167205385,8
2024-09-19 11:41:59.031,421.6180990559647,997
2024-09-19 11:41:59.107,421.5225987638639,1001
2024-09-19 11:41:59.371,421.5601673216317,995
2024-09-19 11:41:59.418,421.5464356986826,14
2024-09-19 11:41:59.450,421.51896807623433,101
2024-09-19 11:41:59.470,421.6184310601396,998
2024-09-19 11:41:59.523,421.5283998672029,998
2024-09-19 11:41:59.573,421.5170074837782,998
2024-09-19 11:41:59.584,421.525917516224,99
2024-09-19 11:41:59.590,421.5903111464133,99
2024-09-19 11:41:59.595,421.5701215408093,7
2024-09-19 11:41:59.599,421.6390477372442,99
2024-09-19 11:41:59.599,421.6398290538249,5
2024-09-19 11:41:59.610,421.5287946444504,997
2024-09-19 11:41:59.665,421.589194001743,96
2024-09-19 11:41:59.709,421.518581554567,98
2024-09-19 11:41:59.720,421.6155076937709,1003
2024-09-19 11:41:59.789,421.5307764015333,997
2024-09-19 11:41:59.814,421.6259140618272,96
2024-09-19 11:41:59.849,421.54019322973033,6
2024-09-19 11:41:59.855,421.505197038639,98
2024-09-19 11:41:59.888,421.5450372059314,101
2024-09-19 11:41:59.931,421.52149072524526,13
2024-09-19 11:41:59.936,421.6043399811073,1005
2024-09-19 11:41:59.951,421.6324942700524,12
