Timestamp,Price,Size
2024-09-19 12:07:00.138,422.7174104595157,104
2024-09-19 12:07:01.063,422.70105543008464,995
2024-09-19 12:07:01.084,422.7059044753484,995
2024-09-19 12:07:01.131,422.7131517151869,1004
2024-09-19 12:07:01.192,422.7062206213344,101
2024-09-19 12:07:01.277,422.7208102937939,98
2024-09-19 12:07:01.290,422.718984417299,104
2024-09-19 12:07:01.291,422.7083491175058,10
2024-09-19 12:07:01.319,422.69289442816336,100
2024-09-19 12:07:01.370,422.7111689029889,1001
2024-09-19 12:07:01.386,422.7129101209871,10
2024-09-19 12:07:01.525,422.72565724128833,995
2024-09-19 12:07:01.563,422.70128916884767,98
2024-09-19 12:07:01.608,422.7124337162041,99
2024-09-19 12:07:01.688,422.711300714214,10
2024-09-19 12:07:01.712,422.6755396641334,1004
2024-09-19 12:07:01.812,422.7120932132834,95
2024-09-19 12:07:01.856,422.7125794109142,104
2024-09-19 12:07:01.902,422.70502110112886,6
2024-09-19 12:07:01.904,422.67073453104166,11
2024-09-19 12:07:01.912,422.68969643133937,999
2024-09-19 12:07:01.923,422.68386383309104,12
2024-09-19 12:07:01.932,422.6868874373022,6
2024-09-19 12:07:01.956,422.7039950016584,10
2024-09-19 12:07:01.971,422.71683297057,14
2024-09-19 12:07:01.975,422.72359904412696,10
2024-09-19 12:07:02.246,422.7333244341884,999
2024-09-19 12:07:02.285,422.7588509683749,1004
2024-09-19 12:07:02.295,422.6982637529253,1002
2024-09-19 12:07:02.342,422.7062272445229,7
2024-09-19 12:07:02.350,422.7123310208875,1004
2024-09-19 12:07:02.431,422.72629215976747,102
2024-09-19 12:07:02.440,422.7510978077033,101
2024-09-19 12:07:02.451,422.7337360688962,98
2024-09-19 12:07:02.490,422.7178164409016,996
2024-09-19 12:07:02.491,422.6958583624444,1000
2024-09-19 12:07:02.511,422.755516735963,15
2024-09-19 12:07:02.519,422.7421276617687,999
2024-09-19 12:07:02.560,422.7616743647236,7
2024-09-19 12:07:02.606,422.7412072064183,11
2024-09-19 12:07:02.608,422.7264618701185,11
2024-09-19 12:07:02.651,422.7144372022239,104
2024-09-19 12:07:02.712,422.7482179390863,999
2024-09-19 12:07:02.763,422.71160586338254,1000
2024-09-19 12:07:02.787,422.7290569651698,95
2024-09-19 12:07:02.789,422.71081839567023,7
2024-09-19 12:07:02.829,422.7049721850241,101
2024-09-19 12:07:02.837,422.71997178757294,15
2024-09-19 12:07:02.841,422.7828503650583,1001
2024-09-19 12:07:02.851,422.70788940467327,98
2024-09-19 12:07:02.853,422.6659912444577,12
2024-09-19 12:07:02.861,422.7319262815601,10
2024-09-19 12:07:02.864,422.7611900143828,1002
2024-09-19 12:07:02.876,422.7186705848936,997
2024-09-19 12:07:02.978,422.7301295483269,98
2024-09-19 12:07:03.007,422.7764598335749,8
2024-09-19 12:07:03.086,422.8014096495981,999
2024-09-19 12:07:03.203,422.7872459054495,102
2024-09-19 12:07:03.256,422.804313025664,101
2024-09-19 12:07:03.412,422.7802064555213,99
2024-09-19 12:07:03.437,422.7560321803115,104
2024-09-19 12:07:03.450,422.7914154048936,10
2024-09-19 12:07:03.571,422.7670503450892,101
2024-09-19 12:07:03.577,422.7972404139372,12
2024-09-19 12:07:03.591,,14
2024-09-19 12:07:03.607,422.7969854823759,100
2024-09-19 12:07:03.623,422.7941295668118,1004
2024-09-19 12:07:03.642,422.7966483593162,1000
2024-09-19 12:07:03.650,422.77924638972615,995
2024-09-19 12:07:03.728,422.7810611701197,996
2024-09-19 12:07:03.811,422.7605744886202,1002
2024-09-19 12:07:03.869,422.7856495002357,8
2024-09-19 12:07:03.883,422.7744414970312,101
2024-09-19 12:07:03.888,422.7603363239424,6
2024-09-19 12:07:03.972,422.7831472966192,5
2024-09-19 12:07:04.657,422.8077277966904,98
2024-09-19 12:07:04.745,422.8163788542456,10
2024-09-19 12:07:04.776,422.81380327664056,1004
2024-09-19 12:07:04.877,422.78998955686114,1003
2024-09-19 12:07:05.049,422.8082303784036,998
2024-09-19 12:07:05.056,422.82959679832834,104
2024-09-19 12:07:05.537,422.8248918861409,12
2024-09-19 12:07:05.634,422.8110003794596,5
2024-09-19 12:07:06.000,422.84147195840967,999
2024-09-19 12:07:06.493,422.8335348203257,12
2024-09-19 12:07:06.552,422.8358431124705,14
2024-09-19 12:07:06.624,422.8228601538363,13
2024-09-19 12:07:06.649,422.8256249931459,9
2024-09-19 12:07:07.155,422.8284066907594,10
2024-09-19 12:07:07.476,422.8360847368924,6
2024-09-19 12:07:08.213,422.82957758349113,1002
2024-09-19 12:07:08.305,422.8296390083156,7
2024-09-19 12:07:08.482,422.8250576681359,102
2024-09-19 12:07:08.572,422.8295523863072,15
2024-09-19 12:07:08.593,-422.8467929348769,1003
2024-09-19 12:07:08.714,422.8268562746265,6
2024-09-19 12:07:08.718,422.8220529838068,7
2024-09-19 12:07:08.801,422.8273264826355,12
2024-09-19 12:07:08.907,422.8393631792921,1001
2024-09-19 12:07:09.684,422.8210751478875,12
2024-09-19 12:07:09.722,422.8229296209605,98
2024-09-19 12:07:09.801,422.8218752696975,99
2024-09-19 12:07:09.846,422.82201415140497,6
2024-09-19 12:07:10.024,422.8953649796371,997
2024-09-19 12:07:10.030,422.83801913422656,996
2024-09-19 12:07:10.034,422.88537967393336,101
2024-09-19 12:07:10.064,422.89586206323145,1004
2024-09-19 12:07:10.073,422.8859307525977,103
2024-09-19 12:07:10.159,422.864302950694,999
2024-09-19 12:07:10.193,422.8315892475047,8
2024-09-19 12:07:10.206,422.89354435188096,13
2024-09-19 12:07:10.288,422.86956728511393,1001
2024-09-19 12:07:10.321,422.8700665993368,997
2024-09-19 12:07:10.359,422.8745845838948,105
2024-09-19 12:07:10.432,422.8756945646956,105
2024-09-19 12:07:10.474,422.890791392856,14
2024-09-19 12:07:10.581,422.8491896418257,9
2024-09-19 12:07:10.595,422.8848142386479,12
2024-09-19 12:07:10.618,422.82046174112224,14
2024-09-19 12:07:10.627,422.8371901883667,103
2024-09-19 12:07:10.681,422.8366714272895,100
2024-09-19 12:07:10.718,422.8499688177834,1002
2024-09-19 12:07:10.725,422.8480819106673,11
2024-09-19 12:07:10.781,422.8145351659685,1004
2024-09-19 12:07:10.825,422.8637801162267,13
2024-09-19 12:07:10.973,422.87858465854833,103
2024-09-19 12:07:11.009,422.82580520430207,10
2024-09-19 12:07:11.055,422.8490724443906,997
2024-09-19 12:07:11.125,422.8788172420528,10
2024-09-19 12:07:11.150,422.8105950652923,995
2024-09-19 12:07:11.284,422.84086199819984,996
2024-09-19 12:07:11.309,422.86368654516247,9
2024-09-19 12:07:11.320,422.8372082690432,13
2024-09-19 12:07:11.539,422.8632201192078,1005
2024-09-19 12:07:11.569,422.83292589223936,102
2024-09-19 12:07:11.571,422.8244084235545,97
2024-09-19 12:07:11.579,422.8675002684852,100
2024-09-19 12:07:11.605,422.85317147855,100
2024-09-19 12:07:11.648,422.88249092303545,105
2024-09-19 12:07:11.665,422.8772522847109,996
2024-09-19 12:07:11.826,422.8595692442321,15
2024-09-19 12:07:11.907,422.86008154622834,1003
2024-09-19 12:07:11.962,422.83495286430167,11
2024-09-19 12:07:11.979,422.8524448814959,998
2024-09-19 12:07:11.992,422.8576125236556,103
2024-09-19 12:07:12.009,422.8532131498196,97
2024-09-19 12:07:12.121,422.79015669887855,9
2024-09-19 12:07:12.147,422.8250573768568,101
2024-09-19 12:07:12.172,422.8073008716152,101
2024-09-19 12:07:12.257,422.85188937265247,7
2024-09-19 12:07:12.269,422.8037543334124,995
2024-09-19 12:07:12.294,422.8139539121092,1000
2024-09-19 12:07:12.339,422.8246270015379,101
2024-09-19 12:07:12.361,422.819672995888,11
2024-09-19 12:07:12.393,422.84624066479824,14
2024-09-19 12:07:12.463,422.8273438209383,9
2024-09-19 12:07:12.483,422.8273674442506,996
2024-09-19 12:07:12.499,422.8146232349544,13
2024-09-19 12:07:12.518,422.81678530178016,98
2024-09-19 12:07:12.520,,1002
2024-09-19 12:07:12.536,422.80512017119673,10
2024-09-19 12:07:12.548,422.8379404038991,1000
2024-09-19 12:07:12.551,422.8235759197641,998
2024-09-19 12:07:12.607,422.8123105696548,101
2024-09-19 12:07:12.616,422.8145034906608,98
2024-09-19 12:07:12.640,422.8003307409145,13
2024-09-19 12:07:12.647,422.818444855442,9
2024-09-19 12:07:12.814,422.7830040283741,1002
2024-09-19 12:07:12.845,422.8319607836883,997
2024-09-19 12:07:12.864,422.851383004596,8
2024-09-19 12:07:12.868,422.7948452565153,10
2024-09-19 12:07:12.901,422.8253184632939,1003
2024-09-19 12:07:12.926,422.7967452554698,1003
2024-09-19 12:07:12.996,422.8549999809006,105
2024-09-19 12:07:13.144,422.7810339998718,101
2024-09-19 12:07:13.164,422.785798792793,1003
2024-09-19 12:07:13.840,422.8196673608927,100
2024-09-19 12:07:13.878,-422.7785631442634,103
2024-09-19 12:07:14.001,422.7908560105906,995
2024-09-19 12:07:14.007,422.7957290818997,100
2024-09-19 12:07:14.021,422.8484309833452,14
2024-09-19 12:07:14.028,422.79878019841226,999
2024-09-19 12:07:14.051,422.8011336074027,8
2024-09-19 12:07:14.063,422.837945074536,11
2024-09-19 12:07:14.156,422.8306977532576,1003
2024-09-19 12:07:14.169,422.82124288868073,13
2024-09-19 12:07:14.172,422.7910856945588,999
2024-09-19 12:07:14.180,422.7963562563074,12
2024-09-19 12:07:14.218,422.8054295708515,997
2024-09-19 12:07:14.393,422.8033466427868,95
2024-09-19 12:07:14.403,422.86851741959583,104
2024-09-19 12:07:14.405,422.8001954787079,1004
2024-09-19 12:07:14.429,422.8257518722175,999
2024-09-19 12:07:14.457,422.801866360096,1003
2024-09-19 12:07:14.506,422.78214683677896,1002
2024-09-19 12:07:14.544,422.7863093889589,102
2024-09-19 12:07:14.549,422.81323303434175,100
2024-09-19 12:07:14.690,422.8102737316623,96
2024-09-19 12:07:14.707,422.7918727367089,95
2024-09-19 12:07:14.758,422.83250162964873,105
2024-09-19 12:07:14.783,422.8142443890656,8
2024-09-19 12:07:14.803,422.8108249795691,100
2024-09-19 12:07:14.846,422.798659587066,95
2024-09-19 12:07:14.857,422.7910813709964,15
2024-09-19 12:07:14.880,422.8028720659401,103
2024-09-19 12:07:14.952,422.78361190497446,12
2024-09-19 12:07:14.956,422.7968564149652,95
2024-09-19 12:07:15.002,422.8652932775073,12
2024-09-19 12:07:15.201,422.869445177433,999
2024-09-19 12:07:15.229,422.8686708755727,1000
2024-09-19 12:07:15.420,422.86083349501615,1005
2024-09-19 12:07:15.425,422.8521458154009,101
2024-09-19 12:07:15.523,422.8900998648498,102
2024-09-19 12:07:15.565,422.8517259975546,100
2024-09-19 12:07:15.578,422.8506808432318,105
2024-09-19 12:07:15.607,422.8654647576868,1002
2024-09-19 12:07:15.616,422.8559933841674,104
2024-09-19 12:07:15.647,422.8675447813501,10
2024-09-19 12:07:15.653,422.888572308544,9
2024-09-19 12:07:15.665,422.84871728178615,10
2024-09-19 12:07:16.005,422.8599812523706,1001
2024-09-19 12:07:16.036,422.8500679550485,13
2024-09-19 12:07:16.129,422.8445699540518,997
2024-09-19 12:07:16.242,422.864986886783,14
2024-09-19 12:07:16.270,422.8505405528447,6
2024-09-19 12:07:16.353,422.8438420120336,10
2024-09-19 12:07:16.357,422.85116478421935,8
2024-09-19 12:07:16.371,422.8537906172809,96
2024-09-19 12:07:16.442,422.8564544829913,10
2024-09-19 12:07:16.471,422.8546184628853,105
2024-09-19 12:07:16.570,422.8482714033573,998
2024-09-19 12:07:16.664,422.8693493580806,1000
2024-09-19 12:07:16.714,422.86947113615497,10
2024-09-19 12:07:16.789,422.8356665773853,12
2024-09-19 12:07:16.822,422.8469946935732,1000
2024-09-19 12:07:16.941,422.8396557927155,1003
2024-09-19 12:07:17.097,422.85953550136975,6
2024-09-19 12:07:17.120,422.848523518564,6
2024-09-19 12:07:17.168,422.86075984885,97
2024-09-19 12:07:17.173,422.8521505846849,1005
2024-09-19 12:07:17.371,422.8504626071273,1002
2024-09-19 12:07:17.485,422.8484062674734,995
2024-09-19 12:07:17.528,422.85458124492425,9
2024-09-19 12:07:17.587,422.86631553929817,101
2024-09-19 12:07:17.602,422.8440620761082,10
2024-09-19 12:07:17.606,422.8634660889332,12
2024-09-19 12:07:17.615,422.847661171497,1003
2024-09-19 12:07:17.620,-422.8424203375541,104
2024-09-19 12:07:17.767,422.8670621334412,6
2024-09-19 12:07:17.905,422.8518888718573,9
2024-09-19 12:07:17.930,422.8611585217691,1002
2024-09-19 12:07:17.999,422.8625713320418,95
2024-09-19 12:07:18.008,422.7748641200043,103
2024-09-19 12:07:18.026,422.77020462034574,995
2024-09-19 12:07:18.085,422.7681693256887,95
2024-09-19 12:07:18.099,422.7810840053128,13
2024-09-19 12:07:18.117,422.7969152487933,1001
2024-09-19 12:07:18.130,422.80835198737685,12
2024-09-19 12:07:18.181,422.7757380396103,103
2024-09-19 12:07:18.202,422.8156406101596,15
2024-09-19 12:07:18.215,422.7873744893704,103
2024-09-19 12:07:18.427,422.7869499735266,96
2024-09-19 12:07:18.496,422.7861356401164,105
2024-09-19 12:07:18.654,422.7761872532072,8
2024-09-19 12:07:18.660,422.7852303955455,11
2024-09-19 12:07:18.674,422.7830312895634,105
2024-09-19 12:07:18.700,422.7959703972483,100
2024-09-19 12:07:18.731,422.80744766338864,10
2024-09-19 12:07:18.754,422.8033260273837,997
2024-09-19 12:07:18.800,422.7847602652336,8
2024-09-19 12:07:18.952,422.83228895375953,98
2024-09-19 12:07:18.970,422.75959140296015,105
2024-09-19 12:07:18.974,422.7881630729725,996
2024-09-19 12:07:18.999,422.83290080685714,103
2024-09-19 12:07:19.030,422.9013316604272,1003
2024-09-19 12:07:19.032,422.84502290643337,1004
2024-09-19 12:07:19.110,422.8741338661022,96
2024-09-19 12:07:19.212,422.8751934284196,996
2024-09-19 12:07:19.373,422.8405283180482,12
2024-09-19 12:07:19.396,422.84456302537006,997
2024-09-19 12:07:19.610,422.9169170848468,99
2024-09-19 12:07:19.779,422.8816208913256,11
2024-09-19 12:07:19.793,422.8840766332309,96
2024-09-19 12:07:19.858,422.858269666057,1004
2024-09-19 12:07:19.888,422.83618759053496,101
2024-09-19 12:07:19.907,422.8816131318778,10
2024-09-19 12:07:19.912,422.9028663562541,15
2024-09-19 12:07:19.960,422.86250062903423,98
2024-09-19 12:07:19.972,422.8529609836924,100
2024-09-19 12:07:19.981,422.8366811178957,100
2024-09-19 12:07:20.052,422.9761474654528,1003
2024-09-19 12:07:20.082,422.9558338481057,1002
2024-09-19 12:07:20.095,422.986814360594,9
2024-09-19 12:07:20.130,422.98596093097535,1001
2024-09-19 12:07:20.137,,96
2024-09-19 12:07:20.153,422.9958774723498,103
2024-09-19 12:07:20.174,422.985142927512,1003
2024-09-19 12:07:20.175,422.97551949655247,999
2024-09-19 12:07:20.178,422.9801588005392,1005
2024-09-19 12:07:20.203,422.97605148318655,98
2024-09-19 12:07:20.227,422.9569095008309,1001
2024-09-19 12:07:20.274,422.9711971881898,100
2024-09-19 12:07:20.366,422.9903708285941,103
2024-09-19 12:07:20.380,422.9786279432621,6
2024-09-19 12:07:20.400,423.00024416104986,996
2024-09-19 12:07:20.446,422.9515160007369,9
2024-09-19 12:07:20.502,422.9781569166998,104
2024-09-19 12:07:20.541,422.9855813582652,100
2024-09-19 12:07:20.658,423.0080938221926,100
2024-09-19 12:07:20.694,422.99311899871583,998
2024-09-19 12:07:20.769,422.9866585966354,995
2024-09-19 12:07:20.831,422.9789763650951,14
2024-09-19 12:07:20.912,422.9800133314471,1004
2024-09-19 12:07:20.926,422.9864417048781,102
2024-09-19 12:07:20.951,422.97951660752784,1000
2024-09-19 12:07:21.007,422.9280438453665,12
2024-09-19 12:07:21.081,422.9417247034801,100
2024-09-19 12:07:21.133,422.9335694427185,11
2024-09-19 12:07:21.408,422.913332365513,105
2024-09-19 12:07:21.440,422.9135019173968,1003
2024-09-19 12:07:21.606,422.9321470906165,997
2024-09-19 12:07:21.827,422.937784785758,99
2024-09-19 12:07:21.854,422.9061961638663,10
2024-09-19 12:07:21.912,422.9264008890016,98
2024-09-19 12:07:22.030,422.8543962373512,1000
2024-09-19 12:07:22.063,422.87439885973214,996
2024-09-19 12:07:22.122,422.91173678954846,998
2024-09-19 12:07:22.170,422.857653237711,11
2024-09-19 12:07:22.173,422.87671957137337,1003
2024-09-19 12:07:22.177,422.91192485579626,95
2024-09-19 12:07:22.185,422.91572032645206,104
2024-09-19 12:07:22.195,422.8652902322888,5
2024-09-19 12:07:22.273,422.8413112907135,103
2024-09-19 12:07:22.313,422.8485503286333,100
2024-09-19 12:07:22.364,422.91114258705375,102
2024-09-19 12:07:22.414,422.8954622478438,11
2024-09-19 12:07:22.427,422.922038869095,11
2024-09-19 12:07:22.443,422.8676632152788,99
2024-09-19 12:07:22.473,422.8413615420323,997
2024-09-19 12:07:22.531,422.8785937383334,98
2024-09-19 12:07:22.546,422.832179049963,1000
2024-09-19 12:07:22.578,422.9156650776169,97
2024-09-19 12:07:22.782,422.8736001905357,997
2024-09-19 12:07:22.788,422.8699760180828,101
2024-09-19 12:07:22.824,422.8330323053438,101
2024-09-19 12:07:22.878,422.8692661583555,15
2024-09-19 12:07:23.204,422.850211357313,999
2024-09-19 12:07:23.257,42.28123577481072,105
2024-09-19 12:07:23.525,422.8325721791209,101
2024-09-19 12:07:23.537,422.80525253239824,995
2024-09-19 12:07:23.600,422.8079836127279,7
2024-09-19 12:07:23.809,422.8453576764263,10
2024-09-19 12:07:24.013,422.8585275945621,1004
2024-09-19 12:07:24.199,422.8451948170104,1002
2024-09-19 12:07:24.212,42.2852117688826,6
2024-09-19 12:07:24.247,422.8158370753157,13
2024-09-19 12:07:24.276,422.8593581131425,9
2024-09-19 12:07:24.493,422.8242541553495,11
2024-09-19 12:07:24.617,422.8365823300061,1000
2024-09-19 12:07:24.656,42.28341874776248,11
2024-09-19 12:07:24.668,422.815572364557,98
2024-09-19 12:07:24.694,422.8880814522529,997
2024-09-19 12:07:25.022,422.9891612281922,5
2024-09-19 12:07:25.134,422.9670948510246,999
2024-09-19 12:07:25.228,42.29579834531712,8
2024-09-19 12:07:25.307,422.9614796226828,997
2024-09-19 12:07:25.428,422.9701700585755,1004
2024-09-19 12:07:25.452,422.9838960582218,6
2024-09-19 12:07:25.642,422.9867272568949,1001
2024-09-19 12:07:25.660,422.97374712531376,996
2024-09-19 12:07:25.846,422.97297960603294,999
2024-09-19 12:07:25.869,422.9354698880031,105
2024-09-19 12:07:25.904,422.9667426180565,998
2024-09-19 12:07:25.953,422.972491441305,998
2024-09-19 12:07:26.153,422.9750798603198,995
2024-09-19 12:07:26.311,422.9807765337007,1000
2024-09-19 12:07:26.355,422.9863284071053,1005
2024-09-19 12:07:26.734,422.9512057530659,100
2024-09-19 12:07:26.737,422.9735812456563,98
2024-09-19 12:07:26.864,422.9781193490597,997
2024-09-19 12:07:27.054,422.9740016887219,1001
2024-09-19 12:07:27.064,422.9946125530812,997
2024-09-19 12:07:27.137,422.9425809009025,14
2024-09-19 12:07:27.191,422.9723770666762,10
2024-09-19 12:07:27.215,422.9785985014161,97
2024-09-19 12:07:27.220,422.9848851988827,100
2024-09-19 12:07:27.235,422.97722093264525,5
2024-09-19 12:07:27.338,422.9840604935615,11
2024-09-19 12:07:27.374,422.9375180880639,13
2024-09-19 12:07:27.553,422.94293787269953,8
2024-09-19 12:07:27.643,422.948152353014,1004
2024-09-19 12:07:27.742,422.9622032620246,7
2024-09-19 12:07:27.838,422.9899536679863,102
2024-09-19 12:07:27.841,422.9501247201889,13
2024-09-19 12:07:27.993,422.9761142468358,95
2024-09-19 12:07:28.378,422.9624151227317,998
2024-09-19 12:07:29.019,423.0394473331942,13
2024-09-19 12:07:29.022,423.00591014441534,95
2024-09-19 12:07:29.031,423.06608714223785,1002
2024-09-19 12:07:29.054,422.9832276013025,1004
2024-09-19 12:07:29.058,422.9537050520062,104
2024-09-19 12:07:29.111,422.9545285648143,97
2024-09-19 12:07:29.152,423.0758056768805,99
2024-09-19 12:07:29.184,422.9513100169124,998
2024-09-19 12:07:29.264,423.0248882968021,999
2024-09-19 12:07:29.277,423.0425188699913,97
2024-09-19 12:07:29.334,423.0522737177497,10
2024-09-19 12:07:29.344,423.0243783807262,1002
2024-09-19 12:07:29.433,422.9991768332234,996
2024-09-19 12:07:29.518,422.9973539779521,1002
2024-09-19 12:07:29.578,423.0755989144136,999
2024-09-19 12:07:29.592,423.0480055340594,95
2024-09-19 12:07:29.628,422.9562369905661,15
2024-09-19 12:07:29.674,423.05988213582015,104
2024-09-19 12:07:29.716,422.995446488034,9
2024-09-19 12:07:29.725,423.0330114511885,1005
2024-09-19 12:07:29.745,423.035716573954,7
2024-09-19 12:07:29.794,423.0261568798911,1002
2024-09-19 12:07:29.817,423.0446109813618,1000
2024-09-19 12:07:29.905,,11
2024-09-19 12:07:29.916,422.9967288872441,13
2024-09-19 12:07:29.957,423.00309997131177,15
2024-09-19 12:07:29.964,423.00054635749547,1000
2024-09-19 12:07:29.969,423.05830934334057,1004
2024-09-19 12:07:29.972,423.0473183864224,7
2024-09-19 12:07:30.027,423.08465641189554,7
2024-09-19 12:07:30.047,423.09375922403416,101
2024-09-19 12:07:30.222,423.0757875861797,995
2024-09-19 12:07:30.306,423.0742534338437,995
2024-09-19 12:07:30.345,423.0655982724976,10
2024-09-19 12:07:30.432,423.1101375421385,105
2024-09-19 12:07:30.436,423.1114828353016,12
2024-09-19 12:07:30.571,423.1166693984389,101
2024-09-19 12:07:30.758,423.0553588772091,6
2024-09-19 12:07:30.786,423.074323394424,15
2024-09-19 12:07:30.790,423.0552534858712,997
2024-09-19 12:07:30.837,423.09711434187176,15
2024-09-19 12:07:30.887,423.0602615115914,97
2024-09-19 12:07:30.907,423.0662303851502,105
2024-09-19 12:07:30.953,423.05508617976056,97
2024-09-19 12:07:31.124,423.0134414605902,1000
2024-09-19 12:07:31.261,423.0572550449991,99
2024-09-19 12:07:31.292,423.0652571524277,998
2024-09-19 12:07:31.335,423.0436265733733,1000
2024-09-19 12:07:31.466,423.04261041030105,997
2024-09-19 12:07:31.573,423.0310252304917,1005
2024-09-19 12:07:31.574,423.0743689236664,100
2024-09-19 12:07:31.581,423.0862114772006,1003
2024-09-19 12:07:31.608,423.0403133634561,11
2024-09-19 12:07:31.736,423.0709214484706,99
2024-09-19 12:07:31.796,423.0660576360924,103
2024-09-19 12:07:31.823,423.0525232156292,1001
2024-09-19 12:07:31.852,423.0584354299805,104
2024-09-19 12:07:31.859,423.0500356976492,95
2024-09-19 12:07:31.860,423.0646397910082,996
2024-09-19 12:07:31.962,423.0207376019789,99
2024-09-19 12:07:32.019,422.9664060204313,95
2024-09-19 12:07:32.056,423.0051261668887,105
2024-09-19 12:07:32.092,422.9631982430815,995
2024-09-19 12:07:32.123,423.0557734229423,99
2024-09-19 12:07:32.249,423.00424255034585,96
2024-09-19 12:07:32.251,422.9874694084687,5
2024-09-19 12:07:32.313,423.0243078524131,98
2024-09-19 12:07:32.414,422.9982844604944,5
2024-09-19 12:07:32.437,423.02460076563295,997
2024-09-19 12:07:32.460,423.0079210193386,9
2024-09-19 12:07:32.513,423.0037548189964,104
2024-09-19 12:07:32.593,423.0142945578767,11
2024-09-19 12:07:32.603,423.00829441160994,9
2024-09-19 12:07:32.635,423.00886810321873,9
2024-09-19 12:07:32.696,423.0162294642817,1005
2024-09-19 12:07:32.700,422.9904171982499,98
2024-09-19 12:07:32.707,422.9712916111879,1005
2024-09-19 12:07:32.708,423.0289559216651,12
2024-09-19 12:07:32.753,423.0225012758504,5
2024-09-19 12:07:32.764,422.9975989146488,12
2024-09-19 12:07:32.778,423.0150536934717,97
2024-09-19 12:07:32.786,422.97803334004567,5
2024-09-19 12:07:32.800,423.003833419471,14
2024-09-19 12:07:32.907,423.02572683957817,104
2024-09-19 12:07:32.941,422.987095229322,998
2024-09-19 12:07:32.951,423.0322877799282,9
2024-09-19 12:07:33.015,-423.0451244682775,13
2024-09-19 12:07:33.036,423.0797451819527,1004
2024-09-19 12:07:33.079,423.061240920193,11
2024-09-19 12:07:33.232,42.30753431305798,101
2024-09-19 12:07:33.265,423.0741320880658,15
2024-09-19 12:07:33.405,423.05406018228194,12
2024-09-19 12:07:33.423,423.05664868963896,95
2024-09-19 12:07:33.464,423.0637656346327,1005
2024-09-19 12:07:33.651,423.057108952094,97
2024-09-19 12:07:33.666,423.0802251844182,13
2024-09-19 12:07:33.680,423.0482078403004,95
2024-09-19 12:07:33.723,423.0760025181625,13
2024-09-19 12:07:33.749,423.05884969612646,7
2024-09-19 12:07:33.802,423.0814058508716,95
2024-09-19 12:07:33.850,423.0743629289765,1002
2024-09-19 12:07:33.870,423.0740061765796,1004
2024-09-19 12:07:33.876,423.06803499441713,99
2024-09-19 12:07:33.891,423.083088800167,95
2024-09-19 12:07:33.944,423.0865681730255,98
2024-09-19 12:07:34.015,423.1385274474482,100
2024-09-19 12:07:34.050,423.0858746998387,6
2024-09-19 12:07:34.152,423.1546677535177,1002
2024-09-19 12:07:34.161,423.1070677934309,6
2024-09-19 12:07:34.171,423.08007667477256,97
2024-09-19 12:07:34.174,423.10677153300566,99
2024-09-19 12:07:34.175,423.12737314989687,998
2024-09-19 12:07:34.238,423.1044268095809,1005
2024-09-19 12:07:34.315,423.143639278672,15
2024-09-19 12:07:34.379,423.09784462953866,6
2024-09-19 12:07:34.460,423.11590964391456,95
2024-09-19 12:07:34.481,423.15248204954094,12
2024-09-19 12:07:34.514,423.0832424329947,11
2024-09-19 12:07:34.617,423.09350676200864,97
2024-09-19 12:07:34.636,423.08659804763096,103
2024-09-19 12:07:34.723,423.0855108403354,95
2024-09-19 12:07:34.764,423.137995654521,995
2024-09-19 12:07:34.845,423.0813149103903,103
2024-09-19 12:07:34.848,423.0783818811168,1005
2024-09-19 12:07:34.850,423.065876647852,14
2024-09-19 12:07:34.967,423.0976762226348,104
2024-09-19 12:07:34.983,423.0767264105005,7
2024-09-19 12:07:34.984,423.1123381517001,15
2024-09-19 12:07:35.044,423.0687433392375,1005
2024-09-19 12:07:35.139,423.0514746777269,1005
2024-09-19 12:07:35.175,423.06071506407056,1000
2024-09-19 12:07:35.189,423.0528926553804,1002
2024-09-19 12:07:35.374,423.0587988188129,96
2024-09-19 12:07:35.620,423.07405262210784,101
2024-09-19 12:07:35.646,423.0407927006359,998
2024-09-19 12:07:35.705,423.04883533284215,1004
2024-09-19 12:07:35.877,423.04320479527627,102
2024-09-19 12:07:36.025,422.9885430017093,95
2024-09-19 12:07:36.053,422.9966508334209,14
2024-09-19 12:07:36.113,422.99729148486,95
2024-09-19 12:07:36.132,423.0075856539337,1004
2024-09-19 12:07:36.152,422.9895511897442,99
2024-09-19 12:07:36.159,422.9842258579217,102
2024-09-19 12:07:36.220,423.0471927528383,1004
2024-09-19 12:07:36.222,422.9927312169281,12
2024-09-19 12:07:36.244,422.9840427995435,15
2024-09-19 12:07:36.250,423.00214739548926,7
2024-09-19 12:07:36.321,423.075862679044,103
2024-09-19 12:07:36.417,422.9740875247319,6
2024-09-19 12:07:36.430,422.98646169892464,14
2024-09-19 12:07:36.550,423.06170682403257,1000
2024-09-19 12:07:36.560,423.0639340838167,7
2024-09-19 12:07:36.615,423.00761217312254,1005
2024-09-19 12:07:36.733,423.0689209226997,1005
2024-09-19 12:07:36.836,422.969579457965,97
2024-09-19 12:07:36.861,423.0116944690725,99
2024-09-19 12:07:36.910,423.0635527774728,1003
2024-09-19 12:07:36.948,423.0584854288037,1000
2024-09-19 12:07:36.964,423.0200224980358,101
2024-09-19 12:07:36.981,422.9905407289056,95
2024-09-19 12:07:37.114,422.9961243222622,1005
2024-09-19 12:07:37.157,422.9512216226407,997
2024-09-19 12:07:37.330,422.9407505919335,9
2024-09-19 12:07:37.364,422.9551181398193,997
2024-09-19 12:07:37.380,422.9500571508649,1002
2024-09-19 12:07:37.574,422.93809856636784,104
2024-09-19 12:07:37.700,422.9673655309904,1000
2024-09-19 12:07:37.709,422.95339606819874,997
2024-09-19 12:07:37.776,422.9701360130551,9
2024-09-19 12:07:37.857,422.9737365188788,9
2024-09-19 12:07:37.965,422.964117166948,100
2024-09-19 12:07:38.005,422.9771917742728,999
2024-09-19 12:07:38.005,423.0147853394401,14
2024-09-19 12:07:38.041,423.0166063408039,7
2024-09-19 12:07:38.199,423.0164349862628,12
2024-09-19 12:07:38.206,422.9967942337264,995
2024-09-19 12:07:38.228,423.00157650670985,996
2024-09-19 12:07:38.242,423.0188773045887,103
2024-09-19 12:07:38.312,423.0177578127973,6
2024-09-19 12:07:38.425,422.9810540144193,5
2024-09-19 12:07:38.759,423.0273319481992,98
2024-09-19 12:07:38.861,423.0099247370799,9
2024-09-19 12:07:39.102,423.0237835298141,14
2024-09-19 12:07:39.104,423.04739889466464,10
2024-09-19 12:07:39.129,423.0412936799336,8
2024-09-19 12:07:39.143,423.0081653263686,1002
2024-09-19 12:07:39.194,423.0377491021842,104
2024-09-19 12:07:39.198,423.0439723070371,15
2024-09-19 12:07:39.206,422.98571499101047,9
2024-09-19 12:07:39.215,423.0371978704899,10
2024-09-19 12:07:39.238,423.0334018983468,15
2024-09-19 12:07:39.296,423.0338604459443,1000
2024-09-19 12:07:39.306,423.0360258156607,103
2024-09-19 12:07:39.383,42.30331477707463,12
2024-09-19 12:07:39.414,423.03005906709416,100
2024-09-19 12:07:39.518,423.040881180344,14
2024-09-19 12:07:39.521,422.9893655197609,101
2024-09-19 12:07:39.597,423.0389059411615,1003
2024-09-19 12:07:39.608,423.0492352746298,7
2024-09-19 12:07:39.661,423.030345748156,101
2024-09-19 12:07:39.665,423.0545407574412,101
2024-09-19 12:07:39.718,423.0372080232458,103
2024-09-19 12:07:39.729,423.04407788066777,10
2024-09-19 12:07:39.761,423.0316055519053,95
2024-09-19 12:07:39.809,423.0462973920022,9
2024-09-19 12:07:39.812,423.0360954463704,100
2024-09-19 12:07:39.833,422.99725857947095,14
2024-09-19 12:07:39.994,423.04035045642047,1005
2024-09-19 12:07:40.038,423.0822443375513,1002
2024-09-19 12:07:40.241,423.0707336962362,1002
2024-09-19 12:07:40.256,423.083176767754,14
2024-09-19 12:07:40.331,423.075293020758,1002
2024-09-19 12:07:40.519,423.0820683354846,1003
2024-09-19 12:07:40.540,423.0652093228446,15
2024-09-19 12:07:40.593,423.0592837589626,95
2024-09-19 12:07:40.634,423.1012276180117,6
2024-09-19 12:07:40.752,423.0572958135827,12
2024-09-19 12:07:40.785,423.1013219489995,97
2024-09-19 12:07:40.804,423.092919203927,1000
2024-09-19 12:07:40.819,423.0778737644468,101
2024-09-19 12:07:40.881,423.1060342520439,999
2024-09-19 12:07:40.915,423.0586347852594,14
2024-09-19 12:07:41.072,423.08996836316703,12
2024-09-19 12:07:41.122,423.0501683064124,997
2024-09-19 12:07:41.255,423.0556609046637,1002
2024-09-19 12:07:41.496,423.0337178267428,995
2024-09-19 12:07:41.599,423.0864419864849,100
2024-09-19 12:07:41.658,423.0355829458173,99
2024-09-19 12:07:41.886,423.0888552242912,14
2024-09-19 12:07:42.025,423.0355372321956,9
2024-09-19 12:07:42.192,423.0356741337093,14
2024-09-19 12:07:42.234,423.0463615716,10
2024-09-19 12:07:42.244,423.01976807822575,102
2024-09-19 12:07:42.394,423.01522908084905,997
2024-09-19 12:07:42.459,423.031944327824,11
2024-09-19 12:07:42.463,423.04264063412944,6
2024-09-19 12:07:42.473,423.016791548638,97
2024-09-19 12:07:42.592,423.0270550077738,99
2024-09-19 12:07:42.594,423.0401451063871,15
2024-09-19 12:07:42.609,423.0530998048734,1003
2024-09-19 12:07:42.692,423.01927928503824,8
2024-09-19 12:07:42.694,423.032397623604,12
2024-09-19 12:07:42.785,423.0223883065945,998
2024-09-19 12:07:42.803,423.04334225122426,101
2024-09-19 12:07:42.920,423.0348224780657,1005
2024-09-19 12:07:42.932,423.0268879184642,14
2024-09-19 12:07:43.057,423.04495261788105,998
2024-09-19 12:07:43.146,422.99912075674126,5
2024-09-19 12:07:43.275,423.0029071695896,14
2024-09-19 12:07:43.349,422.9931355200428,1005
2024-09-19 12:07:43.425,422.994507561784,13
2024-09-19 12:07:43.450,423.0239177540259,97
2024-09-19 12:07:43.490,423.0132736088529,12
2024-09-19 12:07:43.576,422.9772114661829,996
2024-09-19 12:07:43.714,422.9590890384295,6
2024-09-19 12:07:43.796,422.9922371896857,15
2024-09-19 12:07:43.806,423.0130477402098,97
2024-09-19 12:07:43.807,,997
2024-09-19 12:07:43.936,422.9801198138191,1002
2024-09-19 12:07:43.958,422.9903403880131,1001
2024-09-19 12:07:43.973,423.02480839602015,996
2024-09-19 12:07:44.006,422.9833694900904,103
2024-09-19 12:07:44.063,422.9410948206851,1005
2024-09-19 12:07:44.198,422.9740771516864,5
2024-09-19 12:07:44.289,423.0159321042532,1005
2024-09-19 12:07:44.340,422.9381248182048,98
2024-09-19 12:07:44.456,422.9816785505389,1000
2024-09-19 12:07:44.505,422.954906847336,1004
2024-09-19 12:07:44.506,422.9742535210089,103
2024-09-19 12:07:44.515,422.9770327281772,10
2024-09-19 12:07:44.562,422.9821364206064,997
2024-09-19 12:07:44.622,422.9735308470258,1001
2024-09-19 12:07:44.625,422.9680365997632,14
2024-09-19 12:07:44.643,422.9381062669783,98
2024-09-19 12:07:44.677,422.9953428929247,1003
2024-09-19 12:07:44.685,422.95440289702657,8
2024-09-19 12:07:44.711,422.9484325023079,1005
2024-09-19 12:07:44.723,423.0127420589291,5
2024-09-19 12:07:44.731,422.9671400056052,12
2024-09-19 12:07:44.765,422.94587259391017,98
2024-09-19 12:07:44.822,422.9758492077631,101
2024-09-19 12:07:44.865,422.9823256822332,7
2024-09-19 12:07:44.877,422.9632784436509,104
2024-09-19 12:07:44.945,422.969730057086,100
2024-09-19 12:07:44.955,422.94968164161816,95
2024-09-19 12:07:44.974,422.93857433751145,8
2024-09-19 12:07:44.980,422.967897210489,96
2024-09-19 12:07:44.988,422.9746014967589,5
2024-09-19 12:07:45.211,423.0174592561365,1005
2024-09-19 12:07:45.338,423.0289473976167,100
2024-09-19 12:07:45.488,423.0259990233248,98
2024-09-19 12:07:45.686,423.0345206715901,105
2024-09-19 12:07:45.831,423.0116702857168,14
2024-09-19 12:07:45.997,423.024188658911,15
2024-09-19 12:07:46.002,422.9337074575795,1005
2024-09-19 12:07:46.011,423.0193638676552,5
2024-09-19 12:07:46.037,423.0290049705634,12
2024-09-19 12:07:46.069,423.014706256016,14
2024-09-19 12:07:46.070,423.0033743810971,101
2024-09-19 12:07:46.142,423.0077311562703,999
2024-09-19 12:07:46.206,422.9571548518278,9
2024-09-19 12:07:46.213,422.9204615853181,999
2024-09-19 12:07:46.261,422.9387982486165,11
2024-09-19 12:07:46.266,422.9939230761957,13
2024-09-19 12:07:46.305,422.9738886087527,13
2024-09-19 12:07:46.408,423.0272085658133,97
2024-09-19 12:07:46.409,423.0080900814864,15
2024-09-19 12:07:46.422,423.020962205188,997
2024-09-19 12:07:46.460,422.9232681754149,100
2024-09-19 12:07:46.462,423.00620500375146,5
2024-09-19 12:07:46.494,422.9323796852698,1003
2024-09-19 12:07:46.545,422.994978898092,10
2024-09-19 12:07:46.597,423.0092309702308,105
2024-09-19 12:07:46.611,422.9401784779768,8
2024-09-19 12:07:46.617,423.01008445072233,97
2024-09-19 12:07:46.677,423.0182664824633,10
2024-09-19 12:07:46.723,422.9942384535289,104
2024-09-19 12:07:46.776,423.01826566018985,95
2024-09-19 12:07:46.890,422.96183878169313,105
2024-09-19 12:07:46.919,422.937142905198,11
2024-09-19 12:07:46.984,422.9918792429561,1003
2024-09-19 12:07:47.035,423.04746427642937,7
2024-09-19 12:07:47.132,423.0034630960855,14
2024-09-19 12:07:47.249,422.9805383664831,99
2024-09-19 12:07:47.297,422.9924765806714,13
2024-09-19 12:07:47.301,422.9776892424312,102
2024-09-19 12:07:47.401,423.0439933420597,95
2024-09-19 12:07:47.511,423.036852454756,14
2024-09-19 12:07:47.588,423.0531559767044,1005
2024-09-19 12:07:47.672,423.05288881137335,11
2024-09-19 12:07:47.724,423.05527004335687,13
2024-09-19 12:07:47.773,423.0284915249882,96
2024-09-19 12:07:47.831,422.9846076094767,105
2024-09-19 12:07:47.881,422.97113704284266,102
2024-09-19 12:07:48.067,423.06131723528057,995
2024-09-19 12:07:48.613,423.0527169695545,102
2024-09-19 12:07:48.855,423.07557233423336,999
2024-09-19 12:07:49.167,423.051989668078,12
2024-09-19 12:07:49.388,423.0641262016116,13
2024-09-19 12:07:50.186,422.9875348585056,1000
2024-09-19 12:07:50.190,423.04388750773967,98
2024-09-19 12:07:50.191,423.0289733740551,102
2024-09-19 12:07:50.221,423.07448516872535,7
2024-09-19 12:07:50.247,423.03620008387225,1005
2024-09-19 12:07:50.308,423.0409783148536,103
2024-09-19 12:07:50.354,423.0351999227262,7
2024-09-19 12:07:50.704,423.0639833688747,95
2024-09-19 12:07:50.707,423.0124388238959,999
2024-09-19 12:07:50.885,423.05816994404495,6
2024-09-19 12:07:50.994,423.0464189093755,97
2024-09-19 12:07:51.010,422.9764435607385,6
2024-09-19 12:07:51.029,423.0227156542737,1001
2024-09-19 12:07:51.066,422.98344101545854,13
2024-09-19 12:07:51.171,422.9835675947264,11
2024-09-19 12:07:51.327,422.9803968518673,15
2024-09-19 12:07:51.372,423.013105271466,96
2024-09-19 12:07:51.461,423.0201906208418,1004
2024-09-19 12:07:51.513,422.98075604169327,1000
2024-09-19 12:07:51.531,423.0226531917493,11
2024-09-19 12:07:51.628,423.0260290702041,6
2024-09-19 12:07:51.643,423.0019280753454,996
2024-09-19 12:07:51.650,422.9743826638264,6
2024-09-19 12:07:51.674,423.0223643288924,100
2024-09-19 12:07:51.698,422.9716521043447,102
2024-09-19 12:07:51.902,423.0282412155354,7
2024-09-19 12:07:52.145,422.9941431704391,1001
2024-09-19 12:07:52.805,423.0063272771856,10
2024-09-19 12:07:52.957,42.30159177813725,1005
2024-09-19 12:07:53.027,-422.9957530253317,1000
2024-09-19 12:07:53.238,423.0069186078129,13
2024-09-19 12:07:53.321,422.9962640697311,12
2024-09-19 12:07:54.246,422.9866279380527,5
2024-09-19 12:07:54.775,422.9916759180001,13
2024-09-19 12:07:55.115,422.9918980673286,1000
2024-09-19 12:07:55.431,422.991945621332,998
2024-09-19 12:07:55.476,422.9889721576196,1003
2024-09-19 12:07:55.577,422.9885805064768,105
2024-09-19 12:07:55.583,422.97674859280426,102
2024-09-19 12:07:55.617,422.9805685552587,996
2024-09-19 12:07:55.715,422.9762864199564,7
2024-09-19 12:07:55.946,422.9837479477656,11
2024-09-19 12:07:56.059,423.00738133550425,7
2024-09-19 12:07:56.090,423.046717994086,5
2024-09-19 12:07:56.141,423.0070099610866,1002
2024-09-19 12:07:56.188,423.0109267588008,98
2024-09-19 12:07:56.195,423.060301327252,995
2024-09-19 12:07:56.201,423.03731790744166,999
2024-09-19 12:07:56.205,423.0393430406141,102
2024-09-19 12:07:56.274,423.035980104253,999
2024-09-19 12:07:56.280,423.00138164093096,15
2024-09-19 12:07:56.292,423.04680302241206,14
2024-09-19 12:07:56.302,423.0775530480447,1001
2024-09-19 12:07:56.359,423.0262235896096,10
2024-09-19 12:07:56.388,422.9889862655583,1005
2024-09-19 12:07:56.498,423.01522785917007,1002
2024-09-19 12:07:56.617,423.0239310149644,997
2024-09-19 12:07:56.647,423.0192231050745,1001
2024-09-19 12:07:56.698,423.0477056511419,7
2024-09-19 12:07:56.724,423.0493157826282,98
2024-09-19 12:07:56.748,423.03222619606447,101
2024-09-19 12:07:56.765,423.0480046252703,998
2024-09-19 12:07:56.793,423.0005641022984,1003
2024-09-19 12:07:56.859,423.0625940342265,5
2024-09-19 12:07:56.948,423.0689110843141,996
2024-09-19 12:07:57.054,423.0958308896069,100
2024-09-19 12:07:57.147,423.0756084560624,103
2024-09-19 12:07:57.189,423.083297404954,96
2024-09-19 12:07:57.261,423.0645262094612,1000
2024-09-19 12:07:57.337,423.0542199314874,14
2024-09-19 12:07:57.347,423.0748544276472,6
2024-09-19 12:07:57.547,423.04193504157,101
2024-09-19 12:07:57.602,423.0480065892785,8
2024-09-19 12:07:57.669,423.07604324972016,999
2024-09-19 12:07:57.718,423.0445567182048,996
2024-09-19 12:07:57.730,423.1182524492722,11
2024-09-19 12:07:57.914,423.0505552275132,5
2024-09-19 12:07:57.982,423.0659973110872,6
2024-09-19 12:07:58.113,423.114048304532,11
2024-09-19 12:07:58.190,423.0753796227294,99
2024-09-19 12:07:58.257,423.0674170143967,1005
2024-09-19 12:07:58.300,423.09691700989913,999
2024-09-19 12:07:58.404,423.0757488079933,999
2024-09-19 12:07:58.514,-423.0990832175977,99
2024-09-19 12:07:58.637,423.1013699739696,12
2024-09-19 12:07:58.688,423.1224157412157,15
2024-09-19 12:07:58.714,423.1000814517109,8
2024-09-19 12:07:58.837,423.10391209524215,12
2024-09-19 12:07:58.980,423.0898953150346,99
2024-09-19 12:07:59.165,423.0381601058234,103
2024-09-19 12:07:59.174,423.04687629189823,10
2024-09-19 12:07:59.276,423.0342017207244,999
2024-09-19 12:07:59.557,423.0719265614345,8
2024-09-19 12:07:59.587,423.0325098394953,999
2024-09-19 12:07:59.607,423.0529549695303,97
2024-09-19 12:07:59.822,423.08377532647074,997
2024-09-19 12:07:59.932,423.05354721211967,102
2024-09-19 12:07:59.961,423.0757723359739,10
