Timestamp,Price,Size
2024-09-20 14:09:00.041,429.67564886047927,996
2024-09-20 14:09:00.041,429.6923953307208,1003
2024-09-20 14:09:00.057,429.7018227277993,996
2024-09-20 14:09:00.092,429.7049427312124,1001
2024-09-20 14:09:00.097,429.743104672404,13
2024-09-20 14:09:00.315,429.7065220467687,999
2024-09-20 14:09:00.390,429.6874824426911,1003
2024-09-20 14:09:00.589,,96
2024-09-20 14:09:00.664,429.6970993600242,6
2024-09-20 14:09:00.715,429.7260935837131,103
2024-09-20 14:09:00.880,429.7150707312349,995
2024-09-20 14:09:00.900,429.7317322759945,10
2024-09-20 14:09:00.997,429.7364175213152,996
2024-09-20 14:09:02.241,429.7308699503649,105
2024-09-20 14:09:02.516,429.6996254930126,105
2024-09-20 14:09:02.663,429.7296689101543,6
2024-09-20 14:09:02.734,429.7004937107745,97
2024-09-20 14:09:03.382,429.6964198804472,5
2024-09-20 14:09:03.496,429.7209620195836,13
2024-09-20 14:09:03.519,429.7324172963365,7
2024-09-20 14:09:03.850,429.7104673319509,101
2024-09-20 14:09:03.954,429.7075384946324,7
2024-09-20 14:09:04.013,429.6880204642638,999
2024-09-20 14:09:04.128,429.6765185793358,8
2024-09-20 14:09:04.302,429.66533708465965,1002
2024-09-20 14:09:04.320,429.6969781271068,99
2024-09-20 14:09:04.575,429.6810756653581,105
2024-09-20 14:09:04.585,429.6931974146725,1002
2024-09-20 14:09:04.880,429.6842414533377,1001
2024-09-20 14:09:04.950,429.6791936892798,1000
2024-09-20 14:09:05.002,429.6713754981485,102
2024-09-20 14:09:05.039,429.69433437105874,14
2024-09-20 14:09:05.057,429.6414707320652,12
2024-09-20 14:09:05.092,429.6872683276054,102
2024-09-20 14:09:05.093,429.68149855435854,13
2024-09-20 14:09:05.219,429.6470832330199,5
2024-09-20 14:09:05.307,-429.61262372860665,98
2024-09-20 14:09:05.364,429.6025925446199,98
2024-09-20 14:09:05.423,429.6216077767661,1002
2024-09-20 14:09:05.503,429.6250701015793,10
2024-09-20 14:09:05.515,429.6341956382696,14
2024-09-20 14:09:05.637,429.6091491489482,1002
2024-09-20 14:09:05.647,429.6035344655224,998
2024-09-20 14:09:05.654,429.68649554010426,1005
2024-09-20 14:09:05.673,429.6215762313624,8
2024-09-20 14:09:05.675,429.6247358950188,1000
2024-09-20 14:09:05.870,429.6113000502508,7
2024-09-20 14:09:05.899,429.6809435315997,1002
2024-09-20 14:09:05.976,429.62576621232006,1001
2024-09-20 14:09:06.122,429.5994570521492,12
2024-09-20 14:09:06.127,429.5924001155312,1003
2024-09-20 14:09:06.194,429.5317713505833,998
2024-09-20 14:09:06.262,429.637503477575,11
2024-09-20 14:09:06.322,429.6068362783237,104
2024-09-20 14:09:06.367,429.55346450737017,14
2024-09-20 14:09:06.446,429.591780082478,995
2024-09-20 14:09:06.567,429.6172130205805,8
2024-09-20 14:09:06.656,429.5587471844428,998
2024-09-20 14:09:06.716,429.5616916309668,97
2024-09-20 14:09:06.871,429.59700699003776,11
2024-09-20 14:09:06.874,429.5814657107532,105
2024-09-20 14:09:08.086,429.5451376134921,999
2024-09-20 14:09:08.104,429.5875622518855,15
2024-09-20 14:09:08.107,429.5376684466382,1004
2024-09-20 14:09:08.107,429.5746181321708,1001
2024-09-20 14:09:08.140,429.5876511825263,104
2024-09-20 14:09:08.158,429.55321992682406,1002
2024-09-20 14:09:08.295,429.5550782667811,96
2024-09-20 14:09:08.305,429.5322003326733,9
2024-09-20 14:09:08.321,429.55106561475816,9
2024-09-20 14:09:08.322,429.5348618284067,995
2024-09-20 14:09:08.334,429.56931898519554,7
2024-09-20 14:09:08.398,429.5582366735826,15
2024-09-20 14:09:08.418,429.52422670305486,14
2024-09-20 14:09:08.433,429.5545932508412,7
2024-09-20 14:09:08.472,429.54318531017896,15
2024-09-20 14:09:08.486,429.5241389034328,104
2024-09-20 14:09:08.500,429.59545852337646,9
2024-09-20 14:09:08.506,429.52947088913794,8
2024-09-20 14:09:08.557,429.5592079323648,99
2024-09-20 14:09:08.560,429.57059793040486,12
2024-09-20 14:09:08.562,429.5864657727678,1003
2024-09-20 14:09:08.679,429.53490240916153,10
2024-09-20 14:09:08.723,429.549833951484,104
2024-09-20 14:09:08.730,429.5675293798817,1005
2024-09-20 14:09:08.755,429.53206941850976,5
2024-09-20 14:09:08.866,429.5445970484904,1002
2024-09-20 14:09:08.892,429.5317989684719,8
2024-09-20 14:09:08.911,429.5493488999997,100
2024-09-20 14:09:08.983,429.5843889921072,102
2024-09-20 14:09:09.071,429.5986416110052,96
2024-09-20 14:09:09.085,429.62451313924856,102
2024-09-20 14:09:09.092,429.6006815428971,11
2024-09-20 14:09:09.105,429.6033650231228,96
2024-09-20 14:09:09.114,429.6052161442644,15
2024-09-20 14:09:09.167,429.5859593531953,101
2024-09-20 14:09:09.211,429.6018547687787,1004
2024-09-20 14:09:09.218,429.59749071188514,1001
2024-09-20 14:09:09.248,429.599884842744,95
2024-09-20 14:09:09.303,429.61546584299975,997
2024-09-20 14:09:09.327,429.5992505560197,1002
2024-09-20 14:09:09.365,429.5899887742248,995
2024-09-20 14:09:09.441,429.5825822068925,11
2024-09-20 14:09:09.526,429.58814463143176,13
2024-09-20 14:09:09.572,429.6012495487118,1004
2024-09-20 14:09:09.642,429.6057240541608,1005
2024-09-20 14:09:09.695,429.61491903684873,7
2024-09-20 14:09:09.723,429.5942007219608,997
2024-09-20 14:09:09.770,429.6046609199217,96
2024-09-20 14:09:09.780,429.6051066935111,1003
2024-09-20 14:09:09.866,429.6075411023312,998
2024-09-20 14:09:10.020,429.6269286053391,99
2024-09-20 14:09:10.045,429.58182451936347,12
2024-09-20 14:09:10.127,,996
2024-09-20 14:09:10.131,429.6178380014422,995
2024-09-20 14:09:10.191,-429.5903592500478,102
2024-09-20 14:09:10.409,429.6217621562103,996
2024-09-20 14:09:10.446,429.6319346330768,100
2024-09-20 14:09:10.450,429.5875464992816,996
2024-09-20 14:09:10.454,429.59103659908254,97
2024-09-20 14:09:10.460,429.6380869589048,998
2024-09-20 14:09:10.474,429.60615315950713,105
2024-09-20 14:09:10.632,429.6165863689048,1002
2024-09-20 14:09:10.661,429.58506939888406,1004
2024-09-20 14:09:10.687,429.6087618459986,10
2024-09-20 14:09:10.725,-429.5864059876227,996
2024-09-20 14:09:10.729,429.5941901215714,1004
2024-09-20 14:09:10.749,429.644189110726,7
2024-09-20 14:09:10.757,429.623162036845,9
2024-09-20 14:09:10.780,429.5667879205066,98
2024-09-20 14:09:10.811,429.59362069106487,95
2024-09-20 14:09:10.829,-429.56946640143394,1003
2024-09-20 14:09:10.945,429.6438910302133,99
2024-09-20 14:09:10.984,429.6502518898644,10
2024-09-20 14:09:11.116,429.5968525456856,6
2024-09-20 14:09:11.194,429.61154944998265,1004
2024-09-20 14:09:11.458,429.6024470992179,13
2024-09-20 14:09:11.638,429.5924507808309,5
2024-09-20 14:09:11.775,429.6031384733355,995
2024-09-20 14:09:12.082,429.5484375815053,96
2024-09-20 14:09:12.094,429.5906034343333,1000
2024-09-20 14:09:12.155,429.5974462110828,999
2024-09-20 14:09:12.448,429.5690210038119,1001
2024-09-20 14:09:12.583,429.57181764363,11
2024-09-20 14:09:12.914,429.58435386039577,1000
2024-09-20 14:09:13.097,429.5928683602556,12
2024-09-20 14:09:13.162,429.5918354644934,14
2024-09-20 14:09:13.174,429.5761718532979,1002
2024-09-20 14:09:13.372,429.58995113719,8
2024-09-20 14:09:13.383,429.597087789117,97
2024-09-20 14:09:13.433,429.5887969581816,1002
2024-09-20 14:09:13.510,429.5867489315826,101
2024-09-20 14:09:13.521,429.583959387364,15
2024-09-20 14:09:13.937,429.6062110263885,6
2024-09-20 14:09:14.364,429.61567235296354,7
2024-09-20 14:09:14.552,429.60270745136927,8
2024-09-20 14:09:14.576,429.6280889073428,13
2024-09-20 14:09:15.002,429.6140325258165,11
2024-09-20 14:09:15.011,429.58551688204585,1000
2024-09-20 14:09:15.044,429.6186532670487,995
2024-09-20 14:09:15.076,429.5566062286901,95
2024-09-20 14:09:15.094,429.5711922948447,104
2024-09-20 14:09:15.102,429.59304271689456,103
2024-09-20 14:09:15.104,429.5513310025599,8
2024-09-20 14:09:15.132,429.59518046742016,12
2024-09-20 14:09:15.138,429.5977520952746,103
2024-09-20 14:09:15.172,429.58508164338457,1000
2024-09-20 14:09:15.280,429.5810935432404,1004
2024-09-20 14:09:15.295,429.5878312899875,996
2024-09-20 14:09:15.301,429.594772481741,14
2024-09-20 14:09:15.315,429.6217849238018,104
2024-09-20 14:09:15.375,429.5510760941218,13
2024-09-20 14:09:15.384,429.5698652811914,13
2024-09-20 14:09:15.393,429.6157050354128,1002
2024-09-20 14:09:15.430,429.5828387437104,13
2024-09-20 14:09:15.459,429.5986530109639,998
2024-09-20 14:09:15.463,429.6259344571407,105
2024-09-20 14:09:15.517,429.5807153958056,13
2024-09-20 14:09:15.637,429.5900932554384,8
2024-09-20 14:09:15.651,429.6296154015049,1002
2024-09-20 14:09:15.725,429.5594446590932,103
2024-09-20 14:09:15.776,429.6011973041536,996
2024-09-20 14:09:15.812,429.5918620358451,102
2024-09-20 14:09:15.885,429.5954838988414,1001
2024-09-20 14:09:15.954,429.5957221474528,99
2024-09-20 14:09:16.019,429.6093904548147,96
2024-09-20 14:09:16.089,429.5942892656929,97
2024-09-20 14:09:16.155,429.59724288794246,7
2024-09-20 14:09:16.199,429.62882313536414,98
2024-09-20 14:09:16.240,429.62729669886585,101
2024-09-20 14:09:16.245,429.56929531579857,14
2024-09-20 14:09:16.347,429.6200970041649,996
2024-09-20 14:09:16.442,429.62627451595057,102
2024-09-20 14:09:16.443,429.6154765220273,105
2024-09-20 14:09:16.447,429.5964814556506,12
2024-09-20 14:09:16.553,429.6096114383859,101
2024-09-20 14:09:16.588,429.630243254224,11
2024-09-20 14:09:16.614,429.6307116235036,6
2024-09-20 14:09:16.790,429.6069839310214,11
2024-09-20 14:09:16.896,429.6198932650253,95
2024-09-20 14:09:16.905,429.614074194307,98
2024-09-20 14:09:16.932,429.5959700205631,1000
2024-09-20 14:09:17.176,429.58230195963,97
2024-09-20 14:09:17.193,429.5934360331925,8
2024-09-20 14:09:17.289,429.59238490223953,13
2024-09-20 14:09:17.300,429.5788774793172,9
2024-09-20 14:09:17.304,429.5666732194374,97
2024-09-20 14:09:17.338,429.59679404513184,102
2024-09-20 14:09:17.393,429.6046071830082,1001
2024-09-20 14:09:17.471,429.5767043319837,100
2024-09-20 14:09:17.517,429.5848262449789,1002
2024-09-20 14:09:17.545,429.5646366142738,997
2024-09-20 14:09:17.582,429.5154596759148,996
2024-09-20 14:09:17.594,429.5814816608162,102
2024-09-20 14:09:17.601,429.6012578685428,1000
2024-09-20 14:09:17.614,429.5292563771019,1004
2024-09-20 14:09:17.660,429.6217374053648,7
2024-09-20 14:09:17.687,429.552306094653,13
2024-09-20 14:09:17.711,429.5387365305856,104
2024-09-20 14:09:17.715,429.5326051115439,13
2024-09-20 14:09:17.728,42.95603741400692,12
2024-09-20 14:09:17.778,429.5552880917225,999
2024-09-20 14:09:17.784,429.5486596591336,1000
2024-09-20 14:09:17.863,429.550506772496,996
2024-09-20 14:09:17.867,429.5586037046752,96
2024-09-20 14:09:17.868,429.6201135508521,100
2024-09-20 14:09:17.900,429.5716066681836,98
2024-09-20 14:09:17.900,429.5367058000997,102
2024-09-20 14:09:17.929,429.5597754351213,102
2024-09-20 14:09:17.932,42.95488592049125,105
2024-09-20 14:09:18.055,429.6279950219327,7
2024-09-20 14:09:18.220,429.65853142092914,13
2024-09-20 14:09:18.392,429.60287018382985,5
2024-09-20 14:09:18.424,-429.6067028724121,105
2024-09-20 14:09:18.460,429.6226769628917,999
2024-09-20 14:09:18.512,429.59899173356223,103
2024-09-20 14:09:18.587,429.6176186252636,102
2024-09-20 14:09:18.669,429.6480599883656,5
2024-09-20 14:09:18.685,429.61977558761305,96
2024-09-20 14:09:18.710,429.63952050012506,998
2024-09-20 14:09:18.781,429.60893071864376,104
2024-09-20 14:09:18.872,429.6483588907166,100
2024-09-20 14:09:18.980,429.64318740510856,10
2024-09-20 14:09:18.983,429.6204963421563,105
2024-09-20 14:09:18.997,429.5874877921596,12
2024-09-20 14:09:19.027,429.5994911797177,1001
2024-09-20 14:09:19.235,429.5938440779684,99
2024-09-20 14:09:19.340,429.5611609699217,97
2024-09-20 14:09:19.377,429.5678812442601,95
2024-09-20 14:09:19.464,429.5907082786924,99
2024-09-20 14:09:19.501,429.5656957541258,1001
2024-09-20 14:09:19.538,429.5625692418674,1004
2024-09-20 14:09:19.611,429.621049215804,6
2024-09-20 14:09:19.691,429.56888963507134,15
2024-09-20 14:09:19.698,429.5489089563036,999
2024-09-20 14:09:19.713,429.5724913198952,9
2024-09-20 14:09:19.893,429.5737411000219,6
2024-09-20 14:09:19.935,429.6106614955314,102
2024-09-20 14:09:19.959,429.6184677476155,1001
2024-09-20 14:09:19.969,429.6223695725511,101
2024-09-20 14:09:19.975,429.5966075035173,999
2024-09-20 14:09:19.994,429.5970929277076,11
2024-09-20 14:09:20.119,429.5726714986726,12
2024-09-20 14:09:20.177,429.57579151608616,1000
2024-09-20 14:09:20.199,429.5761041743619,103
2024-09-20 14:09:20.223,429.607167446868,15
2024-09-20 14:09:20.385,429.6125962553224,13
2024-09-20 14:09:20.411,429.5618930820404,8
2024-09-20 14:09:20.528,429.6166446260063,995
2024-09-20 14:09:20.695,429.5639915949232,100
2024-09-20 14:09:20.725,429.5678890495452,104
2024-09-20 14:09:20.852,429.58577543223913,14
2024-09-20 14:09:21.450,429.6502838649466,996
2024-09-20 14:09:21.498,429.6558162287439,1001
2024-09-20 14:09:21.504,429.6493651750047,999
2024-09-20 14:09:21.510,429.65199461150615,14
2024-09-20 14:09:21.527,429.6488444620159,105
2024-09-20 14:09:21.590,429.6466248333794,101
2024-09-20 14:09:21.600,429.6477975221613,11
2024-09-20 14:09:21.607,429.6445500487538,100
2024-09-20 14:09:21.664,429.7012787326405,13
2024-09-20 14:09:21.700,429.69975095981465,101
2024-09-20 14:09:21.786,429.6295206724832,1005
2024-09-20 14:09:21.861,429.68455502846655,13
2024-09-20 14:09:21.895,429.6471987676591,96
2024-09-20 14:09:21.975,429.6385026336256,11
2024-09-20 14:09:21.999,429.7081116672788,10
2024-09-20 14:09:22.328,429.7006043934858,1005
2024-09-20 14:09:23.542,429.7311383958115,1000
2024-09-20 14:09:23.578,429.7124941351928,1003
2024-09-20 14:09:23.688,429.7383287747521,101
2024-09-20 14:09:23.749,429.7365205799396,999
2024-09-20 14:09:23.844,429.7406298811316,97
2024-09-20 14:09:23.880,429.724006631046,96
2024-09-20 14:09:24.028,429.7491561673269,98
2024-09-20 14:09:24.097,429.76162270556046,12
2024-09-20 14:09:24.138,429.7462630868191,1001
2024-09-20 14:09:24.392,429.72548122987865,104
2024-09-20 14:09:24.501,429.7779622994652,15
2024-09-20 14:09:24.669,429.7248662465984,9
2024-09-20 14:09:24.757,42.97467362818758,98
2024-09-20 14:09:24.944,429.753883857603,13
2024-09-20 14:09:25.054,429.7149548434796,105
2024-09-20 14:09:25.068,429.71221646995815,999
2024-09-20 14:09:25.098,429.7217527860215,98
2024-09-20 14:09:25.120,429.7187072388048,9
2024-09-20 14:09:25.217,429.75578742791686,1004
2024-09-20 14:09:25.328,429.72379343002734,1000
2024-09-20 14:09:25.403,429.72591209322144,13
2024-09-20 14:09:25.419,,1003
2024-09-20 14:09:25.454,429.7252836841181,996
2024-09-20 14:09:25.497,429.7219974097028,101
2024-09-20 14:09:25.506,429.72722267354834,1001
2024-09-20 14:09:25.511,429.7476534638639,10
2024-09-20 14:09:25.516,429.7272155479732,100
2024-09-20 14:09:25.544,429.7340732710727,6
2024-09-20 14:09:25.551,429.7524471212736,1004
2024-09-20 14:09:25.558,429.770097569601,8
2024-09-20 14:09:25.570,429.768061889636,995
2024-09-20 14:09:25.632,42.97116374145936,103
2024-09-20 14:09:25.649,429.7557664304822,102
2024-09-20 14:09:25.661,429.76614090801854,1005
2024-09-20 14:09:25.880,429.7346278794834,996
2024-09-20 14:09:25.887,429.7114718327964,1002
2024-09-20 14:09:26.102,429.8170675063223,100
2024-09-20 14:09:26.114,429.8247897723256,997
2024-09-20 14:09:26.241,-429.80685865600014,104
2024-09-20 14:09:26.252,-429.71858588309055,998
2024-09-20 14:09:26.263,429.79855349908496,102
2024-09-20 14:09:26.269,429.7752770969267,997
2024-09-20 14:09:26.276,429.7177375037081,101
2024-09-20 14:09:26.302,429.6937774283589,10
2024-09-20 14:09:26.323,429.7043844931185,5
2024-09-20 14:09:26.345,429.7923018037758,6
2024-09-20 14:09:26.419,429.7458474971944,999
2024-09-20 14:09:26.459,429.7930756730111,997
2024-09-20 14:09:26.467,429.8257375748051,12
2024-09-20 14:09:26.504,429.7311394439323,5
2024-09-20 14:09:26.546,429.6967900422064,104
2024-09-20 14:09:26.590,429.7615297214027,14
2024-09-20 14:09:26.595,429.7574348455067,12
2024-09-20 14:09:26.602,429.7016726572843,1000
2024-09-20 14:09:26.646,429.811261064255,97
2024-09-20 14:09:26.651,429.7984965174636,6
2024-09-20 14:09:26.668,429.7081543451581,8
2024-09-20 14:09:26.756,429.82741276419273,101
2024-09-20 14:09:26.764,429.7475933328512,95
2024-09-20 14:09:26.783,429.7262816786997,95
2024-09-20 14:09:26.806,429.7293132000648,99
2024-09-20 14:09:26.817,429.713990510696,95
2024-09-20 14:09:26.821,429.8083969165633,98
2024-09-20 14:09:26.924,429.7528578894996,12
2024-09-20 14:09:26.943,429.8045270109573,1005
2024-09-20 14:09:26.949,429.8285560308222,1005
2024-09-20 14:09:27.136,429.7543287734404,1004
2024-09-20 14:09:27.144,429.7984527722105,6
2024-09-20 14:09:27.184,429.7331012021402,11
2024-09-20 14:09:27.209,429.7672393157526,999
2024-09-20 14:09:27.268,429.74906577477896,97
2024-09-20 14:09:27.292,429.7554870825053,995
2024-09-20 14:09:27.376,429.7656095010025,10
2024-09-20 14:09:27.418,429.7666907940683,6
2024-09-20 14:09:27.478,429.7845489531139,99
2024-09-20 14:09:27.489,429.74084541990027,1000
2024-09-20 14:09:27.514,429.76852435975366,1005
2024-09-20 14:09:27.527,429.7595683484089,1005
2024-09-20 14:09:27.534,429.7665810330964,1002
2024-09-20 14:09:27.598,429.7475925123605,99
2024-09-20 14:09:27.613,429.7592097004648,1004
2024-09-20 14:09:27.638,429.7426184558336,999
2024-09-20 14:09:27.652,429.7109370359044,996
2024-09-20 14:09:27.672,429.7489574157223,104
2024-09-20 14:09:27.833,429.79346343048473,999
2024-09-20 14:09:27.834,429.78352287990657,103
2024-09-20 14:09:27.856,429.78777137156015,1003
2024-09-20 14:09:27.884,429.76030547167977,995
2024-09-20 14:09:27.927,429.7546485623705,1002
2024-09-20 14:09:27.961,429.8266238661069,97
2024-09-20 14:09:28.057,429.7209998456891,105
2024-09-20 14:09:28.168,429.633073890394,1003
2024-09-20 14:09:28.182,429.7003111032541,5
2024-09-20 14:09:28.192,429.70538038939833,95
2024-09-20 14:09:28.275,429.6763944033213,100
2024-09-20 14:09:28.287,429.6359084643332,103
2024-09-20 14:09:28.350,429.69703187274496,1000
2024-09-20 14:09:28.376,429.5878892838198,6
2024-09-20 14:09:28.391,429.6996072832375,103
2024-09-20 14:09:28.476,429.7085789181551,14
2024-09-20 14:09:28.522,429.6623474668474,1001
2024-09-20 14:09:28.563,429.58046806844567,5
2024-09-20 14:09:28.573,429.71821777714587,1002
2024-09-20 14:09:28.630,429.60286349050926,13
2024-09-20 14:09:28.693,429.6870013724246,7
2024-09-20 14:09:28.702,429.66139789147,9
2024-09-20 14:09:28.707,429.6205025575096,999
2024-09-20 14:09:28.723,429.7069715128212,1002
2024-09-20 14:09:28.743,429.6166193188513,97
2024-09-20 14:09:28.777,429.6976359868098,1005
2024-09-20 14:09:28.782,429.5574135425034,99
2024-09-20 14:09:28.838,429.70343415476566,102
2024-09-20 14:09:28.875,429.68214169346606,1003
2024-09-20 14:09:28.899,429.613063009005,1003
2024-09-20 14:09:28.985,429.7035300135289,103
2024-09-20 14:09:28.995,429.61210943135575,15
2024-09-20 14:09:29.082,429.53475940714463,98
2024-09-20 14:09:29.135,429.5408730934359,101
2024-09-20 14:09:29.145,429.5793760145331,12
2024-09-20 14:09:29.168,429.5721316241836,10
2024-09-20 14:09:29.171,429.56226039218205,996
2024-09-20 14:09:29.187,429.5659262168103,97
2024-09-20 14:09:29.200,429.5700493991969,1000
2024-09-20 14:09:29.336,429.5556310073851,7
2024-09-20 14:09:29.384,429.5673356690703,100
2024-09-20 14:09:29.401,429.5922404483674,14
2024-09-20 14:09:29.406,429.5643542843877,103
2024-09-20 14:09:29.431,429.57836459096274,98
2024-09-20 14:09:29.459,429.6089172884487,95
2024-09-20 14:09:29.503,429.5415380276618,15
2024-09-20 14:09:29.509,429.5549337651373,99
2024-09-20 14:09:29.509,429.5859258733529,15
2024-09-20 14:09:29.528,429.536491690632,96
2024-09-20 14:09:29.534,429.5300997301369,5
2024-09-20 14:09:29.605,429.5670006576712,9
2024-09-20 14:09:29.642,429.6000923445501,999
2024-09-20 14:09:29.644,429.5129852399315,8
2024-09-20 14:09:29.667,429.5934683059453,5
2024-09-20 14:09:29.753,429.5343041009804,13
2024-09-20 14:09:29.764,429.53911768406175,105
2024-09-20 14:09:29.765,429.58064356950536,5
2024-09-20 14:09:29.771,429.5519564602282,995
2024-09-20 14:09:29.777,429.55944363534667,9
2024-09-20 14:09:29.831,429.5728582550454,105
2024-09-20 14:09:29.835,429.5689329710021,104
2024-09-20 14:09:29.835,429.52438987549306,95
2024-09-20 14:09:30.113,429.5558957386362,103
2024-09-20 14:09:30.232,429.5543936613268,997
2024-09-20 14:09:30.233,429.57061864014105,999
2024-09-20 14:09:30.252,429.566127610063,103
2024-09-20 14:09:30.307,429.5245480158541,14
2024-09-20 14:09:30.404,429.5415313829942,5
2024-09-20 14:09:30.421,429.55242546975694,996
2024-09-20 14:09:30.587,429.5297456902399,100
2024-09-20 14:09:30.644,429.56505394194863,999
2024-09-20 14:09:30.645,429.5713039930844,998
2024-09-20 14:09:30.661,429.54592076680495,1005
2024-09-20 14:09:30.731,429.5647115775956,99
2024-09-20 14:09:30.804,429.5720358262101,1005
2024-09-20 14:09:31.092,429.4820538957118,11
2024-09-20 14:09:31.180,429.4774119172197,14
2024-09-20 14:09:31.193,429.4706031151106,103
2024-09-20 14:09:31.213,429.5025576388279,8
2024-09-20 14:09:31.324,429.4796334978108,999
2024-09-20 14:09:31.393,-429.4949168691441,1000
2024-09-20 14:09:31.477,429.51974925479874,7
2024-09-20 14:09:31.497,429.5199104671785,1004
2024-09-20 14:09:31.599,429.5167058829277,9
2024-09-20 14:09:31.748,429.4637814947692,11
2024-09-20 14:09:31.865,429.49257354259424,15
2024-09-20 14:09:31.888,429.4937327916748,1002
2024-09-20 14:09:31.896,429.4933957781702,5
2024-09-20 14:09:31.946,429.4652732827929,95
2024-09-20 14:09:31.966,429.51919641125176,11
2024-09-20 14:09:31.995,429.5466982777486,999
2024-09-20 14:09:32.039,429.44554824969975,101
2024-09-20 14:09:32.084,429.4372569874559,95
2024-09-20 14:09:32.124,429.43949165093534,1004
2024-09-20 14:09:32.140,429.4564163646376,13
2024-09-20 14:09:32.165,429.4492526615164,99
2024-09-20 14:09:32.237,429.4583320002463,95
2024-09-20 14:09:32.259,429.4824800480228,997
2024-09-20 14:09:32.374,429.4791347326635,105
2024-09-20 14:09:32.419,429.4755878822917,98
2024-09-20 14:09:32.492,429.4422878799599,1003
2024-09-20 14:09:32.648,429.4287966308314,1005
2024-09-20 14:09:32.795,429.4339882461349,13
2024-09-20 14:09:32.878,429.4420968963765,99
2024-09-20 14:09:32.901,429.4375343481393,11
2024-09-20 14:09:33.034,429.4757295047797,9
2024-09-20 14:09:33.293,,997
2024-09-20 14:09:33.527,429.4715285854722,998
2024-09-20 14:09:33.658,429.4712274111195,1002
2024-09-20 14:09:33.767,429.46745024734827,1004
2024-09-20 14:09:33.959,429.4575894105801,12
2024-09-20 14:09:34.047,429.545106451431,8
2024-09-20 14:09:34.089,429.4841581602902,1002
2024-09-20 14:09:34.100,429.4556435235381,1001
2024-09-20 14:09:34.128,429.5273086704176,1000
2024-09-20 14:09:34.141,429.4551887358745,11
2024-09-20 14:09:34.165,429.4823468090904,97
2024-09-20 14:09:34.259,429.4616638514956,12
2024-09-20 14:09:34.283,429.5226172620796,996
2024-09-20 14:09:34.328,429.5073466789092,105
2024-09-20 14:09:34.376,429.50975942106345,10
2024-09-20 14:09:34.379,429.5363091868925,997
2024-09-20 14:09:34.400,429.5247719231695,1002
2024-09-20 14:09:34.462,429.51994542593246,102
2024-09-20 14:09:34.474,429.5357245816673,6
2024-09-20 14:09:34.495,429.4892393415333,101
2024-09-20 14:09:34.568,,14
2024-09-20 14:09:34.629,429.4721382077617,105
2024-09-20 14:09:34.630,429.4811472126049,97
2024-09-20 14:09:34.690,429.5284587339389,1000
2024-09-20 14:09:34.731,,97
2024-09-20 14:09:34.744,429.515470083318,10
2024-09-20 14:09:34.829,429.4823720056604,100
2024-09-20 14:09:34.836,429.51622018079263,1003
2024-09-20 14:09:34.907,429.50906272371856,996
2024-09-20 14:09:34.907,429.5306656618769,105
2024-09-20 14:09:34.934,429.483207102604,1005
2024-09-20 14:09:34.969,429.4703487338701,100
2024-09-20 14:09:34.979,429.5257532460397,11
2024-09-20 14:09:35.101,429.46203091565474,999
2024-09-20 14:09:35.395,429.4622404010841,10
2024-09-20 14:09:35.509,429.4482432912643,997
2024-09-20 14:09:35.584,429.4505578167896,100
2024-09-20 14:09:35.683,429.4564171870477,1001
2024-09-20 14:09:35.739,429.4709241097165,12
2024-09-20 14:09:36.216,429.4356531098214,5
2024-09-20 14:09:36.223,429.4538327484229,997
2024-09-20 14:09:36.281,429.452416243193,14
2024-09-20 14:09:36.557,429.4832144102382,10
2024-09-20 14:09:36.667,429.4103319931619,9
2024-09-20 14:09:36.732,429.45472351359984,105
2024-09-20 14:09:36.852,429.48003428448334,102
2024-09-20 14:09:36.882,429.4086816717624,14
2024-09-20 14:09:36.888,429.41662273612445,996
2024-09-20 14:09:36.916,429.4184020914688,9
2024-09-20 14:09:36.917,429.4494625939852,102
2024-09-20 14:09:36.994,429.4108638443076,13
2024-09-20 14:09:37.047,429.3881809172111,999
2024-09-20 14:09:37.084,429.3938525531189,8
2024-09-20 14:09:37.193,429.4471549515844,101
2024-09-20 14:09:37.219,429.4410974808941,1000
2024-09-20 14:09:37.246,429.4669724911456,98
2024-09-20 14:09:37.251,429.4006521816719,14
2024-09-20 14:09:37.252,429.4349951239347,997
2024-09-20 14:09:37.288,429.44093717988426,98
2024-09-20 14:09:37.290,,13
2024-09-20 14:09:37.327,429.44148909044,98
2024-09-20 14:09:37.363,429.40934079649935,97
2024-09-20 14:09:37.436,429.4034861672366,101
2024-09-20 14:09:37.456,429.4293695752306,1001
2024-09-20 14:09:37.466,429.419026963227,998
2024-09-20 14:09:37.505,429.4457120489181,997
2024-09-20 14:09:37.590,429.4287470216492,5
2024-09-20 14:09:37.619,429.4367914289684,8
2024-09-20 14:09:37.622,429.4425437000533,5
2024-09-20 14:09:37.630,429.4330202708328,1000
2024-09-20 14:09:37.672,429.4450400799717,1004
2024-09-20 14:09:37.730,429.4203430224999,100
2024-09-20 14:09:37.738,429.4242522778745,1004
2024-09-20 14:09:37.755,429.45139834449446,101
2024-09-20 14:09:37.826,429.4172771314031,996
2024-09-20 14:09:37.863,429.4681524463362,13
2024-09-20 14:09:37.869,-429.4376570252728,14
2024-09-20 14:09:37.923,429.4143418821494,105
2024-09-20 14:09:37.965,429.4172544062821,1004
2024-09-20 14:09:37.988,429.446506786981,13
2024-09-20 14:09:37.990,429.446534287629,1000
2024-09-20 14:09:38.186,429.5022609043179,98
2024-09-20 14:09:38.203,429.4658494712355,6
2024-09-20 14:09:38.206,429.4627692776458,1003
2024-09-20 14:09:38.388,429.5283406342941,15
2024-09-20 14:09:38.407,429.5343000178597,7
2024-09-20 14:09:38.630,429.4694433624809,95
2024-09-20 14:09:38.839,429.4591968959927,1004
2024-09-20 14:09:38.913,429.473311101981,97
2024-09-20 14:09:39.049,429.5270309949385,10
2024-09-20 14:09:39.135,429.5490895597804,13
2024-09-20 14:09:39.168,429.5345376876794,997
2024-09-20 14:09:39.399,429.5452628850959,995
2024-09-20 14:09:39.657,429.5421018429674,11
2024-09-20 14:09:39.749,429.53196756207007,98
2024-09-20 14:09:39.813,429.5374517370317,1001
2024-09-20 14:09:39.937,429.5474783723584,1005
2024-09-20 14:09:40.003,429.5303622881393,98
2024-09-20 14:09:40.013,429.5514509061412,8
2024-09-20 14:09:40.042,429.5724363414477,96
2024-09-20 14:09:40.051,429.52195743160894,96
2024-09-20 14:09:40.123,429.5625188908842,102
2024-09-20 14:09:40.236,429.5686753098097,15
2024-09-20 14:09:40.290,429.50307441304216,6
2024-09-20 14:09:40.443,429.5735966969678,996
2024-09-20 14:09:40.497,429.5026940508056,97
2024-09-20 14:09:40.526,429.4935680486043,7
2024-09-20 14:09:40.572,429.5174203461254,102
2024-09-20 14:09:40.643,429.5779603920904,997
2024-09-20 14:09:40.674,429.5310656114215,1000
2024-09-20 14:09:40.729,429.5827107378569,101
2024-09-20 14:09:40.862,,12
2024-09-20 14:09:40.936,42.95373558981503,105
2024-09-20 14:09:41.061,429.5793871614291,9
2024-09-20 14:09:41.080,429.5891727260384,98
2024-09-20 14:09:41.085,429.5236269176513,6
2024-09-20 14:09:41.133,429.5584439355122,7
2024-09-20 14:09:41.142,429.5778233320489,15
2024-09-20 14:09:41.155,429.5187886156442,9
2024-09-20 14:09:41.253,429.57990702037847,999
2024-09-20 14:09:41.262,429.5944716079478,5
2024-09-20 14:09:41.304,429.5377824883376,1004
2024-09-20 14:09:41.312,429.5277955415581,99
2024-09-20 14:09:41.403,429.5929094184432,8
2024-09-20 14:09:41.408,429.5573991347488,14
2024-09-20 14:09:41.456,429.5558988716653,996
2024-09-20 14:09:41.574,429.545338590897,103
2024-09-20 14:09:41.643,429.5854568578707,100
2024-09-20 14:09:41.714,429.5846837624612,1004
2024-09-20 14:09:41.747,429.54796195947625,998
2024-09-20 14:09:41.754,429.5918236739933,105
2024-09-20 14:09:41.760,429.5416869371541,95
2024-09-20 14:09:41.832,429.550559887979,10
2024-09-20 14:09:41.847,429.5940930458,12
2024-09-20 14:09:41.853,429.6027028151543,100
2024-09-20 14:09:41.873,429.560209456946,1004
2024-09-20 14:09:41.966,429.54743020713727,99
2024-09-20 14:09:41.967,,6
2024-09-20 14:09:42.028,429.6266531780104,1001
2024-09-20 14:09:42.083,429.5569405087705,11
2024-09-20 14:09:42.103,429.6025917642333,8
2024-09-20 14:09:42.143,429.63212688363456,997
2024-09-20 14:09:42.248,429.5866957333719,9
2024-09-20 14:09:42.280,429.6032718299649,95
2024-09-20 14:09:42.301,429.60479206084113,104
2024-09-20 14:09:42.363,429.6163564881124,8
2024-09-20 14:09:42.402,429.6237552784739,1005
2024-09-20 14:09:42.416,,996
2024-09-20 14:09:42.434,429.5544282269669,100
2024-09-20 14:09:42.561,429.62180673849,1002
2024-09-20 14:09:42.569,429.5489079352775,14
2024-09-20 14:09:42.636,429.5981263876632,10
2024-09-20 14:09:42.687,429.59454446816704,999
2024-09-20 14:09:42.717,429.6119380359106,97
2024-09-20 14:09:42.783,429.5775710068315,105
2024-09-20 14:09:42.805,429.5754743181551,995
2024-09-20 14:09:42.822,429.56262890503393,6
2024-09-20 14:09:42.876,429.62545318782526,998
2024-09-20 14:09:44.029,429.63968873624566,99
2024-09-20 14:09:44.269,429.6374823470774,997
2024-09-20 14:09:44.548,429.5995624281762,101
2024-09-20 14:09:44.584,429.6383396114937,997
2024-09-20 14:09:44.588,429.6176073280374,1001
2024-09-20 14:09:44.597,429.6413421978268,1003
2024-09-20 14:09:44.706,429.6010784003417,1005
2024-09-20 14:09:44.806,429.6468397253376,100
2024-09-20 14:09:44.874,429.6455216284693,999
2024-09-20 14:09:44.884,429.5987271957297,1002
2024-09-20 14:09:44.977,429.62222981476526,95
2024-09-20 14:09:45.040,429.6727418912244,15
2024-09-20 14:09:45.075,429.6629397461781,12
2024-09-20 14:09:45.075,42.96399575267003,13
2024-09-20 14:09:45.100,429.6781271003944,995
2024-09-20 14:09:45.146,429.6780375420696,104
2024-09-20 14:09:45.223,429.6576115477504,1003
2024-09-20 14:09:45.229,429.67935110452805,8
2024-09-20 14:09:45.233,429.682590147677,105
2024-09-20 14:09:45.301,429.6515210864884,96
2024-09-20 14:09:45.333,429.66941074346136,98
2024-09-20 14:09:45.362,429.66245663099335,996
2024-09-20 14:09:45.379,429.6592500829384,14
2024-09-20 14:09:45.444,429.6611376007941,10
2024-09-20 14:09:45.544,429.659320548042,6
2024-09-20 14:09:45.614,429.632391748045,101
2024-09-20 14:09:45.690,429.7034230430493,15
2024-09-20 14:09:45.719,429.6363232483215,999
2024-09-20 14:09:45.724,429.6582098009937,998
2024-09-20 14:09:45.789,429.6705621246605,11
2024-09-20 14:09:45.922,429.6677939809008,9
2024-09-20 14:09:45.931,429.6951341918711,101
2024-09-20 14:09:46.005,429.68455620776336,1004
2024-09-20 14:09:46.135,429.7249148256221,105
2024-09-20 14:09:46.178,429.6965201128315,1003
2024-09-20 14:09:46.431,429.68746082731815,6
2024-09-20 14:09:46.579,429.68892200876456,1004
2024-09-20 14:09:46.582,429.6813491270362,9
2024-09-20 14:09:46.601,429.6828678035228,1002
2024-09-20 14:09:46.601,429.6985022232949,1005
2024-09-20 14:09:46.621,429.6771638833012,101
2024-09-20 14:09:46.728,429.7147857460167,12
2024-09-20 14:09:46.753,429.7052910677836,97
2024-09-20 14:09:46.774,429.7014214946964,99
2024-09-20 14:09:46.793,429.7133416695349,1003
2024-09-20 14:09:46.841,429.6835618655063,998
2024-09-20 14:09:46.887,429.7041534400762,12
2024-09-20 14:09:47.556,429.6858019864542,12
2024-09-20 14:09:48.168,429.68737469095726,103
2024-09-20 14:09:48.239,429.6763208720528,1002
2024-09-20 14:09:48.303,429.6884412296745,1003
2024-09-20 14:09:48.333,429.6833227800772,999
2024-09-20 14:09:48.481,429.6874723645423,12
2024-09-20 14:09:48.513,429.6832120747709,1005
2024-09-20 14:09:48.582,429.70420890116907,6
2024-09-20 14:09:48.601,429.696564469812,9
2024-09-20 14:09:48.649,429.7037729546878,1001
2024-09-20 14:09:48.694,429.6840294453248,1005
2024-09-20 14:09:48.731,429.6964560445083,101
2024-09-20 14:09:48.841,429.6806972076636,995
2024-09-20 14:09:48.968,429.6896695255641,12
2024-09-20 14:09:48.974,429.6843962882364,999
2024-09-20 14:09:49.162,429.6859851845192,98
2024-09-20 14:09:49.376,429.6764073357454,1003
2024-09-20 14:09:49.620,429.6801527095138,997
2024-09-20 14:09:49.868,429.673480355997,13
2024-09-20 14:09:49.875,429.6705766504653,1002
2024-09-20 14:09:50.007,429.7251161229,13
2024-09-20 14:09:50.041,429.7114260375205,103
2024-09-20 14:09:50.043,429.7080864676661,1000
2024-09-20 14:09:50.058,429.7118967038597,1003
2024-09-20 14:09:50.072,429.7192888028244,104
2024-09-20 14:09:50.199,429.7076721830033,15
2024-09-20 14:09:50.230,429.7276118916943,6
2024-09-20 14:09:50.234,429.6927268311924,15
2024-09-20 14:09:50.258,429.722071217489,1002
2024-09-20 14:09:50.307,429.7279477903182,1005
2024-09-20 14:09:50.336,429.7095842460483,100
2024-09-20 14:09:50.470,429.7332455682216,104
2024-09-20 14:09:50.655,429.72337584569937,998
2024-09-20 14:09:50.804,429.7015319343506,1004
2024-09-20 14:09:50.811,429.7135695838329,98
2024-09-20 14:09:50.888,429.7267776399508,995
2024-09-20 14:09:50.900,429.7346528604217,1002
2024-09-20 14:09:50.927,42.97169537972926,15
2024-09-20 14:09:50.963,,95
2024-09-20 14:09:50.981,-429.7143922855252,9
2024-09-20 14:09:50.999,429.7279670050183,96
2024-09-20 14:09:51.050,429.6324855945086,10
2024-09-20 14:09:51.117,429.65221154599584,7
2024-09-20 14:09:51.137,429.6458103087913,999
2024-09-20 14:09:51.256,429.6632013684777,9
2024-09-20 14:09:51.267,429.6568471833168,102
2024-09-20 14:09:51.270,429.6518551225944,996
2024-09-20 14:09:51.276,429.72290736203337,1005
2024-09-20 14:09:51.323,429.6665636453636,8
2024-09-20 14:09:51.444,429.657138955349,1003
2024-09-20 14:09:51.479,429.6474585875851,8
2024-09-20 14:09:51.568,429.65864808217947,103
2024-09-20 14:09:51.596,429.6578579577612,96
2024-09-20 14:09:51.602,429.6545860160337,105
2024-09-20 14:09:51.623,429.70030782307697,1001
2024-09-20 14:09:51.625,429.706626229083,10
2024-09-20 14:09:51.629,429.6579075477085,7
2024-09-20 14:09:51.668,429.6724249653447,105
2024-09-20 14:09:51.671,429.6595573440852,102
2024-09-20 14:09:51.677,429.6343740988572,6
2024-09-20 14:09:51.707,429.6994861796944,999
2024-09-20 14:09:51.708,429.6698324555664,1005
2024-09-20 14:09:51.715,429.6315719119068,96
2024-09-20 14:09:51.784,429.67321629353233,1004
2024-09-20 14:09:51.787,429.7192894033096,996
2024-09-20 14:09:51.815,429.719867711506,1003
2024-09-20 14:09:51.855,429.6768161208214,1001
2024-09-20 14:09:51.880,429.65475539440246,11
2024-09-20 14:09:51.889,429.64285103734994,10
2024-09-20 14:09:51.954,429.6451152563015,6
2024-09-20 14:09:52.002,429.6998055963983,102
2024-09-20 14:09:52.077,429.6363969325479,95
2024-09-20 14:09:52.079,,101
2024-09-20 14:09:52.183,429.68232747286953,11
2024-09-20 14:09:52.203,429.61952180388255,1002
2024-09-20 14:09:52.220,429.6432112137316,1005
2024-09-20 14:09:52.312,429.6920789971013,995
2024-09-20 14:09:52.313,429.7063344262539,8
2024-09-20 14:09:52.381,429.6390253796067,98
2024-09-20 14:09:52.385,429.6916771259405,95
2024-09-20 14:09:52.390,429.6353194373174,100
2024-09-20 14:09:52.458,429.6516465518334,9
2024-09-20 14:09:52.564,429.6666136953588,998
2024-09-20 14:09:52.659,429.653494497206,14
2024-09-20 14:09:52.756,429.6421677820922,12
2024-09-20 14:09:52.785,429.6879088657192,102
2024-09-20 14:09:52.788,429.6700192310963,5
2024-09-20 14:09:52.825,429.6797870013113,8
2024-09-20 14:09:52.862,,997
2024-09-20 14:09:52.915,429.6826388596565,1004
2024-09-20 14:09:52.993,429.6804336362163,9
2024-09-20 14:09:53.036,429.6406695775311,96
2024-09-20 14:09:53.050,429.5522683233963,998
2024-09-20 14:09:53.059,429.5541144617637,1002
2024-09-20 14:09:53.063,429.6360858428949,99
2024-09-20 14:09:53.098,429.6237678100612,995
2024-09-20 14:09:53.280,429.5605584676297,999
2024-09-20 14:09:53.297,429.5548676367978,1005
2024-09-20 14:09:53.330,429.6388870917881,9
2024-09-20 14:09:53.347,429.5619096049191,11
2024-09-20 14:09:53.363,429.5490546662841,9
2024-09-20 14:09:53.382,429.6264971732144,5
2024-09-20 14:09:53.387,429.6126475158618,101
2024-09-20 14:09:53.404,429.6306060244422,1005
2024-09-20 14:09:53.438,429.5428884871306,1000
2024-09-20 14:09:53.439,429.5762657422146,9
2024-09-20 14:09:53.452,429.6287521755318,5
2024-09-20 14:09:53.481,429.5705949116342,7
2024-09-20 14:09:53.586,429.6589150071556,996
2024-09-20 14:09:53.597,429.563999630622,6
2024-09-20 14:09:53.702,429.6519693082152,5
2024-09-20 14:09:53.730,429.56763911367767,10
2024-09-20 14:09:53.751,429.6045372230203,1005
2024-09-20 14:09:53.773,429.6225481004024,6
2024-09-20 14:09:53.837,429.6427420031402,98
2024-09-20 14:09:53.861,429.5545465794291,7
2024-09-20 14:09:53.879,429.6335396580996,11
2024-09-20 14:09:53.882,429.5675123515837,1002
2024-09-20 14:09:54.308,429.5960843614082,998
2024-09-20 14:09:54.351,429.61817548168256,95
2024-09-20 14:09:54.453,429.6069778211889,1004
2024-09-20 14:09:54.562,429.59925419532993,104
2024-09-20 14:09:54.656,429.57369635712257,101
2024-09-20 14:09:54.736,429.59690384500215,8
2024-09-20 14:09:54.754,429.5910344734253,5
2024-09-20 14:09:54.802,429.6222107452376,100
2024-09-20 14:09:54.962,429.5610230205687,7
2024-09-20 14:09:55.006,429.59534167240525,9
2024-09-20 14:09:55.053,429.6081021449741,1003
2024-09-20 14:09:55.253,429.5822528726936,101
2024-09-20 14:09:55.275,429.5948832542156,1003
2024-09-20 14:09:55.278,429.5855330975508,104
2024-09-20 14:09:55.299,429.6166624198706,998
2024-09-20 14:09:55.299,429.5817278079807,6
2024-09-20 14:09:55.312,,996
2024-09-20 14:09:55.359,429.5918781532812,998
2024-09-20 14:09:55.360,429.5794629380417,997
2024-09-20 14:09:55.391,429.57227810117615,9
2024-09-20 14:09:55.425,429.6227534857252,95
2024-09-20 14:09:55.434,429.6302016526368,96
2024-09-20 14:09:55.473,429.59486576343954,6
2024-09-20 14:09:55.497,429.6375625540832,15
2024-09-20 14:09:55.520,429.5982599193436,104
2024-09-20 14:09:55.527,429.53093293221633,1004
2024-09-20 14:09:55.545,429.599952897493,7
2024-09-20 14:09:55.721,429.60366981914666,997
2024-09-20 14:09:55.751,429.5226168185077,1002
2024-09-20 14:09:55.782,,5
2024-09-20 14:09:55.784,429.6058613437285,997
2024-09-20 14:09:55.785,429.53535568323065,5
2024-09-20 14:09:55.814,429.561003118435,999
2024-09-20 14:09:55.818,429.60879618243393,1005
2024-09-20 14:09:55.832,429.6034576587296,99
2024-09-20 14:09:55.893,429.5669333901359,99
2024-09-20 14:09:55.963,429.6037460657416,11
2024-09-20 14:09:55.969,429.52759449139177,1002
2024-09-20 14:09:55.998,429.6021053996493,9
2024-09-20 14:09:56.009,429.5191938715447,1002
2024-09-20 14:09:56.072,-429.4870420598999,13
2024-09-20 14:09:56.084,429.4909155444161,1005
2024-09-20 14:09:56.095,429.51587847211135,105
2024-09-20 14:09:56.109,429.4819612060273,104
2024-09-20 14:09:56.126,429.4887979544444,11
2024-09-20 14:09:56.166,429.49252718779553,1005
2024-09-20 14:09:56.175,429.4834469737325,996
2024-09-20 14:09:56.183,429.4991347358709,98
2024-09-20 14:09:56.302,429.4823791839481,99
2024-09-20 14:09:56.331,429.4723900298233,8
2024-09-20 14:09:56.378,429.523092098278,102
2024-09-20 14:09:56.465,429.49612286438304,95
2024-09-20 14:09:56.530,,98
2024-09-20 14:09:56.557,429.5092863824837,105
2024-09-20 14:09:56.617,429.4985175516563,6
2024-09-20 14:09:56.673,429.4980636780596,8
2024-09-20 14:09:56.695,429.50536138671777,5
2024-09-20 14:09:56.710,429.50354838558377,105
2024-09-20 14:09:56.752,,5
2024-09-20 14:09:56.770,429.4847358314871,1000
2024-09-20 14:09:56.787,429.5091691894483,13
2024-09-20 14:09:56.793,429.4643426271395,99
2024-09-20 14:09:56.800,429.5420027174484,95
2024-09-20 14:09:56.801,429.5201159003452,14
2024-09-20 14:09:56.839,429.4741471456583,99
2024-09-20 14:09:56.857,429.4852142989999,103
2024-09-20 14:09:56.914,429.49964730809927,1001
2024-09-20 14:09:57.076,429.5184771479008,995
2024-09-20 14:09:57.100,429.53570656922034,998
2024-09-20 14:09:57.134,429.5284152785434,1000
2024-09-20 14:09:57.162,429.5303793270184,99
2024-09-20 14:09:57.182,429.5115057420398,1004
2024-09-20 14:09:57.311,429.5470425521082,1005
2024-09-20 14:09:57.364,429.5269658409934,11
2024-09-20 14:09:57.389,429.5004694418571,996
2024-09-20 14:09:57.422,429.4901296236722,997
2024-09-20 14:09:57.520,429.5239695820404,997
2024-09-20 14:09:57.534,429.5058525824306,1002
2024-09-20 14:09:57.680,429.4896882603297,100
2024-09-20 14:09:57.818,429.532359274644,101
2024-09-20 14:09:57.834,429.5427671894654,104
2024-09-20 14:09:57.837,429.5297112333317,96
2024-09-20 14:09:57.900,429.5273650087945,101
2024-09-20 14:09:58.002,429.5379231808967,96
2024-09-20 14:09:58.170,429.5083366529352,996
2024-09-20 14:09:58.409,429.5234642624248,12
2024-09-20 14:09:59.011,429.5849783233172,99
2024-09-20 14:09:59.100,429.5810116184446,1005
2024-09-20 14:09:59.118,429.5472570585465,14
2024-09-20 14:09:59.123,429.58156465306166,5
2024-09-20 14:09:59.161,429.5651360650132,6
2024-09-20 14:09:59.187,429.55451471568944,98
2024-09-20 14:09:59.322,429.56689308293824,100
2024-09-20 14:09:59.438,429.59364008405777,105
2024-09-20 14:09:59.523,429.5578935600945,96
2024-09-20 14:09:59.585,429.5741481969931,999
2024-09-20 14:09:59.599,429.5877016082624,15
2024-09-20 14:09:59.752,429.5390278158348,12
2024-09-20 14:09:59.813,429.5618649148552,999
2024-09-20 14:09:59.838,429.5727900720788,96
2024-09-20 14:09:59.854,42.95557145836288,995
2024-09-20 14:09:59.874,429.5661665416626,1001
2024-09-20 14:09:59.940,429.5787170088277,1004
2024-09-20 14:09:59.943,429.5390183635128,96
