Timestamp,Price,Size
2024-09-18 15:52:00.060,416.4537128688105,996
2024-09-18 15:52:00.096,416.4602073449853,103
2024-09-18 15:52:00.118,,8
2024-09-18 15:52:00.122,416.4990127784972,9
2024-09-18 15:52:00.147,416.4452712709386,5
2024-09-18 15:52:00.170,416.46104360042864,100
2024-09-18 15:52:00.279,416.50307196836985,1000
2024-09-18 15:52:00.312,416.4898342769628,104
2024-09-18 15:52:00.493,416.49154567213344,1004
2024-09-18 15:52:00.513,416.4575167584871,5
2024-09-18 15:52:00.552,412.39976645451634,105
2024-09-18 15:52:00.573,416.4584485957111,10
2024-09-18 15:52:00.584,416.4533073641144,10
2024-09-18 15:52:00.724,416.4523896406139,999
2024-09-18 15:52:00.826,416.45503965117086,10
2024-09-18 15:52:00.904,416.44146992137,102
2024-09-18 15:52:00.924,416.4546611597749,9
2024-09-18 15:52:00.946,416.4564719216982,103
2024-09-18 15:52:00.999,416.4428046910542,1001
2024-09-18 15:52:01.060,416.5053648646924,105
2024-09-18 15:52:01.454,416.5177311866845,100
2024-09-18 15:52:01.509,416.5133343254447,997
2024-09-18 15:52:02.063,416.49757374235577,1000
2024-09-18 15:52:02.111,416.5200579651113,104
2024-09-18 15:52:02.141,416.46710592655535,13
2024-09-18 15:52:02.161,416.47541595058783,12
2024-09-18 15:52:02.248,416.4861192948815,1000
2024-09-18 15:52:02.339,416.4751541538652,1003
2024-09-18 15:52:02.363,416.4889530111485,1003
2024-09-18 15:52:02.384,416.4596896548625,104
2024-09-18 15:52:02.421,412.3813445455631,1001
2024-09-18 15:52:02.433,416.4763084548209,1000
2024-09-18 15:52:02.552,416.5075397295039,96
2024-09-18 15:52:02.558,416.4761818114209,11
2024-09-18 15:52:02.621,416.4623946847254,99
2024-09-18 15:52:02.647,416.4714196881592,97
2024-09-18 15:52:02.657,416.5006645653288,98
2024-09-18 15:52:02.734,416.494251530033,11
2024-09-18 15:52:02.749,416.47808691074346,997
2024-09-18 15:52:02.749,416.5026800796924,7
2024-09-18 15:52:02.758,416.47679641689314,9
2024-09-18 15:52:02.839,416.5025384464128,13
2024-09-18 15:52:02.868,416.4908755866594,1005
2024-09-18 15:52:02.884,416.4963300391951,105
2024-09-18 15:52:02.896,416.5098384280839,995
2024-09-18 15:52:02.951,416.4833974542104,100
2024-09-18 15:52:02.955,416.47174500504855,13
2024-09-18 15:52:02.957,416.4863015245552,102
2024-09-18 15:52:02.967,416.47557083408265,1004
2024-09-18 15:52:03.026,416.5174985758297,99
2024-09-18 15:52:03.283,416.5076432154685,997
2024-09-18 15:52:03.379,416.5051685977178,1001
2024-09-18 15:52:03.387,416.5017449000454,14
2024-09-18 15:52:03.561,416.483585812695,97
2024-09-18 15:52:03.563,416.4952583026031,997
2024-09-18 15:52:03.616,416.514240735524,1005
2024-09-18 15:52:03.637,416.5012445984903,7
2024-09-18 15:52:03.679,416.5193705013162,997
2024-09-18 15:52:03.726,416.49569069732297,11
2024-09-18 15:52:03.828,416.518799207663,998
2024-09-18 15:52:04.021,416.552087845466,1002
2024-09-18 15:52:04.082,416.6001172430984,997
2024-09-18 15:52:04.113,416.5485892572877,97
2024-09-18 15:52:04.229,416.5949006883311,105
2024-09-18 15:52:04.443,416.5870498636757,7
2024-09-18 15:52:04.484,416.5899876425656,998
2024-09-18 15:52:04.518,,98
2024-09-18 15:52:04.527,416.5474989246366,996
2024-09-18 15:52:04.537,416.553419108533,13
2024-09-18 15:52:04.635,416.5539275182738,15
2024-09-18 15:52:04.635,416.593238578081,104
2024-09-18 15:52:04.643,416.5001366678462,1002
2024-09-18 15:52:04.780,416.5859761078988,95
2024-09-18 15:52:04.797,416.60481410266647,15
2024-09-18 15:52:04.820,416.5745750224774,9
2024-09-18 15:52:04.851,416.55190379810034,13
2024-09-18 15:52:04.864,416.6245329148354,96
2024-09-18 15:52:04.900,416.6128046674955,997
2024-09-18 15:52:04.904,416.5508900309456,1003
2024-09-18 15:52:04.904,416.56349403084766,103
2024-09-18 15:52:04.911,-416.5457968997133,1004
2024-09-18 15:52:04.952,416.58070043623496,997
2024-09-18 15:52:04.967,416.5581392014728,1004
2024-09-18 15:52:04.982,416.6188944256683,10
2024-09-18 15:52:04.997,416.5530206858021,101
2024-09-18 15:52:05.001,416.6196028322441,6
2024-09-18 15:52:05.012,416.6030815428414,998
2024-09-18 15:52:05.275,416.6020234927127,999
2024-09-18 15:52:05.287,416.5895624843546,5
2024-09-18 15:52:05.289,416.6114999390372,15
2024-09-18 15:52:05.370,416.6211218734269,997
2024-09-18 15:52:05.397,,14
2024-09-18 15:52:05.490,416.602522434804,14
2024-09-18 15:52:05.501,416.6048001496368,99
2024-09-18 15:52:05.717,416.6092125577358,7
2024-09-18 15:52:05.745,416.6156599296038,14
2024-09-18 15:52:05.776,41.6596884927055,995
2024-09-18 15:52:05.864,416.5994680484676,13
2024-09-18 15:52:06.060,416.61517245430815,8
2024-09-18 15:52:06.069,416.6166053266465,101
2024-09-18 15:52:06.078,416.5767302118733,8
2024-09-18 15:52:06.140,416.595468679685,6
2024-09-18 15:52:06.315,416.6102521431646,13
2024-09-18 15:52:06.337,416.59397808403526,97
2024-09-18 15:52:06.431,416.6110082600565,1002
2024-09-18 15:52:06.483,416.6070414335728,7
2024-09-18 15:52:06.613,416.61009017281725,104
2024-09-18 15:52:06.646,416.610244673577,15
2024-09-18 15:52:06.753,416.5966067123193,100
2024-09-18 15:52:06.893,416.6011063113756,5
2024-09-18 15:52:06.940,416.617885901718,10
2024-09-18 15:52:07.044,416.6624264784656,105
2024-09-18 15:52:07.091,416.59090216864615,5
2024-09-18 15:52:07.210,416.6238332985189,101
2024-09-18 15:52:07.220,416.63616294811055,998
2024-09-18 15:52:07.228,416.6349604136101,1002
2024-09-18 15:52:07.242,416.67535271263256,5
2024-09-18 15:52:07.276,416.6190553536048,95
2024-09-18 15:52:07.419,416.6686675165422,998
2024-09-18 15:52:07.430,416.5929553062636,100
2024-09-18 15:52:07.521,416.6554328538213,100
2024-09-18 15:52:07.527,416.663805766997,996
2024-09-18 15:52:07.555,416.6527243098335,6
2024-09-18 15:52:07.605,416.61916106494107,1005
2024-09-18 15:52:07.608,416.65436030068463,995
2024-09-18 15:52:07.638,416.64302923438055,14
2024-09-18 15:52:07.694,416.67446992718567,101
2024-09-18 15:52:07.807,416.63281676202377,99
2024-09-18 15:52:07.826,416.61753951061866,996
2024-09-18 15:52:07.836,416.6687476798777,97
2024-09-18 15:52:07.953,41.66574225209144,105
2024-09-18 15:52:07.955,416.6391671641384,9
2024-09-18 15:52:07.977,416.5955595117949,1000
2024-09-18 15:52:07.995,416.5981815729002,100
2024-09-18 15:52:08.760,416.5836138173381,1003
2024-09-18 15:52:08.966,416.6001303293868,998
2024-09-18 15:52:09.028,416.594788684147,997
2024-09-18 15:52:09.047,416.6473054889877,104
2024-09-18 15:52:09.120,416.5905339900699,10
2024-09-18 15:52:09.122,416.6529648590419,99
2024-09-18 15:52:09.276,416.6463939561301,97
2024-09-18 15:52:09.359,416.5869729498797,15
2024-09-18 15:52:09.369,416.6298608029674,9
2024-09-18 15:52:09.472,416.63817669297634,7
2024-09-18 15:52:09.559,416.5801846608247,103
2024-09-18 15:52:09.572,416.6325674888409,1001
2024-09-18 15:52:09.603,416.6675422651218,104
2024-09-18 15:52:09.662,416.6424555543812,999
2024-09-18 15:52:09.673,416.6372300145837,104
2024-09-18 15:52:09.696,416.5691635947604,15
2024-09-18 15:52:09.724,416.6054071103971,95
2024-09-18 15:52:09.837,416.6231090288759,15
2024-09-18 15:52:09.879,416.5878152152008,99
2024-09-18 15:52:09.900,416.6314605240022,7
2024-09-18 15:52:10.000,416.7312479270247,95
2024-09-18 15:52:10.121,416.7343653959596,11
2024-09-18 15:52:10.273,416.7053780751325,103
2024-09-18 15:52:10.311,416.6695954186174,96
2024-09-18 15:52:10.349,416.6523646139088,999
2024-09-18 15:52:10.387,416.639494991612,103
2024-09-18 15:52:10.413,416.6862028460689,1002
2024-09-18 15:52:10.500,416.6991904455143,15
2024-09-18 15:52:10.520,416.7377377753796,1004
2024-09-18 15:52:10.553,416.7320921104129,1000
2024-09-18 15:52:10.562,416.67648857374814,1004
2024-09-18 15:52:10.612,416.7021964099636,101
2024-09-18 15:52:10.653,416.70159403619306,100
2024-09-18 15:52:10.691,416.7357736871387,101
2024-09-18 15:52:10.696,416.7040545965447,13
2024-09-18 15:52:10.704,416.6324323747358,1003
2024-09-18 15:52:10.704,416.6412896878619,1005
2024-09-18 15:52:10.732,416.710398853534,1001
2024-09-18 15:52:10.763,416.73917993272266,996
2024-09-18 15:52:10.809,416.6926272063668,1002
2024-09-18 15:52:10.882,416.6891525675477,997
2024-09-18 15:52:10.911,416.71368635005126,997
2024-09-18 15:52:10.934,416.7312135753574,6
2024-09-18 15:52:10.952,416.6893089067677,6
2024-09-18 15:52:10.956,416.7193169374234,7
2024-09-18 15:52:10.977,416.7078198795819,97
2024-09-18 15:52:10.985,416.7018190317236,97
2024-09-18 15:52:10.988,416.6823743584287,13
2024-09-18 15:52:11.012,416.6731623302173,102
2024-09-18 15:52:11.064,416.678188390877,1001
2024-09-18 15:52:11.090,416.6497437980528,15
2024-09-18 15:52:11.104,416.6820976389498,103
2024-09-18 15:52:11.113,416.70809995549473,96
2024-09-18 15:52:11.129,416.67505875794575,10
2024-09-18 15:52:11.155,416.67852779484485,105
2024-09-18 15:52:11.176,416.664992076974,95
2024-09-18 15:52:11.315,416.6747605254481,995
2024-09-18 15:52:11.532,416.67969165293016,15
2024-09-18 15:52:11.566,416.6592300082522,1000
2024-09-18 15:52:11.617,416.66302579231865,101
2024-09-18 15:52:11.619,416.6780917226716,102
2024-09-18 15:52:11.625,416.6674262661484,98
2024-09-18 15:52:11.647,416.6603673190372,1003
2024-09-18 15:52:11.702,-416.681065328053,98
2024-09-18 15:52:11.735,416.6622729881771,105
2024-09-18 15:52:11.788,416.6972350106319,15
2024-09-18 15:52:11.794,416.686067899254,95
2024-09-18 15:52:11.880,416.68456787638,997
2024-09-18 15:52:11.889,416.65216914647874,104
2024-09-18 15:52:11.909,416.68625116211206,102
2024-09-18 15:52:11.913,416.664603081273,5
2024-09-18 15:52:12.132,416.6697446743886,1002
2024-09-18 15:52:12.161,416.690861677414,15
2024-09-18 15:52:12.283,41.66625571212359,97
2024-09-18 15:52:12.304,416.6639183772554,104
2024-09-18 15:52:12.334,416.6750605924342,996
2024-09-18 15:52:12.402,416.67904297558295,104
2024-09-18 15:52:12.409,416.68469440253085,997
2024-09-18 15:52:12.503,416.6727291593236,1001
2024-09-18 15:52:12.765,416.66819977703136,997
2024-09-18 15:52:12.842,416.6539298161055,6
2024-09-18 15:52:13.000,416.6364311225961,998
2024-09-18 15:52:13.070,416.6241897541129,9
2024-09-18 15:52:13.168,416.6437931341807,8
2024-09-18 15:52:13.189,416.6508654184186,998
2024-09-18 15:52:13.194,416.6244330941528,11
2024-09-18 15:52:13.337,416.6423344226425,1003
2024-09-18 15:52:13.770,416.64058997834456,104
2024-09-18 15:52:13.868,416.646316210377,9
2024-09-18 15:52:14.061,416.6169733695144,13
2024-09-18 15:52:14.334,416.6210225228828,97
2024-09-18 15:52:14.622,416.6011040593024,102
2024-09-18 15:52:14.842,416.6039632013687,14
2024-09-18 15:52:14.870,416.60695596240674,10
2024-09-18 15:52:15.137,416.5964553845465,98
2024-09-18 15:52:15.178,416.593890954703,9
2024-09-18 15:52:15.255,416.6007906087197,104
2024-09-18 15:52:15.280,416.5308908850578,103
2024-09-18 15:52:15.295,416.5983310093392,6
2024-09-18 15:52:15.330,416.5562783441352,1003
2024-09-18 15:52:15.391,416.5619834020181,1003
2024-09-18 15:52:15.400,416.56066906653774,998
2024-09-18 15:52:15.477,416.5581363788553,1005
2024-09-18 15:52:15.488,416.562192173364,9
2024-09-18 15:52:15.491,416.4871485675383,7
2024-09-18 15:52:15.523,416.5945837363196,1000
2024-09-18 15:52:15.543,416.5882833609382,1002
2024-09-18 15:52:15.614,416.5981772727256,9
2024-09-18 15:52:15.742,416.59128044992406,1000
2024-09-18 15:52:15.789,416.5726487686891,15
2024-09-18 15:52:15.812,416.59193012644425,100
2024-09-18 15:52:15.855,416.5949590919954,10
2024-09-18 15:52:15.858,416.521714239373,96
2024-09-18 15:52:15.877,416.5994446233189,100
2024-09-18 15:52:15.881,416.5805051713934,105
2024-09-18 15:52:15.921,416.5800946574197,12
2024-09-18 15:52:15.928,416.5984383167962,1001
2024-09-18 15:52:15.969,416.5137184335496,1002
2024-09-18 15:52:15.993,416.5477102555981,1001
2024-09-18 15:52:16.126,416.46390920154766,9
2024-09-18 15:52:16.305,416.476267295631,102
2024-09-18 15:52:17.002,416.4947191308531,1000
2024-09-18 15:52:17.002,416.4762543769854,97
2024-09-18 15:52:17.049,416.4767275009547,105
2024-09-18 15:52:17.084,416.4997157508871,105
2024-09-18 15:52:17.165,416.5025757493212,98
2024-09-18 15:52:17.187,416.49430161893815,1002
2024-09-18 15:52:17.206,416.5156210765281,13
2024-09-18 15:52:17.220,416.5102444429203,12
2024-09-18 15:52:17.254,416.4998963498599,103
2024-09-18 15:52:17.278,416.4870519367517,1001
2024-09-18 15:52:17.306,416.48774095193824,103
2024-09-18 15:52:17.387,416.4845730063148,105
2024-09-18 15:52:17.441,416.4991727571432,14
2024-09-18 15:52:17.466,416.5025933322084,998
2024-09-18 15:52:17.479,416.4978702124699,1001
2024-09-18 15:52:17.495,416.4873183335419,12
2024-09-18 15:52:17.527,416.4909041864148,997
2024-09-18 15:52:17.569,416.5071068622013,9
2024-09-18 15:52:17.779,416.5298193693688,15
2024-09-18 15:52:17.869,416.487445509878,101
2024-09-18 15:52:17.919,416.50510427491895,10
2024-09-18 15:52:17.927,416.4591173855479,1001
2024-09-18 15:52:17.969,416.44932044759935,999
2024-09-18 15:52:17.987,416.50809189887775,105
2024-09-18 15:52:18.564,416.475249064534,1000
2024-09-18 15:52:18.567,416.48324407204,1001
2024-09-18 15:52:18.592,416.4691348416616,101
2024-09-18 15:52:18.970,416.4735938248761,96
2024-09-18 15:52:19.003,416.4470583981634,997
2024-09-18 15:52:19.010,416.461547422801,1003
2024-09-18 15:52:19.048,416.4894259468698,95
2024-09-18 15:52:19.081,416.5079529476736,104
2024-09-18 15:52:19.166,416.5113302060356,9
2024-09-18 15:52:19.252,416.466109607864,6
2024-09-18 15:52:19.262,416.483470724828,14
2024-09-18 15:52:19.285,416.4475043990613,102
2024-09-18 15:52:19.310,416.49719054863937,5
2024-09-18 15:52:19.362,416.4775312668917,96
2024-09-18 15:52:19.378,416.48132806128194,999
2024-09-18 15:52:19.420,416.5350094942459,996
2024-09-18 15:52:19.478,412.5080412393982,98
2024-09-18 15:52:19.479,416.4874317136623,99
2024-09-18 15:52:19.499,416.4280900035968,10
2024-09-18 15:52:19.564,416.49580199479874,14
2024-09-18 15:52:19.617,416.4948695744589,1002
2024-09-18 15:52:19.682,416.504391622868,14
2024-09-18 15:52:19.704,416.4911251555722,96
2024-09-18 15:52:19.775,416.4963329295601,1005
2024-09-18 15:52:19.800,416.5073306469421,1003
2024-09-18 15:52:19.842,416.4755989075409,13
2024-09-18 15:52:19.872,416.4994716247488,11
2024-09-18 15:52:19.919,416.4420793874871,995
2024-09-18 15:52:19.922,-416.4772113035689,5
2024-09-18 15:52:19.925,416.47289682923247,6
2024-09-18 15:52:19.983,416.4820825047725,5
2024-09-18 15:52:19.984,416.44105772482624,997
2024-09-18 15:52:19.999,416.5128450375989,104
2024-09-18 15:52:20.040,416.54172533223823,101
2024-09-18 15:52:20.078,416.5412285388112,7
2024-09-18 15:52:20.405,416.5364663567274,997
2024-09-18 15:52:20.445,416.5167223605006,13
2024-09-18 15:52:20.548,416.5033103176674,999
2024-09-18 15:52:20.574,416.5242925333994,97
2024-09-18 15:52:20.725,416.53834488262765,98
2024-09-18 15:52:20.960,416.5378579234305,1004
2024-09-18 15:52:22.011,416.5367049652316,99
2024-09-18 15:52:22.021,416.5428672710196,98
2024-09-18 15:52:22.048,416.5485522747698,101
2024-09-18 15:52:22.053,416.5373398167613,102
2024-09-18 15:52:22.057,-416.5280361450048,15
2024-09-18 15:52:22.148,416.5629744556634,15
2024-09-18 15:52:22.157,416.5459274784417,13
2024-09-18 15:52:22.181,416.54926087444494,98
2024-09-18 15:52:22.200,416.5343460234499,104
2024-09-18 15:52:22.295,416.545046153184,95
2024-09-18 15:52:22.297,416.5529193815042,102
2024-09-18 15:52:22.305,-416.549747938268,1000
2024-09-18 15:52:22.417,416.5570255659124,96
2024-09-18 15:52:22.540,416.56016860140807,997
2024-09-18 15:52:22.557,416.5544368479089,10
2024-09-18 15:52:22.718,416.5764124266635,95
2024-09-18 15:52:22.732,416.5455160591084,5
2024-09-18 15:52:22.733,416.5602596434669,1005
2024-09-18 15:52:22.742,416.5875255999291,996
2024-09-18 15:52:22.781,416.5802284176612,998
2024-09-18 15:52:22.860,416.54850561159486,1000
2024-09-18 15:52:22.886,416.5349608256516,104
2024-09-18 15:52:23.051,416.5553504808428,997
2024-09-18 15:52:23.106,416.5567111649563,96
2024-09-18 15:52:23.200,416.5621335781697,104
2024-09-18 15:52:23.364,416.5688677848083,1000
2024-09-18 15:52:23.424,416.5654663597664,11
2024-09-18 15:52:23.494,416.555476730956,9
2024-09-18 15:52:23.613,416.5476216257871,1002
2024-09-18 15:52:23.690,416.5324896360197,999
2024-09-18 15:52:23.705,416.558722159304,101
2024-09-18 15:52:23.799,416.5352539991081,11
2024-09-18 15:52:23.816,416.5529096217486,7
2024-09-18 15:52:23.888,416.54265315477465,6
2024-09-18 15:52:23.954,416.5563127401626,1004
2024-09-18 15:52:23.961,416.5506740224714,11
2024-09-18 15:52:24.046,416.5526070281506,1004
2024-09-18 15:52:24.050,416.5742974381634,6
2024-09-18 15:52:24.210,416.5643837973009,998
2024-09-18 15:52:24.302,416.5532656978564,14
2024-09-18 15:52:24.506,416.5405590051144,12
2024-09-18 15:52:24.536,416.56284087518895,999
2024-09-18 15:52:24.597,416.5524159068145,100
2024-09-18 15:52:24.935,416.5639049616247,1004
2024-09-18 15:52:24.975,416.5631380036239,7
2024-09-18 15:52:24.997,416.5460196364072,7
2024-09-18 15:52:25.027,416.5100011992496,99
2024-09-18 15:52:25.027,416.5413122928012,98
2024-09-18 15:52:25.028,416.4840307520441,11
2024-09-18 15:52:25.063,416.5469180599284,103
2024-09-18 15:52:25.092,416.4844976998298,97
2024-09-18 15:52:25.095,416.5454768884193,104
2024-09-18 15:52:25.112,416.5449137752605,105
2024-09-18 15:52:25.134,416.48805947928855,996
2024-09-18 15:52:25.227,416.4708546489812,999
2024-09-18 15:52:25.318,416.5228311153512,8
2024-09-18 15:52:25.322,416.47746131416113,5
2024-09-18 15:52:25.432,,13
2024-09-18 15:52:25.454,416.4874869763949,105
2024-09-18 15:52:25.512,416.48411029262405,997
2024-09-18 15:52:25.566,416.5039104905174,100
2024-09-18 15:52:25.601,416.4932166411595,15
2024-09-18 15:52:25.690,416.4906343275622,5
2024-09-18 15:52:25.815,416.4758828893524,997
2024-09-18 15:52:25.849,416.4870822489938,997
2024-09-18 15:52:25.864,416.4781901221222,1005
2024-09-18 15:52:25.897,416.486525089093,6
2024-09-18 15:52:25.956,416.4947023247694,101
2024-09-18 15:52:26.018,416.48018463783166,1001
2024-09-18 15:52:26.020,416.53280162872727,999
2024-09-18 15:52:26.148,416.5348180996869,1003
2024-09-18 15:52:26.162,416.47729399743486,101
2024-09-18 15:52:26.211,416.5200944551133,103
2024-09-18 15:52:26.218,416.5010954817666,1004
2024-09-18 15:52:26.230,416.4567709604803,995
2024-09-18 15:52:26.269,416.4742671383616,998
2024-09-18 15:52:26.310,416.46550383560617,998
2024-09-18 15:52:26.337,416.5187528006269,97
2024-09-18 15:52:26.365,416.4640944860478,15
2024-09-18 15:52:26.374,416.4896700251917,105
2024-09-18 15:52:26.438,416.4792196678343,1004
2024-09-18 15:52:26.462,416.4729032025036,1000
2024-09-18 15:52:26.497,416.5293417937195,6
2024-09-18 15:52:26.513,416.4729897035052,98
2024-09-18 15:52:26.529,416.4600202764577,10
2024-09-18 15:52:26.592,416.4863094561654,7
2024-09-18 15:52:26.598,416.4569145897758,97
2024-09-18 15:52:26.736,416.4755773992044,996
2024-09-18 15:52:26.737,416.48331373450327,5
2024-09-18 15:52:26.759,416.5180849376855,105
2024-09-18 15:52:26.875,416.4905571147781,1005
2024-09-18 15:52:26.892,416.4933763281352,1001
2024-09-18 15:52:26.901,416.5188261636509,101
2024-09-18 15:52:28.036,416.59809269258096,996
2024-09-18 15:52:28.162,416.5819819779924,1001
2024-09-18 15:52:28.198,416.6157385075582,15
2024-09-18 15:52:28.241,416.61743042045055,995
2024-09-18 15:52:28.252,416.5146975953939,11
2024-09-18 15:52:28.257,416.6082118655599,101
2024-09-18 15:52:28.347,416.5666638669584,999
2024-09-18 15:52:28.356,416.5984525695106,5
2024-09-18 15:52:28.373,416.6047786850758,1003
2024-09-18 15:52:28.412,416.6077361537253,997
2024-09-18 15:52:28.509,416.6145815942477,10
2024-09-18 15:52:28.511,416.60651822444765,98
2024-09-18 15:52:28.516,416.584748582672,15
2024-09-18 15:52:28.519,416.556063842525,97
2024-09-18 15:52:28.541,,11
2024-09-18 15:52:28.576,416.6344479392829,97
2024-09-18 15:52:28.647,,12
2024-09-18 15:52:28.650,416.6031462797403,96
2024-09-18 15:52:28.674,416.6069826699736,9
2024-09-18 15:52:28.709,416.5789937264499,97
2024-09-18 15:52:28.740,416.5240951986521,6
2024-09-18 15:52:28.743,416.61061783326056,105
2024-09-18 15:52:28.759,416.5915945969145,100
2024-09-18 15:52:28.789,416.526476566156,103
2024-09-18 15:52:28.831,416.5860231919556,997
2024-09-18 15:52:28.856,416.5810117537382,95
2024-09-18 15:52:28.894,416.5135583604898,1003
2024-09-18 15:52:28.945,416.55212482207423,9
2024-09-18 15:52:29.079,416.5719982421395,998
2024-09-18 15:52:29.126,416.5955393444065,997
2024-09-18 15:52:29.273,416.5790372489531,1004
2024-09-18 15:52:29.367,416.5794712842537,1004
2024-09-18 15:52:29.370,416.59907044241146,95
2024-09-18 15:52:29.444,416.5785411683279,998
2024-09-18 15:52:29.485,416.5660243824019,95
2024-09-18 15:52:29.555,416.5968708717365,12
2024-09-18 15:52:29.558,416.6077337413117,12
2024-09-18 15:52:29.578,416.6162268070174,995
2024-09-18 15:52:29.645,416.5900619223021,1005
2024-09-18 15:52:29.677,416.59857658012737,998
2024-09-18 15:52:29.677,416.6111080307604,101
2024-09-18 15:52:29.779,416.5885513400542,996
2024-09-18 15:52:29.930,416.603378985642,14
2024-09-18 15:52:29.938,416.5664950577467,102
2024-09-18 15:52:30.002,416.5771202485185,13
2024-09-18 15:52:30.150,416.57028397899785,996
2024-09-18 15:52:30.296,416.5407228221921,13
2024-09-18 15:52:30.340,416.55538580826914,104
2024-09-18 15:52:30.592,416.55261036645805,101
2024-09-18 15:52:30.614,416.567970812128,97
2024-09-18 15:52:30.635,416.5820811992785,999
2024-09-18 15:52:30.758,416.567963378402,999
2024-09-18 15:52:30.772,416.56395108163065,9
2024-09-18 15:52:30.782,,1002
2024-09-18 15:52:30.839,416.5525574485338,100
2024-09-18 15:52:30.914,416.5651053812344,1003
2024-09-18 15:52:30.927,416.5501393637023,100
2024-09-18 15:52:30.991,416.556989347121,95
2024-09-18 15:52:31.005,416.5759339446998,100
2024-09-18 15:52:31.042,,104
2024-09-18 15:52:31.285,416.5919256927006,12
2024-09-18 15:52:31.336,416.55247918353007,100
2024-09-18 15:52:31.396,416.5453536976097,995
2024-09-18 15:52:31.481,416.5586302240606,97
2024-09-18 15:52:31.512,416.5796677615591,97
2024-09-18 15:52:31.528,416.5702064465393,10
2024-09-18 15:52:31.596,416.5554955160815,15
2024-09-18 15:52:31.625,416.5803398140489,1002
2024-09-18 15:52:31.736,416.5689877505872,1002
2024-09-18 15:52:31.832,416.5468123783194,12
2024-09-18 15:52:31.915,416.57670693018827,98
2024-09-18 15:52:32.151,416.52963986879377,13
2024-09-18 15:52:32.160,416.5345482811607,98
2024-09-18 15:52:32.161,416.57620802785885,97
2024-09-18 15:52:32.302,416.5438623524337,5
2024-09-18 15:52:32.475,416.52750146188725,15
2024-09-18 15:52:32.734,416.5568453091948,11
2024-09-18 15:52:32.737,416.5822370160882,6
2024-09-18 15:52:32.831,416.5172308571143,1000
2024-09-18 15:52:33.060,416.56726622815216,100
2024-09-18 15:52:33.096,416.58053309988776,14
2024-09-18 15:52:33.114,416.5634055620241,95
2024-09-18 15:52:33.152,416.57151305206406,100
2024-09-18 15:52:33.158,416.5568887963182,1004
2024-09-18 15:52:33.184,416.5618896285431,96
2024-09-18 15:52:33.200,416.5547862750905,997
2024-09-18 15:52:33.403,416.57258128202506,98
2024-09-18 15:52:33.405,416.5701460402232,1003
2024-09-18 15:52:33.405,416.5440997175842,1004
2024-09-18 15:52:33.410,416.57880919886856,995
2024-09-18 15:52:33.481,41.65619917158013,99
2024-09-18 15:52:33.592,416.57525033776216,5
2024-09-18 15:52:33.603,416.5549514727832,95
2024-09-18 15:52:33.610,416.54077685072826,10
2024-09-18 15:52:33.632,416.5689352901993,96
2024-09-18 15:52:33.636,416.5438323625736,99
2024-09-18 15:52:33.646,416.5606440344016,995
2024-09-18 15:52:33.678,416.5433802669928,1002
2024-09-18 15:52:33.709,416.5573091975399,11
2024-09-18 15:52:33.849,416.5606515791433,102
2024-09-18 15:52:33.992,41.657961562927454,7
2024-09-18 15:52:34.085,416.5630077969493,1002
2024-09-18 15:52:34.200,416.549244701141,95
2024-09-18 15:52:34.239,416.5502976454357,102
2024-09-18 15:52:35.132,416.5302085699015,98
2024-09-18 15:52:35.371,416.5273709892893,102
2024-09-18 15:52:35.540,416.5467119372193,1003
2024-09-18 15:52:35.573,416.5492382904658,995
2024-09-18 15:52:35.719,,8
2024-09-18 15:52:35.835,416.5190659407286,104
2024-09-18 15:52:35.871,416.5387232775072,101
2024-09-18 15:52:35.999,416.5328978116579,6
2024-09-18 15:52:36.117,416.4378894683804,10
2024-09-18 15:52:36.122,416.4169034851262,6
2024-09-18 15:52:36.126,416.3477655878641,1005
2024-09-18 15:52:36.164,-416.52604683936187,1001
2024-09-18 15:52:36.259,416.515477975096,1001
2024-09-18 15:52:36.282,416.3680687588235,7
2024-09-18 15:52:36.306,416.5124117227166,1001
2024-09-18 15:52:36.319,416.43802705297855,7
2024-09-18 15:52:36.356,416.4663344443756,7
2024-09-18 15:52:36.370,416.40965529998834,95
2024-09-18 15:52:36.389,416.4278221863916,103
2024-09-18 15:52:36.395,416.41491879219495,13
2024-09-18 15:52:36.433,416.4004753680331,95
2024-09-18 15:52:36.449,416.3869731604482,99
2024-09-18 15:52:36.455,416.5111237301506,6
2024-09-18 15:52:36.471,416.5291939440724,104
2024-09-18 15:52:36.556,416.43961283831646,1005
2024-09-18 15:52:36.564,416.4277017442295,996
2024-09-18 15:52:36.571,412.5233436360925,999
2024-09-18 15:52:36.588,416.4919969338856,12
2024-09-18 15:52:36.599,416.52442634316577,7
2024-09-18 15:52:36.612,416.4294835591165,996
2024-09-18 15:52:36.837,416.4099479840399,95
2024-09-18 15:52:36.853,416.4213142847241,999
2024-09-18 15:52:36.896,416.4756040053598,12
2024-09-18 15:52:36.896,416.4980008564005,10
2024-09-18 15:52:36.907,416.4794437056681,999
2024-09-18 15:52:37.112,416.372808318572,995
2024-09-18 15:52:37.622,416.3860744213112,11
2024-09-18 15:52:37.837,416.3575146936109,104
2024-09-18 15:52:37.972,416.3742267901536,95
2024-09-18 15:52:38.045,412.578820227201,103
2024-09-18 15:52:38.305,416.3649127512358,9
2024-09-18 15:52:38.642,416.3744457452401,999
2024-09-18 15:52:39.049,416.3631353756175,103
2024-09-18 15:52:39.065,416.3668570793821,998
2024-09-18 15:52:39.169,416.3443223887495,105
2024-09-18 15:52:39.211,416.3661001768455,101
2024-09-18 15:52:39.237,416.3448919295776,105
2024-09-18 15:52:39.356,416.370318887116,12
2024-09-18 15:52:39.397,416.3694851243998,99
2024-09-18 15:52:39.406,416.3699109639075,96
2024-09-18 15:52:39.450,416.3845784600744,996
2024-09-18 15:52:39.464,416.39040366027234,12
2024-09-18 15:52:39.565,416.35569434268336,5
2024-09-18 15:52:39.627,416.3552956406765,1005
2024-09-18 15:52:39.635,416.35061790173353,99
2024-09-18 15:52:39.753,416.3766036477908,95
2024-09-18 15:52:39.896,416.3546813967792,1004
2024-09-18 15:52:39.918,416.34662614413605,9
2024-09-18 15:52:39.963,416.3771739357445,9
2024-09-18 15:52:40.028,416.3881922154439,996
2024-09-18 15:52:40.029,416.4000605481832,99
2024-09-18 15:52:40.148,416.370333232501,100
2024-09-18 15:52:40.553,416.3877071251907,7
2024-09-18 15:52:40.569,416.3774720816851,1002
2024-09-18 15:52:40.710,416.37924703425233,105
2024-09-18 15:52:40.715,416.3945055756636,1001
2024-09-18 15:52:40.999,416.3786912993747,995
2024-09-18 15:52:41.079,416.4349195045432,1005
2024-09-18 15:52:41.286,416.4200246281608,105
2024-09-18 15:52:41.912,416.4014069798567,12
2024-09-18 15:52:42.705,416.4328268097676,9
2024-09-18 15:52:42.778,416.43474740016114,105
2024-09-18 15:52:42.847,416.4268600962204,14
2024-09-18 15:52:42.906,416.43393625385073,13
2024-09-18 15:52:42.910,416.4311009345308,98
2024-09-18 15:52:42.924,416.43962602933374,14
2024-09-18 15:52:43.417,412.6016051186224,5
2024-09-18 15:52:44.015,416.4086778392968,14
2024-09-18 15:52:44.084,416.4027593416163,95
2024-09-18 15:52:44.167,416.38682653404953,105
2024-09-18 15:52:44.172,416.4021853097367,15
2024-09-18 15:52:44.220,416.405112002539,1005
2024-09-18 15:52:44.254,-416.4142661340529,101
2024-09-18 15:52:44.304,416.42614571833775,1002
2024-09-18 15:52:44.440,416.4135571025504,1004
2024-09-18 15:52:44.528,416.37164260184215,11
2024-09-18 15:52:44.677,416.39132350394607,98
2024-09-18 15:52:44.715,416.407800954862,101
2024-09-18 15:52:44.738,416.3856039475132,12
2024-09-18 15:52:44.752,-416.3888059985454,996
2024-09-18 15:52:44.979,416.4083367428652,12
2024-09-18 15:52:44.992,416.4229627756525,998
2024-09-18 15:52:45.005,416.3685791528642,98
2024-09-18 15:52:45.034,416.32999657209984,7
2024-09-18 15:52:45.042,416.3450072019342,1005
2024-09-18 15:52:45.220,416.3695957081167,996
2024-09-18 15:52:45.328,416.3472465897344,997
2024-09-18 15:52:45.367,416.3434262058571,11
2024-09-18 15:52:45.372,416.3610375952844,95
2024-09-18 15:52:45.381,416.3906590846522,101
2024-09-18 15:52:45.395,416.3618543081086,1004
2024-09-18 15:52:45.399,416.3729943956628,5
2024-09-18 15:52:45.410,416.3720983860978,10
2024-09-18 15:52:45.472,416.3860782421033,9
2024-09-18 15:52:45.496,416.3551900816975,6
2024-09-18 15:52:45.581,416.3864073413208,1000
2024-09-18 15:52:45.581,,1003
2024-09-18 15:52:45.630,416.3361061587939,996
2024-09-18 15:52:45.666,,995
2024-09-18 15:52:45.742,416.3963147070909,15
2024-09-18 15:52:45.750,416.3577650668726,104
2024-09-18 15:52:45.821,416.3425684150993,15
2024-09-18 15:52:45.829,416.39698599765256,96
2024-09-18 15:52:45.832,416.3496910106612,96
2024-09-18 15:52:45.865,416.389945445936,95
2024-09-18 15:52:45.912,416.39158391721367,97
2024-09-18 15:52:46.002,416.34405479136666,13
2024-09-18 15:52:46.031,416.33513511255694,15
2024-09-18 15:52:46.071,416.31845052889344,5
2024-09-18 15:52:46.146,416.36426557153857,995
2024-09-18 15:52:46.181,416.274180876872,1004
2024-09-18 15:52:46.207,416.33966209487744,10
2024-09-18 15:52:46.222,416.2712670486271,8
2024-09-18 15:52:46.289,416.2759536386964,996
2024-09-18 15:52:46.354,416.3181334776889,1001
2024-09-18 15:52:46.389,416.2754325217513,1001
2024-09-18 15:52:46.418,416.2780182538576,101
2024-09-18 15:52:46.511,416.3332045969752,996
2024-09-18 15:52:46.519,416.2771345992396,996
2024-09-18 15:52:46.522,416.3728628707055,10
2024-09-18 15:52:46.533,416.359289062432,7
2024-09-18 15:52:46.627,416.3110374772999,998
2024-09-18 15:52:46.643,416.2617140658411,6
2024-09-18 15:52:46.684,416.3700000520642,97
2024-09-18 15:52:46.707,416.3729338487394,13
2024-09-18 15:52:46.710,416.3353388392518,995
2024-09-18 15:52:46.716,416.3175807251152,1005
2024-09-18 15:52:46.859,416.35301986039104,1001
2024-09-18 15:52:46.888,416.3467964344467,1005
2024-09-18 15:52:46.891,416.3493547983915,999
2024-09-18 15:52:46.910,416.3893030255072,1002
2024-09-18 15:52:46.926,416.2978309184792,12
2024-09-18 15:52:46.981,416.34077989796384,1003
2024-09-18 15:52:47.034,416.2458887210333,95
2024-09-18 15:52:47.045,416.2375198671557,999
2024-09-18 15:52:47.070,416.2400447521376,1003
2024-09-18 15:52:47.206,416.24633464499806,13
2024-09-18 15:52:47.263,416.2690266588,103
2024-09-18 15:52:47.350,416.2207515826154,97
2024-09-18 15:52:47.377,416.2441448851617,99
2024-09-18 15:52:47.421,416.230585729306,104
2024-09-18 15:52:47.425,416.2456498488472,7
2024-09-18 15:52:47.517,416.2499388455513,99
2024-09-18 15:52:47.565,416.2688348544856,98
2024-09-18 15:52:47.570,416.2489719251448,95
2024-09-18 15:52:47.581,416.2251616755979,12
2024-09-18 15:52:47.649,416.2487661915053,98
2024-09-18 15:52:47.674,416.2197395916965,9
2024-09-18 15:52:47.680,416.2655103104005,11
2024-09-18 15:52:47.682,416.2464282876382,97
2024-09-18 15:52:47.690,416.2577779739615,995
2024-09-18 15:52:47.751,416.2554831050159,1002
2024-09-18 15:52:47.805,416.2620940027453,999
2024-09-18 15:52:47.934,416.2402081138768,95
2024-09-18 15:52:47.946,416.2739030949264,103
2024-09-18 15:52:47.947,416.2483061582737,8
2024-09-18 15:52:47.966,416.2282178477497,98
2024-09-18 15:52:48.061,416.2620912225669,996
2024-09-18 15:52:48.105,416.23578078493256,6
2024-09-18 15:52:48.119,416.2761747264998,997
2024-09-18 15:52:48.165,416.2595830115711,97
2024-09-18 15:52:48.204,416.2625103141172,8
2024-09-18 15:52:48.212,416.2638557817774,102
2024-09-18 15:52:48.223,416.2546041671473,10
2024-09-18 15:52:48.230,416.2246098171601,10
2024-09-18 15:52:48.244,416.2621713998836,6
2024-09-18 15:52:48.348,416.2588397912515,1001
2024-09-18 15:52:48.438,416.24464192839554,99
2024-09-18 15:52:48.481,416.2564486921345,1003
2024-09-18 15:52:48.494,416.2779747372456,97
2024-09-18 15:52:48.502,416.2259224780726,999
2024-09-18 15:52:48.561,416.260024471261,96
2024-09-18 15:52:48.614,416.2305406381201,995
2024-09-18 15:52:48.679,416.245229622232,100
2024-09-18 15:52:48.730,416.2521374645135,100
2024-09-18 15:52:48.749,416.24561515992673,1005
2024-09-18 15:52:48.765,416.2852683925701,7
2024-09-18 15:52:48.778,416.2446670859577,1005
2024-09-18 15:52:48.825,416.27720875648527,104
2024-09-18 15:52:48.830,416.2269746079722,105
2024-09-18 15:52:48.897,416.2439198211757,998
2024-09-18 15:52:48.967,416.2614439874875,104
2024-09-18 15:52:49.123,416.21057819276064,1002
2024-09-18 15:52:49.238,416.1988567996096,15
2024-09-18 15:52:49.272,416.227098427248,1002
2024-09-18 15:52:49.527,416.2261334255353,95
2024-09-18 15:52:49.662,416.2168865848423,996
2024-09-18 15:52:50.099,416.2183733989684,8
2024-09-18 15:52:50.158,416.1661419834239,12
2024-09-18 15:52:50.371,416.21712422221066,98
2024-09-18 15:52:50.783,416.1465444409291,1000
2024-09-18 15:52:50.803,412.7128640732039,97
2024-09-18 15:52:50.975,416.1780882124124,1003
2024-09-18 15:52:51.037,416.1301551548016,1000
2024-09-18 15:52:51.054,416.1142327341794,98
2024-09-18 15:52:51.241,416.1323501965975,12
2024-09-18 15:52:51.252,416.1651637158405,97
2024-09-18 15:52:51.261,416.1201424567108,996
2024-09-18 15:52:51.328,416.1689856691799,1005
2024-09-18 15:52:51.461,416.1538379831836,5
2024-09-18 15:52:51.469,416.13659550444544,998
2024-09-18 15:52:51.595,416.13206299010506,6
2024-09-18 15:52:51.647,416.13829988587537,1002
2024-09-18 15:52:51.830,416.1237493944277,995
2024-09-18 15:52:51.852,416.1647582273857,1000
2024-09-18 15:52:51.987,416.1261257867094,101
2024-09-18 15:52:52.045,416.1998102401029,14
2024-09-18 15:52:52.161,416.19496642449343,6
2024-09-18 15:52:52.169,416.1714809771678,96
2024-09-18 15:52:52.185,416.17283875633854,1005
2024-09-18 15:52:52.199,416.1870914780824,103
2024-09-18 15:52:52.227,416.18271292843247,11
2024-09-18 15:52:52.233,416.1821086505346,1001
2024-09-18 15:52:52.264,416.1762955613712,998
2024-09-18 15:52:52.334,416.2032518975492,11
2024-09-18 15:52:52.369,416.1652658991498,8
2024-09-18 15:52:52.413,416.1964950597565,100
2024-09-18 15:52:52.420,416.157357682229,97
2024-09-18 15:52:52.437,416.1903973415021,96
2024-09-18 15:52:52.467,416.1761876217181,95
2024-09-18 15:52:52.482,416.1795048722889,9
2024-09-18 15:52:52.533,41.61811222634106,102
2024-09-18 15:52:52.589,416.18862864724775,100
2024-09-18 15:52:52.613,416.18118736171215,95
2024-09-18 15:52:52.666,416.1779892222525,5
2024-09-18 15:52:52.676,416.182830431945,1001
2024-09-18 15:52:52.680,-416.2040207511864,102
2024-09-18 15:52:52.718,416.1704828887704,7
2024-09-18 15:52:52.728,416.14850220941616,997
2024-09-18 15:52:52.741,416.1849167065482,13
2024-09-18 15:52:52.789,416.1736759183722,998
2024-09-18 15:52:52.796,416.1880188435212,15
2024-09-18 15:52:52.796,416.2044374786765,11
2024-09-18 15:52:52.814,416.17127688434135,5
2024-09-18 15:52:52.959,416.1771959786904,8
2024-09-18 15:52:52.969,416.1831035663702,996
2024-09-18 15:52:53.071,416.18145503923904,10
2024-09-18 15:52:53.076,416.15987089221727,99
2024-09-18 15:52:53.109,416.2010762654788,10
2024-09-18 15:52:53.169,416.2137382897199,999
2024-09-18 15:52:53.221,416.155027296696,1004
2024-09-18 15:52:53.252,416.1827243548979,97
2024-09-18 15:52:53.302,416.1833995965859,1005
2024-09-18 15:52:53.362,416.1685265919244,96
2024-09-18 15:52:53.597,416.1792787323633,95
2024-09-18 15:52:53.603,416.1868503413775,100
2024-09-18 15:52:53.695,416.1982418391468,104
2024-09-18 15:52:53.822,416.17133503459854,10
2024-09-18 15:52:53.835,416.1697744464293,15
2024-09-18 15:52:53.861,416.1720910740976,11
2024-09-18 15:52:53.870,416.2115992753858,1004
2024-09-18 15:52:53.889,416.1944511185828,8
2024-09-18 15:52:53.900,416.185425827712,15
2024-09-18 15:52:53.906,412.6461035159817,104
2024-09-18 15:52:53.914,416.1942448857982,96
2024-09-18 15:52:53.931,416.1786963716775,997
2024-09-18 15:52:53.949,-416.192868544131,11
2024-09-18 15:52:53.972,416.1731353176319,1004
2024-09-18 15:52:54.282,416.1594000292764,1005
2024-09-18 15:52:54.341,416.18258188989967,13
2024-09-18 15:52:54.961,416.1705008656562,9
2024-09-18 15:52:54.975,416.1828566411891,1002
2024-09-18 15:52:55.067,416.2116821089234,96
2024-09-18 15:52:55.259,416.1944495431808,12
2024-09-18 15:52:55.403,416.2037164312662,103
2024-09-18 15:52:55.499,416.1512019702823,1001
2024-09-18 15:52:55.655,416.178744447298,13
2024-09-18 15:52:55.682,416.1946305351584,102
2024-09-18 15:52:55.699,416.1837712960332,999
2024-09-18 15:52:55.873,41.61668140957991,9
2024-09-18 15:52:55.964,416.1662032522198,7
2024-09-18 15:52:55.988,416.1698495400832,1004
2024-09-18 15:52:57.016,416.229728232305,12
2024-09-18 15:52:57.094,416.16574342800993,998
2024-09-18 15:52:57.105,416.2639799855363,12
2024-09-18 15:52:57.127,416.2663974684892,95
2024-09-18 15:52:57.293,416.1809195443069,5
2024-09-18 15:52:57.314,416.22133263376094,11
2024-09-18 15:52:57.400,416.2682150546837,7
2024-09-18 15:52:57.425,416.1840254340644,1002
2024-09-18 15:52:57.557,416.21633671023255,100
2024-09-18 15:52:57.574,416.2184593161608,5
2024-09-18 15:52:57.702,,1001
2024-09-18 15:52:57.719,416.2436883032127,15
2024-09-18 15:52:57.739,416.2167526757111,999
2024-09-18 15:52:57.740,416.2218645688631,1002
2024-09-18 15:52:57.744,416.170361244996,96
2024-09-18 15:52:57.890,416.2366164955021,14
2024-09-18 15:52:57.895,416.21205930562667,98
2024-09-18 15:52:57.901,416.2181714782255,101
2024-09-18 15:52:57.981,416.241365546432,104
2024-09-18 15:52:58.003,416.25575156237824,100
2024-09-18 15:52:58.146,416.2610522743807,104
2024-09-18 15:52:58.247,416.2798435244856,95
2024-09-18 15:52:58.264,416.2853269117296,102
2024-09-18 15:52:58.551,416.2743845349912,96
2024-09-18 15:52:58.618,416.2694447874997,14
2024-09-18 15:52:58.728,416.2529075770635,13
2024-09-18 15:52:58.737,416.2532153002871,9
2024-09-18 15:52:58.756,416.2679677893268,95
