Timestamp,Price,Size
2024-09-16 14:12:00.013,415.5900324561319,99
2024-09-16 14:12:00.044,415.5798851774832,1001
2024-09-16 14:12:00.132,415.5701812086475,96
2024-09-16 14:12:00.169,415.4974921973892,6
2024-09-16 14:12:00.232,415.5789442964205,12
2024-09-16 14:12:00.257,415.4887753010463,101
2024-09-16 14:12:00.266,415.511332727916,99
2024-09-16 14:12:00.279,415.4964365374426,98
2024-09-16 14:12:00.315,415.5970966529335,15
2024-09-16 14:12:00.327,-415.5068332489144,103
2024-09-16 14:12:00.348,415.566203999127,998
2024-09-16 14:12:00.352,415.5239458843577,1000
2024-09-16 14:12:00.446,415.6025523825172,1001
2024-09-16 14:12:00.580,415.59329805711553,100
2024-09-16 14:12:00.615,415.5860617353033,9
2024-09-16 14:12:00.617,415.5781321953364,999
2024-09-16 14:12:00.690,415.5976206439369,102
2024-09-16 14:12:00.774,415.5109085017042,1003
2024-09-16 14:12:00.832,415.5805570972785,103
2024-09-16 14:12:00.833,415.6069975447484,100
2024-09-16 14:12:00.844,415.5957687290181,1005
2024-09-16 14:12:00.945,415.5461269190652,101
2024-09-16 14:12:00.996,415.5008231793313,995
2024-09-16 14:12:01.044,415.5814610874332,97
2024-09-16 14:12:01.163,415.5977574727719,11
2024-09-16 14:12:01.273,415.5278086590016,1002
2024-09-16 14:12:01.303,415.5763456697224,15
2024-09-16 14:12:01.318,415.54390063816095,13
2024-09-16 14:12:01.318,415.5432869920239,101
2024-09-16 14:12:01.415,415.5419808021248,997
2024-09-16 14:12:01.464,415.58677357887393,5
2024-09-16 14:12:01.480,415.5817564739963,998
2024-09-16 14:12:01.490,415.5445294867023,96
2024-09-16 14:12:01.513,415.5521515274671,97
2024-09-16 14:12:01.524,415.5380797915552,1005
2024-09-16 14:12:01.599,415.5733816832615,9
2024-09-16 14:12:01.687,415.54366555085625,96
2024-09-16 14:12:01.731,415.5303104868647,1004
2024-09-16 14:12:01.743,415.5321039823091,995
2024-09-16 14:12:01.758,415.5379282340989,9
2024-09-16 14:12:01.763,-415.5507334746164,1005
2024-09-16 14:12:01.790,415.534453163772,98
2024-09-16 14:12:01.806,415.5330010009415,15
2024-09-16 14:12:01.806,415.5479057623402,998
2024-09-16 14:12:01.826,415.57332295072274,11
2024-09-16 14:12:01.897,415.58042155425017,14
2024-09-16 14:12:01.919,415.5730997187778,1003
2024-09-16 14:12:01.941,415.586931531834,103
2024-09-16 14:12:02.018,415.5654996299742,996
2024-09-16 14:12:02.054,415.5670701056115,102
2024-09-16 14:12:02.154,415.5788940073519,999
2024-09-16 14:12:02.160,41.5588448659975,14
2024-09-16 14:12:02.204,415.5750676112169,101
2024-09-16 14:12:02.204,415.50705500611537,12
2024-09-16 14:12:02.231,415.55223835650594,7
2024-09-16 14:12:02.234,415.5953613588323,5
2024-09-16 14:12:02.241,415.5183189647895,1001
2024-09-16 14:12:02.340,415.55867249728425,13
2024-09-16 14:12:02.382,415.5506110591207,1003
2024-09-16 14:12:02.418,415.6054385127868,105
2024-09-16 14:12:02.437,415.604963164787,96
2024-09-16 14:12:02.440,415.6066816308744,101
2024-09-16 14:12:02.544,415.54998765289406,1002
2024-09-16 14:12:02.569,415.5856583138924,998
2024-09-16 14:12:02.582,415.5427681760743,1005
2024-09-16 14:12:02.650,415.5291868851592,15
2024-09-16 14:12:02.679,41.55597654602356,95
2024-09-16 14:12:02.700,415.61206500806657,1001
2024-09-16 14:12:02.723,415.54992241267206,105
2024-09-16 14:12:02.738,415.60753028071264,1000
2024-09-16 14:12:02.784,415.58103453564456,1005
2024-09-16 14:12:02.890,415.6074242037827,5
2024-09-16 14:12:02.949,415.6063903364547,1005
2024-09-16 14:12:02.952,415.571676932284,101
2024-09-16 14:12:02.967,415.5899207452082,996
2024-09-16 14:12:03.122,415.63057757610034,95
2024-09-16 14:12:03.179,415.6241362791398,10
2024-09-16 14:12:03.376,415.6276323919271,5
2024-09-16 14:12:03.499,415.6235249998789,102
2024-09-16 14:12:03.628,415.61842367480943,6
2024-09-16 14:12:03.705,415.6213597484589,13
2024-09-16 14:12:03.741,415.6067900842248,9
2024-09-16 14:12:03.770,415.6212868273684,7
2024-09-16 14:12:03.786,415.61398836834206,96
2024-09-16 14:12:03.961,415.6160086794939,102
2024-09-16 14:12:04.070,415.5889523576846,1005
2024-09-16 14:12:04.111,415.62740295771465,104
2024-09-16 14:12:04.157,415.6075113561539,7
2024-09-16 14:12:04.296,415.57519776332055,15
2024-09-16 14:12:04.405,415.6226122773889,104
2024-09-16 14:12:04.518,415.6175126544248,998
2024-09-16 14:12:04.627,415.56856188079,995
2024-09-16 14:12:04.686,415.5910844920753,12
2024-09-16 14:12:04.775,415.60141549367165,104
2024-09-16 14:12:04.791,41.560524711166096,996
2024-09-16 14:12:04.842,415.6148888497952,9
2024-09-16 14:12:04.920,415.5925433495418,15
2024-09-16 14:12:05.002,415.6253997732656,10
2024-09-16 14:12:05.017,415.6277392443525,12
2024-09-16 14:12:05.077,415.531567544919,997
2024-09-16 14:12:05.095,415.6410033184205,8
2024-09-16 14:12:05.192,415.547638354954,105
2024-09-16 14:12:05.250,415.64903832724775,999
2024-09-16 14:12:05.323,415.5834207428774,996
2024-09-16 14:12:05.364,415.6579523071069,102
2024-09-16 14:12:05.394,415.6320107725944,102
2024-09-16 14:12:05.466,415.51295448222726,5
2024-09-16 14:12:05.564,415.6520579184199,14
2024-09-16 14:12:05.637,415.53897189650536,8
2024-09-16 14:12:05.685,415.5582289670627,13
2024-09-16 14:12:05.706,415.63413685746167,13
2024-09-16 14:12:05.718,415.5563307137086,998
2024-09-16 14:12:05.750,415.5767757181621,96
2024-09-16 14:12:05.785,415.53694530278057,100
2024-09-16 14:12:05.789,415.6127619923256,14
2024-09-16 14:12:05.805,415.64437510527546,98
2024-09-16 14:12:05.828,415.63560060630095,105
2024-09-16 14:12:05.864,415.5642642941916,11
2024-09-16 14:12:05.864,415.5360813928183,15
2024-09-16 14:12:05.955,415.5650196087342,103
2024-09-16 14:12:05.966,415.5128353298104,10
2024-09-16 14:12:05.967,415.55598898818704,9
2024-09-16 14:12:05.972,415.644639684664,995
2024-09-16 14:12:06.121,415.6427135387926,105
2024-09-16 14:12:06.191,415.620937542418,103
2024-09-16 14:12:06.426,415.63011485442905,15
2024-09-16 14:12:06.526,415.61830355201687,102
2024-09-16 14:12:06.914,415.63142516095695,10
2024-09-16 14:12:06.915,415.6459572726326,14
2024-09-16 14:12:07.024,415.62019334703376,97
2024-09-16 14:12:07.060,415.5928228812462,104
2024-09-16 14:12:07.208,415.5913639836233,95
2024-09-16 14:12:07.477,415.6110289779137,102
2024-09-16 14:12:07.490,415.6356415420217,10
2024-09-16 14:12:07.609,-415.6217454240808,998
2024-09-16 14:12:07.645,415.6057732935442,9
2024-09-16 14:12:07.693,415.6044444721088,98
2024-09-16 14:12:08.327,415.6476054944985,1000
2024-09-16 14:12:08.349,415.6378520995631,995
2024-09-16 14:12:08.587,415.62193046008775,999
2024-09-16 14:12:08.809,415.6551349364256,997
2024-09-16 14:12:08.826,415.6629027208919,99
2024-09-16 14:12:08.835,415.65300060533065,998
2024-09-16 14:12:08.884,415.62973272016416,6
2024-09-16 14:12:09.001,415.649899832284,98
2024-09-16 14:12:09.091,415.6602408957132,13
2024-09-16 14:12:09.152,-415.65534081186144,8
2024-09-16 14:12:09.235,415.6270055978823,995
2024-09-16 14:12:09.271,415.6541168144238,97
2024-09-16 14:12:09.274,415.6296331519201,13
2024-09-16 14:12:09.276,415.6654854983202,8
2024-09-16 14:12:09.296,-415.63480109917583,100
2024-09-16 14:12:09.354,415.6427475248767,104
2024-09-16 14:12:09.388,415.6285542852432,997
2024-09-16 14:12:09.530,415.6498461776631,12
2024-09-16 14:12:09.594,415.6459949599111,1002
2024-09-16 14:12:09.674,415.6296766775766,5
2024-09-16 14:12:09.702,415.6561696262326,1001
2024-09-16 14:12:09.743,415.6392531884181,97
2024-09-16 14:12:09.744,415.6303799987394,8
2024-09-16 14:12:09.860,415.6177796864293,996
2024-09-16 14:12:09.864,415.6668078192975,104
2024-09-16 14:12:09.969,415.62998118149255,102
2024-09-16 14:12:10.054,415.6172014126692,7
2024-09-16 14:12:10.264,415.62167077809823,104
2024-09-16 14:12:10.434,415.62484747038894,104
2024-09-16 14:12:10.572,415.6095158163138,105
2024-09-16 14:12:10.749,415.6532077811207,95
2024-09-16 14:12:10.770,415.62860321223127,1003
2024-09-16 14:12:10.784,415.6189633256764,1002
2024-09-16 14:12:11.099,415.65591380357375,1003
2024-09-16 14:12:11.175,415.614627867944,8
2024-09-16 14:12:11.216,415.6297349550191,999
2024-09-16 14:12:11.510,415.61064962316095,102
2024-09-16 14:12:11.618,415.6146866436627,14
2024-09-16 14:12:11.714,415.6590568681149,10
2024-09-16 14:12:11.819,415.6620604673236,996
2024-09-16 14:12:11.894,415.63047911724647,1003
2024-09-16 14:12:12.216,415.6686274962818,103
2024-09-16 14:12:12.371,415.6845832145251,1000
2024-09-16 14:12:12.430,415.65321266834,1000
2024-09-16 14:12:12.507,415.6612634264082,15
2024-09-16 14:12:12.612,415.6749455272432,9
2024-09-16 14:12:12.848,415.64817253733634,95
2024-09-16 14:12:13.016,415.701814725916,1004
2024-09-16 14:12:13.017,415.66167021551,98
2024-09-16 14:12:13.132,415.6877468624818,97
2024-09-16 14:12:13.219,415.6741757971011,995
2024-09-16 14:12:13.378,415.6901344286818,15
2024-09-16 14:12:13.422,415.6819418150105,1002
2024-09-16 14:12:13.485,415.6852689713172,11
2024-09-16 14:12:13.504,415.6704828227267,999
2024-09-16 14:12:13.524,415.6870802194048,15
2024-09-16 14:12:13.553,415.6649275093093,101
2024-09-16 14:12:13.668,415.6741450548072,1002
2024-09-16 14:12:13.881,415.692659030324,98
2024-09-16 14:12:13.966,415.6601979795067,5
2024-09-16 14:12:14.018,415.7064357526792,14
2024-09-16 14:12:14.026,415.72820372966646,1005
2024-09-16 14:12:14.037,415.690980508362,7
2024-09-16 14:12:14.069,415.6794737589711,1002
2024-09-16 14:12:14.091,415.6863763893733,997
2024-09-16 14:12:14.095,415.672435685843,996
2024-09-16 14:12:14.098,415.72331290522015,105
2024-09-16 14:12:14.106,-415.6945697740668,997
2024-09-16 14:12:14.196,415.70303576768833,99
2024-09-16 14:12:14.282,415.6992707035292,97
2024-09-16 14:12:14.296,415.7236287263575,11
2024-09-16 14:12:14.303,415.6966940263816,10
2024-09-16 14:12:14.327,415.6989156246957,1002
2024-09-16 14:12:14.400,415.7173468700299,14
2024-09-16 14:12:14.421,415.69994235925947,995
2024-09-16 14:12:14.501,415.6880818187869,1000
2024-09-16 14:12:14.510,415.7095846833274,105
2024-09-16 14:12:14.517,415.714836930743,1001
2024-09-16 14:12:14.555,415.68208949409,101
2024-09-16 14:12:14.559,415.6911377256432,995
2024-09-16 14:12:14.596,415.7230636717927,1003
2024-09-16 14:12:14.717,415.7066035553189,7
2024-09-16 14:12:14.829,415.6877597765704,96
2024-09-16 14:12:14.902,415.718476432728,97
2024-09-16 14:12:14.937,415.6984770984352,998
2024-09-16 14:12:14.969,415.716997633821,15
2024-09-16 14:12:15.884,415.71188386740346,5
2024-09-16 14:12:16.055,415.6437676730546,98
2024-09-16 14:12:16.080,415.6733943842206,1004
2024-09-16 14:12:16.101,415.6308418537012,1000
2024-09-16 14:12:16.175,415.6873185401224,104
2024-09-16 14:12:16.213,415.64045808703656,8
2024-09-16 14:12:16.222,415.6398550656447,13
2024-09-16 14:12:16.238,415.6436338368084,100
2024-09-16 14:12:16.247,415.6443967917806,102
2024-09-16 14:12:16.291,415.66047618276593,12
2024-09-16 14:12:16.318,415.66552839361367,101
2024-09-16 14:12:16.323,415.6681111082128,1004
2024-09-16 14:12:16.364,415.6453294351519,995
2024-09-16 14:12:16.382,415.6676347183623,102
2024-09-16 14:12:16.447,415.6691278303954,100
2024-09-16 14:12:16.463,415.6385870666912,999
2024-09-16 14:12:16.529,415.65787419317314,105
2024-09-16 14:12:16.575,415.6498027033402,1003
2024-09-16 14:12:16.630,415.6779243175979,995
2024-09-16 14:12:16.640,415.6562214385379,102
2024-09-16 14:12:16.721,415.6506126611392,1004
2024-09-16 14:12:16.752,415.659523244596,997
2024-09-16 14:12:16.925,415.68486076328895,101
2024-09-16 14:12:16.951,415.63979179776544,97
2024-09-16 14:12:16.963,415.6518964666223,1005
2024-09-16 14:12:17.203,415.63608425217177,8
2024-09-16 14:12:17.308,415.60887496797625,1002
2024-09-16 14:12:17.360,415.6254666975207,1004
2024-09-16 14:12:17.365,415.65082863860056,97
2024-09-16 14:12:17.368,415.6235223038579,999
2024-09-16 14:12:17.392,415.6585879575898,11
2024-09-16 14:12:17.633,415.6263372883333,1000
2024-09-16 14:12:17.762,415.669813125469,13
2024-09-16 14:12:17.843,415.6324280550877,9
2024-09-16 14:12:17.987,415.6391195585559,102
2024-09-16 14:12:18.062,415.586179199841,104
2024-09-16 14:12:18.107,415.5716889659116,10
2024-09-16 14:12:18.118,415.60678337228,998
2024-09-16 14:12:18.356,415.580756499597,1004
2024-09-16 14:12:18.669,415.5828031821748,95
2024-09-16 14:12:18.963,415.59704112913,1004
2024-09-16 14:12:18.995,-415.5881641558029,96
2024-09-16 14:12:19.048,415.5764881271636,1004
2024-09-16 14:12:19.083,415.5732594376013,12
2024-09-16 14:12:19.084,415.5803969351018,998
2024-09-16 14:12:19.151,415.5880875951199,1004
2024-09-16 14:12:19.387,415.5692722016289,99
2024-09-16 14:12:19.394,415.57791577374087,101
2024-09-16 14:12:19.408,415.5623723638223,9
2024-09-16 14:12:19.538,415.5694824929403,10
2024-09-16 14:12:19.605,415.57436538613865,997
2024-09-16 14:12:19.653,415.5579846096984,997
2024-09-16 14:12:19.737,415.5528351498593,100
2024-09-16 14:12:19.787,415.5573343753173,101
2024-09-16 14:12:20.050,415.5048920878662,15
2024-09-16 14:12:20.083,415.52435524179486,95
2024-09-16 14:12:20.173,415.5148714243613,10
2024-09-16 14:12:20.223,415.51319307151584,14
2024-09-16 14:12:20.311,415.49713728326776,999
2024-09-16 14:12:20.328,415.49482872560185,8
2024-09-16 14:12:20.416,415.5234095026525,97
2024-09-16 14:12:20.457,415.51920831397337,99
2024-09-16 14:12:20.484,415.5150000745854,11
2024-09-16 14:12:20.539,415.5033284824332,6
2024-09-16 14:12:20.571,415.5166306626828,14
2024-09-16 14:12:20.577,415.4971472265983,8
2024-09-16 14:12:20.638,415.5355402823013,8
2024-09-16 14:12:20.720,415.5045541956101,1000
2024-09-16 14:12:20.811,415.5122365401608,7
2024-09-16 14:12:20.823,415.5457414662209,997
2024-09-16 14:12:20.854,415.5104659701452,11
2024-09-16 14:12:20.871,415.4838269825483,15
2024-09-16 14:12:20.979,415.50536095323713,1000
2024-09-16 14:12:21.248,415.4774168610744,95
2024-09-16 14:12:21.374,415.52157979325705,97
2024-09-16 14:12:21.422,415.4859137103876,997
2024-09-16 14:12:21.500,415.4830025694516,1001
2024-09-16 14:12:21.503,415.4886518471941,1000
2024-09-16 14:12:21.543,415.4827458510022,1004
2024-09-16 14:12:21.572,415.5029313955156,104
2024-09-16 14:12:21.594,415.49860346336703,101
2024-09-16 14:12:21.751,415.5491094992754,98
2024-09-16 14:12:21.788,415.5547246660669,1005
2024-09-16 14:12:21.883,415.5203073116229,1003
2024-09-16 14:12:21.941,415.52937823838926,1001
2024-09-16 14:12:21.946,415.5449730726679,101
2024-09-16 14:12:21.969,415.49270299117165,9
2024-09-16 14:12:22.006,415.4568653190616,6
2024-09-16 14:12:22.019,415.5342613022156,7
2024-09-16 14:12:22.025,415.4815263778881,1000
2024-09-16 14:12:22.031,415.5005592663534,8
2024-09-16 14:12:22.140,415.46611314153256,12
2024-09-16 14:12:22.208,415.4609408059037,1001
2024-09-16 14:12:22.217,415.4616466222933,96
2024-09-16 14:12:22.235,415.4643194888477,997
2024-09-16 14:12:22.319,415.5562778228273,105
2024-09-16 14:12:22.357,415.48930851708303,99
2024-09-16 14:12:22.406,415.4744154289053,998
2024-09-16 14:12:22.430,415.4743579139353,995
2024-09-16 14:12:22.457,,997
2024-09-16 14:12:22.470,415.4693585358172,14
2024-09-16 14:12:22.495,415.5186141118293,12
2024-09-16 14:12:22.507,415.5198328130217,10
2024-09-16 14:12:22.562,415.4874332775468,10
2024-09-16 14:12:22.651,415.4788286521541,100
2024-09-16 14:12:22.722,415.4504358163495,14
2024-09-16 14:12:22.729,415.5247779439924,7
2024-09-16 14:12:22.775,-415.54341714663934,1000
2024-09-16 14:12:22.796,415.5367353048897,1005
2024-09-16 14:12:22.809,415.5399397086172,101
2024-09-16 14:12:22.937,415.52985361845896,101
2024-09-16 14:12:22.941,415.5289308770153,14
2024-09-16 14:12:22.963,415.53141522884846,95
2024-09-16 14:12:22.989,415.5350006256605,13
2024-09-16 14:12:23.806,41.543647856143,13
2024-09-16 14:12:23.925,415.43418776016506,999
2024-09-16 14:12:24.076,415.46784377022766,105
2024-09-16 14:12:24.076,41.546028663307126,100
2024-09-16 14:12:24.086,415.5047851355138,1001
2024-09-16 14:12:24.130,415.5046165867716,105
2024-09-16 14:12:24.150,415.48384741547176,5
2024-09-16 14:12:24.162,415.45015352502566,12
2024-09-16 14:12:24.227,415.4754278633908,103
2024-09-16 14:12:24.236,415.4415094602661,5
2024-09-16 14:12:24.315,415.4761417557368,1005
2024-09-16 14:12:24.384,415.46703041821627,104
2024-09-16 14:12:24.390,415.4664779943809,12
2024-09-16 14:12:24.519,415.4756825989436,10
2024-09-16 14:12:24.557,415.43181679591737,99
2024-09-16 14:12:24.612,415.4649703125236,98
2024-09-16 14:12:24.614,415.491922404965,997
2024-09-16 14:12:24.635,415.4496290712959,1001
2024-09-16 14:12:24.697,415.4555834760187,996
2024-09-16 14:12:24.746,415.460469348512,105
2024-09-16 14:12:24.757,415.44073831273874,97
2024-09-16 14:12:24.860,415.46834244119833,14
2024-09-16 14:12:24.931,415.4792605015798,1005
2024-09-16 14:12:24.967,415.4730015135392,11
2024-09-16 14:12:25.017,415.54892785029966,997
2024-09-16 14:12:25.071,415.5606662011821,101
2024-09-16 14:12:25.204,415.57839924939225,104
2024-09-16 14:12:25.252,415.59174175614544,103
2024-09-16 14:12:25.253,415.5120533598833,6
2024-09-16 14:12:25.287,41.55200907418213,1003
2024-09-16 14:12:25.339,415.550006643128,8
2024-09-16 14:12:25.342,415.571522218536,1002
2024-09-16 14:12:25.343,415.61558915178233,998
2024-09-16 14:12:25.349,415.5211682210681,101
2024-09-16 14:12:25.499,415.5880853694211,103
2024-09-16 14:12:25.500,415.5424638659085,1005
2024-09-16 14:12:25.579,415.619369578146,997
2024-09-16 14:12:26.020,415.5605372663008,996
2024-09-16 14:12:26.025,415.5299491506093,1004
2024-09-16 14:12:26.029,415.5416771497754,997
2024-09-16 14:12:26.046,415.54970242128064,1001
2024-09-16 14:12:26.136,415.5238384428234,11
2024-09-16 14:12:26.144,415.5264577606947,996
2024-09-16 14:12:26.211,415.563082842498,98
2024-09-16 14:12:26.237,415.5468812415309,1002
2024-09-16 14:12:26.255,415.5097891043536,996
2024-09-16 14:12:26.326,415.5492683661151,7
2024-09-16 14:12:26.357,415.5466676939814,1002
2024-09-16 14:12:26.392,415.5202674362756,96
2024-09-16 14:12:26.401,415.56038819324647,10
2024-09-16 14:12:26.424,415.5512268777405,5
2024-09-16 14:12:26.427,415.5254547941744,998
2024-09-16 14:12:26.458,415.5114135709444,102
2024-09-16 14:12:26.510,415.5637628918678,10
2024-09-16 14:12:26.566,415.5333310325642,9
2024-09-16 14:12:26.749,415.5931804244478,97
2024-09-16 14:12:26.794,415.5540919621386,998
2024-09-16 14:12:26.844,415.55919234216685,10
2024-09-16 14:12:26.870,415.5750569916856,1001
2024-09-16 14:12:26.874,415.5176714044305,101
2024-09-16 14:12:26.897,415.5543481404742,1000
2024-09-16 14:12:26.904,415.53584988447545,1000
2024-09-16 14:12:26.925,415.52669397796177,995
2024-09-16 14:12:26.977,415.55706773445314,99
2024-09-16 14:12:26.983,415.5414726641795,105
2024-09-16 14:12:26.993,415.5734960191914,1005
2024-09-16 14:12:27.136,415.5445161502784,1004
2024-09-16 14:12:27.262,415.58389334677247,1001
2024-09-16 14:12:27.446,415.55073134581306,105
2024-09-16 14:12:27.447,415.5824327766365,98
2024-09-16 14:12:27.455,415.5555091212763,99
2024-09-16 14:12:27.594,415.54801081028944,1002
2024-09-16 14:12:27.610,415.574234545853,995
2024-09-16 14:12:27.634,415.562504789544,15
2024-09-16 14:12:27.741,415.5915830589436,12
2024-09-16 14:12:27.769,415.57276618852507,1004
2024-09-16 14:12:27.840,415.5828527906712,95
2024-09-16 14:12:27.872,415.551972827205,97
2024-09-16 14:12:27.954,415.524908707356,14
2024-09-16 14:12:27.989,415.566586808737,1005
2024-09-16 14:12:28.961,415.5616799964454,9
2024-09-16 14:12:29.074,415.53955692559,5
2024-09-16 14:12:29.144,415.53320721604,14
2024-09-16 14:12:29.236,415.50449275252777,102
2024-09-16 14:12:29.295,415.5161821777159,13
2024-09-16 14:12:29.309,415.5139730475104,98
2024-09-16 14:12:29.329,41.5483744005416,14
2024-09-16 14:12:29.365,415.50131629924977,95
2024-09-16 14:12:29.400,415.5533852725276,6
2024-09-16 14:12:29.402,415.54932096710473,5
2024-09-16 14:12:29.444,415.5258639965448,15
2024-09-16 14:12:29.459,415.53910767198175,105
2024-09-16 14:12:29.490,415.5370211355438,1000
2024-09-16 14:12:29.502,415.5289862008935,999
2024-09-16 14:12:29.525,415.55849757114487,100
2024-09-16 14:12:29.530,415.5008150428733,7
2024-09-16 14:12:29.538,415.5582992388004,8
2024-09-16 14:12:29.588,415.5195461992347,5
2024-09-16 14:12:29.604,415.52926562957913,10
2024-09-16 14:12:29.606,415.5323417901437,1003
2024-09-16 14:12:29.633,415.5165083287033,995
2024-09-16 14:12:29.644,415.49308413751294,9
2024-09-16 14:12:29.644,415.5424426592038,5
2024-09-16 14:12:29.651,415.5146989846068,10
2024-09-16 14:12:29.690,415.5090949088104,14
2024-09-16 14:12:29.834,415.5043078350967,1004
2024-09-16 14:12:29.843,415.504472644034,8
2024-09-16 14:12:29.845,415.55382074510993,1002
2024-09-16 14:12:29.939,415.5172837387308,7
2024-09-16 14:12:30.013,415.5575236798882,14
2024-09-16 14:12:30.060,415.54338742462977,1001
2024-09-16 14:12:30.086,415.5704828619042,15
2024-09-16 14:12:30.177,415.560245220725,96
2024-09-16 14:12:30.271,415.59253470837774,998
2024-09-16 14:12:30.311,415.5991735574714,104
2024-09-16 14:12:30.367,415.5563673474625,5
2024-09-16 14:12:30.458,415.5612180895764,105
2024-09-16 14:12:30.559,415.5522660793045,14
2024-09-16 14:12:30.567,415.5421287445879,996
2024-09-16 14:12:30.633,415.5598658177821,99
2024-09-16 14:12:30.686,415.5548303630295,11
2024-09-16 14:12:30.743,415.5928833669735,5
2024-09-16 14:12:30.768,415.56464735695886,995
2024-09-16 14:12:30.789,415.58566639908594,7
2024-09-16 14:12:30.910,415.5880338129412,8
2024-09-16 14:12:30.993,415.5625300539351,1001
2024-09-16 14:12:31.029,415.5925192388961,998
2024-09-16 14:12:31.169,415.580307079664,14
2024-09-16 14:12:31.189,415.5992031084022,98
2024-09-16 14:12:31.232,415.5960340085994,1000
2024-09-16 14:12:31.292,415.5914175919832,5
2024-09-16 14:12:31.433,415.5927126850695,99
2024-09-16 14:12:31.472,415.5906746724502,96
2024-09-16 14:12:31.502,415.58874620196576,1001
2024-09-16 14:12:31.517,415.5894886695456,1004
2024-09-16 14:12:31.590,415.5702876275831,996
2024-09-16 14:12:31.963,415.5897163037221,15
2024-09-16 14:12:32.101,415.54744228065226,14
2024-09-16 14:12:32.104,415.5378686363353,999
2024-09-16 14:12:32.203,415.5678482920157,103
2024-09-16 14:12:32.211,415.5873316550482,96
2024-09-16 14:12:32.233,415.5850912462988,5
2024-09-16 14:12:32.275,415.56623874526775,995
2024-09-16 14:12:32.294,415.5751347131617,8
2024-09-16 14:12:32.301,415.5799231468431,14
2024-09-16 14:12:32.351,415.5785382958297,96
2024-09-16 14:12:32.427,415.5440171043162,14
2024-09-16 14:12:32.433,415.5799463516938,1003
2024-09-16 14:12:32.477,415.5905622207859,1002
2024-09-16 14:12:32.503,415.5799849366191,1004
2024-09-16 14:12:32.524,415.59381524812216,7
2024-09-16 14:12:32.561,415.56589828145945,1003
2024-09-16 14:12:32.578,415.5525680420838,1002
2024-09-16 14:12:32.614,415.5944712778357,14
2024-09-16 14:12:32.652,415.5530624128211,12
2024-09-16 14:12:32.674,415.5613563646101,9
2024-09-16 14:12:32.683,415.59007219408335,14
2024-09-16 14:12:32.700,415.5656465657515,96
2024-09-16 14:12:32.802,415.5562299836205,999
2024-09-16 14:12:32.809,415.5549019580067,105
2024-09-16 14:12:32.968,415.5658090065956,1004
2024-09-16 14:12:33.061,415.55910270340047,15
2024-09-16 14:12:33.083,415.5856668502581,996
2024-09-16 14:12:33.103,415.5660671362278,1004
2024-09-16 14:12:33.245,415.5940529508149,105
2024-09-16 14:12:33.325,415.56051802956,101
2024-09-16 14:12:33.334,415.5978587214338,1004
2024-09-16 14:12:33.382,415.6050528316099,7
2024-09-16 14:12:33.408,415.5855343858458,13
2024-09-16 14:12:33.442,415.5586709739222,15
2024-09-16 14:12:33.485,415.56289799814846,996
2024-09-16 14:12:33.522,415.5500755230323,1005
2024-09-16 14:12:33.557,415.56630136695895,105
2024-09-16 14:12:33.567,415.5572282214358,103
2024-09-16 14:12:33.605,415.5957676263101,99
2024-09-16 14:12:33.652,415.59704807158647,104
2024-09-16 14:12:33.755,415.58716186814513,99
2024-09-16 14:12:33.928,415.5984916054492,5
2024-09-16 14:12:33.971,415.6031550838022,99
2024-09-16 14:12:34.369,415.55368987772886,1005
2024-09-16 14:12:34.754,415.5577106427053,999
2024-09-16 14:12:34.966,415.5572860205912,105
2024-09-16 14:12:35.050,415.5645889930289,999
2024-09-16 14:12:35.880,415.5851934547602,101
2024-09-16 14:12:36.386,415.57803851074806,5
2024-09-16 14:12:36.784,415.5809063751234,5
2024-09-16 14:12:36.800,415.5755347502604,103
2024-09-16 14:12:36.814,415.5881181897648,999
2024-09-16 14:12:37.417,415.5713244554468,997
2024-09-16 14:12:37.859,415.5585884885524,999
2024-09-16 14:12:38.000,415.5307458848689,6
2024-09-16 14:12:38.025,415.5475168198972,12
2024-09-16 14:12:38.032,415.5285048886868,97
2024-09-16 14:12:38.130,415.5754978941717,999
2024-09-16 14:12:38.245,415.5860114169152,96
2024-09-16 14:12:38.252,415.58885210259416,1005
2024-09-16 14:12:38.273,415.5453908696822,5
2024-09-16 14:12:38.309,415.6190821484983,12
2024-09-16 14:12:38.309,415.62089430400215,7
2024-09-16 14:12:38.354,415.5130552871332,98
2024-09-16 14:12:38.581,415.6263298782106,9
2024-09-16 14:12:38.628,415.6030199602263,7
2024-09-16 14:12:38.632,41.55635779043362,12
2024-09-16 14:12:38.739,415.5288943721537,12
2024-09-16 14:12:38.761,415.5212263397398,7
2024-09-16 14:12:38.771,415.5464844750215,99
2024-09-16 14:12:38.807,415.5709992333837,6
2024-09-16 14:12:38.826,-415.6035999953654,100
2024-09-16 14:12:38.840,415.6327087194542,10
2024-09-16 14:12:38.878,415.553770196317,95
2024-09-16 14:12:38.918,415.6145644251061,8
2024-09-16 14:12:38.919,415.5882803556481,995
2024-09-16 14:12:39.044,415.7166975683649,14
2024-09-16 14:12:39.107,415.7187156056882,996
2024-09-16 14:12:39.346,415.7345689635554,10
2024-09-16 14:12:39.437,415.6868901356864,105
2024-09-16 14:12:39.458,-415.6711652399266,14
2024-09-16 14:12:39.463,415.6981700286187,10
2024-09-16 14:12:39.463,415.63973510926144,97
2024-09-16 14:12:39.513,415.72843789505225,105
2024-09-16 14:12:39.539,415.7132708680947,15
2024-09-16 14:12:39.573,415.7094902526771,9
2024-09-16 14:12:39.612,415.71815307702207,15
2024-09-16 14:12:39.698,415.7114994249102,6
2024-09-16 14:12:39.795,415.7149611418093,996
2024-09-16 14:12:39.994,415.74286631647067,8
2024-09-16 14:12:40.016,415.7629496812767,11
2024-09-16 14:12:40.046,415.7918753414275,7
2024-09-16 14:12:40.101,415.78970503504047,998
2024-09-16 14:12:40.141,415.7598272390164,95
2024-09-16 14:12:40.154,,10
2024-09-16 14:12:40.185,415.7883091188965,102
2024-09-16 14:12:40.215,415.76882709172,15
2024-09-16 14:12:40.322,415.8279656779575,9
2024-09-16 14:12:40.400,415.770609401063,101
2024-09-16 14:12:40.417,415.7758316130471,1005
2024-09-16 14:12:40.446,415.7878472981468,7
2024-09-16 14:12:40.526,-415.7970559586079,1005
2024-09-16 14:12:40.544,415.8303799588117,1003
2024-09-16 14:12:40.761,415.7906625576653,99
2024-09-16 14:12:40.792,415.8166932659864,996
2024-09-16 14:12:40.812,415.780888838773,999
2024-09-16 14:12:40.843,415.8164090035141,6
2024-09-16 14:12:40.975,415.7950076950687,102
2024-09-16 14:12:41.675,415.7608280895481,99
2024-09-16 14:12:42.051,415.7507784406613,103
2024-09-16 14:12:42.365,415.7396323339309,1002
2024-09-16 14:12:42.409,415.7505348784069,95
2024-09-16 14:12:42.448,415.731049008094,5
2024-09-16 14:12:42.475,415.7309554751563,96
2024-09-16 14:12:42.593,,1003
2024-09-16 14:12:42.689,415.7212336709546,5
2024-09-16 14:12:42.784,41.57414784997152,1002
2024-09-16 14:12:42.933,415.7560236194978,105
2024-09-16 14:12:42.944,415.7352536386209,5
2024-09-16 14:12:42.987,415.74411466602726,9
2024-09-16 14:12:43.070,415.7187405143832,95
2024-09-16 14:12:43.338,415.7175649716562,14
2024-09-16 14:12:43.620,415.7234527038248,9
2024-09-16 14:12:43.734,415.7310883372641,95
2024-09-16 14:12:44.022,415.7085875933736,105
2024-09-16 14:12:44.048,415.7516958628891,1005
2024-09-16 14:12:44.106,415.74502667625774,10
2024-09-16 14:12:44.123,415.69484118776825,5
2024-09-16 14:12:44.134,415.72419172035967,13
2024-09-16 14:12:44.223,415.7279951097574,12
2024-09-16 14:12:44.356,415.727681744046,1000
2024-09-16 14:12:44.458,415.7286185644681,101
2024-09-16 14:12:44.576,415.730350014101,101
2024-09-16 14:12:44.611,415.73144038400096,101
2024-09-16 14:12:44.611,415.7409056489466,9
2024-09-16 14:12:44.631,415.7192782589987,1002
2024-09-16 14:12:44.759,41.57353540965431,14
2024-09-16 14:12:44.780,415.7344201269,103
2024-09-16 14:12:44.784,415.7174720983616,6
2024-09-16 14:12:44.797,415.7430575601177,9
2024-09-16 14:12:44.866,415.7300703175707,104
2024-09-16 14:12:44.886,415.7372380258489,103
2024-09-16 14:12:44.898,415.7177754039885,12
2024-09-16 14:12:44.948,415.73778471668993,1000
2024-09-16 14:12:44.951,415.73660008170367,96
2024-09-16 14:12:45.015,415.7529658452487,11
2024-09-16 14:12:45.030,415.6953822197199,14
2024-09-16 14:12:45.033,415.70653069398287,1004
2024-09-16 14:12:45.089,415.7053222826768,995
2024-09-16 14:12:45.104,415.7163304857509,104
2024-09-16 14:12:45.194,415.7003277606608,995
2024-09-16 14:12:45.236,415.7336693520325,101
2024-09-16 14:12:45.409,415.71372933543256,98
2024-09-16 14:12:45.474,415.7356145761472,102
2024-09-16 14:12:45.555,415.7027584292864,95
2024-09-16 14:12:45.616,415.699550776248,997
2024-09-16 14:12:45.638,,101
2024-09-16 14:12:45.703,415.6870234974511,13
2024-09-16 14:12:45.903,415.7209622688672,11
2024-09-16 14:12:45.921,415.6887290368207,10
2024-09-16 14:12:45.988,415.692548878088,998
2024-09-16 14:12:46.038,415.76546940165247,101
2024-09-16 14:12:46.172,415.76671260885576,15
2024-09-16 14:12:46.194,415.7461695866643,998
2024-09-16 14:12:46.313,415.6944323323313,96
2024-09-16 14:12:46.358,415.7484978447308,105
2024-09-16 14:12:46.378,415.7296057548918,13
2024-09-16 14:12:46.389,415.7280068668744,8
2024-09-16 14:12:46.493,415.75278591605786,1003
2024-09-16 14:12:46.655,415.7121479657382,7
2024-09-16 14:12:46.704,415.7430258927363,9
2024-09-16 14:12:46.852,415.74413573477926,1005
2024-09-16 14:12:46.870,415.7634970586117,97
2024-09-16 14:12:46.932,415.7510385574821,996
2024-09-16 14:12:47.102,415.77927379678,103
2024-09-16 14:12:47.128,415.8451810775466,105
2024-09-16 14:12:47.162,415.8336327297496,1000
2024-09-16 14:12:47.166,415.8200693797665,999
2024-09-16 14:12:47.196,415.8467282006772,1003
2024-09-16 14:12:47.213,415.8279028420045,96
2024-09-16 14:12:47.225,415.83741438393554,9
2024-09-16 14:12:47.251,415.8432537817246,100
2024-09-16 14:12:47.299,41.58546537501536,13
2024-09-16 14:12:47.323,415.84182243951886,11
2024-09-16 14:12:47.350,415.8224023803878,1003
2024-09-16 14:12:47.378,415.8497286615314,10
2024-09-16 14:12:47.431,415.8374550792497,15
2024-09-16 14:12:47.450,415.8429988095045,998
2024-09-16 14:12:47.549,415.7715774580937,6
2024-09-16 14:12:47.636,415.8255379465371,999
2024-09-16 14:12:47.640,415.8319795940479,1005
2024-09-16 14:12:47.705,415.7824646565194,6
2024-09-16 14:12:47.782,415.8434609230296,1004
2024-09-16 14:12:47.815,415.785092416428,6
2024-09-16 14:12:47.823,415.8309190736211,96
2024-09-16 14:12:47.847,415.82368080258806,7
2024-09-16 14:12:47.868,415.811088382257,14
2024-09-16 14:12:47.910,415.84812247409286,14
2024-09-16 14:12:47.917,415.8362602605725,15
2024-09-16 14:12:47.960,415.7992849178373,14
2024-09-16 14:12:47.969,415.8404984931854,100
2024-09-16 14:12:48.012,415.9748324291674,105
2024-09-16 14:12:48.033,415.833938999997,1003
2024-09-16 14:12:48.062,415.89908540361387,102
2024-09-16 14:12:48.118,415.9028716202054,1003
2024-09-16 14:12:48.122,415.8977529681654,95
2024-09-16 14:12:48.167,415.85544530278776,14
2024-09-16 14:12:48.179,,105
2024-09-16 14:12:48.227,415.8949937276332,102
2024-09-16 14:12:48.295,415.8979194371416,13
2024-09-16 14:12:48.332,415.8680061093003,1005
2024-09-16 14:12:48.338,415.9039173791203,1004
2024-09-16 14:12:48.392,415.8980319258397,1005
2024-09-16 14:12:48.488,415.92069091507256,1005
2024-09-16 14:12:48.518,415.8998112126999,95
2024-09-16 14:12:48.561,415.8764022943141,100
2024-09-16 14:12:48.617,415.8862873344201,100
2024-09-16 14:12:48.672,415.8368053192341,105
2024-09-16 14:12:48.693,415.9038206655968,95
2024-09-16 14:12:48.724,415.9042014722386,6
2024-09-16 14:12:48.758,415.98362688432496,105
2024-09-16 14:12:48.870,415.89932870335895,1002
2024-09-16 14:12:48.897,415.9144396804082,11
2024-09-16 14:12:48.899,415.9515006030963,11
2024-09-16 14:12:48.908,415.9884787786489,995
2024-09-16 14:12:48.982,415.93360398755175,100
2024-09-16 14:12:48.983,415.93926207597616,7
2024-09-16 14:12:49.069,415.9356868886794,15
2024-09-16 14:12:49.093,415.95980401067214,1004
2024-09-16 14:12:49.190,415.9139224828344,998
2024-09-16 14:12:49.203,415.9728003644564,5
2024-09-16 14:12:49.296,415.9448223626296,15
2024-09-16 14:12:49.337,415.9185277679644,5
2024-09-16 14:12:49.372,415.9547542055504,7
2024-09-16 14:12:49.409,415.95389523624254,14
2024-09-16 14:12:49.438,415.93748995988585,11
2024-09-16 14:12:49.505,415.9746504077927,1005
2024-09-16 14:12:49.507,415.9554691263569,95
2024-09-16 14:12:49.511,415.95943258523545,1004
2024-09-16 14:12:49.556,415.9415637579834,11
2024-09-16 14:12:49.603,415.915102994633,103
2024-09-16 14:12:49.643,415.9022088322826,15
2024-09-16 14:12:49.645,415.9462722657687,98
2024-09-16 14:12:49.670,415.9328841209093,5
2024-09-16 14:12:49.694,415.9453211670889,6
2024-09-16 14:12:49.709,415.9336334464528,10
2024-09-16 14:12:49.857,415.9544045765277,102
2024-09-16 14:12:49.934,415.9344722481799,101
2024-09-16 14:12:50.074,415.9439539937748,1001
2024-09-16 14:12:50.401,415.9526708508523,14
2024-09-16 14:12:50.481,415.92066619542726,12
2024-09-16 14:12:50.487,415.9370800325643,15
2024-09-16 14:12:50.528,415.95543105487576,1000
2024-09-16 14:12:50.554,415.90917722409,1002
2024-09-16 14:12:50.561,415.9359253180995,5
2024-09-16 14:12:50.906,415.9072467293987,8
2024-09-16 14:12:50.966,415.91493823980926,103
2024-09-16 14:12:51.030,415.91344531231897,13
2024-09-16 14:12:51.778,415.9121787821167,1003
2024-09-16 14:12:52.483,415.9356783543267,997
2024-09-16 14:12:52.829,415.9394772966906,100
2024-09-16 14:12:52.942,415.9398590412656,1003
2024-09-16 14:12:53.074,415.950355539364,9
2024-09-16 14:12:53.085,415.9339054079079,105
2024-09-16 14:12:53.211,415.9745402707652,14
2024-09-16 14:12:53.501,415.9433096933943,1001
2024-09-16 14:12:53.663,415.9673332469277,5
2024-09-16 14:12:54.030,415.9648421354359,99
2024-09-16 14:12:54.047,415.97177755080656,1003
2024-09-16 14:12:54.075,415.9513041223108,995
2024-09-16 14:12:54.087,415.9537261557908,12
2024-09-16 14:12:54.158,415.9549328375645,8
2024-09-16 14:12:54.209,415.9467504853059,995
2024-09-16 14:12:54.224,415.92393228947697,1001
2024-09-16 14:12:54.226,415.9594943177103,101
2024-09-16 14:12:54.408,415.9497856035933,100
2024-09-16 14:12:54.461,415.9572821801127,997
2024-09-16 14:12:54.539,415.96661666350536,10
2024-09-16 14:12:54.608,415.9361532941745,1001
2024-09-16 14:12:54.610,415.93444337321233,1005
2024-09-16 14:12:54.661,415.9751545251871,98
2024-09-16 14:12:54.667,415.9782879741127,1005
2024-09-16 14:12:54.707,415.947254949638,10
2024-09-16 14:12:54.740,415.94782442162375,999
2024-09-16 14:12:54.775,415.9556988757323,999
2024-09-16 14:12:54.821,415.9576503290442,95
2024-09-16 14:12:54.858,415.93044756261,995
2024-09-16 14:12:54.869,415.93754960268495,13
2024-09-16 14:12:54.871,415.95642779124273,1002
2024-09-16 14:12:54.979,415.9590238158395,13
2024-09-16 14:12:55.022,415.8486479453918,1003
2024-09-16 14:12:55.032,415.8318452559385,12
2024-09-16 14:12:55.079,415.8678014866966,999
2024-09-16 14:12:55.092,415.872578214353,14
2024-09-16 14:12:55.110,415.8837059168836,8
2024-09-16 14:12:55.117,415.9414546790763,95
2024-09-16 14:12:55.146,415.9372560840806,9
2024-09-16 14:12:55.177,415.8379022609061,11
2024-09-16 14:12:55.213,415.84540676445766,1004
2024-09-16 14:12:55.220,415.83596362163394,5
2024-09-16 14:12:55.240,415.833719207574,998
2024-09-16 14:12:55.242,415.8792302932778,998
2024-09-16 14:12:55.268,415.8582960855448,1003
2024-09-16 14:12:55.304,415.9186639740552,102
2024-09-16 14:12:55.345,,98
2024-09-16 14:12:55.384,415.92107940153954,95
2024-09-16 14:12:55.414,415.9191950089055,998
2024-09-16 14:12:55.493,415.9600088451362,98
2024-09-16 14:12:55.539,415.83970560123146,102
2024-09-16 14:12:55.544,415.8768531890461,1000
2024-09-16 14:12:55.595,415.8435951748065,104
2024-09-16 14:12:55.610,,7
2024-09-16 14:12:55.614,415.8391918265175,96
2024-09-16 14:12:55.649,415.8419495183389,14
2024-09-16 14:12:55.654,415.9029850924331,95
2024-09-16 14:12:55.732,415.94694074195706,14
2024-09-16 14:12:55.852,415.8335646651092,12
2024-09-16 14:12:55.919,415.8368176006293,1003
2024-09-16 14:12:55.934,415.9260505446276,998
2024-09-16 14:12:55.988,415.9426413158996,1005
2024-09-16 14:12:56.038,415.8218958697635,104
2024-09-16 14:12:56.039,415.8374150448497,1000
2024-09-16 14:12:56.052,415.8313729973445,1001
2024-09-16 14:12:56.102,415.75237041304473,101
2024-09-16 14:12:56.122,415.8352198566829,8
2024-09-16 14:12:56.130,415.81753550174784,997
2024-09-16 14:12:56.307,415.845521313005,9
2024-09-16 14:12:56.343,415.8617233297029,996
2024-09-16 14:12:56.516,415.7621938014697,1004
2024-09-16 14:12:56.568,415.8409968706413,97
2024-09-16 14:12:56.637,415.768984465206,998
2024-09-16 14:12:56.639,415.8367446837954,103
2024-09-16 14:12:56.652,415.8471347012635,1004
2024-09-16 14:12:56.685,415.8572658693595,10
2024-09-16 14:12:56.699,415.856824828935,104
2024-09-16 14:12:56.713,415.7801837504852,1002
2024-09-16 14:12:56.725,415.8657320185404,995
2024-09-16 14:12:56.789,415.7469346708485,95
2024-09-16 14:12:56.842,415.7572446663567,12
2024-09-16 14:12:56.874,415.8234078236064,1004
2024-09-16 14:12:56.961,415.8389992915911,12
2024-09-16 14:12:56.969,415.7522150828655,8
2024-09-16 14:12:56.972,415.7617055150597,103
2024-09-16 14:12:57.045,415.7810550802894,11
2024-09-16 14:12:57.084,415.7844031381949,100
2024-09-16 14:12:57.112,415.79082295803016,15
2024-09-16 14:12:57.160,415.7816411028298,996
2024-09-16 14:12:57.369,415.7694428955382,101
2024-09-16 14:12:57.380,415.7477988630815,997
2024-09-16 14:12:57.427,415.78540143926097,96
2024-09-16 14:12:57.473,415.7497957997597,95
2024-09-16 14:12:57.497,415.781323316806,99
2024-09-16 14:12:57.574,415.7512269747921,998
2024-09-16 14:12:57.654,415.742658894348,100
2024-09-16 14:12:57.696,415.7871748532749,8
2024-09-16 14:12:57.771,415.7875165880308,15
2024-09-16 14:12:57.771,415.8096419024778,998
2024-09-16 14:12:57.837,415.7524113328407,104
2024-09-16 14:12:57.877,415.7794059098546,99
2024-09-16 14:12:57.914,415.7684796066405,103
2024-09-16 14:12:57.915,415.7447532604977,1003
2024-09-16 14:12:57.952,415.7713955139654,9
2024-09-16 14:12:57.965,415.7814311609013,105
2024-09-16 14:12:57.971,415.76666408131535,1004
2024-09-16 14:12:58.069,415.7471485133236,96
2024-09-16 14:12:58.132,415.7520641909615,105
2024-09-16 14:12:58.151,-415.73496092548913,1002
2024-09-16 14:12:58.312,415.6813517836112,103
2024-09-16 14:12:58.315,415.72293756564153,996
2024-09-16 14:12:58.410,415.744379193163,105
2024-09-16 14:12:58.433,415.7038301878849,97
2024-09-16 14:12:58.488,415.743629876876,999
2024-09-16 14:12:58.563,,1002
2024-09-16 14:12:58.614,415.7222688010447,105
2024-09-16 14:12:58.631,415.6783496590613,96
2024-09-16 14:12:58.752,415.7333586601972,11
2024-09-16 14:12:58.811,415.7525616217321,100
2024-09-16 14:12:58.961,415.7388911628763,999
2024-09-16 14:12:58.964,415.73500120091205,95
2024-09-16 14:12:59.103,415.68934151660346,100
2024-09-16 14:12:59.164,415.6738780665218,5
2024-09-16 14:12:59.494,415.6742323773667,6
2024-09-16 14:12:59.607,415.6896343889304,14
2024-09-16 14:12:59.723,415.6787621586935,103
2024-09-16 14:12:59.830,415.6797683426553,10
