Timestamp,Price,Size
2024-09-20 12:52:00.031,428.34991127796457,9
2024-09-20 12:52:00.096,428.34167461972805,995
2024-09-20 12:52:00.111,428.2796025003272,10
2024-09-20 12:52:00.111,428.3457785580126,1001
2024-09-20 12:52:00.125,428.3290555128412,998
2024-09-20 12:52:00.223,428.3540013237367,998
2024-09-20 12:52:00.339,428.3132203876364,97
2024-09-20 12:52:00.358,428.2810461661056,1001
2024-09-20 12:52:00.401,428.3502107794032,1005
2024-09-20 12:52:00.416,428.3084359093312,995
2024-09-20 12:52:00.479,428.3711871539477,99
2024-09-20 12:52:00.512,428.29330495948767,102
2024-09-20 12:52:00.513,428.3441911089294,10
2024-09-20 12:52:00.549,428.284275160793,15
2024-09-20 12:52:00.550,428.3590354479185,6
2024-09-20 12:52:00.562,428.2915662843007,96
2024-09-20 12:52:00.578,428.3494025877538,96
2024-09-20 12:52:00.723,428.34729778625217,6
2024-09-20 12:52:00.741,428.3573691991931,104
2024-09-20 12:52:00.758,428.3033049119096,10
2024-09-20 12:52:00.855,428.3017051899178,14
2024-09-20 12:52:00.925,428.2913095937312,8
2024-09-20 12:52:00.931,428.3157097880633,14
2024-09-20 12:52:00.959,428.2894461429278,103
2024-09-20 12:52:01.113,428.269084208687,1003
2024-09-20 12:52:01.219,428.2404971878202,9
2024-09-20 12:52:01.311,428.2647991525358,14
2024-09-20 12:52:01.354,428.2870332078661,96
2024-09-20 12:52:01.400,428.2784126966017,96
2024-09-20 12:52:01.457,428.2747021464599,1005
2024-09-20 12:52:01.572,428.2460659697853,1002
2024-09-20 12:52:01.581,428.2587775434021,7
2024-09-20 12:52:01.959,428.2497237822943,8
2024-09-20 12:52:02.076,428.3450612204178,1004
2024-09-20 12:52:02.094,428.34403657300095,1005
2024-09-20 12:52:02.100,428.3158665014864,1001
2024-09-20 12:52:02.108,428.3682911286259,104
2024-09-20 12:52:02.177,428.3231124156322,97
2024-09-20 12:52:02.192,428.3342705507554,1000
2024-09-20 12:52:02.233,428.2953705344596,104
2024-09-20 12:52:02.271,428.3685792559979,10
2024-09-20 12:52:02.301,428.31818092384606,995
2024-09-20 12:52:02.337,428.32708784196086,14
2024-09-20 12:52:02.348,428.2826817659043,999
2024-09-20 12:52:02.396,428.29446819272187,11
2024-09-20 12:52:02.493,428.3119935336177,8
2024-09-20 12:52:02.581,428.3236597001753,98
2024-09-20 12:52:02.582,428.3469514464711,1005
2024-09-20 12:52:02.620,428.3397313306879,995
2024-09-20 12:52:02.683,428.3605551422061,14
2024-09-20 12:52:02.690,428.2842194012332,1004
2024-09-20 12:52:02.738,428.3042255900582,997
2024-09-20 12:52:02.751,428.33060667887975,103
2024-09-20 12:52:02.782,428.3054936102938,97
2024-09-20 12:52:02.820,428.2809815362685,6
2024-09-20 12:52:02.900,428.3462079406089,13
2024-09-20 12:52:03.076,428.3216405871776,11
2024-09-20 12:52:03.115,428.3825587918679,102
2024-09-20 12:52:03.239,428.3676189141542,996
2024-09-20 12:52:03.273,428.3975637927262,13
2024-09-20 12:52:03.292,428.412854209831,5
2024-09-20 12:52:03.441,428.41120476336505,1005
2024-09-20 12:52:03.450,428.338363228882,997
2024-09-20 12:52:03.586,428.3935828523413,7
2024-09-20 12:52:03.601,428.3682202856495,996
2024-09-20 12:52:03.630,428.3905847414641,1001
2024-09-20 12:52:03.641,428.3925111498097,15
2024-09-20 12:52:03.840,428.34569254158856,6
2024-09-20 12:52:03.888,428.37543075778393,5
2024-09-20 12:52:03.959,428.3795236537136,13
2024-09-20 12:52:04.000,428.42605355607344,997
2024-09-20 12:52:04.023,428.4070876071625,11
2024-09-20 12:52:04.044,428.4256668718422,6
2024-09-20 12:52:04.092,428.436087273518,9
2024-09-20 12:52:04.107,428.42244971350254,998
2024-09-20 12:52:04.292,428.4160624951416,8
2024-09-20 12:52:04.307,428.4002149352336,5
2024-09-20 12:52:04.421,428.43315385888855,5
2024-09-20 12:52:04.423,428.4289814436956,6
2024-09-20 12:52:04.471,428.4473227146074,997
2024-09-20 12:52:04.617,428.4370368576703,98
2024-09-20 12:52:04.671,428.4306847552202,8
2024-09-20 12:52:04.688,428.4035109913736,6
2024-09-20 12:52:04.769,428.4442265955732,998
2024-09-20 12:52:04.817,428.424513555923,95
2024-09-20 12:52:04.842,428.43597313234585,14
2024-09-20 12:52:05.032,428.410330414276,7
2024-09-20 12:52:05.036,428.4697605277892,1000
2024-09-20 12:52:05.049,428.4549066206153,1002
2024-09-20 12:52:05.140,428.4193098933171,1002
2024-09-20 12:52:05.211,428.45098418973487,996
2024-09-20 12:52:05.256,428.4594846394357,15
2024-09-20 12:52:05.267,428.4651826224336,8
2024-09-20 12:52:05.298,428.4565432947061,1003
2024-09-20 12:52:05.360,42.84521554108818,995
2024-09-20 12:52:05.376,428.4815297432175,103
2024-09-20 12:52:05.389,428.4748632503264,997
2024-09-20 12:52:05.396,428.4680663981755,12
2024-09-20 12:52:05.447,428.4711130633546,13
2024-09-20 12:52:05.448,428.4674803733586,10
2024-09-20 12:52:05.565,428.4356279344047,105
2024-09-20 12:52:05.573,428.454644759334,1005
2024-09-20 12:52:05.585,428.4560520174987,996
2024-09-20 12:52:05.620,428.4568155331017,5
2024-09-20 12:52:05.691,428.4535796276831,8
2024-09-20 12:52:05.764,428.43970029636426,10
2024-09-20 12:52:05.835,428.4226157914768,15
2024-09-20 12:52:05.847,428.46195577876296,98
2024-09-20 12:52:05.912,428.47390352301136,103
2024-09-20 12:52:06.037,428.4570156304504,10
2024-09-20 12:52:06.063,428.46094996162026,12
2024-09-20 12:52:06.119,428.4686797843712,13
2024-09-20 12:52:06.420,428.4489271843992,1000
2024-09-20 12:52:06.484,428.46691548305233,13
2024-09-20 12:52:06.663,428.45942489876415,9
2024-09-20 12:52:06.793,428.4137833901652,11
2024-09-20 12:52:06.835,428.4615239066465,11
2024-09-20 12:52:06.893,428.4324144510573,103
2024-09-20 12:52:06.955,428.44788036670894,100
2024-09-20 12:52:07.005,428.4743295821394,5
2024-09-20 12:52:07.056,428.4481083369067,101
2024-09-20 12:52:07.084,428.4383652366192,15
2024-09-20 12:52:07.093,428.4455830022896,10
2024-09-20 12:52:07.183,428.4560948973879,8
2024-09-20 12:52:07.278,428.4550937477737,1003
2024-09-20 12:52:07.311,428.46460654605664,95
2024-09-20 12:52:07.379,428.4535507594675,5
2024-09-20 12:52:07.382,428.4468750914242,996
2024-09-20 12:52:07.452,428.4401327325958,995
2024-09-20 12:52:07.454,428.4588229165132,11
2024-09-20 12:52:07.472,428.4472117724213,12
2024-09-20 12:52:07.508,428.4522098257736,102
2024-09-20 12:52:07.578,428.4502288919642,13
2024-09-20 12:52:07.593,428.4322049880622,103
2024-09-20 12:52:07.739,428.4393953050056,10
2024-09-20 12:52:07.806,428.4516322495408,1000
2024-09-20 12:52:07.826,428.459349387455,1004
2024-09-20 12:52:07.929,428.4673368927309,104
2024-09-20 12:52:07.932,428.4673226358509,1004
2024-09-20 12:52:07.940,428.4563919913288,1003
2024-09-20 12:52:07.960,428.4514276124463,98
2024-09-20 12:52:07.992,428.4536113990275,6
2024-09-20 12:52:08.018,428.48101634777294,12
2024-09-20 12:52:08.028,428.4738367034602,97
2024-09-20 12:52:08.034,428.4753763399955,7
2024-09-20 12:52:08.085,428.4747010886693,95
2024-09-20 12:52:08.085,428.47946161709376,11
2024-09-20 12:52:08.098,428.4736184834014,96
2024-09-20 12:52:08.205,428.4815869321775,103
2024-09-20 12:52:08.232,428.47718988147153,9
2024-09-20 12:52:08.257,428.4836519266164,95
2024-09-20 12:52:08.406,428.4837381393589,11
2024-09-20 12:52:08.416,428.461271659192,102
2024-09-20 12:52:08.438,428.4916401828514,9
2024-09-20 12:52:08.454,428.47472457077055,997
2024-09-20 12:52:08.549,428.4780008686696,1001
2024-09-20 12:52:08.622,428.4914883251634,104
2024-09-20 12:52:08.773,428.4767511799543,11
2024-09-20 12:52:08.774,428.4791579353514,8
2024-09-20 12:52:08.784,428.486169132384,8
2024-09-20 12:52:08.817,428.4882926324368,1000
2024-09-20 12:52:08.826,428.4867030164701,1000
2024-09-20 12:52:08.888,428.4730162434771,1000
2024-09-20 12:52:08.892,428.4778760894527,12
2024-09-20 12:52:08.950,428.48778030697326,6
2024-09-20 12:52:08.962,428.4896899883112,100
2024-09-20 12:52:09.001,428.4709218106792,13
2024-09-20 12:52:09.123,428.4756212567784,10
2024-09-20 12:52:09.178,428.4333808111657,104
2024-09-20 12:52:09.206,428.490812143648,10
2024-09-20 12:52:09.310,428.455223747798,101
2024-09-20 12:52:09.346,428.4383184164608,7
2024-09-20 12:52:09.361,428.459295621214,101
2024-09-20 12:52:09.376,428.4238890935284,98
2024-09-20 12:52:09.409,428.5056824170901,105
2024-09-20 12:52:09.418,428.4900098453113,998
2024-09-20 12:52:09.426,,96
2024-09-20 12:52:09.430,428.479157723036,97
2024-09-20 12:52:09.455,428.40265407748586,102
2024-09-20 12:52:09.540,428.50130793454434,10
2024-09-20 12:52:09.572,428.4810806821369,103
2024-09-20 12:52:09.651,428.4727108534895,1003
2024-09-20 12:52:09.768,428.4690733385058,10
2024-09-20 12:52:09.769,428.5092733081207,96
2024-09-20 12:52:09.998,428.4535794581519,101
2024-09-20 12:52:10.507,428.4104613578246,1003
2024-09-20 12:52:10.536,428.3791145653979,996
2024-09-20 12:52:10.593,428.40159847987263,102
2024-09-20 12:52:10.665,428.38966196694383,15
2024-09-20 12:52:10.737,428.379167947102,13
2024-09-20 12:52:10.840,428.366918354174,1005
2024-09-20 12:52:11.002,428.34835904386,1004
2024-09-20 12:52:11.026,428.3463059949879,998
2024-09-20 12:52:11.026,428.3252657934365,1001
2024-09-20 12:52:11.122,428.3449348277341,996
2024-09-20 12:52:11.132,428.3159394895983,97
2024-09-20 12:52:11.137,428.3446215546678,998
2024-09-20 12:52:11.183,428.3470833984204,7
2024-09-20 12:52:11.183,428.3269495856241,105
2024-09-20 12:52:11.187,428.3275444062039,998
2024-09-20 12:52:11.216,428.3502054528912,104
2024-09-20 12:52:11.233,428.34727186351375,1000
2024-09-20 12:52:11.255,428.3103007664519,104
2024-09-20 12:52:11.283,428.3468359171572,98
2024-09-20 12:52:11.332,428.2974543145111,96
2024-09-20 12:52:11.358,428.3573004761352,95
2024-09-20 12:52:11.474,428.32515209346246,1004
2024-09-20 12:52:11.666,428.3433639853464,1003
2024-09-20 12:52:11.782,428.30789842756207,997
2024-09-20 12:52:11.838,428.3620126680285,1005
2024-09-20 12:52:12.139,428.2190574849573,105
2024-09-20 12:52:12.155,428.2454279921211,96
2024-09-20 12:52:12.164,428.2117619533233,97
2024-09-20 12:52:12.175,428.2312514065188,95
2024-09-20 12:52:12.218,428.2498878952805,1004
2024-09-20 12:52:12.270,428.15942942015664,97
2024-09-20 12:52:12.278,428.1905660032101,98
2024-09-20 12:52:12.285,428.1982510080436,1000
2024-09-20 12:52:12.365,428.2234237447041,995
2024-09-20 12:52:12.375,428.2308932182217,101
2024-09-20 12:52:12.379,428.2180594206378,95
2024-09-20 12:52:12.459,428.2243179972516,1005
2024-09-20 12:52:12.503,428.1794735177374,103
2024-09-20 12:52:12.522,428.2234508724237,98
2024-09-20 12:52:12.547,428.2271556523118,1005
2024-09-20 12:52:12.553,428.22268229429307,997
2024-09-20 12:52:12.664,428.1366238008035,1002
2024-09-20 12:52:12.680,428.3076824451623,6
2024-09-20 12:52:12.723,428.2083654839553,999
2024-09-20 12:52:12.736,428.2932847831754,102
2024-09-20 12:52:12.755,428.300831407931,105
2024-09-20 12:52:12.776,428.2888039220521,12
2024-09-20 12:52:12.780,428.3100958564403,95
2024-09-20 12:52:12.813,428.1735264486837,102
2024-09-20 12:52:12.858,428.32005739157137,15
2024-09-20 12:52:12.862,428.2993836459656,14
2024-09-20 12:52:12.961,428.2409945277872,996
2024-09-20 12:52:12.988,428.22161340232987,95
2024-09-20 12:52:13.005,428.0881130476884,103
2024-09-20 12:52:13.029,428.1149819288635,15
2024-09-20 12:52:13.067,428.0883207754719,998
2024-09-20 12:52:13.079,428.07929236949536,96
2024-09-20 12:52:13.101,428.1565129092755,996
2024-09-20 12:52:13.143,428.0881111502362,98
2024-09-20 12:52:13.181,428.12324236898417,1001
2024-09-20 12:52:13.395,428.1090582001338,995
2024-09-20 12:52:13.395,428.10576354734775,1000
2024-09-20 12:52:13.570,428.0887204609992,6
2024-09-20 12:52:13.593,428.1374826399508,95
2024-09-20 12:52:13.616,428.1231738201965,100
2024-09-20 12:52:13.645,428.09002261708434,102
2024-09-20 12:52:13.766,428.11798534895496,9
2024-09-20 12:52:13.788,428.08293968065175,999
2024-09-20 12:52:13.849,428.1382274629996,999
2024-09-20 12:52:13.851,428.1462701314602,5
2024-09-20 12:52:13.851,428.14204921265065,98
2024-09-20 12:52:14.111,428.0779995016484,1000
2024-09-20 12:52:14.350,428.0906872896022,1000
2024-09-20 12:52:14.551,428.05643306404096,11
2024-09-20 12:52:14.552,428.0551799043792,1001
2024-09-20 12:52:14.676,428.085837431954,1001
2024-09-20 12:52:14.770,428.072417535873,98
2024-09-20 12:52:14.830,428.0890985467494,100
2024-09-20 12:52:14.855,428.06203330075215,101
2024-09-20 12:52:14.863,428.0787117668914,8
2024-09-20 12:52:14.910,428.0845114264391,100
2024-09-20 12:52:16.035,428.02314631506965,1002
2024-09-20 12:52:16.110,428.0806898041255,103
2024-09-20 12:52:16.118,428.0452753747783,14
2024-09-20 12:52:16.123,428.0979150387023,995
2024-09-20 12:52:16.194,428.0167526397458,13
2024-09-20 12:52:16.245,428.0288719280493,97
2024-09-20 12:52:16.304,428.08430662582384,14
2024-09-20 12:52:16.391,428.1007596790359,102
2024-09-20 12:52:16.420,428.0858331854808,6
2024-09-20 12:52:16.448,428.0695599265291,102
2024-09-20 12:52:16.488,428.0996225471773,999
2024-09-20 12:52:16.547,428.0520850155079,1004
2024-09-20 12:52:16.569,428.0171668433227,103
2024-09-20 12:52:16.645,428.0155601475304,102
2024-09-20 12:52:16.663,428.07170509648665,97
2024-09-20 12:52:16.942,42.80416479854596,1003
2024-09-20 12:52:16.973,428.0315451044153,997
2024-09-20 12:52:17.007,427.9853729553183,14
2024-09-20 12:52:17.037,428.0078665107085,104
2024-09-20 12:52:17.074,428.0208578179128,998
2024-09-20 12:52:17.097,-428.0374153043185,103
2024-09-20 12:52:17.141,428.0181925082699,1001
2024-09-20 12:52:17.141,428.0168326763267,99
2024-09-20 12:52:17.177,427.9899253839191,14
2024-09-20 12:52:17.326,428.020092852538,7
2024-09-20 12:52:17.338,428.0351065864418,12
2024-09-20 12:52:17.473,428.000413508142,101
2024-09-20 12:52:17.571,428.0404547313311,998
2024-09-20 12:52:17.599,428.020005531173,7
2024-09-20 12:52:17.599,428.0482109318857,96
2024-09-20 12:52:17.645,428.049982153024,996
2024-09-20 12:52:17.665,428.035286206652,999
2024-09-20 12:52:17.823,428.0180996868778,998
2024-09-20 12:52:17.841,428.0266031161362,1001
2024-09-20 12:52:17.852,427.9935910206414,101
2024-09-20 12:52:17.866,428.0192108947213,999
2024-09-20 12:52:17.928,427.9904826003101,10
2024-09-20 12:52:17.961,428.0194387429114,104
2024-09-20 12:52:18.014,427.90899987850537,12
2024-09-20 12:52:18.016,427.9440692462662,6
2024-09-20 12:52:18.026,427.9356892098157,105
2024-09-20 12:52:18.075,427.9657810129174,103
2024-09-20 12:52:18.155,427.9130179154269,7
2024-09-20 12:52:18.163,427.9403583102104,103
2024-09-20 12:52:18.167,427.9373078611903,8
2024-09-20 12:52:18.208,427.9415984123826,1000
2024-09-20 12:52:18.233,427.96278788124846,999
2024-09-20 12:52:18.237,427.96144086827616,1002
2024-09-20 12:52:18.283,427.92091370537474,10
2024-09-20 12:52:18.283,427.9243753150399,9
2024-09-20 12:52:18.449,427.9448019277668,100
2024-09-20 12:52:18.454,427.9505561974313,95
2024-09-20 12:52:18.512,427.9413609316799,14
2024-09-20 12:52:18.765,427.9930733390131,1003
2024-09-20 12:52:18.783,427.9212094528178,1003
2024-09-20 12:52:18.843,427.99069792602745,1001
2024-09-20 12:52:18.889,427.94859191774106,96
2024-09-20 12:52:18.918,427.9386458814014,100
2024-09-20 12:52:19.068,427.9693219570327,99
2024-09-20 12:52:19.081,427.9305093146758,11
2024-09-20 12:52:19.119,427.9344605362415,101
2024-09-20 12:52:19.279,427.9360701309869,1003
2024-09-20 12:52:19.346,427.94311098976857,7
2024-09-20 12:52:19.468,427.9380928152618,96
2024-09-20 12:52:19.500,427.94145606843824,7
2024-09-20 12:52:19.525,427.9401744513922,997
2024-09-20 12:52:19.620,427.945053668768,1002
2024-09-20 12:52:19.621,427.899514101477,97
2024-09-20 12:52:19.808,427.95055915567394,13
2024-09-20 12:52:19.948,427.9474130914231,98
2024-09-20 12:52:19.959,427.9387607428881,104
2024-09-20 12:52:19.999,427.94178935233583,997
2024-09-20 12:52:20.006,427.85744164849984,1005
2024-09-20 12:52:20.062,427.8607007481669,10
2024-09-20 12:52:20.065,427.83203986866766,97
2024-09-20 12:52:20.112,42.788185155714814,102
2024-09-20 12:52:20.206,427.8203922591261,996
2024-09-20 12:52:20.285,427.8282675383793,9
2024-09-20 12:52:20.300,427.8354687598928,98
2024-09-20 12:52:20.308,427.8612906604011,8
2024-09-20 12:52:20.327,427.9186904774968,103
2024-09-20 12:52:20.359,427.8360876362205,95
2024-09-20 12:52:20.392,427.8448601425343,12
2024-09-20 12:52:20.498,427.8901428560641,103
2024-09-20 12:52:20.503,427.8315051195235,99
2024-09-20 12:52:20.504,427.8361154140155,997
2024-09-20 12:52:20.531,427.852881317243,1003
2024-09-20 12:52:20.555,427.8399136714916,10
2024-09-20 12:52:20.616,427.8280731215382,998
2024-09-20 12:52:20.648,427.83740836234807,11
2024-09-20 12:52:20.664,427.82405777507046,8
2024-09-20 12:52:20.687,427.8358194272,105
2024-09-20 12:52:20.749,427.91279406783246,10
2024-09-20 12:52:20.777,427.87994474474175,103
2024-09-20 12:52:20.854,427.9075206227432,14
2024-09-20 12:52:20.856,427.8850856626741,1005
2024-09-20 12:52:20.885,427.9152164902678,99
2024-09-20 12:52:20.902,427.8684104483257,1002
2024-09-20 12:52:20.909,427.8788632101035,14
2024-09-20 12:52:20.936,427.8510311596896,12
2024-09-20 12:52:20.956,427.8565968518786,1003
2024-09-20 12:52:20.956,427.8647708304322,6
2024-09-20 12:52:21.053,427.8730014636292,104
2024-09-20 12:52:21.067,427.8399767113299,998
2024-09-20 12:52:21.323,427.8292168837205,6
2024-09-20 12:52:21.363,427.8522834563144,999
2024-09-20 12:52:21.385,427.8454884633515,95
2024-09-20 12:52:21.415,427.8533821950913,98
2024-09-20 12:52:21.514,427.8411044117804,98
2024-09-20 12:52:21.678,427.83501751281335,15
2024-09-20 12:52:21.906,427.8608429799551,9
2024-09-20 12:52:21.932,427.8604996599981,1000
2024-09-20 12:52:21.965,427.8516970422535,103
2024-09-20 12:52:21.977,427.8570092356703,99
2024-09-20 12:52:22.028,427.931095903432,1003
2024-09-20 12:52:22.043,427.93826967365777,103
2024-09-20 12:52:22.060,427.9047796089937,998
2024-09-20 12:52:22.082,427.9107919074995,1002
2024-09-20 12:52:22.097,427.9068001707994,100
2024-09-20 12:52:22.207,427.91704973335993,1002
2024-09-20 12:52:22.233,427.94361343792383,1003
2024-09-20 12:52:22.293,427.9314062963496,11
2024-09-20 12:52:22.319,427.9061474552745,100
2024-09-20 12:52:22.349,427.8714570375191,9
2024-09-20 12:52:22.361,427.9091368838557,9
2024-09-20 12:52:22.387,427.8951622413768,96
2024-09-20 12:52:22.428,427.91687944429344,12
2024-09-20 12:52:22.439,427.8628572108608,8
2024-09-20 12:52:22.500,427.93991122962393,15
2024-09-20 12:52:22.522,427.93911135257866,1000
2024-09-20 12:52:22.546,427.90614115077983,11
2024-09-20 12:52:22.614,427.90980772380055,999
2024-09-20 12:52:22.717,427.9407840179328,1001
2024-09-20 12:52:22.826,427.9072912408002,100
2024-09-20 12:52:22.922,427.9324574452378,8
2024-09-20 12:52:22.984,427.8957212098928,6
2024-09-20 12:52:22.992,427.8972687592273,9
2024-09-20 12:52:23.039,427.9470148106856,99
2024-09-20 12:52:23.043,427.93730361921416,95
2024-09-20 12:52:23.082,427.9618481071094,6
2024-09-20 12:52:23.141,427.9435704223041,95
2024-09-20 12:52:23.186,427.9022346666806,1002
2024-09-20 12:52:23.275,427.9110849885511,15
2024-09-20 12:52:23.337,427.960992462613,11
2024-09-20 12:52:23.350,427.9507957494108,1004
2024-09-20 12:52:23.350,427.963919599214,99
2024-09-20 12:52:23.352,427.8925024559193,1003
2024-09-20 12:52:23.352,427.8981522808432,13
2024-09-20 12:52:23.410,427.9119467076591,6
2024-09-20 12:52:23.535,427.947506929383,1005
2024-09-20 12:52:23.552,427.9584135519972,101
2024-09-20 12:52:23.575,427.88733181324807,98
2024-09-20 12:52:23.628,427.93859412066297,9
2024-09-20 12:52:23.688,427.9704964210081,997
2024-09-20 12:52:23.756,427.9613363847633,6
2024-09-20 12:52:23.775,427.95252259726345,14
2024-09-20 12:52:23.812,427.8918400184567,101
2024-09-20 12:52:23.862,427.9401602881399,11
2024-09-20 12:52:23.888,427.9439482297229,100
2024-09-20 12:52:23.913,427.9121603522623,6
2024-09-20 12:52:23.924,427.9540118131404,9
2024-09-20 12:52:23.973,427.9108791996905,98
2024-09-20 12:52:23.986,427.9513803148858,96
2024-09-20 12:52:24.168,427.9315595472594,98
2024-09-20 12:52:24.175,427.9844734857664,99
2024-09-20 12:52:24.234,427.9466439865141,104
2024-09-20 12:52:24.327,427.95670708477655,11
2024-09-20 12:52:24.341,428.0106041995868,1000
2024-09-20 12:52:24.364,427.97091720891393,14
2024-09-20 12:52:24.397,427.9507508462031,995
2024-09-20 12:52:24.420,427.9810392461322,103
2024-09-20 12:52:24.559,427.94585273974855,103
2024-09-20 12:52:24.658,427.9481528687699,98
2024-09-20 12:52:24.777,427.9883680224333,8
2024-09-20 12:52:24.783,,999
2024-09-20 12:52:24.788,427.9558035776509,1000
2024-09-20 12:52:24.895,427.94484376342285,11
2024-09-20 12:52:24.958,427.9769474660413,1003
2024-09-20 12:52:25.267,428.02476072978806,10
2024-09-20 12:52:25.392,428.0185002180724,103
2024-09-20 12:52:25.434,428.04434948632695,101
2024-09-20 12:52:25.493,428.04464752087927,96
2024-09-20 12:52:25.499,428.00415044821045,102
2024-09-20 12:52:25.568,428.0465697929832,104
2024-09-20 12:52:25.605,428.050587434906,1005
2024-09-20 12:52:25.621,428.0009556507796,100
2024-09-20 12:52:25.653,428.0438960314525,96
2024-09-20 12:52:25.727,428.0266442335492,102
2024-09-20 12:52:25.796,427.9875971189763,102
2024-09-20 12:52:25.828,428.012423874217,996
2024-09-20 12:52:25.846,428.02852864702754,103
2024-09-20 12:52:25.847,428.0041269538835,998
2024-09-20 12:52:25.867,428.0459373276747,99
2024-09-20 12:52:25.868,428.0556855775644,5
2024-09-20 12:52:25.959,428.0167096049236,13
2024-09-20 12:52:25.993,427.98684631154447,105
2024-09-20 12:52:26.554,428.0321213646425,98
2024-09-20 12:52:26.592,428.0371006889079,1004
2024-09-20 12:52:26.773,428.0415355583506,11
2024-09-20 12:52:26.829,428.0564347302037,11
2024-09-20 12:52:26.944,428.0362811716975,11
2024-09-20 12:52:27.157,428.04333808849833,1001
2024-09-20 12:52:27.172,,101
2024-09-20 12:52:27.271,428.05635148189305,99
2024-09-20 12:52:27.296,428.0686779157764,1005
2024-09-20 12:52:27.300,428.08214917730726,103
2024-09-20 12:52:27.323,428.0192167448217,13
2024-09-20 12:52:27.390,428.02452784971706,95
2024-09-20 12:52:27.395,428.0411630495632,100
2024-09-20 12:52:27.408,428.0426961902811,97
2024-09-20 12:52:27.422,428.0396413879767,101
2024-09-20 12:52:27.447,428.0517184292303,100
2024-09-20 12:52:27.482,428.0565885286155,10
2024-09-20 12:52:27.486,428.0655375686618,11
2024-09-20 12:52:27.509,428.058994692172,995
2024-09-20 12:52:27.520,428.0543801803464,1003
2024-09-20 12:52:27.560,428.08563631907566,14
2024-09-20 12:52:27.598,427.9888108345896,96
2024-09-20 12:52:27.647,428.0263924525333,13
2024-09-20 12:52:27.679,427.9882678414009,104
2024-09-20 12:52:27.793,428.0480727757669,104
2024-09-20 12:52:27.849,428.0039752656512,95
2024-09-20 12:52:27.858,428.01805673745184,1005
2024-09-20 12:52:27.901,428.0604994383961,995
2024-09-20 12:52:27.955,428.0705636766744,102
2024-09-20 12:52:27.980,428.0578360303673,103
2024-09-20 12:52:27.986,428.07906782501897,15
2024-09-20 12:52:27.994,428.0165442318152,102
2024-09-20 12:52:28.064,428.03367376853134,995
2024-09-20 12:52:28.180,428.0262248331401,98
2024-09-20 12:52:28.243,428.0117728303272,1003
2024-09-20 12:52:28.288,428.0272918404901,97
2024-09-20 12:52:28.368,428.07654659481,103
2024-09-20 12:52:28.372,427.9885052353577,95
2024-09-20 12:52:28.391,428.05856903570015,98
2024-09-20 12:52:28.446,428.0389162534125,98
2024-09-20 12:52:28.506,428.036402375254,103
2024-09-20 12:52:28.557,427.9973470706805,1000
2024-09-20 12:52:28.635,427.9960954693916,995
2024-09-20 12:52:28.656,428.0302904356821,1003
2024-09-20 12:52:28.684,428.037991774025,5
2024-09-20 12:52:28.688,428.0495526349041,11
2024-09-20 12:52:28.827,428.0612656417194,13
2024-09-20 12:52:28.865,428.0689110310636,995
2024-09-20 12:52:28.881,428.0024605098369,102
2024-09-20 12:52:28.895,428.0429604810107,96
2024-09-20 12:52:28.897,428.0194609279324,995
2024-09-20 12:52:28.972,428.0263350048302,1002
2024-09-20 12:52:28.994,428.021475249653,98
2024-09-20 12:52:29.123,428.0275026400432,14
2024-09-20 12:52:29.141,428.0551928943595,103
2024-09-20 12:52:29.146,428.0196592903002,104
2024-09-20 12:52:29.166,428.0027648159552,1001
2024-09-20 12:52:29.178,-427.989464694198,10
2024-09-20 12:52:29.244,428.0416800082494,1000
2024-09-20 12:52:29.251,428.0397422006319,101
2024-09-20 12:52:29.270,428.0957900184914,1003
2024-09-20 12:52:29.292,428.03390428932136,100
2024-09-20 12:52:29.360,428.0632386570467,7
2024-09-20 12:52:29.397,428.1205930246415,1000
2024-09-20 12:52:29.486,428.0839177286985,8
2024-09-20 12:52:29.490,428.1073259692649,1001
2024-09-20 12:52:29.527,428.0450300702149,7
2024-09-20 12:52:29.600,427.9922449278082,14
2024-09-20 12:52:29.616,428.1231395652687,103
2024-09-20 12:52:29.737,428.1288941960488,999
2024-09-20 12:52:29.756,-428.00344816464553,1001
2024-09-20 12:52:29.768,428.06559423546594,1000
2024-09-20 12:52:29.809,428.00756327795233,97
2024-09-20 12:52:29.858,428.03395284802656,995
2024-09-20 12:52:29.875,427.98676631070936,995
2024-09-20 12:52:29.878,-428.03538590414416,996
2024-09-20 12:52:29.923,428.1009578555688,13
2024-09-20 12:52:29.935,428.0788995549355,7
2024-09-20 12:52:29.975,428.1109686339156,1000
2024-09-20 12:52:29.995,428.0379959863996,1005
2024-09-20 12:52:30.069,428.0081538821634,999
2024-09-20 12:52:30.110,428.10775603258907,6
2024-09-20 12:52:30.266,428.03602811885867,5
2024-09-20 12:52:30.324,428.0768381895388,15
2024-09-20 12:52:30.354,428.0674412890749,1002
2024-09-20 12:52:30.374,428.0920672010363,100
2024-09-20 12:52:30.603,428.0878767950338,100
2024-09-20 12:52:30.652,428.0797707930108,104
2024-09-20 12:52:30.659,428.0743226897661,8
2024-09-20 12:52:30.685,428.0250302996052,8
2024-09-20 12:52:30.837,428.04776012101394,1000
2024-09-20 12:52:30.851,428.0201491260239,1005
2024-09-20 12:52:30.914,428.07540582356495,9
2024-09-20 12:52:30.924,428.0009000313685,105
2024-09-20 12:52:30.969,428.11848292367137,11
2024-09-20 12:52:31.061,428.0081686843118,98
2024-09-20 12:52:31.061,427.9989123394961,104
2024-09-20 12:52:31.075,427.9981983858064,998
2024-09-20 12:52:31.100,428.033759111881,1005
2024-09-20 12:52:31.146,428.0272684322521,5
2024-09-20 12:52:31.158,427.99732747587166,1004
2024-09-20 12:52:31.200,427.98789816753,98
2024-09-20 12:52:31.262,-428.0101436545068,9
2024-09-20 12:52:31.331,427.9955202494224,15
2024-09-20 12:52:31.400,427.990554794594,13
2024-09-20 12:52:31.493,428.02100844181007,10
2024-09-20 12:52:31.531,428.0207956869301,104
2024-09-20 12:52:31.571,427.9989366951888,10
2024-09-20 12:52:31.730,427.9971222934976,996
2024-09-20 12:52:31.882,427.9959436910582,8
2024-09-20 12:52:31.897,427.9945320112608,13
2024-09-20 12:52:31.922,428.0383741410228,100
2024-09-20 12:52:33.015,428.0937042868986,13
2024-09-20 12:52:33.023,428.0972302834339,998
2024-09-20 12:52:33.064,428.1115566402037,996
2024-09-20 12:52:33.074,428.0421376369228,999
2024-09-20 12:52:33.150,428.0934967366899,15
2024-09-20 12:52:33.416,428.0704684136985,14
2024-09-20 12:52:33.525,428.0319976993173,1000
2024-09-20 12:52:33.605,428.06117154490295,1004
2024-09-20 12:52:33.679,428.0841535688119,10
2024-09-20 12:52:33.745,428.0866813677503,998
2024-09-20 12:52:33.756,428.0433036555853,12
2024-09-20 12:52:33.780,428.0338562148175,6
2024-09-20 12:52:33.800,428.0549058111748,996
2024-09-20 12:52:33.812,428.0746055767608,1004
2024-09-20 12:52:33.846,428.1050594897139,95
2024-09-20 12:52:33.940,428.0743966160991,14
2024-09-20 12:52:33.973,428.0510871615141,12
2024-09-20 12:52:34.088,428.1937822118067,102
2024-09-20 12:52:34.427,428.1070789992663,14
2024-09-20 12:52:34.506,428.15825530044106,8
2024-09-20 12:52:34.589,428.184846047873,102
2024-09-20 12:52:34.757,428.1801079318305,12
2024-09-20 12:52:34.802,428.13137653267296,97
2024-09-20 12:52:34.954,428.13570669139307,998
2024-09-20 12:52:34.983,428.1576712451047,15
2024-09-20 12:52:35.065,428.21764442659696,997
2024-09-20 12:52:35.068,428.2084066122423,11
2024-09-20 12:52:35.127,428.2001973287845,100
2024-09-20 12:52:35.198,428.22903962866,95
2024-09-20 12:52:35.307,428.21281714418,8
2024-09-20 12:52:35.335,428.2103637115402,8
2024-09-20 12:52:35.581,428.2106613318788,7
2024-09-20 12:52:35.583,428.204025907033,995
2024-09-20 12:52:35.607,428.2135875961927,104
2024-09-20 12:52:35.861,428.2215086831872,999
2024-09-20 12:52:35.883,428.22814033320776,105
2024-09-20 12:52:35.886,428.2075353165511,105
2024-09-20 12:52:36.093,428.1650812213775,100
2024-09-20 12:52:36.125,428.1693171620945,998
2024-09-20 12:52:36.158,428.1351960687365,100
2024-09-20 12:52:36.168,428.136925285308,100
2024-09-20 12:52:36.328,428.14944702842416,1003
2024-09-20 12:52:36.335,428.1628976455014,98
2024-09-20 12:52:36.376,428.1570427742725,103
2024-09-20 12:52:36.452,428.1621003111365,97
2024-09-20 12:52:36.503,-428.1556476365911,997
2024-09-20 12:52:36.583,428.1836824797293,1002
2024-09-20 12:52:36.588,428.1926385050508,98
2024-09-20 12:52:36.674,428.1482091599572,98
2024-09-20 12:52:36.717,428.1534682984224,999
2024-09-20 12:52:36.912,428.1619756743892,10
2024-09-20 12:52:36.979,428.1663321561522,1004
2024-09-20 12:52:37.083,428.05946071741647,103
2024-09-20 12:52:37.090,428.0297656725214,13
2024-09-20 12:52:37.094,428.06841200400527,1002
2024-09-20 12:52:37.109,428.0331255299582,996
2024-09-20 12:52:37.130,428.0798203376904,15
2024-09-20 12:52:37.182,428.0505724363295,99
2024-09-20 12:52:37.206,428.0668103809961,7
2024-09-20 12:52:37.244,428.14586711050254,103
2024-09-20 12:52:37.286,428.0428294989615,9
2024-09-20 12:52:37.304,428.04961955153095,1001
2024-09-20 12:52:37.350,-428.1264687289877,1003
2024-09-20 12:52:37.512,428.1136307925949,13
2024-09-20 12:52:37.530,428.10325923031,5
2024-09-20 12:52:37.537,428.110103560196,1004
2024-09-20 12:52:37.653,428.1033202043992,1005
2024-09-20 12:52:37.687,428.0940141364833,1002
2024-09-20 12:52:37.717,428.1512638295248,105
2024-09-20 12:52:37.740,428.1487764583271,10
2024-09-20 12:52:37.746,428.1030995802651,8
2024-09-20 12:52:37.776,428.112310444923,105
2024-09-20 12:52:37.901,428.0538391706146,8
2024-09-20 12:52:38.000,428.1014758835584,15
2024-09-20 12:52:38.049,428.0833513405861,11
2024-09-20 12:52:38.064,428.1186107845584,1001
2024-09-20 12:52:38.182,428.0937616594673,996
2024-09-20 12:52:38.187,428.11549288268407,996
2024-09-20 12:52:38.209,428.1231805548731,996
2024-09-20 12:52:38.217,428.1110236987409,1002
2024-09-20 12:52:38.247,428.1047374018998,104
2024-09-20 12:52:38.326,428.0860602868671,6
2024-09-20 12:52:38.330,428.11600512230575,104
2024-09-20 12:52:38.381,428.1210651360167,6
2024-09-20 12:52:38.397,428.07350069434426,995
2024-09-20 12:52:38.412,428.0958107992216,14
2024-09-20 12:52:38.451,42.80905426071206,1005
2024-09-20 12:52:38.523,428.067904828372,7
2024-09-20 12:52:38.631,428.1104842454304,997
2024-09-20 12:52:38.748,428.0688121341992,1003
2024-09-20 12:52:38.829,428.064669820211,95
2024-09-20 12:52:39.020,428.1031306063303,104
2024-09-20 12:52:39.081,428.0945833129909,102
2024-09-20 12:52:39.248,428.2039102217662,10
2024-09-20 12:52:39.277,428.2225646897057,1004
2024-09-20 12:52:39.301,428.2096243113445,102
2024-09-20 12:52:39.326,428.0939205254162,9
2024-09-20 12:52:39.363,428.0798332934239,105
2024-09-20 12:52:39.417,428.08358819814487,1004
2024-09-20 12:52:39.438,428.09105657463897,12
2024-09-20 12:52:39.451,428.10617231118897,100
2024-09-20 12:52:39.457,428.0879201859949,14
2024-09-20 12:52:39.463,428.1739035770724,13
2024-09-20 12:52:39.467,428.1894235122917,103
2024-09-20 12:52:39.479,428.0965854682271,101
2024-09-20 12:52:39.502,428.1163193682536,13
2024-09-20 12:52:39.636,428.11400068238737,8
2024-09-20 12:52:39.650,428.0875018564459,5
2024-09-20 12:52:39.680,428.21715312269725,999
2024-09-20 12:52:39.702,428.19357876170073,1004
2024-09-20 12:52:39.734,428.0927523159567,10
2024-09-20 12:52:39.747,428.117518373863,12
2024-09-20 12:52:39.765,428.0735164992973,6
2024-09-20 12:52:39.790,428.08975276435217,1002
2024-09-20 12:52:39.835,428.19888905937046,7
2024-09-20 12:52:39.838,428.1511081322409,998
2024-09-20 12:52:39.847,428.0871719268928,1001
2024-09-20 12:52:39.894,428.0892285660708,104
2024-09-20 12:52:39.907,428.2168796794111,1005
2024-09-20 12:52:39.912,428.0959479888331,1000
2024-09-20 12:52:39.929,428.098240587573,998
2024-09-20 12:52:40.012,428.3151774480071,5
2024-09-20 12:52:40.067,428.3114058489997,98
2024-09-20 12:52:40.092,428.2893372235666,1002
2024-09-20 12:52:40.092,428.275675755594,14
2024-09-20 12:52:40.106,428.2940162669322,1004
2024-09-20 12:52:40.108,428.23592596780753,997
2024-09-20 12:52:40.124,428.30123905132376,5
2024-09-20 12:52:40.180,428.3047537856987,95
2024-09-20 12:52:40.191,428.3336333963415,95
2024-09-20 12:52:40.205,428.2664218064303,6
2024-09-20 12:52:40.211,428.2226155455784,96
2024-09-20 12:52:40.250,428.3145911461797,13
2024-09-20 12:52:40.333,428.32407751856135,996
2024-09-20 12:52:40.339,428.26633732246506,11
2024-09-20 12:52:40.360,428.2984620377276,102
2024-09-20 12:52:40.361,428.32397844820736,95
2024-09-20 12:52:40.536,428.2244198257589,1000
2024-09-20 12:52:40.564,428.31864785870937,96
2024-09-20 12:52:40.662,428.2257493744893,1002
2024-09-20 12:52:40.674,428.2289500348351,1003
2024-09-20 12:52:40.681,428.3178016810105,97
2024-09-20 12:52:40.764,428.3205225959836,999
2024-09-20 12:52:40.811,428.3266972994442,1005
2024-09-20 12:52:40.858,428.2414115455961,1005
2024-09-20 12:52:40.867,428.26592394540296,11
2024-09-20 12:52:41.071,428.3066324691174,7
2024-09-20 12:52:41.079,428.3193901273401,8
2024-09-20 12:52:41.116,428.3176591722875,8
2024-09-20 12:52:41.147,428.324490781842,997
2024-09-20 12:52:41.166,428.3160537606968,102
2024-09-20 12:52:41.167,428.3229568464576,11
2024-09-20 12:52:41.194,428.31837891020393,11
2024-09-20 12:52:41.228,428.30990455720985,1001
2024-09-20 12:52:41.241,428.35293194932194,8
2024-09-20 12:52:41.347,428.3323410890085,97
2024-09-20 12:52:41.383,428.319935312387,101
2024-09-20 12:52:41.479,-428.33995050953297,99
2024-09-20 12:52:41.580,428.32124005442114,995
2024-09-20 12:52:41.595,428.3383923967658,101
2024-09-20 12:52:41.631,428.34291808545487,105
2024-09-20 12:52:41.646,428.3211555524084,105
2024-09-20 12:52:41.697,428.3243172884981,1004
2024-09-20 12:52:41.789,42.835047541310345,96
2024-09-20 12:52:41.832,428.30579075440846,1001
2024-09-20 12:52:41.895,428.31214672209165,14
2024-09-20 12:52:41.907,428.3247798019017,1000
2024-09-20 12:52:41.961,428.34926365950616,14
2024-09-20 12:52:43.108,428.3661548339962,6
2024-09-20 12:52:43.130,428.35162290642586,8
2024-09-20 12:52:43.170,42.83076746858077,1003
2024-09-20 12:52:43.221,428.3232470718335,13
2024-09-20 12:52:43.263,428.3741878001796,97
2024-09-20 12:52:43.299,428.3019624475711,15
2024-09-20 12:52:43.359,428.314854184524,996
2024-09-20 12:52:43.395,428.39486284948697,1002
2024-09-20 12:52:43.414,428.3142047459485,14
2024-09-20 12:52:43.419,428.36312839200434,11
2024-09-20 12:52:43.452,428.3754026936151,995
2024-09-20 12:52:43.479,428.3170215673198,998
2024-09-20 12:52:43.612,428.3248823982503,1003
2024-09-20 12:52:43.631,428.3367286865704,101
2024-09-20 12:52:43.707,428.3134792352445,1003
2024-09-20 12:52:43.720,428.3107210282064,1005
2024-09-20 12:52:43.728,428.3833453057475,98
2024-09-20 12:52:43.737,428.3121358504935,103
2024-09-20 12:52:43.784,428.3123819366269,1004
2024-09-20 12:52:43.819,428.3530314258599,10
2024-09-20 12:52:43.834,428.3272167881932,104
2024-09-20 12:52:43.846,428.30251324449705,98
2024-09-20 12:52:43.858,428.3362670726856,1003
2024-09-20 12:52:43.862,428.3125243019807,8
2024-09-20 12:52:43.876,428.33153541038257,12
2024-09-20 12:52:43.894,428.3223332665036,9
2024-09-20 12:52:43.896,428.3401057986972,14
2024-09-20 12:52:43.977,428.31718323268495,10
2024-09-20 12:52:43.981,428.3057973012345,103
2024-09-20 12:52:44.063,428.4000109538092,996
2024-09-20 12:52:44.097,428.3526225830891,104
2024-09-20 12:52:44.170,428.3483879670808,8
2024-09-20 12:52:44.179,428.3958721027557,996
2024-09-20 12:52:44.216,428.3471895619113,101
2024-09-20 12:52:44.220,428.3600007926753,996
2024-09-20 12:52:44.359,428.326216721706,1003
2024-09-20 12:52:44.361,428.3786564944342,996
2024-09-20 12:52:44.373,428.3729988690764,1003
2024-09-20 12:52:44.399,428.3299989276225,10
2024-09-20 12:52:44.434,428.3712189801338,6
2024-09-20 12:52:44.445,428.3273438305776,9
2024-09-20 12:52:44.455,428.3937922177316,998
2024-09-20 12:52:44.468,428.3983218724522,96
2024-09-20 12:52:44.540,428.3470804529879,7
2024-09-20 12:52:44.620,428.3608005220704,996
2024-09-20 12:52:44.659,428.3045504206949,97
2024-09-20 12:52:44.677,428.41201538386457,103
2024-09-20 12:52:44.697,428.296602821704,99
2024-09-20 12:52:44.752,428.3206509486581,97
2024-09-20 12:52:44.760,428.3378958293797,14
2024-09-20 12:52:44.778,428.3206870107979,995
2024-09-20 12:52:44.818,428.3100571969925,1002
2024-09-20 12:52:44.828,428.3780804581936,999
2024-09-20 12:52:44.840,428.31257126123626,13
2024-09-20 12:52:44.840,,1003
2024-09-20 12:52:44.896,428.3920367233014,998
2024-09-20 12:52:44.898,428.4067644917838,13
2024-09-20 12:52:45.065,428.29993247047423,999
2024-09-20 12:52:45.418,428.3162252214367,1003
2024-09-20 12:52:45.457,428.323259414211,1002
2024-09-20 12:52:45.585,428.2738218868995,95
2024-09-20 12:52:45.804,428.3242125926288,104
2024-09-20 12:52:45.857,428.3168891494143,105
2024-09-20 12:52:45.878,428.2897642684581,1001
2024-09-20 12:52:46.226,428.3068747264369,996
2024-09-20 12:52:46.243,428.3014502699533,105
2024-09-20 12:52:46.333,428.28629262126304,1005
2024-09-20 12:52:46.676,428.2866674635473,105
2024-09-20 12:52:46.706,428.2952379531456,7
2024-09-20 12:52:46.787,428.2828929256576,1004
2024-09-20 12:52:46.849,428.2973277221329,15
2024-09-20 12:52:46.930,428.3062187797798,8
2024-09-20 12:52:46.983,428.30984362134,97
2024-09-20 12:52:47.019,428.2437895856464,1005
2024-09-20 12:52:47.048,428.26449344552856,6
2024-09-20 12:52:47.263,428.283192067674,11
2024-09-20 12:52:47.281,428.2574978244772,9
2024-09-20 12:52:47.521,428.25709073753103,1002
2024-09-20 12:52:47.919,428.27463062715134,1005
2024-09-20 12:52:48.387,428.2683398691807,12
2024-09-20 12:52:48.781,428.2941531235793,1002
2024-09-20 12:52:49.025,428.27489653857646,100
2024-09-20 12:52:49.102,428.2801761919124,99
2024-09-20 12:52:49.201,428.31261984701416,100
2024-09-20 12:52:49.447,428.27291781279615,102
2024-09-20 12:52:49.500,428.2707665131904,95
2024-09-20 12:52:49.506,428.26980587166304,103
2024-09-20 12:52:49.557,428.2822482856525,98
2024-09-20 12:52:49.654,428.2939471105466,11
2024-09-20 12:52:49.782,428.2736574379394,8
2024-09-20 12:52:49.806,428.2664800456183,996
2024-09-20 12:52:49.888,428.302874097037,13
2024-09-20 12:52:49.928,428.2685806354287,10
2024-09-20 12:52:50.026,428.211929100024,11
2024-09-20 12:52:50.045,428.25301968557903,105
2024-09-20 12:52:50.095,428.2356729198697,101
2024-09-20 12:52:50.098,428.2404732626004,6
2024-09-20 12:52:50.207,428.2234809174207,10
2024-09-20 12:52:50.214,428.2449695120061,996
2024-09-20 12:52:50.275,428.2239388832099,10
2024-09-20 12:52:50.288,428.2323336275431,13
2024-09-20 12:52:50.332,428.22552920525,99
2024-09-20 12:52:50.383,428.2302347400994,102
2024-09-20 12:52:50.401,428.2431022909569,96
2024-09-20 12:52:50.480,428.2585364784872,15
2024-09-20 12:52:50.495,428.22521706700576,12
2024-09-20 12:52:50.526,428.2652505294497,997
2024-09-20 12:52:50.657,428.2162377238374,14
2024-09-20 12:52:50.668,428.2540814983149,998
2024-09-20 12:52:50.704,42.82501009662238,101
2024-09-20 12:52:50.728,428.2192942089258,996
2024-09-20 12:52:50.735,428.2450090957785,101
2024-09-20 12:52:51.145,428.3031423595252,8
2024-09-20 12:52:51.291,428.2546411439748,98
2024-09-20 12:52:51.343,428.2867216486549,1004
2024-09-20 12:52:51.353,428.27932845132665,995
2024-09-20 12:52:51.451,428.25693444350526,9
2024-09-20 12:52:51.541,428.2637332382661,101
2024-09-20 12:52:51.638,428.2599309612134,999
2024-09-20 12:52:51.801,428.292095523445,100
2024-09-20 12:52:51.902,428.2553369416189,6
2024-09-20 12:52:51.979,428.3104840253616,95
2024-09-20 12:52:52.001,428.27313563236567,99
2024-09-20 12:52:52.163,428.2879895422511,13
2024-09-20 12:52:52.228,428.2534470780172,1005
2024-09-20 12:52:52.253,428.2547327298882,105
2024-09-20 12:52:52.306,428.27826895506337,1000
2024-09-20 12:52:52.335,428.2566785410013,1005
2024-09-20 12:52:52.369,428.2592416080644,99
2024-09-20 12:52:52.404,428.2659494014287,998
2024-09-20 12:52:52.412,-428.3064963594677,1004
2024-09-20 12:52:52.450,428.27242454678606,15
2024-09-20 12:52:52.489,428.2901846662067,13
2024-09-20 12:52:52.550,428.2761457882874,5
2024-09-20 12:52:52.559,428.3503050697735,7
2024-09-20 12:52:52.584,428.2728210690884,995
2024-09-20 12:52:52.637,428.25854594364336,996
2024-09-20 12:52:52.650,428.3103825620152,12
2024-09-20 12:52:52.709,428.2734257284969,10
2024-09-20 12:52:52.773,428.334575293845,11
2024-09-20 12:52:52.861,428.2692592241492,10
2024-09-20 12:52:52.898,428.2782645520837,1005
2024-09-20 12:52:52.952,428.34995138218574,7
2024-09-20 12:52:52.953,428.28375978096255,13
2024-09-20 12:52:53.021,428.36386778930006,996
2024-09-20 12:52:53.036,428.3616133948004,12
2024-09-20 12:52:53.053,428.3347458271504,9
2024-09-20 12:52:53.075,428.37844598174985,105
2024-09-20 12:52:53.107,428.3360109765286,14
2024-09-20 12:52:53.133,428.35751931975904,1003
2024-09-20 12:52:53.153,428.3422866331158,12
2024-09-20 12:52:53.354,428.3775110692279,1004
2024-09-20 12:52:53.423,428.3703874837749,102
2024-09-20 12:52:53.454,428.36884354854624,14
2024-09-20 12:52:53.455,428.3784780800895,15
2024-09-20 12:52:53.496,428.35238941901946,999
2024-09-20 12:52:53.496,428.374290891837,101
2024-09-20 12:52:53.498,428.363874591894,14
2024-09-20 12:52:53.511,428.3794680322502,13
2024-09-20 12:52:53.644,428.3595554463008,101
2024-09-20 12:52:53.687,428.3514808584188,12
2024-09-20 12:52:53.753,428.3502324610644,105
2024-09-20 12:52:53.944,428.35359795674594,996
2024-09-20 12:52:54.197,428.35488834516303,1003
2024-09-20 12:52:54.341,428.36515903340967,6
2024-09-20 12:52:54.384,428.3560420850748,105
2024-09-20 12:52:55.077,428.3664131612518,99
2024-09-20 12:52:55.111,428.3714983842266,103
2024-09-20 12:52:55.363,428.3418549251035,15
2024-09-20 12:52:55.401,428.4183941370225,15
2024-09-20 12:52:55.430,428.4026083371572,105
2024-09-20 12:52:55.450,428.3498121289205,998
2024-09-20 12:52:55.496,428.36665445548,5
2024-09-20 12:52:55.661,428.3908855308996,999
2024-09-20 12:52:55.675,428.3558004104153,1001
2024-09-20 12:52:55.698,428.3809284930618,995
2024-09-20 12:52:55.749,428.3578919861819,102
2024-09-20 12:52:55.808,428.3640302511786,7
2024-09-20 12:52:56.172,428.4055297942631,100
2024-09-20 12:52:56.397,428.438869647874,100
2024-09-20 12:52:56.444,428.4248650641529,6
2024-09-20 12:52:56.493,428.41555673530274,100
2024-09-20 12:52:56.570,428.41325053517744,1002
2024-09-20 12:52:56.600,428.4234619303347,101
2024-09-20 12:52:56.647,428.4189838709411,12
2024-09-20 12:52:56.650,428.4272944578406,6
2024-09-20 12:52:56.667,428.4117509689677,995
2024-09-20 12:52:56.714,428.4240376665344,1000
2024-09-20 12:52:56.986,428.4109851953641,997
2024-09-20 12:52:57.099,428.3535730001731,15
2024-09-20 12:52:57.206,428.4083468595389,8
2024-09-20 12:52:57.237,428.40341755602,102
2024-09-20 12:52:57.294,428.37154735416607,100
2024-09-20 12:52:57.366,428.3615282234949,995
2024-09-20 12:52:57.373,428.37881142006927,8
2024-09-20 12:52:57.416,428.3504141270946,14
2024-09-20 12:52:57.430,428.3744586496314,104
2024-09-20 12:52:57.506,428.3605613046101,12
2024-09-20 12:52:57.610,428.3604511693399,998
2024-09-20 12:52:57.647,428.3875580437619,105
2024-09-20 12:52:57.818,428.3640524697061,6
2024-09-20 12:52:57.834,428.3486316844627,101
2024-09-20 12:52:57.957,428.3572621148661,105
2024-09-20 12:52:57.972,428.3341781814753,996
2024-09-20 12:52:58.064,428.3505702608058,6
2024-09-20 12:52:58.120,428.3426104860373,15
2024-09-20 12:52:58.210,428.3479899864956,96
2024-09-20 12:52:58.280,428.3693927566654,995
2024-09-20 12:52:58.393,428.344898486502,7
2024-09-20 12:52:58.484,428.3312568240184,1002
2024-09-20 12:52:58.501,428.345956618842,101
2024-09-20 12:52:58.545,428.3410772593583,10
2024-09-20 12:52:58.581,428.3201476016295,1000
2024-09-20 12:52:58.685,428.3411693882802,11
2024-09-20 12:52:58.696,428.3332038561825,97
2024-09-20 12:52:58.808,428.3557511466786,1001
2024-09-20 12:52:58.831,428.3460094842423,1004
2024-09-20 12:52:58.961,428.35274345630256,11
2024-09-20 12:52:59.030,428.3528473161527,995
2024-09-20 12:52:59.067,428.3322830468354,1005
2024-09-20 12:52:59.206,428.3317780663398,98
2024-09-20 12:52:59.264,428.3577020262202,5
2024-09-20 12:52:59.292,428.337540258578,7
2024-09-20 12:52:59.378,428.3287863100687,8
2024-09-20 12:52:59.401,428.3414986065371,7
2024-09-20 12:52:59.695,428.3456846274324,995
2024-09-20 12:52:59.751,428.3268404124627,11
2024-09-20 12:52:59.766,428.3425244576584,101
2024-09-20 12:52:59.773,428.3380025886254,996
2024-09-20 12:52:59.853,428.3439527089892,104
2024-09-20 12:52:59.878,428.3382716809766,1004
