Timestamp,Price,Size
2024-09-19 11:51:00.061,421.9349430532622,98
2024-09-19 11:51:00.195,421.9491816627584,8
2024-09-19 11:51:00.206,421.9178045073715,98
2024-09-19 11:51:00.268,421.9304247291393,997
2024-09-19 11:51:00.273,421.9557040776994,999
2024-09-19 11:51:00.310,421.9409304650708,5
2024-09-19 11:51:00.386,421.9078732957516,997
2024-09-19 11:51:00.411,421.924560841856,97
2024-09-19 11:51:00.421,421.9290763361896,998
2024-09-19 11:51:00.427,421.9195874038093,96
2024-09-19 11:51:00.434,421.9253856588429,104
2024-09-19 11:51:00.528,421.91925368007054,105
2024-09-19 11:51:00.700,421.92048099666937,995
2024-09-19 11:51:00.808,421.93212452281455,9
2024-09-19 11:51:00.831,421.9281452783844,11
2024-09-19 11:51:00.851,421.9290958953362,1003
2024-09-19 11:51:00.857,421.9554407748488,105
2024-09-19 11:51:00.884,421.9356353045101,1005
2024-09-19 11:51:00.921,421.9513931136209,1005
2024-09-19 11:51:00.958,421.9615198749034,6
2024-09-19 11:51:00.970,421.9311196765979,13
2024-09-19 11:51:00.983,421.9590174656626,1002
2024-09-19 11:51:02.018,422.00857176119234,15
2024-09-19 11:51:02.115,421.9670232313754,99
2024-09-19 11:51:02.208,421.9701483113015,95
2024-09-19 11:51:02.215,421.9731156782689,105
2024-09-19 11:51:02.317,421.9795812803407,105
2024-09-19 11:51:02.331,421.9679186498235,1003
2024-09-19 11:51:02.375,421.99595720599,5
2024-09-19 11:51:02.482,421.9886613226121,7
2024-09-19 11:51:02.512,421.97357563058017,104
2024-09-19 11:51:02.569,421.9796517271693,95
2024-09-19 11:51:02.583,422.0026150274054,999
2024-09-19 11:51:02.673,422.0240301761348,1003
2024-09-19 11:51:02.679,421.956692793797,1002
2024-09-19 11:51:02.719,421.9634802631928,102
2024-09-19 11:51:02.726,421.9752777030686,995
2024-09-19 11:51:02.726,422.0158638195682,8
2024-09-19 11:51:02.742,422.0077657896074,15
2024-09-19 11:51:02.766,422.0088546400957,997
2024-09-19 11:51:02.772,421.9648760344081,1001
2024-09-19 11:51:02.852,-421.98602039963913,100
2024-09-19 11:51:02.971,421.9765550922958,99
2024-09-19 11:51:02.983,-421.9936957985354,101
2024-09-19 11:51:03.001,421.989743577758,6
2024-09-19 11:51:03.370,422.0096806716508,15
2024-09-19 11:51:03.480,422.0167384524313,999
2024-09-19 11:51:03.798,422.0038607057571,1002
2024-09-19 11:51:03.852,421.9968086818554,995
2024-09-19 11:51:04.589,422.0222392527784,9
2024-09-19 11:51:04.621,422.0203714498839,13
2024-09-19 11:51:05.042,422.0798495061665,11
2024-09-19 11:51:05.064,422.096846113041,998
2024-09-19 11:51:05.069,422.0279626748525,995
2024-09-19 11:51:05.094,422.0751331824908,103
2024-09-19 11:51:05.115,422.0330821329048,95
2024-09-19 11:51:05.119,422.0196561830441,999
2024-09-19 11:51:05.128,422.06313567144,99
2024-09-19 11:51:05.139,422.093490024491,101
2024-09-19 11:51:05.167,422.0322845211614,10
2024-09-19 11:51:05.271,422.0817545500121,1001
2024-09-19 11:51:05.313,422.0690874647551,98
2024-09-19 11:51:05.319,422.0415302532239,1004
2024-09-19 11:51:05.344,422.06243538231314,6
2024-09-19 11:51:05.350,422.06626176721056,997
2024-09-19 11:51:05.355,422.0864208257357,1005
2024-09-19 11:51:05.382,422.0261125761435,100
2024-09-19 11:51:05.506,422.0445172052535,997
2024-09-19 11:51:05.528,422.069792835642,14
2024-09-19 11:51:05.568,422.0256702674977,8
2024-09-19 11:51:05.630,422.0551315796167,1001
2024-09-19 11:51:05.637,-422.0792414010616,5
2024-09-19 11:51:05.666,422.07471820394767,104
2024-09-19 11:51:05.783,422.0854771913985,98
2024-09-19 11:51:05.820,422.02253016306753,1005
2024-09-19 11:51:05.834,422.0581915450903,95
2024-09-19 11:51:05.910,422.0372784256024,1002
2024-09-19 11:51:05.918,422.052406859964,10
2024-09-19 11:51:05.929,422.0716803740752,100
2024-09-19 11:51:05.997,422.0274497326159,99
2024-09-19 11:51:06.058,422.039243063142,1000
2024-09-19 11:51:06.144,422.0557900418625,999
2024-09-19 11:51:06.217,422.0318001144405,6
2024-09-19 11:51:06.272,422.0226235815526,12
2024-09-19 11:51:06.277,422.0235730055042,1000
2024-09-19 11:51:06.385,422.0745388924894,1000
2024-09-19 11:51:06.398,422.0513439386418,14
2024-09-19 11:51:06.418,422.0461692390002,11
2024-09-19 11:51:06.452,422.0318907877037,1004
2024-09-19 11:51:06.558,422.0202151356922,11
2024-09-19 11:51:06.643,422.0460450331508,1002
2024-09-19 11:51:06.663,422.0529171070027,5
2024-09-19 11:51:06.724,422.0383800401205,98
2024-09-19 11:51:06.756,422.06237345656,15
2024-09-19 11:51:06.854,422.0524054023647,96
2024-09-19 11:51:06.877,422.0264036552242,1005
2024-09-19 11:51:06.927,422.0527412694249,100
2024-09-19 11:51:06.952,422.0657149822119,996
2024-09-19 11:51:07.014,-422.0598519337186,15
2024-09-19 11:51:08.049,422.1195284922675,104
2024-09-19 11:51:08.098,422.0801376432929,104
2024-09-19 11:51:08.140,422.0588765091507,6
2024-09-19 11:51:08.208,422.08275335156,95
2024-09-19 11:51:08.309,422.0856621001329,1002
2024-09-19 11:51:08.325,422.1405816763007,11
2024-09-19 11:51:08.335,422.06450764634826,105
2024-09-19 11:51:08.350,422.08321475250017,1005
2024-09-19 11:51:08.360,422.06123910596034,105
2024-09-19 11:51:08.426,,7
2024-09-19 11:51:08.459,422.094571618372,995
2024-09-19 11:51:08.823,422.079393959113,14
2024-09-19 11:51:08.859,422.1085613948473,5
2024-09-19 11:51:08.901,422.0703687949457,996
2024-09-19 11:51:08.987,422.06973941011057,95
2024-09-19 11:51:09.018,422.1246099807594,999
2024-09-19 11:51:09.043,422.1566414000567,95
2024-09-19 11:51:09.087,422.1807493644597,11
2024-09-19 11:51:09.109,422.1159209763507,1002
2024-09-19 11:51:09.175,422.1648529386886,997
2024-09-19 11:51:09.180,422.156617703289,12
2024-09-19 11:51:09.203,422.1546796121976,15
2024-09-19 11:51:09.346,422.1481702898162,8
2024-09-19 11:51:09.522,422.1444674301989,13
2024-09-19 11:51:09.539,422.1343326451079,995
2024-09-19 11:51:09.586,422.1434013284809,96
2024-09-19 11:51:09.721,422.15562436277946,102
2024-09-19 11:51:09.810,422.1701775740994,1000
2024-09-19 11:51:09.833,422.1661233714908,996
2024-09-19 11:51:09.931,422.1645748701871,105
2024-09-19 11:51:10.015,422.12073610879537,98
2024-09-19 11:51:10.016,422.1322941491849,12
2024-09-19 11:51:10.120,422.1226612980609,102
2024-09-19 11:51:10.159,422.0870667566771,99
2024-09-19 11:51:10.215,422.0820691602118,998
2024-09-19 11:51:10.308,422.11533838705685,12
2024-09-19 11:51:10.308,422.11604551818186,10
2024-09-19 11:51:10.310,422.1377100763664,97
2024-09-19 11:51:10.325,422.1313330482282,11
2024-09-19 11:51:10.382,422.0902577840728,101
2024-09-19 11:51:10.390,422.1076135754556,100
2024-09-19 11:51:10.503,422.1270363941968,10
2024-09-19 11:51:10.504,422.12229602099126,12
2024-09-19 11:51:10.530,422.1510574870923,14
2024-09-19 11:51:10.631,422.11296211946814,9
2024-09-19 11:51:10.643,422.122807918539,99
2024-09-19 11:51:10.654,422.1174795911159,1004
2024-09-19 11:51:10.741,422.0977175808083,105
2024-09-19 11:51:10.758,422.1044653187583,1001
2024-09-19 11:51:10.862,422.1025403887552,6
2024-09-19 11:51:10.928,422.1003484365601,102
2024-09-19 11:51:10.950,422.1323817155573,101
2024-09-19 11:51:10.962,422.1412723439677,996
2024-09-19 11:51:10.962,422.1285680733325,1004
2024-09-19 11:51:10.965,422.12752227822745,104
2024-09-19 11:51:11.007,422.20412090449054,7
2024-09-19 11:51:11.040,422.0832266775832,100
2024-09-19 11:51:11.130,422.18012551257294,105
2024-09-19 11:51:11.160,422.0823675440917,99
2024-09-19 11:51:11.244,422.2041669544613,1001
2024-09-19 11:51:11.259,422.1180518102231,13
2024-09-19 11:51:11.262,422.1893768367681,1001
2024-09-19 11:51:11.266,422.1516412129928,1004
2024-09-19 11:51:11.276,422.1902295403442,1003
2024-09-19 11:51:11.286,422.1665939330369,8
2024-09-19 11:51:11.340,422.1429150105873,7
2024-09-19 11:51:11.364,422.1192964172091,998
2024-09-19 11:51:11.436,422.1902008921657,10
2024-09-19 11:51:11.487,422.180564417882,5
2024-09-19 11:51:11.642,422.0802218782123,10
2024-09-19 11:51:11.698,422.20097763688494,99
2024-09-19 11:51:11.714,422.1872116107532,96
2024-09-19 11:51:11.912,422.1642928335846,105
2024-09-19 11:51:11.975,422.20452951713565,95
2024-09-19 11:51:11.986,422.14273632832254,97
2024-09-19 11:51:12.019,422.1716665047819,999
2024-09-19 11:51:12.089,422.2045695157509,14
2024-09-19 11:51:12.097,422.2160479454076,1004
2024-09-19 11:51:12.099,422.2056591135231,999
2024-09-19 11:51:12.139,422.2035724902081,997
2024-09-19 11:51:12.199,422.2126926152337,998
2024-09-19 11:51:12.208,422.2093534028684,1003
2024-09-19 11:51:12.334,422.1871937072402,997
2024-09-19 11:51:12.341,422.1910447730128,10
2024-09-19 11:51:12.368,422.1675094541367,1002
2024-09-19 11:51:12.374,422.1723141654659,6
2024-09-19 11:51:12.385,422.2143256631997,997
2024-09-19 11:51:12.404,422.1679557678421,8
2024-09-19 11:51:12.477,422.1595513054087,14
2024-09-19 11:51:12.485,422.1945435147359,95
2024-09-19 11:51:12.533,422.1648861778346,101
2024-09-19 11:51:12.562,422.2015755422998,1001
2024-09-19 11:51:12.574,422.2021327928566,8
2024-09-19 11:51:12.589,422.189310967521,996
2024-09-19 11:51:12.607,422.2010706534585,96
2024-09-19 11:51:12.682,422.17625459415854,9
2024-09-19 11:51:12.762,422.20805640686257,13
2024-09-19 11:51:12.784,422.1802778434089,1003
2024-09-19 11:51:12.815,422.1814500924427,104
2024-09-19 11:51:12.827,422.1745715637836,997
2024-09-19 11:51:12.832,422.178922600122,102
2024-09-19 11:51:12.888,422.2168304737825,97
2024-09-19 11:51:12.920,422.1729123588628,99
2024-09-19 11:51:13.002,422.1887515003891,10
2024-09-19 11:51:13.332,422.1917004113415,102
2024-09-19 11:51:13.429,422.1570978118943,1002
2024-09-19 11:51:13.711,422.16039057069895,105
2024-09-19 11:51:13.809,422.1696480277146,999
2024-09-19 11:51:13.977,422.15849435850095,101
2024-09-19 11:51:14.001,422.1145637432269,104
2024-09-19 11:51:14.061,422.1672028331017,996
2024-09-19 11:51:14.069,422.157806612638,7
2024-09-19 11:51:14.134,422.15171265463584,99
2024-09-19 11:51:14.145,422.0818986527781,998
2024-09-19 11:51:14.179,422.1870305884072,102
2024-09-19 11:51:14.203,422.1582786075877,98
2024-09-19 11:51:14.216,422.1605400298304,7
2024-09-19 11:51:14.252,422.1660835474258,1005
2024-09-19 11:51:14.320,42.215055794959,101
2024-09-19 11:51:14.352,422.0982690018631,9
2024-09-19 11:51:14.382,422.1866258500263,10
2024-09-19 11:51:14.483,422.169024008113,10
2024-09-19 11:51:14.578,422.1232400182367,1004
2024-09-19 11:51:14.596,-422.1421045864732,997
2024-09-19 11:51:14.629,422.1674442764194,9
2024-09-19 11:51:14.683,422.0919081289689,6
2024-09-19 11:51:14.761,422.11345283816223,5
2024-09-19 11:51:14.764,422.170340721343,1003
2024-09-19 11:51:14.918,422.1528269695748,104
2024-09-19 11:51:14.946,422.1222871213078,1003
2024-09-19 11:51:14.962,422.1141694969293,99
2024-09-19 11:51:15.099,422.0700982740609,1000
2024-09-19 11:51:15.286,422.088768555282,98
2024-09-19 11:51:15.666,422.0956242650735,996
2024-09-19 11:51:15.892,422.0804333168969,9
2024-09-19 11:51:15.956,422.0769494744638,101
2024-09-19 11:51:16.009,422.01689045358455,10
2024-09-19 11:51:16.090,422.0717294961634,97
2024-09-19 11:51:16.099,422.0138870248159,999
2024-09-19 11:51:16.536,422.0540987499668,105
2024-09-19 11:51:16.615,422.0123769629176,998
2024-09-19 11:51:16.661,421.9891727903147,1001
2024-09-19 11:51:16.763,422.0132541166069,95
2024-09-19 11:51:16.820,422.0060594573292,102
2024-09-19 11:51:16.981,422.0360026168936,1000
2024-09-19 11:51:16.987,422.0599118409664,996
2024-09-19 11:51:17.266,421.9970587250948,97
2024-09-19 11:51:17.388,422.0060701466175,95
2024-09-19 11:51:17.402,422.0214627535193,104
2024-09-19 11:51:17.434,421.9761764784565,1000
2024-09-19 11:51:17.459,422.009355770242,13
2024-09-19 11:51:17.536,422.008922208212,99
2024-09-19 11:51:17.567,421.9907662234494,13
2024-09-19 11:51:17.615,422.00148132388847,15
2024-09-19 11:51:17.716,422.0125208938679,1002
2024-09-19 11:51:17.773,421.9942253729397,9
2024-09-19 11:51:17.933,422.0045883960919,1001
2024-09-19 11:51:17.935,422.0035122441831,15
2024-09-19 11:51:17.961,422.01706844035016,5
2024-09-19 11:51:17.998,422.0042457792405,15
2024-09-19 11:51:18.061,421.99793283397366,8
2024-09-19 11:51:18.071,422.0084605851296,105
2024-09-19 11:51:18.082,421.9853645016684,104
2024-09-19 11:51:18.100,422.0032502376235,14
2024-09-19 11:51:18.111,422.0361083791285,997
2024-09-19 11:51:18.185,421.9963500442111,5
2024-09-19 11:51:18.293,422.0321309819987,12
2024-09-19 11:51:18.336,422.0221428510155,105
2024-09-19 11:51:18.390,422.0417076178041,995
2024-09-19 11:51:18.415,422.01548954762353,103
2024-09-19 11:51:18.427,422.00310722664,10
2024-09-19 11:51:18.492,422.0042397739411,10
2024-09-19 11:51:18.505,422.027362202066,998
2024-09-19 11:51:18.511,421.9970025211088,1005
2024-09-19 11:51:18.546,422.05130565606055,97
2024-09-19 11:51:18.607,422.0377975342832,11
2024-09-19 11:51:18.647,421.9969840547386,101
2024-09-19 11:51:18.662,422.01773980914174,103
2024-09-19 11:51:18.663,422.0429938053101,98
2024-09-19 11:51:18.674,422.0307421659712,15
2024-09-19 11:51:18.700,422.0247078640178,6
2024-09-19 11:51:18.790,422.0048737051695,98
2024-09-19 11:51:18.855,422.0084108404532,5
2024-09-19 11:51:19.042,422.05102751624577,1001
2024-09-19 11:51:19.063,422.0124238951296,100
2024-09-19 11:51:19.078,422.00056322400405,12
2024-09-19 11:51:19.102,422.0546772399593,8
2024-09-19 11:51:19.106,422.00501868219897,15
2024-09-19 11:51:19.138,422.0282486124202,1000
2024-09-19 11:51:19.162,422.0041429284457,1002
2024-09-19 11:51:19.217,421.9992487966465,996
2024-09-19 11:51:19.329,422.0163913899002,997
2024-09-19 11:51:19.348,422.05100327945456,15
2024-09-19 11:51:19.401,422.0610095244339,997
2024-09-19 11:51:19.422,421.9900520352628,12
2024-09-19 11:51:19.451,422.032056077118,95
2024-09-19 11:51:19.484,422.00504718934286,995
2024-09-19 11:51:19.512,422.0229338399211,10
2024-09-19 11:51:19.563,422.0162744687339,1005
2024-09-19 11:51:19.600,422.0034479193191,100
2024-09-19 11:51:19.716,421.999808492122,103
2024-09-19 11:51:19.746,422.066017575806,995
2024-09-19 11:51:19.959,422.00949078411054,10
2024-09-19 11:51:19.981,421.9971751910712,11
2024-09-19 11:51:20.016,421.9851468108738,1002
2024-09-19 11:51:20.255,421.9943762461321,105
2024-09-19 11:51:20.257,-42.19897310058337,1000
2024-09-19 11:51:20.470,422.0119288795386,96
2024-09-19 11:51:20.562,421.98669072974496,1002
2024-09-19 11:51:20.687,422.0132384728382,15
2024-09-19 11:51:20.803,421.9986511268348,6
2024-09-19 11:51:20.844,422.01412736494063,13
2024-09-19 11:51:20.846,422.01735683048713,102
2024-09-19 11:51:20.988,421.9914753518617,996
2024-09-19 11:51:21.011,421.9990007293079,100
2024-09-19 11:51:21.264,422.0190121544497,1005
2024-09-19 11:51:21.403,421.9991157407409,15
2024-09-19 11:51:21.438,422.01222175806913,7
2024-09-19 11:51:21.797,422.0105499255314,11
2024-09-19 11:51:22.076,421.99270822381095,12
2024-09-19 11:51:22.096,422.00124168792166,1000
2024-09-19 11:51:22.164,421.9888102240336,101
2024-09-19 11:51:22.304,422.0167710581426,98
2024-09-19 11:51:22.309,422.0417991244028,7
2024-09-19 11:51:22.397,422.0174650987887,9
2024-09-19 11:51:22.642,422.0443675761668,101
2024-09-19 11:51:22.647,421.9822345444838,1003
2024-09-19 11:51:22.666,422.0280675307743,100
2024-09-19 11:51:22.798,422.007771272292,1005
2024-09-19 11:51:22.809,421.9882007808806,8
2024-09-19 11:51:22.847,421.9900568043736,996
2024-09-19 11:51:22.955,422.0291234926694,12
2024-09-19 11:51:22.992,421.9986273377896,12
2024-09-19 11:51:23.039,421.981595647088,98
2024-09-19 11:51:23.048,422.0020577156299,9
2024-09-19 11:51:23.076,422.0042168784133,14
2024-09-19 11:51:23.082,421.9891788346712,1002
2024-09-19 11:51:23.208,421.9811107513301,997
2024-09-19 11:51:23.321,422.00110087569885,101
2024-09-19 11:51:23.336,421.999988200472,98
2024-09-19 11:51:23.531,422.00057478915824,102
2024-09-19 11:51:23.642,421.9841280460348,995
2024-09-19 11:51:23.707,422.0014281067089,10
2024-09-19 11:51:23.778,421.9773586379417,997
2024-09-19 11:51:23.812,422.0066972823674,97
2024-09-19 11:51:23.837,422.00473389555344,102
2024-09-19 11:51:23.897,421.9913683528545,998
2024-09-19 11:51:23.980,421.9886450669027,996
2024-09-19 11:51:24.008,422.0300275084021,14
2024-09-19 11:51:24.041,422.0272281653561,995
2024-09-19 11:51:24.301,422.0309559166966,98
2024-09-19 11:51:24.459,422.0119739129107,1004
2024-09-19 11:51:24.623,422.04449486989927,103
2024-09-19 11:51:24.722,422.05058608675137,101
2024-09-19 11:51:24.748,422.04246618547455,104
2024-09-19 11:51:25.261,422.0252440390166,11
2024-09-19 11:51:25.301,422.04062421881207,1000
2024-09-19 11:51:25.785,422.0462213193116,99
2024-09-19 11:51:25.979,422.0390973629428,1004
2024-09-19 11:51:26.025,422.0664101316027,1002
2024-09-19 11:51:26.070,422.057302230172,1004
2024-09-19 11:51:26.171,422.06440757166536,13
2024-09-19 11:51:26.175,422.0556905382012,5
2024-09-19 11:51:26.216,422.0543064887348,1003
2024-09-19 11:51:26.258,422.0569972678952,995
2024-09-19 11:51:26.326,422.0409408582589,1001
2024-09-19 11:51:26.430,422.0535536020767,97
2024-09-19 11:51:26.437,422.059456159252,1003
2024-09-19 11:51:26.445,422.0367322323484,103
2024-09-19 11:51:26.597,422.0550044924112,1003
2024-09-19 11:51:26.630,422.04738871954936,1002
2024-09-19 11:51:26.781,422.0619652034854,1004
2024-09-19 11:51:26.783,-422.0651185859815,999
2024-09-19 11:51:26.832,422.07156370620646,97
2024-09-19 11:51:26.931,422.0356864716671,101
2024-09-19 11:51:27.048,42.19870349502483,995
2024-09-19 11:51:27.062,422.0109352213304,5
2024-09-19 11:51:27.086,421.999910829223,8
2024-09-19 11:51:27.236,422.0027352435442,5
2024-09-19 11:51:27.277,42.196413528900365,15
2024-09-19 11:51:27.333,421.9663656905097,1000
2024-09-19 11:51:27.360,421.9626617444389,997
2024-09-19 11:51:27.427,421.9582801845944,1005
2024-09-19 11:51:27.440,422.0234868894985,998
2024-09-19 11:51:27.542,422.0070403072942,99
2024-09-19 11:51:27.591,422.0027496904387,1000
2024-09-19 11:51:27.732,421.97814609362143,96
2024-09-19 11:51:27.759,421.9856474867244,1002
2024-09-19 11:51:27.777,422.0034800990031,12
2024-09-19 11:51:27.781,422.0101365234385,6
2024-09-19 11:51:27.821,422.0164456077377,1003
2024-09-19 11:51:27.895,422.0073161824392,9
2024-09-19 11:51:27.905,421.9853485729319,102
2024-09-19 11:51:27.951,421.96859530491423,100
2024-09-19 11:51:27.963,422.0305813100397,13
2024-09-19 11:51:27.971,421.95842127947486,105
2024-09-19 11:51:27.985,421.99877615433866,6
2024-09-19 11:51:28.570,422.0061763203086,98
2024-09-19 11:51:29.026,421.9937993056791,14
2024-09-19 11:51:29.066,422.0220347173354,997
2024-09-19 11:51:29.092,421.99847757596126,7
2024-09-19 11:51:29.171,421.96364581071225,8
2024-09-19 11:51:29.183,421.9941787958309,1002
2024-09-19 11:51:29.195,421.9748020564909,96
2024-09-19 11:51:29.252,422.022254236613,8
2024-09-19 11:51:29.267,421.9783080642609,12
2024-09-19 11:51:29.318,421.9654734689595,9
2024-09-19 11:51:29.336,421.96190561223375,97
2024-09-19 11:51:29.352,421.95375455894754,1005
2024-09-19 11:51:29.358,421.98379153177046,6
2024-09-19 11:51:29.383,421.97042277295645,13
2024-09-19 11:51:29.434,422.00044562813946,7
2024-09-19 11:51:29.520,421.96612473920896,103
2024-09-19 11:51:29.527,,996
2024-09-19 11:51:29.672,422.0061929271395,5
2024-09-19 11:51:29.726,422.0199318121712,104
2024-09-19 11:51:29.773,421.9792068085047,11
2024-09-19 11:51:29.792,421.9922700999697,1000
2024-09-19 11:51:29.857,422.00227215676506,99
2024-09-19 11:51:29.861,421.9564487611154,996
2024-09-19 11:51:29.868,422.0207104757567,105
2024-09-19 11:51:29.902,422.0054512969711,997
2024-09-19 11:51:29.986,421.9549814766976,1001
2024-09-19 11:51:30.069,421.9933510274527,998
2024-09-19 11:51:30.096,422.0088772562742,9
2024-09-19 11:51:30.142,422.00152663388894,11
2024-09-19 11:51:30.157,422.0285764118293,996
2024-09-19 11:51:30.214,421.9734926992889,8
2024-09-19 11:51:30.265,422.0246378636167,1002
2024-09-19 11:51:30.301,421.9872082746265,5
2024-09-19 11:51:30.303,421.9772841648415,1002
2024-09-19 11:51:30.315,422.02235454846175,1002
2024-09-19 11:51:30.321,421.98092737994506,998
2024-09-19 11:51:30.332,421.9666846370432,8
2024-09-19 11:51:30.332,421.99452594329847,105
2024-09-19 11:51:30.398,422.0019698143705,995
2024-09-19 11:51:30.438,421.9884241254652,1002
2024-09-19 11:51:30.448,421.97769176765627,104
2024-09-19 11:51:30.517,42.19606297055799,1003
2024-09-19 11:51:30.557,422.0117983341437,99
2024-09-19 11:51:30.609,421.9679266306716,96
2024-09-19 11:51:30.609,422.01747457728015,1005
2024-09-19 11:51:30.664,421.9819545611009,997
2024-09-19 11:51:30.666,421.97084573223486,102
2024-09-19 11:51:30.746,421.9778588493363,12
2024-09-19 11:51:30.757,422.0037330932851,11
2024-09-19 11:51:30.848,422.0638461021311,95
2024-09-19 11:51:30.864,421.9985325076254,1005
2024-09-19 11:51:30.887,421.9840494717546,1004
2024-09-19 11:51:30.895,421.9834354563977,6
2024-09-19 11:51:30.905,422.0437698956496,95
2024-09-19 11:51:30.938,422.0701412027749,1004
2024-09-19 11:51:30.948,421.996365949123,15
2024-09-19 11:51:31.043,422.0303682079708,96
2024-09-19 11:51:31.081,422.0739915115592,15
2024-09-19 11:51:31.105,422.03055782257366,5
2024-09-19 11:51:31.105,421.96087397621216,98
2024-09-19 11:51:31.112,421.9542855599416,1001
2024-09-19 11:51:31.165,422.0244955318744,100
2024-09-19 11:51:31.251,421.9623663010337,104
2024-09-19 11:51:31.278,422.0191513059745,7
2024-09-19 11:51:31.364,421.99726323175537,103
2024-09-19 11:51:31.446,422.0412626949584,999
2024-09-19 11:51:31.495,422.0706401806497,98
2024-09-19 11:51:31.542,422.0377109590286,11
2024-09-19 11:51:31.552,422.0185423715641,102
2024-09-19 11:51:31.555,422.0548496487874,5
2024-09-19 11:51:31.609,421.9795461693524,96
2024-09-19 11:51:31.640,422.0771476285831,102
2024-09-19 11:51:31.663,422.0200134643301,98
2024-09-19 11:51:31.750,422.0805429431485,99
2024-09-19 11:51:31.894,422.02434760428287,100
2024-09-19 11:51:31.980,422.0098292855058,1002
2024-09-19 11:51:32.005,422.0916530756304,999
2024-09-19 11:51:32.225,422.1190432030076,8
2024-09-19 11:51:32.669,422.1126441405059,7
2024-09-19 11:51:32.826,422.1222670317456,14
2024-09-19 11:51:32.893,422.1263401584413,5
2024-09-19 11:51:32.908,422.0755142335048,99
2024-09-19 11:51:33.029,422.1249881974034,99
2024-09-19 11:51:33.029,422.1752393996794,99
2024-09-19 11:51:33.167,422.1434443554889,1002
2024-09-19 11:51:33.354,422.1278565124853,1004
2024-09-19 11:51:33.361,422.1798838005545,8
2024-09-19 11:51:33.443,422.1165254927863,96
2024-09-19 11:51:33.470,422.1211105241987,13
2024-09-19 11:51:33.497,422.1151806807607,104
2024-09-19 11:51:33.528,422.1324494119114,1003
2024-09-19 11:51:33.534,422.1234200658749,10
2024-09-19 11:51:33.605,422.1326675530402,12
2024-09-19 11:51:33.611,422.12261439457296,11
2024-09-19 11:51:33.629,422.1158981794433,15
2024-09-19 11:51:33.643,422.1046968488342,102
2024-09-19 11:51:33.664,422.1381729547693,105
2024-09-19 11:51:33.694,42.21423892607976,12
2024-09-19 11:51:33.706,422.123595625274,104
2024-09-19 11:51:33.805,422.13784482023664,105
2024-09-19 11:51:33.837,422.1767404488688,102
2024-09-19 11:51:33.850,422.1280729476397,13
2024-09-19 11:51:33.947,422.1248820070046,14
2024-09-19 11:51:33.965,422.130264628449,11
2024-09-19 11:51:34.060,422.15266300219537,105
2024-09-19 11:51:34.089,422.1828166894255,1005
2024-09-19 11:51:34.103,422.22348449067385,13
2024-09-19 11:51:34.112,422.1397752740151,103
2024-09-19 11:51:34.138,422.1495412093009,5
2024-09-19 11:51:34.169,422.12479232163656,15
2024-09-19 11:51:34.189,422.14731366580537,5
2024-09-19 11:51:34.199,422.1410200960527,12
2024-09-19 11:51:34.202,422.2095000263709,999
2024-09-19 11:51:34.387,422.1658303738175,104
2024-09-19 11:51:34.480,422.1099605136003,1000
2024-09-19 11:51:34.518,422.1429201676537,997
2024-09-19 11:51:34.584,422.13551974544447,998
2024-09-19 11:51:34.588,422.2379985165839,96
2024-09-19 11:51:34.618,422.1254490253965,96
2024-09-19 11:51:34.650,422.13181295788905,99
2024-09-19 11:51:34.706,422.1856285953177,1000
2024-09-19 11:51:34.779,422.1480073676462,99
2024-09-19 11:51:34.821,422.1428410894335,8
2024-09-19 11:51:34.822,422.1393040293962,104
2024-09-19 11:51:34.844,422.109115054186,1003
2024-09-19 11:51:34.946,422.1180417531425,996
2024-09-19 11:51:34.953,422.1613431403448,1001
2024-09-19 11:51:34.994,422.13078429274736,5
2024-09-19 11:51:35.018,422.2921969234547,12
2024-09-19 11:51:35.027,422.2984122315456,15
2024-09-19 11:51:35.069,422.2148368441891,98
2024-09-19 11:51:35.113,422.2905832991398,6
2024-09-19 11:51:35.146,422.2380808932292,10
2024-09-19 11:51:35.314,422.2093420332607,13
2024-09-19 11:51:35.380,422.2137569023905,14
2024-09-19 11:51:35.405,422.2457874376823,8
2024-09-19 11:51:35.445,422.2518678973034,1002
2024-09-19 11:51:35.542,422.2526984093256,1002
2024-09-19 11:51:35.577,422.2881107980477,95
2024-09-19 11:51:35.649,422.2359331995593,1002
2024-09-19 11:51:35.698,422.1946391565233,98
2024-09-19 11:51:35.705,422.3054671122799,99
2024-09-19 11:51:35.738,422.2216907702961,1000
2024-09-19 11:51:35.738,422.2744204185136,102
2024-09-19 11:51:35.766,422.2719957460577,997
2024-09-19 11:51:35.814,422.23065841919794,97
2024-09-19 11:51:35.845,422.2654351465491,9
2024-09-19 11:51:35.866,422.2484500019144,996
2024-09-19 11:51:36.192,422.2095680540924,7
2024-09-19 11:51:36.406,422.21403716094886,1003
2024-09-19 11:51:36.621,422.2465621606049,10
2024-09-19 11:51:36.697,422.2244615689425,11
2024-09-19 11:51:36.833,422.21632551330913,13
2024-09-19 11:51:37.001,422.308330739243,998
2024-09-19 11:51:37.020,422.2643329726572,11
2024-09-19 11:51:37.025,422.2662228164587,998
2024-09-19 11:51:37.057,422.2166177537884,1003
2024-09-19 11:51:37.062,422.2913330368652,6
2024-09-19 11:51:37.072,422.2944831985451,995
2024-09-19 11:51:37.126,422.2753931873875,96
2024-09-19 11:51:37.131,422.29272270091775,100
2024-09-19 11:51:37.195,422.3061448560638,1000
2024-09-19 11:51:37.282,422.2248941858679,1005
2024-09-19 11:51:37.368,422.25738014142047,99
2024-09-19 11:51:37.422,422.2628753986638,1000
2024-09-19 11:51:37.485,422.2341334307668,6
2024-09-19 11:51:37.488,422.2619921534289,1003
2024-09-19 11:51:37.539,422.2970359827594,12
2024-09-19 11:51:37.543,422.2093366878967,1000
2024-09-19 11:51:37.637,422.2405112685132,15
2024-09-19 11:51:37.650,422.2885485817937,103
2024-09-19 11:51:37.669,422.2999028304744,14
2024-09-19 11:51:37.807,422.30747998685285,997
2024-09-19 11:51:37.899,422.2474827110775,996
2024-09-19 11:51:37.923,422.2675635952794,11
2024-09-19 11:51:37.961,422.24309030012085,96
2024-09-19 11:51:37.965,422.2785254042948,999
2024-09-19 11:51:37.991,422.3029002269695,999
2024-09-19 11:51:38.028,422.1870976612933,5
2024-09-19 11:51:38.030,422.2925124989864,12
2024-09-19 11:51:38.066,422.2921136764273,1003
2024-09-19 11:51:38.081,422.3033763951762,1003
2024-09-19 11:51:38.118,422.2941087338628,98
2024-09-19 11:51:38.153,422.2965016453858,6
2024-09-19 11:51:38.163,422.25475631096265,99
2024-09-19 11:51:38.171,422.2717169566484,8
2024-09-19 11:51:38.218,422.20875498663605,99
2024-09-19 11:51:38.242,422.2822811433534,10
2024-09-19 11:51:38.272,422.27842404808297,10
2024-09-19 11:51:38.283,422.281193408147,99
2024-09-19 11:51:38.301,422.27489086186966,1001
2024-09-19 11:51:38.370,422.3099907997494,7
2024-09-19 11:51:38.488,422.2452040111184,995
2024-09-19 11:51:38.543,422.2357959686871,1003
2024-09-19 11:51:38.631,422.2837363405313,1001
2024-09-19 11:51:38.644,422.26939403912615,5
2024-09-19 11:51:38.662,422.3063315820743,103
2024-09-19 11:51:38.693,422.2830914214349,6
2024-09-19 11:51:38.852,422.2951880600179,14
2024-09-19 11:51:38.884,422.2877219525415,96
2024-09-19 11:51:38.897,422.1967336544856,11
2024-09-19 11:51:38.902,422.2682543526824,12
2024-09-19 11:51:38.913,422.22348278664793,12
2024-09-19 11:51:38.957,422.1780254589537,999
2024-09-19 11:51:38.990,422.2740665531711,7
2024-09-19 11:51:38.992,422.2214224947738,1002
2024-09-19 11:51:39.057,422.1209220828513,999
2024-09-19 11:51:39.088,422.14362698352505,104
2024-09-19 11:51:39.103,422.12759881723935,6
2024-09-19 11:51:39.203,422.1610965962987,6
2024-09-19 11:51:39.461,422.1343179586281,104
2024-09-19 11:51:39.508,422.1240671848601,102
2024-09-19 11:51:39.663,422.1450831182614,95
2024-09-19 11:51:39.681,422.1425653995439,1001
2024-09-19 11:51:39.864,422.1445120321974,996
2024-09-19 11:51:39.937,422.1766934214249,995
2024-09-19 11:51:39.954,422.1552917286919,15
2024-09-19 11:51:40.161,422.1784669141909,7
2024-09-19 11:51:40.186,422.1704911344412,1003
2024-09-19 11:51:40.190,422.1290754522462,97
2024-09-19 11:51:40.316,422.1342705821142,995
2024-09-19 11:51:40.437,422.16638007765926,14
2024-09-19 11:51:40.489,422.1819632571424,995
2024-09-19 11:51:40.543,422.1539580897639,105
2024-09-19 11:51:40.556,422.18534703823815,997
2024-09-19 11:51:40.610,422.183038267254,12
2024-09-19 11:51:40.624,422.17557831326496,13
2024-09-19 11:51:40.658,422.136545507138,101
2024-09-19 11:51:40.880,422.1444104297294,5
2024-09-19 11:51:40.886,422.1918979424577,11
2024-09-19 11:51:40.890,422.1795079402912,95
2024-09-19 11:51:40.901,422.15415860678735,1003
2024-09-19 11:51:41.181,422.1120732715917,14
2024-09-19 11:51:41.289,-422.0719538602176,102
2024-09-19 11:51:41.309,422.0891686236192,14
2024-09-19 11:51:41.492,422.10047707274686,96
2024-09-19 11:51:41.561,422.12381213696943,99
2024-09-19 11:51:41.587,422.1158836596086,96
2024-09-19 11:51:41.713,422.1130190800894,9
2024-09-19 11:51:41.745,422.1227582628255,5
2024-09-19 11:51:41.844,422.07617279501954,5
2024-09-19 11:51:42.091,422.0144495930975,103
2024-09-19 11:51:42.107,422.0721605498675,1000
2024-09-19 11:51:42.108,422.0084983075693,11
2024-09-19 11:51:42.126,422.0081588898495,1005
2024-09-19 11:51:42.263,422.0072023818835,15
2024-09-19 11:51:42.290,422.0026243068309,1001
2024-09-19 11:51:42.307,422.0176663133209,11
2024-09-19 11:51:42.510,421.9971099626989,99
2024-09-19 11:51:42.515,-422.0019723889136,105
2024-09-19 11:51:42.542,422.0606684540053,7
2024-09-19 11:51:42.564,,8
2024-09-19 11:51:42.626,422.0406976073922,1003
2024-09-19 11:51:42.629,422.0740374386895,104
2024-09-19 11:51:42.679,-422.0750352720996,102
2024-09-19 11:51:42.688,422.0362917048022,7
2024-09-19 11:51:42.704,422.006569453536,1005
2024-09-19 11:51:42.747,421.9950378583628,103
2024-09-19 11:51:42.748,422.0063908241266,998
2024-09-19 11:51:42.833,422.0570231816318,96
2024-09-19 11:51:42.855,422.00836313822606,99
2024-09-19 11:51:42.908,422.0042855816355,95
2024-09-19 11:51:43.066,422.0003546315747,995
2024-09-19 11:51:43.069,422.0011464212896,1002
2024-09-19 11:51:43.083,421.9904162255287,15
2024-09-19 11:51:43.150,421.98166472042817,5
2024-09-19 11:51:43.171,421.99761084749,1002
2024-09-19 11:51:43.325,421.97904440745646,1000
2024-09-19 11:51:43.453,421.95625386686334,96
2024-09-19 11:51:43.667,421.9730455488318,13
2024-09-19 11:51:43.684,421.96451525363307,95
2024-09-19 11:51:43.708,421.9982118698761,99
2024-09-19 11:51:43.741,421.9713170882322,102
2024-09-19 11:51:43.807,421.9992294362689,1002
2024-09-19 11:51:43.852,421.9885057027192,7
2024-09-19 11:51:43.868,421.9851635390226,995
2024-09-19 11:51:43.995,422.0029042788487,15
2024-09-19 11:51:44.226,421.9897121116987,998
2024-09-19 11:51:44.261,421.9903216825285,6
2024-09-19 11:51:44.276,421.969521913143,11
2024-09-19 11:51:44.317,421.97148738868174,9
2024-09-19 11:51:44.379,421.9332651515744,6
2024-09-19 11:51:44.626,421.94136455666063,14
2024-09-19 11:51:44.681,421.9645001785231,1004
2024-09-19 11:51:44.690,-421.9234128721787,1004
2024-09-19 11:51:44.978,421.9416524833345,97
2024-09-19 11:51:45.010,421.898899685832,11
2024-09-19 11:51:45.070,421.8956012415738,1002
2024-09-19 11:51:45.076,421.91190577775535,1005
2024-09-19 11:51:45.081,421.8936083523963,99
2024-09-19 11:51:45.129,421.9289559308987,7
2024-09-19 11:51:45.188,421.9148866655637,14
2024-09-19 11:51:45.222,421.917445514329,6
2024-09-19 11:51:45.354,421.9086731613685,995
2024-09-19 11:51:45.359,421.906671643172,8
2024-09-19 11:51:45.391,421.93551056450815,104
2024-09-19 11:51:45.611,421.8967270979509,99
2024-09-19 11:51:45.624,421.9032789612898,995
2024-09-19 11:51:45.626,421.9080853342733,100
2024-09-19 11:51:45.637,421.9220864420187,12
2024-09-19 11:51:45.651,421.9101175234298,8
2024-09-19 11:51:45.660,421.9040684695821,10
2024-09-19 11:51:45.667,421.9371930162382,997
2024-09-19 11:51:45.678,421.908275948262,8
2024-09-19 11:51:45.689,421.9043165178376,100
2024-09-19 11:51:45.697,421.9017573255508,95
2024-09-19 11:51:45.816,421.9260611936006,7
2024-09-19 11:51:45.824,421.92877161525206,1002
2024-09-19 11:51:46.001,422.0238441595799,14
2024-09-19 11:51:46.138,421.9180838457366,98
2024-09-19 11:51:46.167,421.9582244034304,996
2024-09-19 11:51:46.284,421.9584485385773,104
2024-09-19 11:51:46.497,421.9635055210939,95
2024-09-19 11:51:46.669,421.97843488580617,10
2024-09-19 11:51:46.720,421.9894947692305,999
2024-09-19 11:51:46.739,422.02976010053305,101
2024-09-19 11:51:46.841,421.92984841219226,98
2024-09-19 11:51:46.885,421.967374113749,103
2024-09-19 11:51:46.892,421.9427040228267,101
2024-09-19 11:51:46.894,422.02232099669465,98
2024-09-19 11:51:46.902,421.9581061448646,997
2024-09-19 11:51:46.996,421.94182635544354,102
2024-09-19 11:51:47.028,422.0057130346945,1002
2024-09-19 11:51:47.052,422.0306594378053,104
2024-09-19 11:51:47.082,422.0127178049495,100
2024-09-19 11:51:47.169,422.0136918488666,12
2024-09-19 11:51:47.252,422.0178228662828,9
2024-09-19 11:51:47.271,421.9876900676902,1004
2024-09-19 11:51:47.358,421.9662882648959,12
2024-09-19 11:51:47.477,422.0088209921431,97
2024-09-19 11:51:47.589,421.9733141670095,7
2024-09-19 11:51:47.688,422.0454382528424,103
2024-09-19 11:51:47.695,422.017034922512,996
2024-09-19 11:51:47.871,422.0024356073022,996
2024-09-19 11:51:47.898,421.9538988581014,104
2024-09-19 11:51:47.899,422.0138400210173,96
2024-09-19 11:51:47.968,422.01340765408384,13
2024-09-19 11:51:48.039,421.97068634035895,95
2024-09-19 11:51:48.069,421.9852277662,7
2024-09-19 11:51:48.184,421.97174541622456,998
2024-09-19 11:51:48.223,421.9821004269848,11
2024-09-19 11:51:48.276,421.9702898144086,997
2024-09-19 11:51:48.293,421.9771576594278,103
2024-09-19 11:51:48.300,421.97241425422686,10
2024-09-19 11:51:48.343,421.9850878697026,12
2024-09-19 11:51:48.416,,1005
2024-09-19 11:51:48.502,421.9883710718012,14
2024-09-19 11:51:48.608,421.95986190768974,1004
2024-09-19 11:51:48.679,-421.9735858083845,1002
2024-09-19 11:51:48.763,421.9772600484228,9
2024-09-19 11:51:48.793,421.9960841417363,1004
2024-09-19 11:51:49.025,421.9705458882581,95
2024-09-19 11:51:49.089,422.01226137969934,13
2024-09-19 11:51:49.121,421.9764956861712,12
2024-09-19 11:51:49.223,421.9475482142776,8
2024-09-19 11:51:49.245,421.96199286377,15
2024-09-19 11:51:49.278,421.9420991324169,996
2024-09-19 11:51:49.301,421.9605899313394,1004
2024-09-19 11:51:49.323,421.9616669459109,1003
2024-09-19 11:51:49.429,421.97342965068646,95
2024-09-19 11:51:49.448,421.9498198256085,995
2024-09-19 11:51:49.484,421.9415617120524,5
2024-09-19 11:51:49.538,421.973392267597,105
2024-09-19 11:51:49.545,421.9840557303321,100
2024-09-19 11:51:49.562,421.9589263334318,1003
2024-09-19 11:51:49.567,421.9990490576217,105
2024-09-19 11:51:49.568,421.9693564778887,101
2024-09-19 11:51:49.618,421.9603960490449,14
2024-09-19 11:51:49.724,421.999924021257,996
2024-09-19 11:51:49.782,421.99432978937193,1000
2024-09-19 11:51:49.807,421.9692962356816,1004
2024-09-19 11:51:49.868,421.9672560873796,96
2024-09-19 11:51:49.869,421.9757305156529,998
2024-09-19 11:51:49.903,421.9710054958605,10
2024-09-19 11:51:49.940,421.9572047262837,99
2024-09-19 11:51:49.950,421.97636660659873,1004
2024-09-19 11:51:50.087,421.9816098585124,1004
2024-09-19 11:51:50.203,421.9882451369695,995
2024-09-19 11:51:50.284,421.9973712822607,998
2024-09-19 11:51:50.419,422.00764669396295,7
2024-09-19 11:51:50.484,421.9968759816314,1000
2024-09-19 11:51:50.695,421.96936133740127,996
2024-09-19 11:51:50.717,421.9779183878025,1002
2024-09-19 11:51:50.735,421.9809165579877,1001
2024-09-19 11:51:50.821,421.9675220418431,7
2024-09-19 11:51:50.826,421.9899551573429,101
2024-09-19 11:51:50.832,421.9866378157323,1003
2024-09-19 11:51:50.888,421.9693828282424,15
2024-09-19 11:51:50.961,,996
2024-09-19 11:51:50.963,421.97733256780737,11
2024-09-19 11:51:51.116,422.05626337668735,997
2024-09-19 11:51:51.159,421.9759495618993,98
2024-09-19 11:51:51.197,421.9996435042352,99
2024-09-19 11:51:51.234,421.9925977693042,1002
2024-09-19 11:51:51.296,422.0145505823584,101
2024-09-19 11:51:51.312,422.0271354055295,996
2024-09-19 11:51:51.329,422.0383086899579,102
2024-09-19 11:51:51.346,422.0391897737309,10
2024-09-19 11:51:51.425,421.97857452007486,104
2024-09-19 11:51:51.446,422.0041227980685,99
2024-09-19 11:51:51.503,422.00962212317,105
2024-09-19 11:51:51.547,422.0247534043864,995
2024-09-19 11:51:51.589,421.9601284709831,100
2024-09-19 11:51:51.646,422.0524348418971,102
2024-09-19 11:51:51.650,422.0622419676372,997
2024-09-19 11:51:51.780,421.9707944622934,99
2024-09-19 11:51:51.805,421.955966909766,1005
2024-09-19 11:51:51.819,421.9624155999972,998
2024-09-19 11:51:51.827,422.03842816162177,1004
2024-09-19 11:51:51.879,421.9907965078073,9
2024-09-19 11:51:51.931,422.0002706938748,1001
2024-09-19 11:51:51.965,422.04453817379726,1003
2024-09-19 11:51:52.112,422.0277895079223,1003
2024-09-19 11:51:52.159,-422.0287405522126,5
2024-09-19 11:51:52.226,422.0232158010778,998
2024-09-19 11:51:52.323,422.03742490006186,1001
2024-09-19 11:51:52.405,422.0359617572893,10
2024-09-19 11:51:52.415,422.02803255481575,997
2024-09-19 11:51:52.552,422.0144489218552,1001
2024-09-19 11:51:52.583,422.0457136723503,6
2024-09-19 11:51:52.634,422.0420651835347,9
2024-09-19 11:51:52.636,422.0285151994978,1005
2024-09-19 11:51:52.655,422.0347011022841,10
2024-09-19 11:51:52.692,422.0263599549105,8
2024-09-19 11:51:52.714,422.0408277852893,1003
2024-09-19 11:51:52.742,422.03211051581945,1001
2024-09-19 11:51:52.761,422.0295931526226,11
2024-09-19 11:51:52.801,422.03851917355456,95
2024-09-19 11:51:52.803,422.0633444754202,14
2024-09-19 11:51:52.958,422.0151109203839,5
2024-09-19 11:51:52.972,422.0358374240593,997
2024-09-19 11:51:53.208,422.0107600840803,6
2024-09-19 11:51:53.298,422.01283633046177,97
2024-09-19 11:51:53.711,422.0067157367927,97
2024-09-19 11:51:54.010,422.0066482634197,104
2024-09-19 11:51:54.076,422.06545290451976,102
2024-09-19 11:51:54.085,422.08181310053067,95
2024-09-19 11:51:54.089,422.0474278646728,1001
2024-09-19 11:51:54.160,422.0394761719318,95
2024-09-19 11:51:54.216,422.0712580273637,9
2024-09-19 11:51:54.293,422.06656713448166,998
2024-09-19 11:51:54.309,422.0405328263307,10
2024-09-19 11:51:54.393,422.0637735418093,14
2024-09-19 11:51:54.445,422.0647904394818,97
2024-09-19 11:51:54.449,422.0490434896557,1001
2024-09-19 11:51:54.460,422.0531574986592,1004
2024-09-19 11:51:54.487,422.0740514744432,12
2024-09-19 11:51:54.539,422.01470059276926,995
2024-09-19 11:51:54.540,422.0223027583314,998
2024-09-19 11:51:54.574,422.09124818266446,100
2024-09-19 11:51:54.593,422.0002359441762,103
2024-09-19 11:51:54.737,422.0102450351182,995
2024-09-19 11:51:54.803,422.0067848340416,104
2024-09-19 11:51:54.803,422.0993768243198,97
2024-09-19 11:51:54.808,422.0032381653701,98
2024-09-19 11:51:54.817,422.04119722473416,12
2024-09-19 11:51:54.882,422.03756798172986,6
2024-09-19 11:51:54.884,422.062568927833,96
2024-09-19 11:51:54.945,422.0024470616048,99
2024-09-19 11:51:54.966,422.0155912505473,95
2024-09-19 11:51:55.004,422.07549201271496,998
2024-09-19 11:51:55.053,422.0351716164951,998
2024-09-19 11:51:55.086,422.101721586571,1005
2024-09-19 11:51:55.107,422.0968283750022,997
2024-09-19 11:51:55.147,422.0894882557505,1004
2024-09-19 11:51:55.240,422.07958132166846,1000
2024-09-19 11:51:55.266,422.039750591174,12
2024-09-19 11:51:55.266,422.11205679084986,15
2024-09-19 11:51:55.274,422.10099314281416,101
2024-09-19 11:51:55.361,422.0110793635874,102
2024-09-19 11:51:55.478,422.0948148064928,14
2024-09-19 11:51:55.480,422.0128246885554,998
2024-09-19 11:51:55.582,422.0701115544414,101
2024-09-19 11:51:55.619,422.098871598864,103
2024-09-19 11:51:55.722,422.0191756826836,997
2024-09-19 11:51:55.844,422.0151177532935,100
2024-09-19 11:51:55.846,422.0650565392504,998
2024-09-19 11:51:55.856,422.0219263378551,5
2024-09-19 11:51:55.932,422.09432667997663,1000
2024-09-19 11:51:55.935,422.04365886829805,103
2024-09-19 11:51:55.936,422.0382429340173,102
2024-09-19 11:51:56.258,421.9896958267806,96
2024-09-19 11:51:56.661,421.98070158324,97
2024-09-19 11:51:57.130,421.9872846635072,1002
2024-09-19 11:51:57.141,421.9867997135316,96
2024-09-19 11:51:57.155,422.0002040101162,99
2024-09-19 11:51:57.248,421.99175293438697,998
2024-09-19 11:51:57.270,421.9974507911804,105
2024-09-19 11:51:57.402,422.0018160978685,8
2024-09-19 11:51:57.416,421.98594886081406,95
2024-09-19 11:51:57.553,421.9874783658926,104
2024-09-19 11:51:57.607,421.97569846863786,1005
2024-09-19 11:51:57.669,421.98289990407744,6
2024-09-19 11:51:57.679,421.9879255688493,6
2024-09-19 11:51:57.724,421.98112116634775,96
2024-09-19 11:51:57.726,421.9667845948854,96
2024-09-19 11:51:58.022,422.01243223372416,6
2024-09-19 11:51:58.022,422.00829994861135,99
2024-09-19 11:51:58.074,422.0069021713197,1003
2024-09-19 11:51:58.104,,5
2024-09-19 11:51:58.116,421.98936604133,95
2024-09-19 11:51:58.127,421.9691474829562,995
2024-09-19 11:51:58.131,422.0106250546987,1000
2024-09-19 11:51:58.184,422.01699882030977,103
2024-09-19 11:51:58.201,421.975486647449,998
2024-09-19 11:51:58.251,421.9705887000847,996
2024-09-19 11:51:58.256,422.0006574048551,1002
2024-09-19 11:51:58.433,421.9874016239586,101
2024-09-19 11:51:58.444,421.98962038064434,103
2024-09-19 11:51:58.457,422.02107632993545,999
2024-09-19 11:51:58.463,422.0151806403248,103
2024-09-19 11:51:58.476,422.0031875736181,1001
2024-09-19 11:51:58.558,421.9993859805158,998
2024-09-19 11:51:58.619,422.0040788009889,102
2024-09-19 11:51:58.708,421.990996777594,96
2024-09-19 11:51:58.717,422.0160383686672,105
2024-09-19 11:51:58.767,422.02261310811,9
2024-09-19 11:51:58.771,421.9899708523916,998
2024-09-19 11:51:58.794,421.9929385920768,997
2024-09-19 11:51:58.921,421.984222819012,10
2024-09-19 11:51:58.950,422.0057999898811,14
2024-09-19 11:51:58.952,421.9961934833763,1003
2024-09-19 11:51:58.968,421.9909377727728,15
2024-09-19 11:51:58.996,422.00405056113294,1000
2024-09-19 11:51:59.012,422.0301757820696,1000
2024-09-19 11:51:59.104,421.9984711557613,105
2024-09-19 11:51:59.130,422.04893316232864,15
2024-09-19 11:51:59.152,422.0535583376812,1005
2024-09-19 11:51:59.173,422.0231606546566,14
2024-09-19 11:51:59.233,422.0304117768108,100
2024-09-19 11:51:59.237,42.20559217560227,13
2024-09-19 11:51:59.324,422.0544375313031,97
2024-09-19 11:51:59.348,422.05814600821714,11
2024-09-19 11:51:59.404,422.0431001948974,1003
2024-09-19 11:51:59.453,422.0627204761135,13
2024-09-19 11:51:59.488,422.0517619837399,98
2024-09-19 11:51:59.503,422.05999712450046,10
2024-09-19 11:51:59.537,422.04994991839305,105
2024-09-19 11:51:59.547,422.0395746154958,5
2024-09-19 11:51:59.561,422.05510075759554,100
2024-09-19 11:51:59.582,422.0617992880997,999
2024-09-19 11:51:59.603,422.0123320952338,6
2024-09-19 11:51:59.666,422.0625591348172,11
2024-09-19 11:51:59.709,422.0546411839247,6
2024-09-19 11:51:59.722,422.0113232909008,100
2024-09-19 11:51:59.727,422.0684024339529,15
2024-09-19 11:51:59.765,422.0026015967034,104
2024-09-19 11:51:59.784,422.0488658487146,1004
2024-09-19 11:51:59.802,422.0422297004652,95
2024-09-19 11:51:59.826,422.03329210263325,98
2024-09-19 11:51:59.856,422.0314404356088,99
2024-09-19 11:51:59.891,422.0603496740608,96
2024-09-19 11:51:59.938,422.0114125767406,1003
2024-09-19 11:51:59.969,422.0991695798217,103
