Timestamp,Price,Size
2024-09-18 14:42:01.009,413.0813333123462,9
2024-09-18 14:42:01.028,413.1567096280913,1002
2024-09-18 14:42:01.097,413.1452025399937,998
2024-09-18 14:42:01.169,413.1470770877196,96
2024-09-18 14:42:01.176,413.1403734993264,1002
2024-09-18 14:42:01.212,413.09651784167454,10
2024-09-18 14:42:01.224,413.15444577723537,14
2024-09-18 14:42:01.252,413.1423600112124,13
2024-09-18 14:42:01.264,,7
2024-09-18 14:42:01.278,413.1280749941282,6
2024-09-18 14:42:01.357,413.1108538722433,996
2024-09-18 14:42:01.420,413.0468450132536,101
2024-09-18 14:42:01.446,413.1199882959808,103
2024-09-18 14:42:01.447,413.1337357794118,1000
2024-09-18 14:42:01.459,413.1689865366995,100
2024-09-18 14:42:01.507,,99
2024-09-18 14:42:01.513,413.1544987741826,996
2024-09-18 14:42:01.564,413.0507313060446,101
2024-09-18 14:42:01.620,413.1488208731555,997
2024-09-18 14:42:01.700,413.140187555928,1000
2024-09-18 14:42:01.725,,101
2024-09-18 14:42:01.781,413.1298346956934,7
2024-09-18 14:42:01.812,413.1543763921621,14
2024-09-18 14:42:01.822,413.1127629112085,12
2024-09-18 14:42:01.845,413.1417384262222,1000
2024-09-18 14:42:01.935,413.03580448441056,98
2024-09-18 14:42:02.336,413.052438810718,99
2024-09-18 14:42:02.403,413.0381058612722,995
2024-09-18 14:42:02.563,413.05061643056337,97
2024-09-18 14:42:02.743,413.0428046303428,1005
2024-09-18 14:42:02.912,413.0434439069829,11
2024-09-18 14:42:02.914,413.0396543147747,105
2024-09-18 14:42:04.004,413.0140720810712,999
2024-09-18 14:42:04.166,413.0179106724944,100
2024-09-18 14:42:04.190,413.0562818217385,1005
2024-09-18 14:42:04.282,413.0259192934137,14
2024-09-18 14:42:04.376,413.0181218340128,10
2024-09-18 14:42:04.383,413.0302848074656,1002
2024-09-18 14:42:04.396,413.02740544383227,1002
2024-09-18 14:42:04.396,413.0257521919197,98
2024-09-18 14:42:04.422,413.0413436349692,103
2024-09-18 14:42:04.483,413.0354465807175,101
2024-09-18 14:42:04.531,413.03068014299527,1000
2024-09-18 14:42:04.569,413.0430614532128,101
2024-09-18 14:42:04.636,413.02904621739344,14
2024-09-18 14:42:04.651,413.02073111592745,1003
2024-09-18 14:42:04.706,413.04769946290673,101
2024-09-18 14:42:04.784,413.008215034468,103
2024-09-18 14:42:04.816,413.0134060836113,1000
2024-09-18 14:42:04.829,413.0030045838183,1001
2024-09-18 14:42:04.841,,11
2024-09-18 14:42:04.914,413.0306050867052,105
2024-09-18 14:42:04.968,413.0155948748119,105
2024-09-18 14:42:04.980,413.0278474183416,102
2024-09-18 14:42:04.986,413.0414436706847,14
2024-09-18 14:42:04.994,413.0225614917082,996
2024-09-18 14:42:05.057,413.0496937482648,997
2024-09-18 14:42:05.163,413.0386234710438,101
2024-09-18 14:42:05.214,413.0078191024156,1004
2024-09-18 14:42:05.255,413.0476841838285,1001
2024-09-18 14:42:05.269,413.041953902724,997
2024-09-18 14:42:05.329,413.0561634154963,99
2024-09-18 14:42:05.339,413.0520124065521,105
2024-09-18 14:42:05.342,412.9971980612106,996
2024-09-18 14:42:05.398,413.0209475541172,10
2024-09-18 14:42:05.509,413.0391809846684,103
2024-09-18 14:42:05.528,413.03227121432434,105
2024-09-18 14:42:05.542,413.0374689293456,5
2024-09-18 14:42:05.624,413.0390431319509,1000
2024-09-18 14:42:05.643,413.0617467044276,11
2024-09-18 14:42:05.655,413.06544288805736,9
2024-09-18 14:42:05.656,413.0030657251452,98
2024-09-18 14:42:05.719,413.0629512824752,999
2024-09-18 14:42:05.780,413.0469983131509,105
2024-09-18 14:42:05.782,-413.03308759642255,1000
2024-09-18 14:42:05.823,413.025622871184,998
2024-09-18 14:42:05.859,412.97457360479495,10
2024-09-18 14:42:05.895,412.98768003908657,103
2024-09-18 14:42:05.959,413.06729567490606,7
2024-09-18 14:42:05.996,413.0691263844763,12
2024-09-18 14:42:06.024,412.9296507708111,103
2024-09-18 14:42:06.271,412.9565759877556,995
2024-09-18 14:42:06.355,412.91034574330206,1004
2024-09-18 14:42:06.387,412.95690689566106,1001
2024-09-18 14:42:06.421,412.9553393409703,1005
2024-09-18 14:42:06.448,412.8929328754076,14
2024-09-18 14:42:06.549,412.9148669884942,103
2024-09-18 14:42:06.569,412.9186176926361,9
2024-09-18 14:42:06.621,412.8933932281999,10
2024-09-18 14:42:06.645,412.9163987756479,998
2024-09-18 14:42:06.647,412.9049290457999,103
2024-09-18 14:42:06.729,412.91494791242616,13
2024-09-18 14:42:06.733,412.94928078688326,96
2024-09-18 14:42:06.889,412.9594222389587,100
2024-09-18 14:42:06.937,412.93982708800496,999
2024-09-18 14:42:07.454,412.9193778064461,1001
2024-09-18 14:42:07.568,412.91501083256986,15
2024-09-18 14:42:07.666,412.91412672904096,1003
2024-09-18 14:42:08.068,412.979092944383,8
2024-09-18 14:42:08.129,412.9512936998768,999
2024-09-18 14:42:08.183,412.9767930449906,998
2024-09-18 14:42:08.202,412.9774586846049,1003
2024-09-18 14:42:08.209,412.9646771123012,101
2024-09-18 14:42:08.226,412.9406248531045,1002
2024-09-18 14:42:08.259,412.97121614376914,10
2024-09-18 14:42:08.311,412.9325916132662,995
2024-09-18 14:42:08.375,412.95604915323406,997
2024-09-18 14:42:08.379,412.9391660389254,99
2024-09-18 14:42:08.393,412.9256160192335,996
2024-09-18 14:42:08.398,,5
2024-09-18 14:42:08.479,412.936988164944,102
2024-09-18 14:42:08.482,412.9552177550111,102
2024-09-18 14:42:08.549,412.9285838794078,10
2024-09-18 14:42:08.553,412.9303138884777,997
2024-09-18 14:42:08.682,412.95367662825817,1004
2024-09-18 14:42:08.690,412.9694391954041,7
2024-09-18 14:42:08.795,412.9681727081877,95
2024-09-18 14:42:08.825,412.9334137079593,102
2024-09-18 14:42:08.852,412.96816414771655,12
2024-09-18 14:42:08.895,412.94161399177045,5
2024-09-18 14:42:08.906,412.9390112400896,12
2024-09-18 14:42:08.915,412.95270262225125,14
2024-09-18 14:42:08.942,412.9332229408024,1002
2024-09-18 14:42:08.957,412.9165154754902,6
2024-09-18 14:42:08.975,412.9520185701501,97
2024-09-18 14:42:08.979,412.9462147470709,10
2024-09-18 14:42:08.997,412.9693369315218,15
2024-09-18 14:42:09.120,412.94005189622806,8
2024-09-18 14:42:09.443,407.949430045038,15
2024-09-18 14:42:09.589,412.893703221574,1005
2024-09-18 14:42:09.643,412.9390384952088,105
2024-09-18 14:42:09.684,412.9035990137045,1002
2024-09-18 14:42:09.717,412.9011604061858,97
2024-09-18 14:42:09.924,412.9110684414741,95
2024-09-18 14:42:09.987,412.9437835314741,1004
2024-09-18 14:42:10.044,412.89887261210094,11
2024-09-18 14:42:10.169,412.9024395592722,11
2024-09-18 14:42:10.220,412.89315144133474,995
2024-09-18 14:42:10.226,412.9011132632904,98
2024-09-18 14:42:10.276,412.9175800545252,101
2024-09-18 14:42:10.516,412.8875720317936,1004
2024-09-18 14:42:10.546,412.8900488129154,995
2024-09-18 14:42:10.560,412.90780626307344,997
2024-09-18 14:42:10.578,41.29095161950583,104
2024-09-18 14:42:10.633,412.9043491829564,5
2024-09-18 14:42:10.660,412.90820279071687,95
2024-09-18 14:42:10.665,412.9021967506625,14
2024-09-18 14:42:10.673,412.8929295902951,996
2024-09-18 14:42:10.873,412.9004368281581,6
2024-09-18 14:42:10.878,412.90029424382834,101
2024-09-18 14:42:10.928,412.8960577688008,996
2024-09-18 14:42:11.095,412.9233311848019,996
2024-09-18 14:42:11.185,412.9365637537719,1001
2024-09-18 14:42:11.255,412.93496920606935,98
2024-09-18 14:42:11.258,412.94430051336553,1000
2024-09-18 14:42:11.315,412.9595539308901,995
2024-09-18 14:42:11.320,412.9298502241089,12
2024-09-18 14:42:11.389,412.9447027550307,997
2024-09-18 14:42:11.391,412.9620526461676,5
2024-09-18 14:42:11.475,412.9603984320162,5
2024-09-18 14:42:11.475,412.91692348006086,12
2024-09-18 14:42:11.552,412.9260024464218,7
2024-09-18 14:42:11.557,412.9384349444378,13
2024-09-18 14:42:11.585,412.90276998211215,9
2024-09-18 14:42:11.664,412.93701814480505,13
2024-09-18 14:42:11.671,412.9336246949592,98
2024-09-18 14:42:11.795,412.9315043655219,999
2024-09-18 14:42:11.822,41.29070774036306,104
2024-09-18 14:42:11.832,412.93088125934025,1003
2024-09-18 14:42:11.862,412.9701421609687,1001
2024-09-18 14:42:11.935,412.9292044168069,1000
2024-09-18 14:42:12.053,412.978690029204,104
2024-09-18 14:42:12.174,412.96869905113294,95
2024-09-18 14:42:12.208,412.9788846616044,10
2024-09-18 14:42:12.281,412.98307625777954,996
2024-09-18 14:42:12.356,412.963419873812,100
2024-09-18 14:42:12.416,412.9782887374555,13
2024-09-18 14:42:12.459,412.9792287380026,995
2024-09-18 14:42:12.505,412.9636917533484,11
2024-09-18 14:42:12.524,412.95134160689537,9
2024-09-18 14:42:12.528,-412.9679973189961,1002
2024-09-18 14:42:12.529,412.9438166009342,98
2024-09-18 14:42:12.548,412.96936842188313,99
2024-09-18 14:42:12.593,412.9790221404076,995
2024-09-18 14:42:12.610,412.9643888716448,102
2024-09-18 14:42:12.712,412.9458946935946,10
2024-09-18 14:42:12.749,412.9723234372413,12
2024-09-18 14:42:12.802,412.9802121022759,101
2024-09-18 14:42:12.855,412.970090783416,7
2024-09-18 14:42:13.098,412.9563656386828,10
2024-09-18 14:42:13.106,412.9422165443152,99
2024-09-18 14:42:13.603,412.9342156456193,99
2024-09-18 14:42:14.049,412.8912962571025,100
2024-09-18 14:42:14.092,412.8695013893325,105
2024-09-18 14:42:14.093,412.8988840529232,998
2024-09-18 14:42:14.111,412.88882796058,1005
2024-09-18 14:42:14.186,412.8971390320263,9
2024-09-18 14:42:14.192,412.92075632049193,99
2024-09-18 14:42:14.226,412.85451286292937,99
2024-09-18 14:42:14.238,412.8736433106368,96
2024-09-18 14:42:14.260,412.9150304245768,13
2024-09-18 14:42:14.272,412.91252421837424,14
2024-09-18 14:42:14.304,412.86874796904607,997
2024-09-18 14:42:14.343,412.89375495693673,997
2024-09-18 14:42:14.358,412.9080009466833,1004
2024-09-18 14:42:14.376,412.9364627498904,1000
2024-09-18 14:42:14.413,412.906030287712,15
2024-09-18 14:42:14.434,412.8852985797701,997
2024-09-18 14:42:14.444,412.88591522651694,95
2024-09-18 14:42:14.467,412.9045767364229,6
2024-09-18 14:42:14.595,412.91648049328194,99
2024-09-18 14:42:14.648,412.9045277731186,1004
2024-09-18 14:42:14.681,412.8808671524829,96
2024-09-18 14:42:14.862,412.8791751304669,103
2024-09-18 14:42:14.899,412.9299662047064,13
2024-09-18 14:42:14.943,412.8630715635682,101
2024-09-18 14:42:14.979,412.9150435817055,1000
2024-09-18 14:42:14.997,412.8941331268365,105
2024-09-18 14:42:14.999,412.891178265802,6
2024-09-18 14:42:15.665,412.9191133711242,996
2024-09-18 14:42:15.671,412.9239178599257,1005
2024-09-18 14:42:15.861,412.9025712008275,101
2024-09-18 14:42:16.006,412.9658803715235,6
2024-09-18 14:42:16.066,412.95288873496094,5
2024-09-18 14:42:16.694,412.91868065441486,996
2024-09-18 14:42:16.726,412.958151246961,101
2024-09-18 14:42:16.738,412.9448148925392,996
2024-09-18 14:42:16.832,412.9235167832939,5
2024-09-18 14:42:16.848,412.9137600133442,8
2024-09-18 14:42:17.113,412.9375070622757,13
2024-09-18 14:42:17.168,412.9591735324311,8
2024-09-18 14:42:17.336,412.9551418971704,6
2024-09-18 14:42:17.416,412.96715071397296,12
2024-09-18 14:42:17.507,412.94464878639536,98
2024-09-18 14:42:17.538,412.9487399129745,96
2024-09-18 14:42:17.542,412.9572829638686,995
2024-09-18 14:42:17.665,412.9529597662686,11
2024-09-18 14:42:17.932,412.96314432983183,1003
2024-09-18 14:42:18.001,412.9579692344778,12
2024-09-18 14:42:18.024,413.0334001856606,996
2024-09-18 14:42:18.048,413.0163580214485,13
2024-09-18 14:42:18.053,413.0266311969814,12
2024-09-18 14:42:18.062,413.0125380824543,998
2024-09-18 14:42:18.077,413.0258210833044,98
2024-09-18 14:42:18.146,413.0326092694751,1005
2024-09-18 14:42:18.163,413.0270249633263,11
2024-09-18 14:42:18.172,412.9596995353316,1002
2024-09-18 14:42:18.228,413.03048717245696,1000
2024-09-18 14:42:18.253,413.0077975542624,7
2024-09-18 14:42:18.342,413.02256219547576,1001
2024-09-18 14:42:18.346,413.0196830248853,999
2024-09-18 14:42:18.348,413.0141562459669,11
2024-09-18 14:42:18.357,41.301928522776734,11
2024-09-18 14:42:18.374,412.9910193384154,99
2024-09-18 14:42:18.483,412.99340266575103,95
2024-09-18 14:42:18.566,413.04071880325904,103
2024-09-18 14:42:18.604,413.05304336091314,14
2024-09-18 14:42:18.778,413.015897879582,995
2024-09-18 14:42:18.831,413.011562103064,1000
2024-09-18 14:42:18.912,412.9771020897144,12
2024-09-18 14:42:18.948,412.9872128008031,95
2024-09-18 14:42:18.952,413.0176443597756,1003
2024-09-18 14:42:18.985,413.0185706850702,999
2024-09-18 14:42:19.022,413.246734700099,103
2024-09-18 14:42:19.076,413.1997513901507,105
2024-09-18 14:42:19.118,413.2715147971172,1001
2024-09-18 14:42:19.133,407.7546996228924,99
2024-09-18 14:42:19.138,413.0520620995769,98
2024-09-18 14:42:19.147,413.2046809163288,10
2024-09-18 14:42:19.153,413.2372792976467,5
2024-09-18 14:42:19.205,413.2534180736924,15
2024-09-18 14:42:19.216,413.2415981558329,999
2024-09-18 14:42:19.237,413.2331193917025,101
2024-09-18 14:42:19.252,413.2201145719831,99
2024-09-18 14:42:19.252,413.0935778725792,15
2024-09-18 14:42:19.300,413.1861975505302,103
2024-09-18 14:42:19.312,413.2461154545824,99
2024-09-18 14:42:19.357,413.2090041432716,6
2024-09-18 14:42:19.390,413.22689917067567,96
2024-09-18 14:42:19.502,413.2239995504447,6
2024-09-18 14:42:19.509,413.2237466944497,1002
2024-09-18 14:42:19.513,413.1146009125249,103
2024-09-18 14:42:19.530,-413.185289848598,97
2024-09-18 14:42:19.603,413.2137122223727,13
2024-09-18 14:42:19.610,413.1008324273057,11
2024-09-18 14:42:19.659,413.2163077946069,7
2024-09-18 14:42:19.675,413.2048195481469,997
2024-09-18 14:42:19.717,413.1839397113592,95
2024-09-18 14:42:19.754,413.1432886339834,100
2024-09-18 14:42:19.846,413.0719878850649,103
2024-09-18 14:42:19.904,413.1754574279845,13
2024-09-18 14:42:19.945,413.2008499313436,1000
2024-09-18 14:42:20.124,413.1433103643234,1002
2024-09-18 14:42:20.130,413.0918660343145,9
2024-09-18 14:42:20.212,413.108076584167,1004
2024-09-18 14:42:20.231,413.1219982454922,9
2024-09-18 14:42:20.314,413.16153961039913,1001
2024-09-18 14:42:20.386,413.1142268486445,13
2024-09-18 14:42:20.417,413.1188798091733,13
2024-09-18 14:42:20.440,413.1402718933192,99
2024-09-18 14:42:20.440,413.1085972499701,96
2024-09-18 14:42:20.476,413.1306739868126,999
2024-09-18 14:42:20.605,413.1216301109342,999
2024-09-18 14:42:20.648,413.1638456602475,103
2024-09-18 14:42:20.650,413.17570969239785,998
2024-09-18 14:42:20.978,413.17057671890745,1003
2024-09-18 14:42:21.004,413.0823103157867,998
2024-09-18 14:42:21.100,413.0498201137135,105
2024-09-18 14:42:21.102,413.1111940723451,14
2024-09-18 14:42:21.105,413.0758406011124,1000
2024-09-18 14:42:21.112,413.0727283244757,997
2024-09-18 14:42:21.207,413.0406868852343,1004
2024-09-18 14:42:21.311,413.10247187561646,1004
2024-09-18 14:42:21.339,413.0864485214402,12
2024-09-18 14:42:21.412,413.05180996860094,103
2024-09-18 14:42:21.434,413.0591381165116,97
2024-09-18 14:42:21.476,413.049178494213,8
2024-09-18 14:42:21.483,413.1205530435509,998
2024-09-18 14:42:21.498,413.1088741867131,98
2024-09-18 14:42:21.583,413.0692556521876,14
2024-09-18 14:42:21.612,413.0487309185543,998
2024-09-18 14:42:21.699,413.07686815205545,105
2024-09-18 14:42:21.883,413.0378171629717,104
2024-09-18 14:42:21.977,413.0461415427061,101
2024-09-18 14:42:22.749,407.852110976304,97
2024-09-18 14:42:23.199,41.305773556382775,96
2024-09-18 14:42:23.279,413.048098508468,998
2024-09-18 14:42:23.485,413.0641546647864,998
2024-09-18 14:42:23.681,407.8365716504592,1002
2024-09-18 14:42:23.861,413.0561285684541,9
2024-09-18 14:42:24.606,413.0310432750331,1002
2024-09-18 14:42:25.046,413.02325637864,100
2024-09-18 14:42:25.149,413.02373071599175,95
2024-09-18 14:42:25.201,413.0303553824326,15
2024-09-18 14:42:25.347,413.0500084396099,1000
2024-09-18 14:42:25.350,413.0266003403813,97
2024-09-18 14:42:25.363,413.0179268551375,8
2024-09-18 14:42:25.393,413.04789083872,9
2024-09-18 14:42:25.394,413.0132071279969,1004
2024-09-18 14:42:25.396,413.008948046827,101
2024-09-18 14:42:25.401,413.0230943327785,100
2024-09-18 14:42:25.403,413.0502817404603,101
2024-09-18 14:42:25.479,413.0166259738768,11
2024-09-18 14:42:25.526,413.0274153197592,11
2024-09-18 14:42:25.573,407.9581070951651,998
2024-09-18 14:42:25.602,413.0420608131213,7
2024-09-18 14:42:25.700,413.005655408955,8
2024-09-18 14:42:25.702,413.0120387603424,10
2024-09-18 14:42:25.704,413.0639404687208,13
2024-09-18 14:42:25.732,413.0289980782521,5
2024-09-18 14:42:25.747,413.02082845212016,101
2024-09-18 14:42:25.755,413.01871680039005,14
2024-09-18 14:42:25.760,413.0331920144994,1002
2024-09-18 14:42:25.775,413.0501804338541,999
2024-09-18 14:42:25.781,413.0146265998871,8
2024-09-18 14:42:25.862,413.02606279466914,6
2024-09-18 14:42:25.872,413.0175712840184,7
2024-09-18 14:42:25.930,413.0261929807797,8
2024-09-18 14:42:25.948,413.0463005002674,13
2024-09-18 14:42:25.982,413.04560827461967,101
2024-09-18 14:42:26.038,412.9514305864168,997
2024-09-18 14:42:26.041,412.8874794023956,7
2024-09-18 14:42:26.056,412.9366776181947,96
2024-09-18 14:42:26.069,413.0010955019062,95
2024-09-18 14:42:26.104,412.9069678316935,12
2024-09-18 14:42:26.218,412.8691777282352,98
2024-09-18 14:42:26.304,412.8925217707505,8
2024-09-18 14:42:26.329,412.8779748498377,996
2024-09-18 14:42:26.375,412.976664350974,1004
2024-09-18 14:42:26.399,412.898557343263,14
2024-09-18 14:42:26.454,412.8840535260857,105
2024-09-18 14:42:26.464,412.9216419726416,1002
2024-09-18 14:42:26.471,412.9607370105401,1005
2024-09-18 14:42:26.492,412.88788221426177,11
2024-09-18 14:42:26.534,413.00840761910587,100
2024-09-18 14:42:26.580,412.88330827406975,998
2024-09-18 14:42:26.584,413.0093319153622,1002
2024-09-18 14:42:26.650,412.98812598593486,100
2024-09-18 14:42:26.652,412.9496670313725,12
2024-09-18 14:42:26.766,413.0134909368412,12
2024-09-18 14:42:26.790,412.9946013049761,8
2024-09-18 14:42:26.829,412.9997846618987,13
2024-09-18 14:42:26.871,412.95650317679457,103
2024-09-18 14:42:26.924,412.8699775540297,98
2024-09-18 14:42:26.948,412.9649529884876,103
2024-09-18 14:42:26.960,412.95766489644575,12
2024-09-18 14:42:27.224,412.8794900787568,7
2024-09-18 14:42:27.230,412.8753718378967,10
2024-09-18 14:42:27.290,412.8849804440197,9
2024-09-18 14:42:27.298,412.85934657964697,995
2024-09-18 14:42:27.333,412.877728650732,105
2024-09-18 14:42:27.374,412.88357578096907,95
2024-09-18 14:42:27.425,412.86664981735566,15
2024-09-18 14:42:27.555,412.84285952171376,103
2024-09-18 14:42:27.646,412.8403607435988,999
2024-09-18 14:42:27.704,412.8715512172373,97
2024-09-18 14:42:27.761,,12
2024-09-18 14:42:27.808,412.8485030065616,999
2024-09-18 14:42:27.838,412.85458091794106,995
2024-09-18 14:42:27.880,412.88251188539766,104
2024-09-18 14:42:27.924,412.8793300443617,9
2024-09-18 14:42:28.113,412.903882709322,105
2024-09-18 14:42:28.204,412.8885566602728,100
2024-09-18 14:42:28.208,412.911203675371,1002
2024-09-18 14:42:28.224,412.84699484606426,1004
2024-09-18 14:42:28.408,412.8536937795249,101
2024-09-18 14:42:28.436,412.8770209044128,10
2024-09-18 14:42:28.564,412.9051611815698,5
2024-09-18 14:42:28.602,412.8944367659812,998
2024-09-18 14:42:28.744,412.8503748973863,99
2024-09-18 14:42:28.751,408.03288697917753,98
2024-09-18 14:42:28.814,412.8405431880686,996
2024-09-18 14:42:28.870,412.85149290765065,998
2024-09-18 14:42:28.976,412.8679318396352,101
2024-09-18 14:42:29.001,412.89427148169233,104
2024-09-18 14:42:29.029,41.2910003550921,105
2024-09-18 14:42:29.045,412.9024052240788,999
2024-09-18 14:42:29.049,412.8950367613728,97
2024-09-18 14:42:29.074,412.8678802259917,99
2024-09-18 14:42:29.122,412.8886159094094,5
2024-09-18 14:42:29.126,412.8592356396059,9
2024-09-18 14:42:29.138,412.91789628618034,99
2024-09-18 14:42:29.160,412.9048937240972,99
2024-09-18 14:42:29.227,412.88790617419545,105
2024-09-18 14:42:29.259,412.8696025243089,998
2024-09-18 14:42:29.321,412.8994925786848,96
2024-09-18 14:42:29.345,412.9353254738506,9
2024-09-18 14:42:29.382,412.87758333819056,998
2024-09-18 14:42:29.418,412.9029162394448,101
2024-09-18 14:42:29.420,412.8983535014147,96
2024-09-18 14:42:29.450,412.8811121669917,99
2024-09-18 14:42:29.459,412.952129394756,6
2024-09-18 14:42:29.462,412.9508223411637,104
2024-09-18 14:42:29.605,412.8998167048127,105
2024-09-18 14:42:29.608,412.89106082974513,96
2024-09-18 14:42:29.637,412.9191263668044,998
2024-09-18 14:42:29.648,412.8793092073228,6
2024-09-18 14:42:29.762,412.8807340798001,98
2024-09-18 14:42:29.877,412.91193173896585,13
2024-09-18 14:42:29.917,412.9212458114623,1002
2024-09-18 14:42:29.942,412.91799514685,95
2024-09-18 14:42:29.949,412.8804637900334,95
2024-09-18 14:42:29.993,412.9649529354321,12
2024-09-18 14:42:30.048,412.9424357083967,104
2024-09-18 14:42:30.084,412.9887582584505,100
2024-09-18 14:42:30.152,412.9394349444737,1005
2024-09-18 14:42:30.157,412.98932436507687,102
2024-09-18 14:42:30.164,412.9752689888627,99
2024-09-18 14:42:30.166,413.0181034598244,8
2024-09-18 14:42:30.177,412.9906372736879,96
2024-09-18 14:42:30.201,-412.95543528768974,13
2024-09-18 14:42:30.206,412.9881672417527,98
2024-09-18 14:42:30.212,412.9720733297692,998
2024-09-18 14:42:30.225,412.9249108850677,10
2024-09-18 14:42:30.241,412.9222705751764,8
2024-09-18 14:42:30.267,413.0258276173458,997
2024-09-18 14:42:30.279,412.984411193462,98
2024-09-18 14:42:30.305,412.96271405018337,99
2024-09-18 14:42:30.347,412.97164031224673,11
2024-09-18 14:42:30.422,413.0314289745148,996
2024-09-18 14:42:30.437,413.0010322822649,95
2024-09-18 14:42:30.443,412.9848183257076,98
2024-09-18 14:42:30.455,412.9449522912248,14
2024-09-18 14:42:30.461,413.0283002337519,8
2024-09-18 14:42:30.569,413.0196487856351,998
2024-09-18 14:42:30.572,413.008358321544,13
2024-09-18 14:42:30.762,412.94700392608496,1001
2024-09-18 14:42:30.827,412.9482729538277,98
2024-09-18 14:42:30.908,413.0260927074605,9
2024-09-18 14:42:30.923,412.9746523329716,998
2024-09-18 14:42:30.940,412.9407798822055,7
2024-09-18 14:42:30.979,412.997186895256,105
2024-09-18 14:42:31.227,412.9694805247736,1002
2024-09-18 14:42:31.392,412.9816760930071,105
2024-09-18 14:42:31.520,412.96629719920384,1000
2024-09-18 14:42:31.600,412.9742653162593,103
2024-09-18 14:42:31.700,412.9985525821497,995
2024-09-18 14:42:32.205,413.0074557366018,6
2024-09-18 14:42:32.238,41.29850771936804,11
2024-09-18 14:42:32.625,413.0082378398441,95
2024-09-18 14:42:33.145,412.9750794918677,102
2024-09-18 14:42:33.189,413.006573240441,5
2024-09-18 14:42:33.205,413.01154052317753,998
2024-09-18 14:42:33.271,413.0008430641845,1005
2024-09-18 14:42:33.280,413.0202690052041,98
2024-09-18 14:42:33.306,413.00957626436224,1000
2024-09-18 14:42:33.308,413.0239686829438,1002
2024-09-18 14:42:33.330,412.9957935562246,13
2024-09-18 14:42:33.344,412.9996875934905,6
2024-09-18 14:42:33.365,413.02413071317767,102
2024-09-18 14:42:33.368,412.99649604203887,997
2024-09-18 14:42:33.431,413.014336560922,104
2024-09-18 14:42:33.438,412.9763608864021,96
2024-09-18 14:42:33.526,413.0066687453146,15
2024-09-18 14:42:33.540,413.0009879758909,98
2024-09-18 14:42:33.614,413.0332351781343,97
2024-09-18 14:42:33.625,413.0273247460345,1002
2024-09-18 14:42:33.641,413.0180577534516,100
2024-09-18 14:42:33.648,413.00827301413415,96
2024-09-18 14:42:33.724,413.0441123672496,97
2024-09-18 14:42:33.823,412.9891795819998,997
2024-09-18 14:42:33.936,413.0374318098136,997
2024-09-18 14:42:33.940,413.0180682562885,102
2024-09-18 14:42:33.963,413.040990665052,997
2024-09-18 14:42:34.074,413.005892340933,1003
2024-09-18 14:42:34.170,413.0116198977421,10
2024-09-18 14:42:34.479,413.01558656010457,1003
2024-09-18 14:42:34.695,413.02048153469445,996
2024-09-18 14:42:34.741,413.0368044633251,95
2024-09-18 14:42:34.922,413.0234660541327,12
2024-09-18 14:42:35.729,407.9768380627419,101
2024-09-18 14:42:35.915,413.0454664257538,998
2024-09-18 14:42:36.001,412.9544994897873,996
2024-09-18 14:42:36.110,412.9728495679298,9
2024-09-18 14:42:36.253,413.0222475761328,101
2024-09-18 14:42:36.269,412.9906810458788,996
2024-09-18 14:42:36.395,412.9503483765079,1005
2024-09-18 14:42:36.454,412.9736547978458,13
2024-09-18 14:42:36.576,412.9829368486157,105
2024-09-18 14:42:36.588,413.0275375304064,5
2024-09-18 14:42:36.599,413.029117866308,6
2024-09-18 14:42:36.704,413.0102651952069,8
2024-09-18 14:42:36.748,413.0435822740727,1004
2024-09-18 14:42:36.775,413.01906940184426,9
2024-09-18 14:42:36.787,412.9665855225506,995
2024-09-18 14:42:36.807,413.00450853217006,7
2024-09-18 14:42:36.829,412.9615733177643,998
2024-09-18 14:42:36.832,413.0119184222056,999
2024-09-18 14:42:36.836,412.9780192416412,99
2024-09-18 14:42:36.890,413.02561427642456,8
2024-09-18 14:42:36.893,412.9343158834886,1005
2024-09-18 14:42:36.913,412.94559540144064,14
2024-09-18 14:42:36.918,413.0360067142216,99
2024-09-18 14:42:36.933,-413.0198194873547,1005
2024-09-18 14:42:37.189,412.9811053410156,15
2024-09-18 14:42:37.193,412.9805923179362,8
2024-09-18 14:42:37.566,412.9756691229213,995
2024-09-18 14:42:37.691,412.9623271439562,999
2024-09-18 14:42:37.783,412.9760762932848,1004
2024-09-18 14:42:37.805,412.96754716861614,14
2024-09-18 14:42:37.853,412.981698056267,96
2024-09-18 14:42:37.857,412.9910050675401,7
2024-09-18 14:42:37.966,412.9795261462702,7
2024-09-18 14:42:38.056,413.0207571380831,998
2024-09-18 14:42:38.077,412.9836176126669,1003
2024-09-18 14:42:38.185,41.29988344922344,97
2024-09-18 14:42:38.292,413.0196246917049,101
2024-09-18 14:42:38.315,412.9656045016913,8
2024-09-18 14:42:38.335,413.021608071077,999
2024-09-18 14:42:38.406,412.9864513518936,99
2024-09-18 14:42:38.424,412.9900121630541,104
2024-09-18 14:42:38.545,412.9827990980644,996
2024-09-18 14:42:38.592,413.01367823394185,14
2024-09-18 14:42:38.606,413.0052564041493,999
2024-09-18 14:42:38.667,412.9935096633385,1004
2024-09-18 14:42:38.809,413.0026651357568,1001
2024-09-18 14:42:39.120,412.9819858289196,99
2024-09-18 14:42:39.135,412.9809695705875,96
2024-09-18 14:42:39.226,412.9848861379184,99
2024-09-18 14:42:39.411,412.9654726197365,1000
2024-09-18 14:42:39.704,412.9964805269496,101
2024-09-18 14:42:39.968,412.9949221465384,104
2024-09-18 14:42:39.984,412.97272719590495,997
2024-09-18 14:42:40.236,413.0280876443407,97
2024-09-18 14:42:40.616,413.003544272525,100
2024-09-18 14:42:41.090,413.0746468187359,103
2024-09-18 14:42:41.334,408.03584822056655,98
2024-09-18 14:42:41.880,413.06059279357225,5
2024-09-18 14:42:42.013,413.0842774718493,13
2024-09-18 14:42:42.089,413.132771474297,7
2024-09-18 14:42:42.108,413.1052594039372,13
2024-09-18 14:42:42.110,413.07707311388646,101
2024-09-18 14:42:42.202,413.1151025181605,995
2024-09-18 14:42:42.207,413.071172181276,13
2024-09-18 14:42:42.282,413.1042930340724,5
2024-09-18 14:42:42.325,413.1047683251753,9
2024-09-18 14:42:42.382,413.0873130911231,1004
2024-09-18 14:42:42.413,413.08544230206047,999
2024-09-18 14:42:42.425,413.1025338496884,12
2024-09-18 14:42:42.484,413.09134742373215,14
2024-09-18 14:42:42.578,408.0163668997034,1000
2024-09-18 14:42:42.580,413.0957342564761,8
2024-09-18 14:42:42.591,413.1225922544954,1005
2024-09-18 14:42:42.600,413.1195881251543,8
2024-09-18 14:42:42.677,413.10798044721497,105
2024-09-18 14:42:42.703,413.1098425034641,102
2024-09-18 14:42:42.718,413.1028311126226,1003
2024-09-18 14:42:42.738,413.0996389168876,5
2024-09-18 14:42:42.742,413.0534824948666,1002
2024-09-18 14:42:42.862,413.1032202002701,13
2024-09-18 14:42:42.939,413.1039651589873,6
2024-09-18 14:42:42.943,413.0973719723181,12
2024-09-18 14:42:42.951,413.0802208286647,1000
2024-09-18 14:42:42.999,413.1204840241463,15
2024-09-18 14:42:43.535,413.1180961488267,999
2024-09-18 14:42:44.064,413.120091114185,998
2024-09-18 14:42:44.096,413.2019773044817,1001
2024-09-18 14:42:44.172,413.1761495594075,10
2024-09-18 14:42:44.185,413.2110791867255,104
2024-09-18 14:42:44.186,413.1675899615171,15
2024-09-18 14:42:44.207,,103
2024-09-18 14:42:44.213,413.1205909661895,996
2024-09-18 14:42:44.251,,95
2024-09-18 14:42:44.257,413.1641290660784,9
2024-09-18 14:42:44.365,413.1928791263535,1000
2024-09-18 14:42:44.371,413.1861733075388,105
2024-09-18 14:42:44.399,413.20153742605794,1004
2024-09-18 14:42:44.438,413.1937711527048,13
2024-09-18 14:42:44.549,413.1697289840495,5
2024-09-18 14:42:44.569,413.1884356505096,995
2024-09-18 14:42:44.597,413.2020877816997,1003
2024-09-18 14:42:44.615,413.1830969108997,100
2024-09-18 14:42:44.652,413.16857271584064,99
2024-09-18 14:42:44.671,413.1563423063624,995
2024-09-18 14:42:44.733,413.1766275748749,15
2024-09-18 14:42:44.738,413.1743714717241,98
2024-09-18 14:42:44.772,413.1974848767993,10
2024-09-18 14:42:44.778,413.16763644463583,998
2024-09-18 14:42:44.821,413.1947099046016,103
2024-09-18 14:42:44.916,413.202899652202,12
2024-09-18 14:42:44.948,413.1713277714526,1002
2024-09-18 14:42:44.982,413.17955276894367,1000
2024-09-18 14:42:45.001,413.2181437845343,10
2024-09-18 14:42:45.006,413.1947704075275,96
2024-09-18 14:42:45.008,413.26717203349335,100
2024-09-18 14:42:45.016,413.2263148734984,997
2024-09-18 14:42:45.044,413.2347812317171,96
2024-09-18 14:42:45.182,413.2470243749579,1002
2024-09-18 14:42:45.186,413.2158755719195,102
2024-09-18 14:42:45.190,413.20725558962886,998
2024-09-18 14:42:45.211,413.1624100425789,9
2024-09-18 14:42:45.234,413.1440779471428,99
2024-09-18 14:42:45.287,413.2210245290432,11
2024-09-18 14:42:45.317,413.1859429352808,1001
2024-09-18 14:42:45.379,413.2400493328764,13
2024-09-18 14:42:45.426,413.1714799237096,99
2024-09-18 14:42:45.471,413.13973897250986,6
2024-09-18 14:42:45.616,413.21197360124427,12
2024-09-18 14:42:45.654,413.18438282337866,96
2024-09-18 14:42:45.714,413.2252905712255,102
2024-09-18 14:42:45.755,413.2305577469351,5
2024-09-18 14:42:45.756,413.1910653281869,99
2024-09-18 14:42:45.760,413.272161746756,102
2024-09-18 14:42:45.768,413.1806587002332,11
2024-09-18 14:42:45.773,413.2390494816091,10
2024-09-18 14:42:45.776,413.2329260678976,1004
2024-09-18 14:42:45.781,413.18305600164473,101
2024-09-18 14:42:45.798,413.2279333028249,99
2024-09-18 14:42:45.813,413.1891343196412,101
2024-09-18 14:42:45.826,413.2308841481674,96
2024-09-18 14:42:45.885,413.2081575480847,99
2024-09-18 14:42:45.955,413.199675162098,1001
2024-09-18 14:42:46.005,413.2307391506938,9
2024-09-18 14:42:46.058,413.2154702850826,8
2024-09-18 14:42:46.062,413.2273724244,1001
2024-09-18 14:42:46.187,413.268684819305,1000
2024-09-18 14:42:46.322,413.2484236901262,9
2024-09-18 14:42:46.421,413.2580550106829,102
2024-09-18 14:42:46.461,413.22524939728953,99
2024-09-18 14:42:46.486,413.21503351596175,998
2024-09-18 14:42:46.529,413.2382914054266,99
2024-09-18 14:42:46.621,413.2475296749032,13
2024-09-18 14:42:46.674,413.2329330761461,9
2024-09-18 14:42:46.724,413.2219783057518,97
2024-09-18 14:42:46.726,413.23302271023215,96
2024-09-18 14:42:46.783,41.32296130443963,15
2024-09-18 14:42:46.789,413.22390361298176,102
2024-09-18 14:42:46.958,413.226775779456,1005
2024-09-18 14:42:47.098,413.254377262946,998
2024-09-18 14:42:47.209,413.2885654079601,7
2024-09-18 14:42:47.220,413.319134923058,1004
2024-09-18 14:42:47.223,,1001
2024-09-18 14:42:47.241,413.319229469772,100
2024-09-18 14:42:47.272,413.2593316270596,95
2024-09-18 14:42:47.296,413.3075434461234,99
2024-09-18 14:42:47.318,413.3256240258583,103
2024-09-18 14:42:47.347,413.2761279600582,101
2024-09-18 14:42:47.386,413.2854017430549,7
2024-09-18 14:42:47.422,413.26997975708673,13
2024-09-18 14:42:47.483,413.2870014073358,95
2024-09-18 14:42:47.507,413.29035999863015,103
2024-09-18 14:42:47.517,413.2765588959772,1005
2024-09-18 14:42:47.648,413.3055525682987,101
2024-09-18 14:42:47.809,413.3311984062827,97
2024-09-18 14:42:47.916,413.3206363937289,102
2024-09-18 14:42:48.066,413.3285665548827,7
2024-09-18 14:42:48.183,413.3175683412708,98
2024-09-18 14:42:48.377,413.32222624536337,1005
2024-09-18 14:42:48.467,413.3820427292416,99
2024-09-18 14:42:48.629,413.36251133756406,15
2024-09-18 14:42:48.791,413.4057137818537,100
2024-09-18 14:42:48.800,413.34934419696833,1004
2024-09-18 14:42:48.802,413.3502010023946,102
2024-09-18 14:42:48.942,413.4048952820175,1003
2024-09-18 14:42:49.046,413.3613596777215,995
2024-09-18 14:42:49.096,413.36391193791127,995
2024-09-18 14:42:49.252,413.4035573229984,15
2024-09-18 14:42:49.287,413.3757764506908,104
2024-09-18 14:42:49.531,413.4144578796312,997
2024-09-18 14:42:49.663,413.3687547499063,95
2024-09-18 14:42:49.723,413.35526344576334,14
2024-09-18 14:42:49.736,413.4096812150293,103
2024-09-18 14:42:49.755,413.41063225494,9
2024-09-18 14:42:49.808,413.3802546549243,95
2024-09-18 14:42:49.945,413.42071728716286,100
2024-09-18 14:42:50.001,413.43961999072,104
2024-09-18 14:42:50.012,413.4308661401551,104
2024-09-18 14:42:50.014,413.41144758475247,997
2024-09-18 14:42:50.020,413.4130581937717,999
2024-09-18 14:42:50.127,413.5418073968183,97
2024-09-18 14:42:50.172,413.44854820040433,9
2024-09-18 14:42:50.180,413.42683902076,1000
2024-09-18 14:42:50.206,413.4941382633324,95
2024-09-18 14:42:50.305,413.4877241731264,7
2024-09-18 14:42:50.306,413.5073397954302,100
2024-09-18 14:42:50.349,413.4330671394543,1001
2024-09-18 14:42:50.379,413.51357254540494,8
2024-09-18 14:42:50.380,413.38308674519686,98
2024-09-18 14:42:50.386,413.44384882207146,100
2024-09-18 14:42:50.425,413.4815934004644,97
2024-09-18 14:42:50.441,413.4984648596782,103
2024-09-18 14:42:50.462,413.4419207466002,998
2024-09-18 14:42:50.563,413.50428289653473,99
2024-09-18 14:42:50.647,413.4125901143896,8
2024-09-18 14:42:50.687,413.3919356450645,96
2024-09-18 14:42:50.699,,1003
2024-09-18 14:42:50.718,413.452229449746,96
2024-09-18 14:42:50.806,413.501033992248,8
2024-09-18 14:42:50.808,413.43186885262463,13
2024-09-18 14:42:50.821,413.3616055957008,15
2024-09-18 14:42:50.851,413.3850094089948,9
2024-09-18 14:42:51.137,413.4656976977393,102
2024-09-18 14:42:51.200,413.5192363021573,1000
2024-09-18 14:42:51.310,413.4895168226629,103
2024-09-18 14:42:51.327,413.5392637455204,6
2024-09-18 14:42:51.414,413.47230405128977,996
2024-09-18 14:42:51.419,413.4703232388787,102
2024-09-18 14:42:51.421,413.4767856769145,12
2024-09-18 14:42:51.422,413.4910226412288,8
2024-09-18 14:42:51.435,413.4848107411187,103
2024-09-18 14:42:51.459,413.5437420766935,12
2024-09-18 14:42:51.518,413.4687826838616,1004
2024-09-18 14:42:51.541,413.5208556862649,103
2024-09-18 14:42:51.677,413.48264433702633,1003
2024-09-18 14:42:51.729,413.5319914954769,7
2024-09-18 14:42:51.737,413.5048514575033,9
2024-09-18 14:42:51.738,413.489149336367,13
2024-09-18 14:42:51.792,413.4950129033337,7
2024-09-18 14:42:51.881,413.4753351961396,95
2024-09-18 14:42:51.892,413.50760260550834,105
2024-09-18 14:42:51.927,413.48287361311657,997
2024-09-18 14:42:51.977,413.5143213209936,1003
2024-09-18 14:42:51.990,413.4773691130794,996
2024-09-18 14:42:52.040,413.5611605278482,995
2024-09-18 14:42:52.148,413.52591279960194,14
2024-09-18 14:42:52.160,413.5490625927525,1002
2024-09-18 14:42:52.245,413.5696324476721,97
2024-09-18 14:42:52.257,413.55961304050027,998
2024-09-18 14:42:52.456,413.56727171290834,14
2024-09-18 14:42:52.613,-413.5379143438584,1004
2024-09-18 14:42:52.957,413.5693324051031,15
2024-09-18 14:42:52.970,413.5451262801048,995
2024-09-18 14:42:52.993,413.55245604918815,103
2024-09-18 14:42:53.047,413.5414510452637,103
2024-09-18 14:42:53.059,413.5784620432497,95
2024-09-18 14:42:53.067,413.5656912506767,7
2024-09-18 14:42:53.341,413.5850404150114,99
2024-09-18 14:42:53.446,413.5967467281004,105
2024-09-18 14:42:53.676,413.5841084687708,6
2024-09-18 14:42:53.767,413.5577825056577,1004
2024-09-18 14:42:53.979,413.57654291025005,995
2024-09-18 14:42:54.007,413.59596809782494,1004
2024-09-18 14:42:54.016,413.5624528200042,11
2024-09-18 14:42:54.032,413.555723702837,997
2024-09-18 14:42:54.056,413.64592972326886,13
2024-09-18 14:42:54.060,413.5955631044512,1004
2024-09-18 14:42:54.082,413.601712809642,96
2024-09-18 14:42:54.094,413.56872162033767,6
2024-09-18 14:42:54.096,413.5743858197769,97
2024-09-18 14:42:54.097,413.56785449296,15
2024-09-18 14:42:54.105,,1002
2024-09-18 14:42:54.173,413.6384674051245,6
2024-09-18 14:42:54.202,413.60134856440936,99
2024-09-18 14:42:54.223,413.6176856548868,1003
2024-09-18 14:42:54.223,413.6347676397664,9
2024-09-18 14:42:54.260,413.6228530318328,12
2024-09-18 14:42:54.293,413.6028362447223,999
2024-09-18 14:42:54.316,413.60566086225697,998
2024-09-18 14:42:54.339,413.5751651512369,12
2024-09-18 14:42:54.344,413.6374823264972,1005
2024-09-18 14:42:54.405,413.6167344249242,95
2024-09-18 14:42:54.454,413.5972658369776,997
2024-09-18 14:42:54.530,413.6348551132232,995
2024-09-18 14:42:54.599,413.6006219494109,8
2024-09-18 14:42:54.695,413.6086392053613,99
2024-09-18 14:42:54.699,413.5672975726696,15
2024-09-18 14:42:54.809,413.60340149406153,95
2024-09-18 14:42:54.813,413.57251997291615,5
2024-09-18 14:42:54.900,413.5884374851327,5
2024-09-18 14:42:55.079,413.4962350889179,103
2024-09-18 14:42:55.120,413.5851417569461,11
2024-09-18 14:42:55.168,413.6015978905093,7
2024-09-18 14:42:55.193,413.5241671297921,102
2024-09-18 14:42:55.335,413.6047299813515,99
2024-09-18 14:42:55.365,413.4392078250669,1001
2024-09-18 14:42:55.367,413.4423365099108,98
2024-09-18 14:42:55.385,413.5942482876432,9
2024-09-18 14:42:55.392,413.4331899105517,997
2024-09-18 14:42:55.397,413.4778463625574,101
2024-09-18 14:42:55.426,413.5884541611384,996
2024-09-18 14:42:55.442,413.4677799811408,996
2024-09-18 14:42:55.468,413.5795068475318,1002
2024-09-18 14:42:55.476,413.4333729272703,1004
2024-09-18 14:42:55.582,413.42887566038496,1005
2024-09-18 14:42:55.682,413.603121933844,102
2024-09-18 14:42:55.754,413.6097641166426,996
2024-09-18 14:42:55.757,413.5626432913039,5
2024-09-18 14:42:55.823,413.5947204332304,997
2024-09-18 14:42:55.861,413.5766555756179,14
2024-09-18 14:42:55.884,413.5998301831117,7
2024-09-18 14:42:55.993,413.4544603982024,102
2024-09-18 14:42:55.999,413.48975864627766,101
2024-09-18 14:42:56.081,413.4310977632418,997
2024-09-18 14:42:56.133,413.4250940723508,9
2024-09-18 14:42:56.413,413.4227846255681,103
2024-09-18 14:42:56.585,413.4381942258129,15
2024-09-18 14:42:56.610,413.4454927976181,104
2024-09-18 14:42:56.709,413.42683554082566,995
2024-09-18 14:42:56.722,413.4423066486264,7
2024-09-18 14:42:56.725,413.4246110789202,1003
2024-09-18 14:42:56.729,413.42119898879855,102
2024-09-18 14:42:56.776,413.4430241464155,1001
2024-09-18 14:42:56.881,413.445234745618,101
2024-09-18 14:42:56.940,413.4363251379021,13
2024-09-18 14:42:57.127,413.4114821947514,101
2024-09-18 14:42:57.394,413.4096601623445,1005
2024-09-18 14:42:57.409,413.4205953653785,1001
2024-09-18 14:42:57.716,413.4046438247813,5
2024-09-18 14:42:57.796,413.43581098645103,1001
2024-09-18 14:42:58.030,413.3586780787519,997
2024-09-18 14:42:58.057,413.350962029825,8
2024-09-18 14:42:58.059,413.4011380006025,1004
2024-09-18 14:42:58.114,413.36233181407385,103
2024-09-18 14:42:58.120,413.3875208874037,1000
2024-09-18 14:42:58.184,413.37787261818346,8
2024-09-18 14:42:58.247,413.3792140681618,1000
2024-09-18 14:42:58.261,413.3831816389828,1005
2024-09-18 14:42:58.450,413.3856991785295,5
2024-09-18 14:42:58.455,413.3698379975066,1002
2024-09-18 14:42:58.771,413.332937505828,15
2024-09-18 14:42:58.792,413.3691832199084,12
2024-09-18 14:42:58.827,413.3392480287394,10
2024-09-18 14:42:59.031,413.3620272673417,996
2024-09-18 14:42:59.039,413.33646700119726,96
2024-09-18 14:42:59.078,413.362245741173,102
2024-09-18 14:42:59.146,413.3432217936674,996
2024-09-18 14:42:59.161,413.3445167782173,997
2024-09-18 14:42:59.274,413.3199290429762,1001
2024-09-18 14:42:59.284,413.37669626887663,100
2024-09-18 14:42:59.315,413.3835427608237,96
2024-09-18 14:42:59.341,413.3623019269837,1004
2024-09-18 14:42:59.362,413.33417963020935,103
2024-09-18 14:42:59.362,413.3432960534376,14
2024-09-18 14:42:59.372,413.3735746520407,6
2024-09-18 14:42:59.394,413.3256187501452,102
2024-09-18 14:42:59.443,413.3563233649105,105
2024-09-18 14:42:59.545,413.3764371482273,13
2024-09-18 14:42:59.590,413.3448565121238,14
2024-09-18 14:42:59.610,413.3248837022788,1003
2024-09-18 14:42:59.677,413.3483116414815,1002
2024-09-18 14:42:59.679,413.3423956817247,105
2024-09-18 14:42:59.702,413.3310093789314,104
2024-09-18 14:42:59.719,413.32846263920175,8
2024-09-18 14:42:59.735,413.380101500017,14
2024-09-18 14:42:59.785,413.368429494299,15
2024-09-18 14:42:59.823,413.3296437124383,1002
2024-09-18 14:42:59.827,413.3226529793712,98
2024-09-18 14:42:59.845,413.3223617173271,102
2024-09-18 14:42:59.864,413.3550343750026,1003
2024-09-18 14:42:59.925,413.329856606122,13
2024-09-18 14:42:59.960,413.3608826656854,1005
2024-09-18 14:42:59.973,413.3101409058997,15
