Timestamp,Price,Size
2024-09-18 12:03:00.079,416.7601439387415,15
2024-09-18 12:03:00.098,416.6875024432172,6
2024-09-18 12:03:00.109,416.7028937419733,8
2024-09-18 12:03:00.220,416.7278058866754,95
2024-09-18 12:03:00.313,416.7472052940845,7
2024-09-18 12:03:00.421,416.72493134069487,98
2024-09-18 12:03:00.422,416.7406207124586,103
2024-09-18 12:03:00.548,416.7313403607952,11
2024-09-18 12:03:00.804,416.7320414523549,98
2024-09-18 12:03:00.855,416.70274071212833,11
2024-09-18 12:03:00.906,416.7311551561444,1004
2024-09-18 12:03:00.965,416.7417135877407,99
2024-09-18 12:03:01.004,416.7856244323559,98
2024-09-18 12:03:01.007,416.77739119225583,15
2024-09-18 12:03:01.033,416.8053636263104,11
2024-09-18 12:03:01.083,416.7847258346469,100
2024-09-18 12:03:01.090,416.7978147973565,7
2024-09-18 12:03:01.174,416.7752889038136,1004
2024-09-18 12:03:01.287,416.7708725749472,996
2024-09-18 12:03:01.316,416.7732668234127,105
2024-09-18 12:03:01.348,416.75751455131046,96
2024-09-18 12:03:01.375,416.7723458290599,997
2024-09-18 12:03:01.412,416.7751352187455,102
2024-09-18 12:03:01.455,416.7732326523024,8
2024-09-18 12:03:01.455,416.75174809327984,96
2024-09-18 12:03:01.489,416.7499637606,1000
2024-09-18 12:03:01.543,416.76589682665207,1002
2024-09-18 12:03:01.549,416.7791485396275,100
2024-09-18 12:03:01.558,416.7652099472401,99
2024-09-18 12:03:01.600,416.7654346962036,1003
2024-09-18 12:03:01.601,416.79333484358017,101
2024-09-18 12:03:01.709,416.7754167124186,99
2024-09-18 12:03:01.725,416.7640014817484,97
2024-09-18 12:03:01.816,416.82319977854286,9
2024-09-18 12:03:01.821,416.800912428933,1000
2024-09-18 12:03:01.829,416.7772129762832,6
2024-09-18 12:03:01.836,416.7415790057364,12
2024-09-18 12:03:01.872,416.7650674543351,11
2024-09-18 12:03:01.882,416.8071214883446,15
2024-09-18 12:03:01.891,41.67650890813364,1002
2024-09-18 12:03:02.043,416.8274706517155,99
2024-09-18 12:03:02.103,416.8323779334529,995
2024-09-18 12:03:02.169,416.839657448147,1001
2024-09-18 12:03:02.291,416.8150714192574,9
2024-09-18 12:03:02.348,416.8304124490182,999
2024-09-18 12:03:02.502,416.8409111373408,100
2024-09-18 12:03:02.617,416.8134735335262,1001
2024-09-18 12:03:02.879,416.8122992768119,1005
2024-09-18 12:03:03.042,416.7338005032327,997
2024-09-18 12:03:03.066,416.7351880302945,997
2024-09-18 12:03:03.069,416.7490733391157,103
2024-09-18 12:03:03.082,416.81233148594754,104
2024-09-18 12:03:03.085,416.7224027857004,1000
2024-09-18 12:03:03.097,416.7316635174003,96
2024-09-18 12:03:03.101,416.7679068757955,95
2024-09-18 12:03:03.124,416.7583358443473,1002
2024-09-18 12:03:03.157,416.82579042050526,8
2024-09-18 12:03:03.179,416.8157320430784,102
2024-09-18 12:03:03.186,416.8147008478613,14
2024-09-18 12:03:03.197,416.71319831278953,1001
2024-09-18 12:03:03.348,416.7222351160165,11
2024-09-18 12:03:03.452,416.712297392224,1000
2024-09-18 12:03:03.486,416.8189431878584,14
2024-09-18 12:03:03.522,416.8330599974704,10
2024-09-18 12:03:03.559,416.8070819144784,98
2024-09-18 12:03:03.566,416.84103806126535,1005
2024-09-18 12:03:03.583,416.828940837038,100
2024-09-18 12:03:03.611,416.71180300663787,1003
2024-09-18 12:03:03.626,416.7273885032844,103
2024-09-18 12:03:03.637,416.7411159485621,7
2024-09-18 12:03:03.655,416.7210791276525,102
2024-09-18 12:03:03.664,416.7967432819662,1005
2024-09-18 12:03:03.714,416.8290313072913,1003
2024-09-18 12:03:03.732,416.7358976553136,1000
2024-09-18 12:03:03.771,416.7205874391918,103
2024-09-18 12:03:03.858,416.7233340315457,1002
2024-09-18 12:03:03.914,416.80485254399474,997
2024-09-18 12:03:03.930,416.7897533809328,996
2024-09-18 12:03:04.003,416.8662015162873,13
2024-09-18 12:03:04.034,416.7671624703936,99
2024-09-18 12:03:04.110,416.843740757298,997
2024-09-18 12:03:04.263,416.8378992471086,1005
2024-09-18 12:03:04.501,416.8105326080795,10
2024-09-18 12:03:04.687,416.8245347660352,1002
2024-09-18 12:03:04.739,416.8335379179656,9
2024-09-18 12:03:04.794,416.8721545173968,14
2024-09-18 12:03:04.818,416.8587418247664,7
2024-09-18 12:03:04.868,416.8206340029356,1003
2024-09-18 12:03:04.886,416.7963544483748,105
2024-09-18 12:03:05.005,416.7690358224344,101
2024-09-18 12:03:05.250,416.77658086405904,100
2024-09-18 12:03:05.303,416.8762583979234,95
2024-09-18 12:03:05.382,416.8353445083344,95
2024-09-18 12:03:05.599,416.8245316239577,1002
2024-09-18 12:03:05.625,416.74371226273706,1002
2024-09-18 12:03:05.714,416.7641371533288,13
2024-09-18 12:03:05.852,416.8026766071985,102
2024-09-18 12:03:05.856,416.8476604196137,998
2024-09-18 12:03:06.089,416.77774226587934,1002
2024-09-18 12:03:06.189,416.76735204147207,1004
2024-09-18 12:03:06.544,416.7694046323231,5
2024-09-18 12:03:06.616,416.7801233272874,14
2024-09-18 12:03:06.661,416.7805653499428,100
2024-09-18 12:03:06.825,416.7499132890971,6
2024-09-18 12:03:06.830,416.75070893852586,102
2024-09-18 12:03:06.935,416.7642676452326,1001
2024-09-18 12:03:07.205,416.7189707797883,8
2024-09-18 12:03:07.272,416.6761614007361,13
2024-09-18 12:03:07.288,416.7224306462214,998
2024-09-18 12:03:07.349,416.708802514422,5
2024-09-18 12:03:07.365,416.6982555878077,11
2024-09-18 12:03:07.374,416.7287907490071,999
2024-09-18 12:03:07.385,416.67191973413776,95
2024-09-18 12:03:07.447,416.6755051028528,1004
2024-09-18 12:03:07.497,416.68021350576055,11
2024-09-18 12:03:07.501,416.6575410818149,12
2024-09-18 12:03:07.594,416.74525748805473,1003
2024-09-18 12:03:07.605,416.70156225787895,1004
2024-09-18 12:03:07.617,416.690395493812,105
2024-09-18 12:03:07.671,416.6803768065881,8
2024-09-18 12:03:07.685,416.7239626901277,1004
2024-09-18 12:03:07.755,416.7249505842086,105
2024-09-18 12:03:07.787,416.713666680492,98
2024-09-18 12:03:07.878,416.64692509343473,6
2024-09-18 12:03:07.929,416.6715974951935,105
2024-09-18 12:03:07.947,416.67374398167686,96
2024-09-18 12:03:08.035,416.6817635388762,998
2024-09-18 12:03:08.072,416.7091818132863,14
2024-09-18 12:03:08.100,416.69867934768575,1003
2024-09-18 12:03:08.121,416.7083159770099,11
2024-09-18 12:03:08.129,-416.70807740845487,101
2024-09-18 12:03:08.180,416.68353219114346,103
2024-09-18 12:03:08.282,416.7068601435419,104
2024-09-18 12:03:08.301,416.6940863276703,996
2024-09-18 12:03:08.332,416.715194434077,15
2024-09-18 12:03:08.395,416.70190054806994,996
2024-09-18 12:03:08.424,416.7044055686904,1004
2024-09-18 12:03:08.460,416.7057354626852,100
2024-09-18 12:03:08.504,416.7230019732791,100
2024-09-18 12:03:08.523,416.6884808365424,996
2024-09-18 12:03:08.626,416.6801477816874,995
2024-09-18 12:03:08.679,416.69443168844646,101
2024-09-18 12:03:08.693,41.66809112192701,999
2024-09-18 12:03:08.732,416.723480424345,998
2024-09-18 12:03:08.805,416.6907773022334,105
2024-09-18 12:03:08.905,416.71976053441,11
2024-09-18 12:03:08.930,416.71569071260905,998
2024-09-18 12:03:08.941,416.7038041356777,1001
2024-09-18 12:03:09.086,416.7495353630269,97
2024-09-18 12:03:09.251,416.7381871812885,12
2024-09-18 12:03:09.627,416.72407606163256,11
2024-09-18 12:03:09.651,416.7106508610347,103
2024-09-18 12:03:10.064,416.6485756931209,1003
2024-09-18 12:03:10.147,416.68971651014056,13
2024-09-18 12:03:10.151,416.7398792077405,7
2024-09-18 12:03:10.154,416.7002798056472,95
2024-09-18 12:03:10.171,416.7204569593359,1001
2024-09-18 12:03:10.172,416.7302398822832,14
2024-09-18 12:03:10.197,416.667756939565,98
2024-09-18 12:03:10.216,416.6480065204304,97
2024-09-18 12:03:10.261,416.6572096015773,995
2024-09-18 12:03:10.288,416.7222171079007,104
2024-09-18 12:03:10.331,416.73687105690993,996
2024-09-18 12:03:10.356,416.7154493815159,96
2024-09-18 12:03:10.402,416.6974742609811,998
2024-09-18 12:03:10.478,416.6811228663968,13
2024-09-18 12:03:10.636,416.6420933326326,6
2024-09-18 12:03:10.644,416.7242127700934,14
2024-09-18 12:03:10.690,,9
2024-09-18 12:03:10.692,416.7343743989299,14
2024-09-18 12:03:10.702,416.7393666317295,8
2024-09-18 12:03:10.706,416.7180541310125,1000
2024-09-18 12:03:10.861,416.6584528671704,8
2024-09-18 12:03:10.869,416.71578143451234,999
2024-09-18 12:03:10.922,416.7031078795405,999
2024-09-18 12:03:10.979,416.72309078835065,998
2024-09-18 12:03:11.003,416.6126881662892,15
2024-09-18 12:03:11.003,416.6171160171943,14
2024-09-18 12:03:11.023,416.6149275545607,104
2024-09-18 12:03:11.394,416.6181210040813,13
2024-09-18 12:03:11.500,416.6020933366991,12
2024-09-18 12:03:11.537,416.63890429616646,996
2024-09-18 12:03:11.588,416.60241220283433,99
2024-09-18 12:03:11.643,416.59330114707103,102
2024-09-18 12:03:11.682,416.5940059852763,105
2024-09-18 12:03:11.841,416.6207623551013,10
2024-09-18 12:03:11.962,416.604960282055,998
2024-09-18 12:03:12.071,416.6362535924847,999
2024-09-18 12:03:12.158,-416.6480714802525,97
2024-09-18 12:03:12.166,416.640350731278,9
2024-09-18 12:03:12.248,416.5698367892044,1003
2024-09-18 12:03:12.360,416.5944114746746,1004
2024-09-18 12:03:12.463,416.577952571478,96
2024-09-18 12:03:12.660,416.5770720442184,9
2024-09-18 12:03:12.756,-416.6117423029677,103
2024-09-18 12:03:12.773,416.59579568595296,7
2024-09-18 12:03:12.774,416.57492618526254,14
2024-09-18 12:03:12.777,416.61837865641337,996
2024-09-18 12:03:12.794,416.59110196879806,95
2024-09-18 12:03:12.821,416.6236747586211,996
2024-09-18 12:03:12.878,416.6243820146206,105
2024-09-18 12:03:12.895,416.5957846568664,102
2024-09-18 12:03:13.028,416.6076196085938,1003
2024-09-18 12:03:13.053,416.6268625186253,13
2024-09-18 12:03:13.223,416.58692859932506,6
2024-09-18 12:03:13.236,416.6116846239576,1001
2024-09-18 12:03:13.336,41.66310817257824,99
2024-09-18 12:03:13.402,416.619736882455,96
2024-09-18 12:03:13.444,416.5993488551661,1005
2024-09-18 12:03:13.464,416.5850049092945,7
2024-09-18 12:03:13.545,416.61386251964086,998
2024-09-18 12:03:13.637,416.622303833804,14
2024-09-18 12:03:13.681,416.6163061717703,9
2024-09-18 12:03:13.696,416.58217559702064,8
2024-09-18 12:03:13.701,416.62685829266064,100
2024-09-18 12:03:13.725,416.5860037427986,996
2024-09-18 12:03:14.483,416.61593574561897,1002
2024-09-18 12:03:14.737,416.6245562036944,12
2024-09-18 12:03:14.803,416.61023419510855,100
2024-09-18 12:03:14.877,416.6131627847465,99
2024-09-18 12:03:14.925,416.6098683604584,1000
2024-09-18 12:03:14.984,416.6162471131176,100
2024-09-18 12:03:15.054,416.57704664009714,97
2024-09-18 12:03:15.136,416.633856081326,105
2024-09-18 12:03:15.193,416.6289401190011,99
2024-09-18 12:03:15.223,416.6153146908793,8
2024-09-18 12:03:15.575,416.59511236850585,1003
2024-09-18 12:03:15.611,416.5830245375206,1004
2024-09-18 12:03:15.771,416.5746680842733,999
2024-09-18 12:03:16.072,416.5836059181245,10
2024-09-18 12:03:16.325,416.5833708099893,105
2024-09-18 12:03:16.538,416.5729578626628,99
2024-09-18 12:03:16.974,416.5755924703413,99
2024-09-18 12:03:16.983,416.60009133037966,99
2024-09-18 12:03:16.992,416.5806342150468,1001
2024-09-18 12:03:17.110,416.6505915584272,10
2024-09-18 12:03:17.269,416.675095263258,96
2024-09-18 12:03:17.380,416.63877131314206,9
2024-09-18 12:03:17.434,416.6194835586352,96
2024-09-18 12:03:17.436,416.6523542028096,1000
2024-09-18 12:03:17.469,416.630248966626,5
2024-09-18 12:03:17.479,416.6232325433316,1005
2024-09-18 12:03:17.542,416.64276236406255,103
2024-09-18 12:03:17.646,416.6272042748776,103
2024-09-18 12:03:17.751,416.6701465824431,10
2024-09-18 12:03:18.480,416.68046692774607,996
2024-09-18 12:03:18.493,416.6837332742301,12
2024-09-18 12:03:19.056,416.70863805191993,98
2024-09-18 12:03:19.080,416.7136172817648,1002
2024-09-18 12:03:19.130,416.6791950093461,9
2024-09-18 12:03:19.168,416.74281071636346,100
2024-09-18 12:03:19.180,416.776938262627,6
2024-09-18 12:03:19.206,416.7355503415313,99
2024-09-18 12:03:19.313,416.7465183680758,997
2024-09-18 12:03:19.327,416.7987649042861,998
2024-09-18 12:03:19.337,416.7464800055034,97
2024-09-18 12:03:19.343,416.691556054259,1003
2024-09-18 12:03:19.437,416.7619449716131,14
2024-09-18 12:03:19.446,416.7699471204499,1005
2024-09-18 12:03:19.453,416.7139336657494,97
2024-09-18 12:03:19.520,416.78688046068953,997
2024-09-18 12:03:19.545,416.7279286944736,105
2024-09-18 12:03:19.551,416.69442739677095,101
2024-09-18 12:03:19.634,416.73798322593785,15
2024-09-18 12:03:19.672,416.7583146363973,997
2024-09-18 12:03:19.699,416.7603078370874,5
2024-09-18 12:03:19.808,416.7099671902656,1000
2024-09-18 12:03:19.824,416.70519689127343,104
2024-09-18 12:03:19.849,41.671869207301306,95
2024-09-18 12:03:19.872,416.74152276631423,998
2024-09-18 12:03:19.932,416.7317365782462,8
2024-09-18 12:03:19.968,416.74478548262783,95
2024-09-18 12:03:20.037,416.8566483219541,10
2024-09-18 12:03:20.134,416.83755432101685,12
2024-09-18 12:03:20.134,416.84507195245,1000
2024-09-18 12:03:20.173,416.8301513071757,1000
2024-09-18 12:03:20.179,416.8544968687939,100
2024-09-18 12:03:20.219,416.8287771257482,101
2024-09-18 12:03:20.407,416.8234344415194,999
2024-09-18 12:03:20.425,416.8499185531832,9
2024-09-18 12:03:20.437,416.8345729594846,1001
2024-09-18 12:03:20.525,416.84042179484845,102
2024-09-18 12:03:20.605,416.8353363045065,997
2024-09-18 12:03:20.642,416.8473799837564,101
2024-09-18 12:03:20.664,416.84490373919726,6
2024-09-18 12:03:20.732,416.84953216435713,14
2024-09-18 12:03:20.760,416.8374843561619,1003
2024-09-18 12:03:20.856,416.8640552028252,102
2024-09-18 12:03:20.949,416.82444899586034,1004
2024-09-18 12:03:21.013,416.8408087957659,996
2024-09-18 12:03:21.074,416.86637677095166,102
2024-09-18 12:03:21.081,416.851203421536,101
2024-09-18 12:03:21.095,,102
2024-09-18 12:03:21.095,416.823929721354,97
2024-09-18 12:03:21.098,416.8535940542733,95
2024-09-18 12:03:21.223,416.8188077380031,999
2024-09-18 12:03:21.275,416.8282598708679,1000
2024-09-18 12:03:21.322,416.84273168402416,1003
2024-09-18 12:03:21.423,416.851159749458,100
2024-09-18 12:03:21.560,416.8399051258908,1000
2024-09-18 12:03:21.587,416.834654373758,1000
2024-09-18 12:03:21.690,416.8295960402599,103
2024-09-18 12:03:21.705,416.8416822547625,96
2024-09-18 12:03:21.749,416.8503874026653,105
2024-09-18 12:03:21.814,416.866668160562,7
2024-09-18 12:03:21.885,416.8571460289948,1005
2024-09-18 12:03:21.932,416.80692452169416,98
2024-09-18 12:03:22.068,416.8226070441194,95
2024-09-18 12:03:22.088,416.8095043803726,99
2024-09-18 12:03:22.332,416.8225718352887,103
2024-09-18 12:03:22.454,416.8318306960337,96
2024-09-18 12:03:22.697,416.8322950130046,96
2024-09-18 12:03:22.748,416.8205412316023,1001
2024-09-18 12:03:23.008,416.84656916068906,995
2024-09-18 12:03:23.032,416.8567426524869,102
2024-09-18 12:03:23.087,416.85972669696247,100
2024-09-18 12:03:23.137,416.82595339347546,996
2024-09-18 12:03:23.185,416.8516759454693,9
2024-09-18 12:03:23.343,416.8494373349877,105
2024-09-18 12:03:23.351,416.84704984209,996
2024-09-18 12:03:23.388,416.860461207316,15
2024-09-18 12:03:23.394,416.8491274099823,1004
2024-09-18 12:03:23.409,416.83013888239816,1002
2024-09-18 12:03:23.418,416.8614752622803,99
2024-09-18 12:03:23.494,416.8478378270079,97
2024-09-18 12:03:23.506,416.8112280680876,998
2024-09-18 12:03:23.547,416.85908094619606,995
2024-09-18 12:03:23.564,416.8672984153299,102
2024-09-18 12:03:23.576,416.8357817038683,1005
2024-09-18 12:03:23.631,416.8091233632949,995
2024-09-18 12:03:23.676,416.84005974460814,1001
2024-09-18 12:03:23.682,416.84778052178666,101
2024-09-18 12:03:23.769,416.8605809449084,96
2024-09-18 12:03:23.807,416.84926628549465,101
2024-09-18 12:03:23.841,416.8497198871438,97
2024-09-18 12:03:23.847,416.8060151029586,997
2024-09-18 12:03:23.847,416.8410628618543,1002
2024-09-18 12:03:23.873,416.8623197790702,996
2024-09-18 12:03:23.896,416.8402600263559,9
2024-09-18 12:03:23.958,416.8375112749257,100
2024-09-18 12:03:23.972,416.8306175145378,99
2024-09-18 12:03:23.985,416.8465935767271,1000
2024-09-18 12:03:24.016,416.82134271541366,1005
2024-09-18 12:03:24.056,416.8121223183138,103
2024-09-18 12:03:24.058,416.79432995272975,998
2024-09-18 12:03:24.113,-416.8174692963612,5
2024-09-18 12:03:24.178,416.81569015281167,105
2024-09-18 12:03:24.208,416.8252967119663,6
2024-09-18 12:03:24.215,416.79661928000746,95
2024-09-18 12:03:24.234,416.8088765095855,15
2024-09-18 12:03:24.272,416.8353240197374,995
2024-09-18 12:03:24.282,416.7986351654826,103
2024-09-18 12:03:24.307,416.835509176118,100
2024-09-18 12:03:24.426,416.8216487658109,97
2024-09-18 12:03:24.470,416.8268924701939,102
2024-09-18 12:03:24.491,416.8203789583091,996
2024-09-18 12:03:24.587,416.8170229223601,996
2024-09-18 12:03:24.602,416.8157609825565,995
2024-09-18 12:03:24.606,416.82937430196176,1005
2024-09-18 12:03:24.662,416.7985885743842,100
2024-09-18 12:03:24.690,416.79548987573145,12
2024-09-18 12:03:24.717,416.8572702482125,1003
2024-09-18 12:03:24.753,416.8208109796172,5
2024-09-18 12:03:24.891,416.7952269900947,13
2024-09-18 12:03:24.920,416.8328296048627,996
2024-09-18 12:03:24.928,416.83216702142505,9
2024-09-18 12:03:24.955,,103
2024-09-18 12:03:24.998,416.8059472609955,11
2024-09-18 12:03:25.006,416.8027571161207,99
2024-09-18 12:03:25.045,416.78913859808193,98
2024-09-18 12:03:25.113,416.7496428177964,10
2024-09-18 12:03:25.118,416.78699432242536,1003
2024-09-18 12:03:25.166,416.7783496413304,99
2024-09-18 12:03:25.184,416.7969230718634,102
2024-09-18 12:03:25.229,416.7824673602029,12
2024-09-18 12:03:25.233,416.79148236146784,100
2024-09-18 12:03:25.282,416.781494549846,1004
2024-09-18 12:03:25.301,416.789864234756,105
2024-09-18 12:03:25.430,41.67694834667778,11
2024-09-18 12:03:25.489,416.8014366514096,95
2024-09-18 12:03:25.495,416.7731483762927,1000
2024-09-18 12:03:25.536,416.7953331426611,102
2024-09-18 12:03:25.544,416.7810088915745,100
2024-09-18 12:03:25.550,416.75295966039056,102
2024-09-18 12:03:25.576,416.7635133267681,999
2024-09-18 12:03:25.587,416.7860157410062,1005
2024-09-18 12:03:25.642,416.79310574522816,104
2024-09-18 12:03:25.670,41.67829202420959,105
2024-09-18 12:03:25.709,416.75549080723766,15
2024-09-18 12:03:25.727,416.8008638427588,999
2024-09-18 12:03:25.830,416.7535956246407,13
2024-09-18 12:03:25.908,416.7823941492817,101
2024-09-18 12:03:25.991,416.7752435195864,102
2024-09-18 12:03:26.139,416.86045212188657,14
2024-09-18 12:03:26.271,416.8139340614551,1001
2024-09-18 12:03:26.310,416.8176614890027,1001
2024-09-18 12:03:26.380,416.7971016879226,1001
2024-09-18 12:03:26.480,416.80168997143016,1000
2024-09-18 12:03:26.486,416.8488095452618,103
2024-09-18 12:03:26.545,416.7976934029039,998
2024-09-18 12:03:26.553,416.844595625966,9
2024-09-18 12:03:26.718,41.67836010364572,104
2024-09-18 12:03:26.758,416.8013702474186,6
2024-09-18 12:03:26.908,416.804677984741,10
2024-09-18 12:03:26.971,416.7782970726721,14
2024-09-18 12:03:27.047,416.908416367254,97
2024-09-18 12:03:27.115,416.8954742799138,12
2024-09-18 12:03:27.142,416.87884320488246,95
2024-09-18 12:03:27.512,416.9007219448847,998
2024-09-18 12:03:27.754,416.9016452520484,8
2024-09-18 12:03:27.768,416.9224585652619,11
2024-09-18 12:03:27.878,416.8942329419742,96
2024-09-18 12:03:27.948,416.8777752248081,99
2024-09-18 12:03:28.008,416.8147478948693,102
2024-09-18 12:03:28.012,416.7910421608043,13
2024-09-18 12:03:28.098,416.8821797402101,1002
2024-09-18 12:03:28.227,416.8127122287274,1001
2024-09-18 12:03:28.228,416.84940860066513,95
2024-09-18 12:03:28.239,416.8504289242082,1005
2024-09-18 12:03:28.293,416.7757060236365,996
2024-09-18 12:03:28.322,416.8595415018063,99
2024-09-18 12:03:28.326,416.7353888247428,999
2024-09-18 12:03:28.422,416.7624156470309,12
2024-09-18 12:03:28.426,416.8270071284193,101
2024-09-18 12:03:28.449,416.8722462534592,999
2024-09-18 12:03:28.451,416.82646377200246,102
2024-09-18 12:03:28.568,416.777924814889,1000
2024-09-18 12:03:28.612,416.842788564193,97
2024-09-18 12:03:28.645,416.8058522045357,15
2024-09-18 12:03:28.668,416.8563971452442,12
2024-09-18 12:03:28.701,416.8537381115922,5
2024-09-18 12:03:28.750,416.7805320764348,997
2024-09-18 12:03:28.793,416.8351787599207,100
2024-09-18 12:03:28.821,416.74406521660177,105
2024-09-18 12:03:28.833,416.8680803629627,14
2024-09-18 12:03:28.834,416.7870756547242,9
2024-09-18 12:03:28.901,416.839470867402,11
2024-09-18 12:03:28.916,416.8508445824772,97
2024-09-18 12:03:28.975,416.7530525461379,1004
2024-09-18 12:03:28.998,416.7459435774792,1001
2024-09-18 12:03:29.012,416.7945042846226,96
2024-09-18 12:03:29.035,416.7398991346524,999
2024-09-18 12:03:29.072,416.782004705899,105
2024-09-18 12:03:29.107,416.7825800258211,1000
2024-09-18 12:03:29.113,416.7757775436712,1003
2024-09-18 12:03:29.205,416.7356637747454,1004
2024-09-18 12:03:29.269,416.7973369966269,10
2024-09-18 12:03:29.284,416.7189090819647,998
2024-09-18 12:03:29.294,416.803163354124,1005
2024-09-18 12:03:29.305,416.8037138926064,995
2024-09-18 12:03:29.332,416.7619055205413,5
2024-09-18 12:03:29.333,416.7555748421024,6
2024-09-18 12:03:29.346,416.729219037916,13
2024-09-18 12:03:29.347,416.7686662693019,13
2024-09-18 12:03:29.361,416.7614593437604,9
2024-09-18 12:03:29.363,416.734830222356,9
2024-09-18 12:03:29.495,416.7988238112823,14
2024-09-18 12:03:29.513,416.7840110450783,105
2024-09-18 12:03:29.645,416.73476418911866,96
2024-09-18 12:03:29.661,416.7649997721391,997
2024-09-18 12:03:29.688,416.7539461978749,96
2024-09-18 12:03:29.689,416.75001963796734,100
2024-09-18 12:03:29.706,416.7780450492653,1000
2024-09-18 12:03:29.714,416.7504480825625,103
2024-09-18 12:03:29.766,416.7778862123455,1002
2024-09-18 12:03:29.804,416.7626972303932,97
2024-09-18 12:03:29.808,416.7683392160434,9
2024-09-18 12:03:29.809,416.7892991898258,96
2024-09-18 12:03:29.869,416.7761977300942,10
2024-09-18 12:03:30.024,416.7365586566845,96
2024-09-18 12:03:30.079,416.7308056598884,98
2024-09-18 12:03:30.189,416.7368177130345,97
2024-09-18 12:03:30.221,416.6900432748329,6
2024-09-18 12:03:30.265,416.7451517187256,95
2024-09-18 12:03:30.272,416.7235195682518,9
2024-09-18 12:03:30.336,416.74420746287166,10
2024-09-18 12:03:30.403,416.7242386574731,104
2024-09-18 12:03:30.417,416.74156746287,99
2024-09-18 12:03:30.445,416.6836687848392,103
2024-09-18 12:03:30.532,416.684071254832,14
2024-09-18 12:03:30.536,416.7354222496239,1001
2024-09-18 12:03:30.570,416.7099259303608,1004
2024-09-18 12:03:30.678,416.7315501811272,10
2024-09-18 12:03:30.681,416.74561590510456,96
2024-09-18 12:03:30.683,416.71943138363656,105
2024-09-18 12:03:30.702,416.7029234199291,97
2024-09-18 12:03:30.705,416.6829149181456,1001
2024-09-18 12:03:30.794,416.7574897330479,99
2024-09-18 12:03:30.817,416.6965279159068,103
2024-09-18 12:03:30.820,416.7355283444403,96
2024-09-18 12:03:30.820,416.7367111637422,1001
2024-09-18 12:03:30.825,416.75330405575625,1000
2024-09-18 12:03:30.863,416.7444086244109,102
2024-09-18 12:03:30.868,416.6984786427954,100
2024-09-18 12:03:30.967,416.72197099600487,96
2024-09-18 12:03:31.019,416.6993717586578,97
2024-09-18 12:03:31.040,416.6194008525776,998
2024-09-18 12:03:31.105,416.6796683453033,8
2024-09-18 12:03:31.121,416.69072591894417,97
2024-09-18 12:03:31.131,416.7041072248724,104
2024-09-18 12:03:31.135,416.7106592102286,102
2024-09-18 12:03:31.214,416.705855572393,11
2024-09-18 12:03:31.260,-416.71224199358375,1004
2024-09-18 12:03:31.294,416.6740000272356,95
2024-09-18 12:03:31.465,416.6519042319506,98
2024-09-18 12:03:31.553,416.69216627089526,1005
2024-09-18 12:03:31.558,416.6414278882212,995
2024-09-18 12:03:31.683,416.68644429338616,7
2024-09-18 12:03:31.809,416.7104919584879,99
2024-09-18 12:03:31.912,416.65445107853714,13
2024-09-18 12:03:31.986,416.71642854709535,1001
2024-09-18 12:03:31.990,416.6896393784531,14
2024-09-18 12:03:32.027,416.5254323591473,13
2024-09-18 12:03:32.164,416.5868320764718,8
2024-09-18 12:03:32.165,416.56254895175886,10
2024-09-18 12:03:32.204,416.5946799725585,8
2024-09-18 12:03:32.288,416.5563539608193,5
2024-09-18 12:03:32.314,416.5285018053218,101
2024-09-18 12:03:32.439,416.53950783742863,12
2024-09-18 12:03:32.446,416.56120361517753,1005
2024-09-18 12:03:32.489,416.58145102644175,12
2024-09-18 12:03:32.495,416.5255029610016,13
2024-09-18 12:03:32.515,416.5238710012654,10
2024-09-18 12:03:32.524,416.5369769131895,11
2024-09-18 12:03:32.583,416.5661305554047,11
2024-09-18 12:03:32.596,416.51753937847553,105
2024-09-18 12:03:32.598,416.560543756279,10
2024-09-18 12:03:32.630,416.5633709811046,1004
2024-09-18 12:03:32.630,416.5360909663927,100
2024-09-18 12:03:32.651,416.5251137966727,1004
2024-09-18 12:03:32.681,41.65555604028582,8
2024-09-18 12:03:32.692,416.56466658418833,996
2024-09-18 12:03:32.706,416.5257497907665,12
2024-09-18 12:03:32.749,416.57346486172,997
2024-09-18 12:03:32.750,416.5796819006391,103
2024-09-18 12:03:32.775,416.5818566366647,98
2024-09-18 12:03:32.855,416.5892990916673,95
2024-09-18 12:03:32.857,416.4961431815612,6
2024-09-18 12:03:32.905,416.5714936252216,1000
2024-09-18 12:03:32.954,416.5622582137142,998
2024-09-18 12:03:32.998,416.590521914969,1000
2024-09-18 12:03:33.072,416.5143861386648,999
2024-09-18 12:03:33.078,416.47316938736327,95
2024-09-18 12:03:33.081,416.4761332070065,99
2024-09-18 12:03:33.216,416.4833345317326,998
2024-09-18 12:03:33.442,416.505026512732,14
2024-09-18 12:03:33.603,416.4867250993072,11
2024-09-18 12:03:34.047,416.4108262224681,998
2024-09-18 12:03:34.056,416.4625573561134,13
2024-09-18 12:03:34.106,416.4264292263096,12
2024-09-18 12:03:34.151,416.45109894804415,12
2024-09-18 12:03:34.159,416.4436188986877,996
2024-09-18 12:03:34.191,416.441753630878,11
2024-09-18 12:03:34.331,416.428741288089,12
2024-09-18 12:03:34.350,416.43596781896304,95
2024-09-18 12:03:34.487,416.4408152703168,10
2024-09-18 12:03:34.518,416.4365628381007,1003
2024-09-18 12:03:34.706,416.4299395689749,11
2024-09-18 12:03:34.734,416.4832921875552,102
2024-09-18 12:03:34.811,416.4632793004824,10
2024-09-18 12:03:34.906,416.4463059065549,996
2024-09-18 12:03:34.911,416.4650463787429,103
2024-09-18 12:03:34.917,416.433606688752,105
2024-09-18 12:03:34.927,416.477317372711,10
2024-09-18 12:03:34.935,416.423239958721,104
2024-09-18 12:03:34.981,416.44266841248617,1003
2024-09-18 12:03:35.014,416.4462877605797,96
2024-09-18 12:03:35.094,416.4547287625509,96
2024-09-18 12:03:35.114,416.4515537331899,998
2024-09-18 12:03:35.200,416.4781030307393,1004
2024-09-18 12:03:35.280,416.469811080106,98
2024-09-18 12:03:35.292,416.4705445045611,99
2024-09-18 12:03:35.328,416.4567534887967,98
2024-09-18 12:03:35.350,416.4646923677784,1001
2024-09-18 12:03:35.500,416.43776027749567,996
2024-09-18 12:03:35.577,416.48145202028127,11
2024-09-18 12:03:35.688,416.46817961614863,995
2024-09-18 12:03:35.723,416.4621202119146,97
2024-09-18 12:03:35.729,416.4357201181992,12
2024-09-18 12:03:35.940,416.46094773873904,97
2024-09-18 12:03:35.960,416.46795774814586,996
2024-09-18 12:03:36.020,416.4349600837847,14
2024-09-18 12:03:36.030,-416.4407443296359,8
2024-09-18 12:03:36.119,416.445338577142,996
2024-09-18 12:03:36.288,416.41330737184927,1000
2024-09-18 12:03:36.318,416.4096602589248,11
2024-09-18 12:03:36.334,416.4228755463994,97
2024-09-18 12:03:36.336,416.4325650933863,8
2024-09-18 12:03:36.370,416.4382951491871,101
2024-09-18 12:03:36.470,416.4458419253171,5
2024-09-18 12:03:36.566,416.4590574331791,995
2024-09-18 12:03:36.575,416.439287325924,101
2024-09-18 12:03:36.602,416.42479263696976,96
2024-09-18 12:03:36.622,416.4330033010011,10
2024-09-18 12:03:36.709,416.42509512283135,996
2024-09-18 12:03:36.754,416.4309804904598,14
2024-09-18 12:03:36.803,416.4373644061902,998
2024-09-18 12:03:36.816,416.4371764966069,9
2024-09-18 12:03:36.853,416.4237721357551,10
2024-09-18 12:03:36.855,416.4089586473411,995
2024-09-18 12:03:36.865,416.4503969901932,996
2024-09-18 12:03:36.975,416.4274320922687,9
2024-09-18 12:03:36.982,416.423434703075,1001
2024-09-18 12:03:37.031,416.37886798040194,997
2024-09-18 12:03:37.033,416.43360143697856,6
2024-09-18 12:03:37.108,416.4120663067745,12
2024-09-18 12:03:37.113,416.37964655096647,1003
2024-09-18 12:03:37.142,416.4043825242279,96
2024-09-18 12:03:37.164,416.406799153873,103
2024-09-18 12:03:37.258,416.4120177904309,98
2024-09-18 12:03:37.259,416.37901952504416,14
2024-09-18 12:03:37.296,416.45860674599777,1001
2024-09-18 12:03:37.308,416.3720314284551,102
2024-09-18 12:03:37.314,416.3760027587143,1004
2024-09-18 12:03:37.327,416.3938762811439,14
2024-09-18 12:03:37.330,416.3721600559333,96
2024-09-18 12:03:37.351,416.3615944343583,105
2024-09-18 12:03:37.546,416.3888854349655,100
2024-09-18 12:03:37.557,416.4036543135634,99
2024-09-18 12:03:37.594,416.38731261788826,12
2024-09-18 12:03:37.649,416.3771355782623,97
2024-09-18 12:03:37.723,-416.3975726106409,100
2024-09-18 12:03:37.739,416.4147667912864,14
2024-09-18 12:03:37.743,416.4337298552298,997
2024-09-18 12:03:37.751,416.4769690254871,15
2024-09-18 12:03:37.799,416.3955317069487,101
2024-09-18 12:03:37.843,416.3886235807272,996
2024-09-18 12:03:37.893,416.3793613137042,99
2024-09-18 12:03:37.930,416.41851053682313,995
2024-09-18 12:03:37.982,416.37906333640944,96
2024-09-18 12:03:38.115,416.4746310161487,100
2024-09-18 12:03:38.679,416.4751370716963,1004
2024-09-18 12:03:38.768,416.4558954297989,996
2024-09-18 12:03:38.771,416.4768025708972,11
2024-09-18 12:03:39.567,416.4839637120931,103
2024-09-18 12:03:39.726,416.47043064873657,102
2024-09-18 12:03:39.771,416.4748600940571,97
2024-09-18 12:03:39.969,416.4623793664317,10
2024-09-18 12:03:39.970,416.468588323297,8
2024-09-18 12:03:39.993,416.4587979673397,1000
2024-09-18 12:03:40.040,416.4476085345732,102
2024-09-18 12:03:40.301,416.4432433164664,98
2024-09-18 12:03:40.436,416.45096083719386,102
2024-09-18 12:03:40.856,416.4493332957757,13
2024-09-18 12:03:40.937,416.4583557359778,1005
2024-09-18 12:03:41.052,-416.4219556417826,1004
2024-09-18 12:03:41.154,416.4270344095148,1000
2024-09-18 12:03:41.176,416.4199545581682,1003
2024-09-18 12:03:41.234,416.4375303001533,101
2024-09-18 12:03:41.239,416.40531496528206,104
2024-09-18 12:03:41.257,416.4204515789046,13
2024-09-18 12:03:41.269,416.4185753415084,999
2024-09-18 12:03:41.300,416.4034828083601,103
2024-09-18 12:03:41.301,416.406003613197,1002
2024-09-18 12:03:41.310,416.4173812838873,104
2024-09-18 12:03:41.363,416.4148469931504,6
2024-09-18 12:03:41.398,416.4085085370115,102
2024-09-18 12:03:41.401,416.4028089550115,105
2024-09-18 12:03:41.414,416.4186186095217,995
2024-09-18 12:03:41.496,416.3935263188923,102
2024-09-18 12:03:41.523,416.3973960548673,98
2024-09-18 12:03:41.606,416.45226629580367,104
2024-09-18 12:03:41.644,416.4335996735156,95
2024-09-18 12:03:41.666,416.39129993681706,5
2024-09-18 12:03:41.706,416.4089302419607,95
2024-09-18 12:03:41.732,416.4085843906356,99
2024-09-18 12:03:41.776,416.4288359467333,998
2024-09-18 12:03:41.826,416.4454388848656,105
2024-09-18 12:03:41.848,416.3929292137997,100
2024-09-18 12:03:41.855,416.4234741281661,1000
2024-09-18 12:03:41.891,416.39721355622265,1004
2024-09-18 12:03:41.917,416.4548352601537,11
2024-09-18 12:03:41.935,416.4313795887489,1005
2024-09-18 12:03:42.553,416.4177070345559,1001
2024-09-18 12:03:43.063,416.4164286103757,15
2024-09-18 12:03:43.082,,5
2024-09-18 12:03:43.124,416.4379187721288,9
2024-09-18 12:03:43.147,416.51945125784175,1003
2024-09-18 12:03:43.216,416.42936934855686,15
2024-09-18 12:03:43.228,416.4953196806503,10
2024-09-18 12:03:43.314,416.4913753678983,995
2024-09-18 12:03:43.318,416.4981333430856,99
2024-09-18 12:03:43.392,416.4576222141157,8
2024-09-18 12:03:43.427,416.4047620773849,999
2024-09-18 12:03:43.452,416.43629874011486,8
2024-09-18 12:03:43.463,416.4277685817793,1003
2024-09-18 12:03:43.497,416.52889941996415,1001
2024-09-18 12:03:43.604,416.46919985034646,9
2024-09-18 12:03:43.628,416.4708605462896,5
2024-09-18 12:03:43.646,416.4301484407293,999
2024-09-18 12:03:43.648,416.4534797751994,103
2024-09-18 12:03:43.653,416.4819718517824,98
2024-09-18 12:03:43.684,416.42808313416674,15
2024-09-18 12:03:43.771,416.5640111596537,100
2024-09-18 12:03:43.804,416.4400489743037,104
2024-09-18 12:03:43.831,416.4110465928957,15
2024-09-18 12:03:43.862,416.46313998943486,14
2024-09-18 12:03:43.947,416.481056137857,1001
2024-09-18 12:03:43.960,416.4162506976343,14
2024-09-18 12:03:44.069,416.5872904348189,999
2024-09-18 12:03:44.086,416.5857965939393,98
2024-09-18 12:03:44.301,416.5833675573561,6
2024-09-18 12:03:44.475,416.60848571084426,997
2024-09-18 12:03:44.791,416.6110197853444,5
2024-09-18 12:03:44.927,41.660085067154334,101
2024-09-18 12:03:45.046,416.58000922857264,102
2024-09-18 12:03:45.049,416.5721261959606,7
2024-09-18 12:03:45.074,416.62309879532825,96
2024-09-18 12:03:45.128,416.5538364913404,1000
2024-09-18 12:03:45.152,,998
2024-09-18 12:03:45.189,416.57777540197856,102
2024-09-18 12:03:45.307,416.5673735522087,103
2024-09-18 12:03:45.364,416.5676315215348,99
2024-09-18 12:03:45.370,416.6018245616165,102
2024-09-18 12:03:45.536,416.58781675820535,103
2024-09-18 12:03:45.629,416.5985191063904,14
2024-09-18 12:03:45.647,416.5838120456403,9
2024-09-18 12:03:45.659,416.588384183649,105
2024-09-18 12:03:45.662,416.5937900508281,96
2024-09-18 12:03:45.694,416.6133113498552,15
2024-09-18 12:03:45.728,416.6152713495651,9
2024-09-18 12:03:45.735,416.6476666693732,998
2024-09-18 12:03:45.789,416.5615452910709,105
2024-09-18 12:03:45.869,416.5795083873717,1001
2024-09-18 12:03:45.980,416.59297774006046,997
2024-09-18 12:03:46.007,416.5562138929034,1000
2024-09-18 12:03:46.015,416.5191542624936,995
2024-09-18 12:03:46.109,416.5532046530632,8
2024-09-18 12:03:46.131,416.536817589892,1002
2024-09-18 12:03:46.181,416.53414597159866,995
2024-09-18 12:03:46.298,416.52649324489454,999
2024-09-18 12:03:46.306,416.5640611791407,997
2024-09-18 12:03:46.316,416.514181722911,99
2024-09-18 12:03:46.339,416.5603617633137,96
2024-09-18 12:03:46.367,416.48097080680776,100
2024-09-18 12:03:46.383,416.5714786269444,8
2024-09-18 12:03:46.387,416.5648092007567,101
2024-09-18 12:03:46.410,416.5382780403261,102
2024-09-18 12:03:46.453,416.5311794403323,6
2024-09-18 12:03:46.593,416.5200091317096,1001
2024-09-18 12:03:46.596,416.5399620111897,7
2024-09-18 12:03:46.604,416.5048275660163,98
2024-09-18 12:03:46.618,416.5566550419869,99
2024-09-18 12:03:46.639,416.5505550532049,11
2024-09-18 12:03:46.719,416.5447373438583,14
2024-09-18 12:03:46.730,416.56243362595393,1005
2024-09-18 12:03:46.758,416.5564825705292,995
2024-09-18 12:03:46.767,416.50802163134256,96
2024-09-18 12:03:46.809,416.5575263397348,13
2024-09-18 12:03:46.840,416.5365508369518,8
2024-09-18 12:03:46.852,,13
2024-09-18 12:03:46.880,416.4725396690575,96
2024-09-18 12:03:46.986,416.5035109578518,6
2024-09-18 12:03:46.992,416.5240924870077,104
2024-09-18 12:03:47.031,416.4722978672257,1003
2024-09-18 12:03:47.045,416.4810675654049,14
2024-09-18 12:03:47.122,416.4697319187238,5
2024-09-18 12:03:47.262,416.47734347723815,1005
2024-09-18 12:03:47.399,416.47392664207206,103
2024-09-18 12:03:47.547,416.48044522877865,1004
2024-09-18 12:03:47.617,416.4749430163992,95
2024-09-18 12:03:47.842,416.4784214224361,997
2024-09-18 12:03:48.008,416.4811329326005,101
2024-09-18 12:03:48.023,416.4779602106244,105
2024-09-18 12:03:48.027,416.4796699655652,1005
2024-09-18 12:03:48.061,416.45891177679954,13
2024-09-18 12:03:48.077,416.5024534038553,100
2024-09-18 12:03:48.089,416.52075856480457,7
2024-09-18 12:03:48.126,416.4957827675577,103
2024-09-18 12:03:48.235,416.4835817362666,105
2024-09-18 12:03:48.533,416.4732781864382,97
2024-09-18 12:03:48.603,416.5065735299212,13
2024-09-18 12:03:48.805,416.5080119425927,102
2024-09-18 12:03:48.929,416.4784893881147,5
2024-09-18 12:03:49.034,416.51378385468433,100
2024-09-18 12:03:49.049,416.5144686909552,999
2024-09-18 12:03:49.075,416.5082743458356,1000
2024-09-18 12:03:49.075,416.528113467804,99
2024-09-18 12:03:49.137,416.49228918295927,10
2024-09-18 12:03:49.153,416.50137724455686,11
2024-09-18 12:03:49.238,416.48306259603726,101
2024-09-18 12:03:49.284,416.5514897317042,7
2024-09-18 12:03:49.298,416.5175498833726,99
2024-09-18 12:03:49.303,416.5045800693784,10
2024-09-18 12:03:49.307,416.4957407192892,104
2024-09-18 12:03:49.368,416.50196490248095,5
2024-09-18 12:03:49.371,416.4992804848481,104
2024-09-18 12:03:49.376,416.53993809169447,8
2024-09-18 12:03:49.442,416.50005844526686,8
2024-09-18 12:03:49.450,416.4757674745266,9
2024-09-18 12:03:49.452,416.5002306977951,1000
2024-09-18 12:03:49.473,416.4681090579812,105
2024-09-18 12:03:49.507,416.50599100260416,1002
2024-09-18 12:03:49.529,416.5446935539682,995
2024-09-18 12:03:49.546,416.52411735336216,104
2024-09-18 12:03:49.607,416.5057310996447,998
2024-09-18 12:03:49.625,416.4575426626819,1005
2024-09-18 12:03:49.632,416.51363010282176,99
2024-09-18 12:03:49.724,416.5127557473864,6
2024-09-18 12:03:49.768,416.4779872423008,1001
2024-09-18 12:03:49.950,416.4952282587737,99
2024-09-18 12:03:49.992,416.50363914249647,97
2024-09-18 12:03:50.020,416.3791928280838,1000
2024-09-18 12:03:50.060,416.47604434498425,10
2024-09-18 12:03:50.086,416.4483320942506,101
2024-09-18 12:03:50.102,416.34762412070967,13
2024-09-18 12:03:50.140,416.36125180128187,997
2024-09-18 12:03:50.156,416.34553338477616,10
2024-09-18 12:03:50.170,416.4434067075486,100
2024-09-18 12:03:50.209,416.3517464071893,9
2024-09-18 12:03:50.224,416.40579598017695,105
2024-09-18 12:03:50.272,416.40954613801983,998
2024-09-18 12:03:50.349,416.4210137956194,95
2024-09-18 12:03:50.367,416.386671267016,9
2024-09-18 12:03:50.377,416.4599055657576,103
2024-09-18 12:03:50.439,416.3969501245275,103
2024-09-18 12:03:50.481,416.3958358870945,103
2024-09-18 12:03:50.545,416.47398614203433,97
2024-09-18 12:03:50.562,416.3908917790749,5
2024-09-18 12:03:50.595,416.4440115080377,10
2024-09-18 12:03:50.646,416.436701241644,10
2024-09-18 12:03:50.708,416.4602110596776,103
2024-09-18 12:03:50.767,416.392480080941,105
2024-09-18 12:03:50.855,416.3610583390667,7
2024-09-18 12:03:50.876,416.4538121987509,10
2024-09-18 12:03:50.918,416.39012459407695,97
2024-09-18 12:03:50.981,416.4622139066958,6
2024-09-18 12:03:50.982,416.4620281235841,98
2024-09-18 12:03:51.015,416.3833309478335,103
2024-09-18 12:03:51.124,416.3306967040456,105
2024-09-18 12:03:51.175,416.33112876535006,104
2024-09-18 12:03:51.281,416.3898839500868,102
2024-09-18 12:03:51.297,416.378119571854,14
2024-09-18 12:03:51.494,416.3580600304838,997
2024-09-18 12:03:51.501,416.38402314922433,9
2024-09-18 12:03:51.528,416.4011532256428,5
2024-09-18 12:03:51.597,416.380756625656,1004
2024-09-18 12:03:51.788,416.37983686352914,97
2024-09-18 12:03:51.803,416.3873005901468,995
2024-09-18 12:03:51.812,416.37719856304585,995
2024-09-18 12:03:51.908,416.3813269891958,997
2024-09-18 12:03:51.927,416.3944121045464,1002
2024-09-18 12:03:51.991,416.3674697080174,996
2024-09-18 12:03:51.991,416.3411354643635,102
2024-09-18 12:03:52.205,416.3541083125952,12
2024-09-18 12:03:52.295,416.3599091388622,1004
2024-09-18 12:03:52.320,416.3814068415432,10
2024-09-18 12:03:52.384,416.3916954993799,1003
2024-09-18 12:03:52.430,416.3658914738759,1004
2024-09-18 12:03:52.516,416.376348557064,1003
2024-09-18 12:03:52.517,416.3405006556278,96
2024-09-18 12:03:52.571,416.353305242092,6
2024-09-18 12:03:52.637,416.3428864606954,997
2024-09-18 12:03:52.854,416.40359866917146,15
2024-09-18 12:03:52.870,416.3888996565766,9
2024-09-18 12:03:52.887,416.37091998895374,1002
2024-09-18 12:03:52.893,416.36584192351296,99
2024-09-18 12:03:52.903,416.377136968285,105
2024-09-18 12:03:52.948,416.3550922122038,100
2024-09-18 12:03:52.988,416.38326451179057,102
2024-09-18 12:03:53.058,416.299972261514,999
2024-09-18 12:03:53.067,416.3201189767019,104
2024-09-18 12:03:53.070,416.3258649504396,14
2024-09-18 12:03:53.135,416.3297215198273,5
2024-09-18 12:03:53.136,416.3443743288527,1001
2024-09-18 12:03:53.233,416.3427370739768,97
2024-09-18 12:03:53.313,416.32897468281135,997
2024-09-18 12:03:53.445,416.337814247338,5
2024-09-18 12:03:53.498,416.3228352393544,5
2024-09-18 12:03:53.507,416.3061990805432,97
2024-09-18 12:03:53.636,416.3193970169119,101
2024-09-18 12:03:53.684,416.3607523914856,7
2024-09-18 12:03:53.739,416.3200277322943,15
2024-09-18 12:03:53.846,416.32368922602586,7
2024-09-18 12:03:54.026,416.2580211231144,1002
2024-09-18 12:03:54.137,416.24712018030834,10
2024-09-18 12:03:54.166,416.2642311352431,95
2024-09-18 12:03:54.206,416.2618534723416,15
2024-09-18 12:03:54.215,416.25998460265,97
2024-09-18 12:03:54.343,416.2706183323393,6
2024-09-18 12:03:54.385,416.263776026574,1005
2024-09-18 12:03:54.385,416.3052987921243,5
2024-09-18 12:03:54.435,41.62596285063656,96
2024-09-18 12:03:54.705,416.2824942323607,10
2024-09-18 12:03:54.710,416.2711988897056,15
2024-09-18 12:03:54.719,416.24851849065794,14
2024-09-18 12:03:54.721,416.2626153408039,102
2024-09-18 12:03:54.747,416.2511377592326,103
2024-09-18 12:03:54.790,416.28169161357664,997
2024-09-18 12:03:54.886,416.26460318548,14
2024-09-18 12:03:54.998,416.28450604362735,5
2024-09-18 12:03:55.004,416.2464169343366,98
2024-09-18 12:03:55.007,416.2658852952049,995
2024-09-18 12:03:55.050,416.27290803776725,10
2024-09-18 12:03:55.054,416.2530671932018,7
2024-09-18 12:03:55.081,416.22516005326986,14
2024-09-18 12:03:55.119,416.2466065002268,1001
2024-09-18 12:03:55.135,416.2439091817185,10
2024-09-18 12:03:55.160,416.2650610079148,103
2024-09-18 12:03:55.178,416.2660794115506,1005
2024-09-18 12:03:55.194,416.2740101274233,5
2024-09-18 12:03:55.199,416.2675813130463,5
2024-09-18 12:03:55.237,416.2667776778608,98
2024-09-18 12:03:55.246,416.2737457528073,14
2024-09-18 12:03:55.338,416.2576656469428,11
2024-09-18 12:03:55.469,416.2745640812517,11
2024-09-18 12:03:55.529,416.257395912533,97
2024-09-18 12:03:55.570,416.2458143888052,996
2024-09-18 12:03:55.589,416.27062217153167,1003
2024-09-18 12:03:55.757,416.2666379088394,15
2024-09-18 12:03:55.831,416.24607492893415,1001
2024-09-18 12:03:55.851,416.2635433062607,101
2024-09-18 12:03:55.924,416.2845753366092,7
2024-09-18 12:03:55.957,416.2701549603081,996
2024-09-18 12:03:56.104,416.16565498689215,11
2024-09-18 12:03:56.189,416.1485301159476,96
2024-09-18 12:03:56.248,416.2035461478972,105
2024-09-18 12:03:56.281,416.2142629679464,1005
2024-09-18 12:03:56.355,416.2518553101001,999
2024-09-18 12:03:56.485,416.155197390934,95
2024-09-18 12:03:56.530,416.2684342822895,996
2024-09-18 12:03:56.560,416.27207780944354,6
2024-09-18 12:03:56.627,416.1713876891532,1001
2024-09-18 12:03:56.654,416.1811323141624,98
2024-09-18 12:03:56.786,416.226003159648,103
2024-09-18 12:03:56.803,416.20126986330513,99
2024-09-18 12:03:56.845,416.2308134806236,997
2024-09-18 12:03:56.902,416.1564002323231,100
2024-09-18 12:03:57.108,416.1542820728627,5
2024-09-18 12:03:57.149,416.15045044245375,98
2024-09-18 12:03:57.344,416.18702377189805,1005
2024-09-18 12:03:57.414,416.1638372828789,97
2024-09-18 12:03:57.450,416.1541982370775,996
2024-09-18 12:03:57.493,416.1594350767877,13
2024-09-18 12:03:57.634,416.1619074969621,101
2024-09-18 12:03:57.640,416.1661816890844,998
2024-09-18 12:03:57.723,416.1659496288797,995
2024-09-18 12:03:57.916,416.16935275628265,1001
2024-09-18 12:03:58.017,416.1838905376116,1003
2024-09-18 12:03:58.042,416.1711869630568,996
2024-09-18 12:03:58.124,416.1743395493836,97
2024-09-18 12:03:58.206,416.1748034332255,996
2024-09-18 12:03:58.245,416.1623330446222,104
2024-09-18 12:03:58.257,416.1942600182029,999
2024-09-18 12:03:58.269,416.159630160808,99
2024-09-18 12:03:58.396,416.1692047981833,14
2024-09-18 12:03:58.438,416.18071083841016,5
2024-09-18 12:03:58.485,416.1744787803255,95
2024-09-18 12:03:58.514,416.16866292138417,100
2024-09-18 12:03:58.550,416.15943822266814,1002
2024-09-18 12:03:58.598,416.1770917048945,996
2024-09-18 12:03:58.621,416.1465298727513,101
2024-09-18 12:03:58.642,416.1712923030393,7
2024-09-18 12:03:58.711,416.17899507811495,13
2024-09-18 12:03:58.736,416.18423585967525,95
2024-09-18 12:03:58.774,416.16737859555326,105
2024-09-18 12:03:58.789,416.1763545400595,997
2024-09-18 12:03:58.866,416.185310502726,1005
2024-09-18 12:03:58.914,416.1682991514836,99
2024-09-18 12:03:58.964,416.1598275674161,99
2024-09-18 12:03:58.981,416.17792966725176,9
2024-09-18 12:03:58.992,416.17656415527006,1004
2024-09-18 12:03:59.002,416.1202558107194,13
2024-09-18 12:03:59.046,416.1517035703242,105
2024-09-18 12:03:59.104,416.1345128033095,14
2024-09-18 12:03:59.137,416.1395542466576,101
2024-09-18 12:03:59.171,416.18913356220537,1003
2024-09-18 12:03:59.180,416.1225646539513,997
2024-09-18 12:03:59.216,416.1368874558309,1003
2024-09-18 12:03:59.251,416.1307991625287,102
2024-09-18 12:03:59.255,416.1511211246776,99
2024-09-18 12:03:59.276,416.1180294580731,7
2024-09-18 12:03:59.304,-416.1516381093477,1000
2024-09-18 12:03:59.311,416.1210604435757,1000
2024-09-18 12:03:59.350,416.12717449557897,1004
2024-09-18 12:03:59.370,416.1353880175189,1002
2024-09-18 12:03:59.479,416.1252254187481,1001
2024-09-18 12:03:59.512,416.15217526990426,8
2024-09-18 12:03:59.599,416.1119576169967,98
2024-09-18 12:03:59.602,416.1368680503723,102
2024-09-18 12:03:59.610,416.1229895576139,12
2024-09-18 12:03:59.614,416.1212093196426,1000
2024-09-18 12:03:59.755,416.1504166677213,98
2024-09-18 12:03:59.755,416.1569821676762,102
2024-09-18 12:03:59.775,416.1379573140166,995
2024-09-18 12:03:59.809,416.1229190833647,8
2024-09-18 12:03:59.833,416.1413413851716,999
2024-09-18 12:03:59.972,416.11930076921095,1003
