Timestamp,Price,Size
2024-09-17 11:29:00.071,-416.1122116090598,10
2024-09-17 11:29:00.614,416.10922320123416,1001
2024-09-17 11:29:01.025,416.10609234025,1003
2024-09-17 11:29:01.026,416.0989753230229,1004
2024-09-17 11:29:01.078,416.0120164813077,103
2024-09-17 11:29:01.097,416.1050070185465,100
2024-09-17 11:29:01.123,416.097052570561,104
2024-09-17 11:29:01.125,416.1180697989636,1002
2024-09-17 11:29:01.128,416.0418913979961,97
2024-09-17 11:29:01.167,416.10414410442127,95
2024-09-17 11:29:01.183,416.02646047534296,96
2024-09-17 11:29:01.268,416.0613568303725,104
2024-09-17 11:29:01.316,416.0441316622509,11
2024-09-17 11:29:01.333,416.1013312570167,96
2024-09-17 11:29:01.358,416.1067642131341,8
2024-09-17 11:29:01.525,416.0424386173026,9
2024-09-17 11:29:01.573,416.1121022130668,10
2024-09-17 11:29:01.575,415.9790255258577,5
2024-09-17 11:29:01.671,415.9859519810435,14
2024-09-17 11:29:01.682,416.0988670037285,8
2024-09-17 11:29:01.685,415.9761174601637,996
2024-09-17 11:29:01.702,416.1101818477725,104
2024-09-17 11:29:01.737,416.11270170416367,11
2024-09-17 11:29:01.838,416.0817868932841,100
2024-09-17 11:29:01.926,416.1173350457596,104
2024-09-17 11:29:01.936,416.0406144928396,996
2024-09-17 11:29:01.951,416.0264477786333,7
2024-09-17 11:29:02.036,415.96914746410425,100
2024-09-17 11:29:02.307,415.9770568379262,1002
2024-09-17 11:29:02.507,415.9857411034611,102
2024-09-17 11:29:02.517,415.9698765367264,105
2024-09-17 11:29:02.651,415.96106527962206,1000
2024-09-17 11:29:02.653,416.0080100706893,5
2024-09-17 11:29:02.744,416.0113111022517,100
2024-09-17 11:29:02.766,416.0095262451082,1005
2024-09-17 11:29:02.818,416.0107474406362,1004
2024-09-17 11:29:02.823,416.02285448190105,1001
2024-09-17 11:29:02.886,415.9829403743215,99
2024-09-17 11:29:02.918,416.0157119345655,7
2024-09-17 11:29:02.977,416.0278023376448,1002
2024-09-17 11:29:02.995,415.9851646654853,5
2024-09-17 11:29:03.075,415.91256397687306,1002
2024-09-17 11:29:03.134,415.9057908869541,6
2024-09-17 11:29:03.139,415.9445426109842,10
2024-09-17 11:29:03.169,415.8808474487767,1003
2024-09-17 11:29:03.240,415.9556618728759,996
2024-09-17 11:29:03.280,415.9116604717924,103
2024-09-17 11:29:03.398,415.8828183529918,96
2024-09-17 11:29:03.407,415.9019641706946,102
2024-09-17 11:29:03.492,415.8849456476539,103
2024-09-17 11:29:03.507,415.9238279994549,103
2024-09-17 11:29:03.568,415.8916297807648,9
2024-09-17 11:29:03.596,415.9298091316227,1002
2024-09-17 11:29:03.627,415.9001194939629,1001
2024-09-17 11:29:03.688,415.9418316088944,11
2024-09-17 11:29:03.747,415.9579185068854,1003
2024-09-17 11:29:03.833,415.89126900226734,1001
2024-09-17 11:29:03.838,415.9423885763647,1003
2024-09-17 11:29:03.840,415.90480038239895,11
2024-09-17 11:29:03.843,415.93643741997465,101
2024-09-17 11:29:03.854,415.8766391464994,101
2024-09-17 11:29:03.867,415.8889444559956,1001
2024-09-17 11:29:03.898,415.9357378352743,1005
2024-09-17 11:29:03.979,415.8894329671888,96
2024-09-17 11:29:04.003,415.9490337505264,100
2024-09-17 11:29:04.011,415.9567141317805,7
2024-09-17 11:29:04.039,415.9716463632534,995
2024-09-17 11:29:04.177,415.9518067308277,1004
2024-09-17 11:29:04.236,415.9527958150174,102
2024-09-17 11:29:04.347,415.9177216427317,105
2024-09-17 11:29:04.439,415.9601644340416,1002
2024-09-17 11:29:04.452,415.95840670265056,103
2024-09-17 11:29:04.454,415.9452073279242,1002
2024-09-17 11:29:04.522,415.96470624208285,9
2024-09-17 11:29:04.581,415.941587732826,100
2024-09-17 11:29:04.612,415.9601723368589,5
2024-09-17 11:29:04.711,415.96623484001344,105
2024-09-17 11:29:04.850,415.9743948465191,1000
2024-09-17 11:29:04.872,415.96931998951607,6
2024-09-17 11:29:04.973,415.9685447002116,998
2024-09-17 11:29:05.135,415.91529890228713,97
2024-09-17 11:29:05.250,415.90620909513206,13
2024-09-17 11:29:05.270,415.9037823885798,1002
2024-09-17 11:29:05.288,415.9000558602592,1003
2024-09-17 11:29:05.309,415.9419803956114,12
2024-09-17 11:29:05.338,415.9515809362511,15
2024-09-17 11:29:05.349,415.9074522156737,100
2024-09-17 11:29:05.403,415.92098536079607,101
2024-09-17 11:29:05.430,415.9135879183283,7
2024-09-17 11:29:05.482,415.9451397668975,105
2024-09-17 11:29:05.492,415.8962981614621,10
2024-09-17 11:29:05.508,415.9125631129989,999
2024-09-17 11:29:05.532,415.87664241882914,997
2024-09-17 11:29:05.566,415.8995205216871,95
2024-09-17 11:29:05.584,415.8934574673212,13
2024-09-17 11:29:05.596,415.9459620688579,11
2024-09-17 11:29:05.625,415.9274500297908,996
2024-09-17 11:29:05.669,415.91113493603547,8
2024-09-17 11:29:05.670,415.922423164172,14
2024-09-17 11:29:05.684,415.9031667586109,102
2024-09-17 11:29:05.705,415.9288992213405,14
2024-09-17 11:29:05.770,415.9542532481881,99
2024-09-17 11:29:05.832,415.92553810301416,999
2024-09-17 11:29:05.966,415.9173388593869,999
2024-09-17 11:29:06.188,415.9319369852024,10
2024-09-17 11:29:06.264,415.8915578579296,104
2024-09-17 11:29:06.390,415.9085279318652,8
2024-09-17 11:29:06.413,415.9231812898586,998
2024-09-17 11:29:06.432,415.8621512213544,1004
2024-09-17 11:29:06.481,415.8946230947998,103
2024-09-17 11:29:06.527,415.8989558525399,98
2024-09-17 11:29:06.631,415.921982831228,12
2024-09-17 11:29:06.755,415.91578574902735,1001
2024-09-17 11:29:06.838,415.8824089958286,14
2024-09-17 11:29:06.840,415.9000717352444,12
2024-09-17 11:29:06.905,415.9008548394498,13
2024-09-17 11:29:06.920,415.954547742484,9
2024-09-17 11:29:06.974,415.8879296945447,1003
2024-09-17 11:29:07.124,415.9508508465149,5
2024-09-17 11:29:07.172,415.95798788899776,1005
2024-09-17 11:29:07.992,415.9553975044117,96
2024-09-17 11:29:08.028,415.9611355261304,5
2024-09-17 11:29:08.034,415.9858267988467,100
2024-09-17 11:29:08.056,415.9497794521703,8
2024-09-17 11:29:08.104,415.9516563352256,1002
2024-09-17 11:29:08.119,415.9405451618662,96
2024-09-17 11:29:08.312,415.9754688219184,996
2024-09-17 11:29:08.321,415.95749888385023,8
2024-09-17 11:29:08.350,415.9596297206778,11
2024-09-17 11:29:08.384,415.97540332335535,7
2024-09-17 11:29:08.524,415.9561467394578,1004
2024-09-17 11:29:09.038,415.9847877635968,995
2024-09-17 11:29:09.054,415.95783555591584,100
2024-09-17 11:29:09.110,415.9915286119394,98
2024-09-17 11:29:09.139,415.9791603453308,1004
2024-09-17 11:29:09.168,415.9674316982316,104
2024-09-17 11:29:09.183,415.9804005271073,15
2024-09-17 11:29:09.195,415.9725971655952,97
2024-09-17 11:29:09.252,415.9716289231292,1004
2024-09-17 11:29:09.270,416.0179285856078,1005
2024-09-17 11:29:09.329,416.00468277850746,6
2024-09-17 11:29:09.388,415.9701151892198,97
2024-09-17 11:29:09.420,415.9938783315093,13
2024-09-17 11:29:09.517,415.98418863411007,98
2024-09-17 11:29:09.559,415.96563315989823,1003
2024-09-17 11:29:09.569,415.9862346134343,10
2024-09-17 11:29:09.646,415.9719426877908,9
2024-09-17 11:29:09.699,41.59459625446556,10
2024-09-17 11:29:09.730,415.9491734708165,995
2024-09-17 11:29:09.778,415.9594108022599,10
2024-09-17 11:29:09.784,416.0023564406357,104
2024-09-17 11:29:09.839,415.9772294108782,97
2024-09-17 11:29:09.839,415.9683143752597,99
2024-09-17 11:29:09.935,415.95805081538816,7
2024-09-17 11:29:09.957,415.9521006935949,9
2024-09-17 11:29:10.064,416.0128877550245,9
2024-09-17 11:29:10.156,415.9929216583993,995
2024-09-17 11:29:10.223,415.9996344901684,102
2024-09-17 11:29:10.225,415.9996288900292,14
2024-09-17 11:29:10.362,415.99076429899895,12
2024-09-17 11:29:10.440,415.9981439014626,1000
2024-09-17 11:29:10.720,415.9895040090729,5
2024-09-17 11:29:11.490,416.00767176177993,997
2024-09-17 11:29:11.991,416.00439500654704,99
2024-09-17 11:29:12.031,416.0208345416074,999
2024-09-17 11:29:12.075,416.0390246378752,6
2024-09-17 11:29:12.099,416.0327101378982,997
2024-09-17 11:29:12.106,415.9967206070909,1002
2024-09-17 11:29:12.132,416.0180170710983,995
2024-09-17 11:29:12.186,416.0312126628305,1001
2024-09-17 11:29:12.226,416.0006631660894,103
2024-09-17 11:29:12.285,415.9894804478697,7
2024-09-17 11:29:12.318,416.0087014568259,96
2024-09-17 11:29:12.377,416.028762013982,13
2024-09-17 11:29:12.428,416.0103625798072,9
2024-09-17 11:29:12.439,416.02688628900194,9
2024-09-17 11:29:12.451,416.0344228678871,7
2024-09-17 11:29:12.755,416.0289446037567,102
2024-09-17 11:29:12.777,415.9925206490932,996
2024-09-17 11:29:12.782,416.0389559924066,1002
2024-09-17 11:29:12.785,416.040314953347,100
2024-09-17 11:29:12.809,416.0072553584187,1004
2024-09-17 11:29:13.133,416.03489465535233,14
2024-09-17 11:29:13.267,416.02400372173,7
2024-09-17 11:29:13.393,416.02777298925054,5
2024-09-17 11:29:13.495,416.0313189567746,8
2024-09-17 11:29:13.506,416.0092477998288,5
2024-09-17 11:29:13.510,416.0587021503465,100
2024-09-17 11:29:13.615,416.0454906927875,1001
2024-09-17 11:29:13.679,416.0451654286013,7
2024-09-17 11:29:13.704,416.0228018914425,1002
2024-09-17 11:29:13.743,416.0629913962338,9
2024-09-17 11:29:13.745,416.0199614482865,99
2024-09-17 11:29:13.880,416.01854837457614,105
2024-09-17 11:29:13.964,416.0703605336318,14
2024-09-17 11:29:14.004,416.0089785523446,5
2024-09-17 11:29:14.046,415.9905929976706,997
2024-09-17 11:29:14.092,416.0218469700837,1000
2024-09-17 11:29:14.199,416.0110220586686,1003
2024-09-17 11:29:14.303,416.0010346077776,12
2024-09-17 11:29:14.452,416.002120293566,996
2024-09-17 11:29:14.455,415.9837039237044,95
2024-09-17 11:29:14.615,416.0212633594183,7
2024-09-17 11:29:15.422,416.0162862927159,5
2024-09-17 11:29:15.508,416.0184331289527,105
2024-09-17 11:29:16.354,416.0302585775459,14
2024-09-17 11:29:16.540,416.00503865546926,998
2024-09-17 11:29:16.734,416.0227009467755,12
2024-09-17 11:29:17.004,415.9928312159904,15
2024-09-17 11:29:17.051,416.001258402389,1000
2024-09-17 11:29:17.161,415.9956987156332,15
2024-09-17 11:29:17.215,415.9990238461833,1002
2024-09-17 11:29:17.245,416.0385803354813,98
2024-09-17 11:29:17.267,416.0390105453638,13
2024-09-17 11:29:17.286,416.000334237644,1005
2024-09-17 11:29:17.324,416.0202610675001,1005
2024-09-17 11:29:17.355,416.0442950325049,98
2024-09-17 11:29:17.383,416.0186885857584,7
2024-09-17 11:29:17.416,415.99743427225866,996
2024-09-17 11:29:17.474,416.01220586674697,101
2024-09-17 11:29:17.504,416.0073822657564,12
2024-09-17 11:29:17.617,416.029004571669,997
2024-09-17 11:29:17.620,415.9954610605792,999
2024-09-17 11:29:17.736,416.00103195275096,13
2024-09-17 11:29:17.787,416.0367211168753,1000
2024-09-17 11:29:17.805,416.0229378389335,95
2024-09-17 11:29:17.840,416.0073944254747,1004
2024-09-17 11:29:17.910,416.0359433348681,999
2024-09-17 11:29:17.946,416.00275389758457,102
2024-09-17 11:29:17.952,416.0412170672879,997
2024-09-17 11:29:17.998,416.01879506612846,5
2024-09-17 11:29:18.001,416.0213377253841,11
2024-09-17 11:29:18.006,416.031521971706,1005
2024-09-17 11:29:18.044,416.0135169422623,1000
2024-09-17 11:29:18.051,416.02337708178464,96
2024-09-17 11:29:18.056,416.0111757216416,98
2024-09-17 11:29:18.112,416.02170508771405,99
2024-09-17 11:29:18.154,416.0318469893135,103
2024-09-17 11:29:18.220,416.0248364189435,104
2024-09-17 11:29:18.363,416.0134196460051,1004
2024-09-17 11:29:18.371,416.0227617068384,105
2024-09-17 11:29:18.381,416.0166145299183,104
2024-09-17 11:29:18.440,416.02678968620927,997
2024-09-17 11:29:18.504,416.01741423430434,100
2024-09-17 11:29:18.587,416.0193793207929,995
2024-09-17 11:29:18.666,416.0524736727004,103
2024-09-17 11:29:18.677,416.0076755572789,97
2024-09-17 11:29:18.752,416.0307195678663,997
2024-09-17 11:29:18.761,416.01823131853854,104
2024-09-17 11:29:18.772,416.02666098672654,9
2024-09-17 11:29:18.788,416.0307728129233,1005
2024-09-17 11:29:18.840,416.0118714472399,15
2024-09-17 11:29:18.853,416.0407812214944,98
2024-09-17 11:29:18.864,416.0014105144614,99
2024-09-17 11:29:18.866,416.0006012977783,95
2024-09-17 11:29:18.904,416.0594828124031,104
2024-09-17 11:29:18.947,416.0310396116895,95
2024-09-17 11:29:18.991,416.0207764566232,98
2024-09-17 11:29:19.181,416.01615273603295,6
2024-09-17 11:29:19.218,416.02034620311366,996
2024-09-17 11:29:19.951,416.02703978378656,101
2024-09-17 11:29:20.178,416.047924865406,104
2024-09-17 11:29:20.228,416.0338931550006,11
2024-09-17 11:29:20.310,416.02969206276697,997
2024-09-17 11:29:20.377,416.0303082354757,15
2024-09-17 11:29:20.428,416.0274286196588,996
2024-09-17 11:29:20.489,416.017968486483,1000
2024-09-17 11:29:20.622,416.0079922880412,1001
2024-09-17 11:29:20.632,416.03300177799485,1003
2024-09-17 11:29:20.735,416.0225604999626,12
2024-09-17 11:29:20.908,416.0138605039329,97
2024-09-17 11:29:21.089,416.04270345809465,13
2024-09-17 11:29:21.150,416.047656092896,104
2024-09-17 11:29:21.157,416.015206701816,13
2024-09-17 11:29:21.343,416.0082007452117,104
2024-09-17 11:29:21.361,-416.0302524554532,104
2024-09-17 11:29:21.377,416.0262428268233,1003
2024-09-17 11:29:21.393,416.0292870832192,995
2024-09-17 11:29:21.408,415.9701151444284,97
2024-09-17 11:29:21.609,416.0243043298892,8
2024-09-17 11:29:21.685,416.0281588643816,103
2024-09-17 11:29:21.689,,1005
2024-09-17 11:29:21.759,416.0149051013389,7
2024-09-17 11:29:21.764,415.9821597544564,6
2024-09-17 11:29:21.814,416.0079969812923,1004
2024-09-17 11:29:21.893,416.00832425280873,1000
2024-09-17 11:29:21.895,415.9806160357769,996
2024-09-17 11:29:21.900,416.0037199589678,95
2024-09-17 11:29:21.997,416.0173232605245,100
2024-09-17 11:29:22.061,416.0397880881741,11
2024-09-17 11:29:22.103,416.1228260761194,7
2024-09-17 11:29:22.116,416.1527971867281,7
2024-09-17 11:29:22.126,416.115072088144,998
2024-09-17 11:29:22.132,416.10835624416393,1002
2024-09-17 11:29:22.159,416.10713656535967,1003
2024-09-17 11:29:22.241,416.1412575075063,103
2024-09-17 11:29:22.243,416.11535397104336,104
2024-09-17 11:29:22.258,416.1513067608369,1002
2024-09-17 11:29:22.261,416.0421236842466,9
2024-09-17 11:29:22.267,416.1088135011706,99
2024-09-17 11:29:22.323,416.1190226887239,101
2024-09-17 11:29:22.369,416.07674847689736,104
2024-09-17 11:29:22.414,416.1106415426468,10
2024-09-17 11:29:22.448,416.115499371353,5
2024-09-17 11:29:22.535,416.1440001160375,98
2024-09-17 11:29:22.562,416.0562290658359,14
2024-09-17 11:29:22.569,416.1598530585647,1005
2024-09-17 11:29:22.625,416.16327242516974,100
2024-09-17 11:29:22.632,416.1170349313612,5
2024-09-17 11:29:22.634,416.15971801750464,104
2024-09-17 11:29:22.660,416.1023910131013,10
2024-09-17 11:29:22.664,-416.1297549922348,995
2024-09-17 11:29:22.791,416.01997163854736,8
2024-09-17 11:29:22.792,416.1422299256365,100
2024-09-17 11:29:22.804,416.059653140391,98
2024-09-17 11:29:22.930,416.1607014606241,97
2024-09-17 11:29:22.964,416.07988176558274,998
2024-09-17 11:29:22.997,416.098519703625,995
2024-09-17 11:29:23.027,416.03294595693393,97
2024-09-17 11:29:23.055,416.1404062684343,98
2024-09-17 11:29:23.144,416.1339844978249,102
2024-09-17 11:29:23.293,416.1473648922064,5
2024-09-17 11:29:23.300,416.0924499787434,103
2024-09-17 11:29:23.318,416.1433699535722,101
2024-09-17 11:29:23.428,416.0562212165999,12
2024-09-17 11:29:23.429,416.0947967084059,12
2024-09-17 11:29:23.549,416.0703559712926,11
2024-09-17 11:29:23.681,416.089900516911,5
2024-09-17 11:29:23.687,416.1333079919152,7
2024-09-17 11:29:23.872,416.127395842258,1002
2024-09-17 11:29:23.978,416.0631637140531,105
2024-09-17 11:29:23.994,416.15715200151055,12
2024-09-17 11:29:23.997,416.0874205684184,98
2024-09-17 11:29:24.055,415.9827145003844,12
2024-09-17 11:29:24.099,416.0374392321804,998
2024-09-17 11:29:24.102,416.017431378978,95
2024-09-17 11:29:24.113,416.0055906940484,1005
2024-09-17 11:29:24.150,416.0183846470448,15
2024-09-17 11:29:24.283,416.0382201540153,1003
2024-09-17 11:29:24.411,416.0270615857267,995
2024-09-17 11:29:24.439,416.0365216764788,1003
2024-09-17 11:29:24.701,416.0550781209599,1001
2024-09-17 11:29:24.723,416.0112862730128,98
2024-09-17 11:29:24.724,416.0436704684257,1001
2024-09-17 11:29:24.758,416.0577922670346,997
2024-09-17 11:29:24.769,416.02098749402006,11
2024-09-17 11:29:24.812,416.0186957352073,9
2024-09-17 11:29:24.882,416.0337097394574,98
2024-09-17 11:29:24.884,416.0334860937939,7
2024-09-17 11:29:24.896,416.0199953160076,10
2024-09-17 11:29:24.934,416.0314050369769,1001
2024-09-17 11:29:24.969,416.0157898123753,995
2024-09-17 11:29:24.991,416.0008735431173,1000
2024-09-17 11:29:24.992,416.0327123331192,5
2024-09-17 11:29:25.033,416.0584953263146,5
2024-09-17 11:29:25.045,416.0441248855077,1001
2024-09-17 11:29:25.147,416.0383161709628,13
2024-09-17 11:29:25.205,416.0476900731218,1001
2024-09-17 11:29:25.225,416.06076152396776,15
2024-09-17 11:29:25.305,416.0652696473374,10
2024-09-17 11:29:25.355,416.0668110101674,1002
2024-09-17 11:29:25.430,416.08550538232623,7
2024-09-17 11:29:25.471,416.0519111692092,95
2024-09-17 11:29:25.499,41.60333582658349,7
2024-09-17 11:29:25.509,416.0690458519872,100
2024-09-17 11:29:25.511,416.06669050514864,99
2024-09-17 11:29:25.525,416.0558946913556,105
2024-09-17 11:29:25.530,416.0316679169053,7
2024-09-17 11:29:25.537,416.0481648479423,996
2024-09-17 11:29:25.547,416.0502635747254,101
2024-09-17 11:29:25.547,416.0524388152799,1000
2024-09-17 11:29:25.669,416.0656638915731,996
2024-09-17 11:29:25.805,416.0804849709494,1003
2024-09-17 11:29:25.849,416.056033065249,10
2024-09-17 11:29:25.921,416.04320156311854,1003
2024-09-17 11:29:26.048,416.0958476390351,7
2024-09-17 11:29:26.196,416.0859910096386,14
2024-09-17 11:29:26.197,416.1583720501284,96
2024-09-17 11:29:26.211,416.1349063457648,998
2024-09-17 11:29:26.358,416.153728326097,14
2024-09-17 11:29:26.372,416.13197902914334,98
2024-09-17 11:29:26.373,416.10135771787697,1003
2024-09-17 11:29:26.375,416.14149831274335,1001
2024-09-17 11:29:26.436,416.1485258561482,14
2024-09-17 11:29:26.448,416.1010798239929,10
2024-09-17 11:29:26.476,416.15636211819566,13
2024-09-17 11:29:26.554,416.1341446178912,97
2024-09-17 11:29:26.623,416.1498023123264,97
2024-09-17 11:29:26.668,416.11422564986543,1005
2024-09-17 11:29:26.673,41.61055337471837,998
2024-09-17 11:29:26.939,416.1288165808376,6
2024-09-17 11:29:27.003,416.2213968973732,1003
2024-09-17 11:29:27.016,416.20632379478513,995
2024-09-17 11:29:27.043,416.1871484664307,7
2024-09-17 11:29:27.059,416.2107178571808,998
2024-09-17 11:29:27.068,416.19865205477936,13
2024-09-17 11:29:27.199,416.149001626884,8
2024-09-17 11:29:27.201,416.2261105633672,101
2024-09-17 11:29:27.231,416.129422348008,105
2024-09-17 11:29:27.294,416.1730528087955,97
2024-09-17 11:29:27.343,416.1653005572263,15
2024-09-17 11:29:27.375,416.17724987703065,999
2024-09-17 11:29:27.399,416.16010278708126,1001
2024-09-17 11:29:27.416,416.2223643567368,997
2024-09-17 11:29:27.440,416.2100014497787,6
2024-09-17 11:29:27.447,416.159197140117,995
2024-09-17 11:29:27.481,416.20745455813193,7
2024-09-17 11:29:27.498,416.2225330637766,1005
2024-09-17 11:29:27.520,416.19395311194336,102
2024-09-17 11:29:27.596,416.1549066289772,998
2024-09-17 11:29:27.609,416.1467165827349,999
2024-09-17 11:29:27.620,416.1983389205794,9
2024-09-17 11:29:27.675,416.2117786349824,7
2024-09-17 11:29:27.675,416.1506193730563,1004
2024-09-17 11:29:27.792,416.1859671204798,9
2024-09-17 11:29:27.888,416.1953314254969,1000
2024-09-17 11:29:27.927,416.215329381403,101
2024-09-17 11:29:27.938,416.18983282921903,13
2024-09-17 11:29:27.979,416.1390584367715,97
2024-09-17 11:29:27.996,416.1799226112501,102
2024-09-17 11:29:28.029,416.2028501277095,103
2024-09-17 11:29:28.038,416.22614056705777,999
2024-09-17 11:29:28.163,416.2479532004113,103
2024-09-17 11:29:28.420,416.180815200492,102
2024-09-17 11:29:28.547,416.1758040997832,103
2024-09-17 11:29:28.738,416.20287995934495,15
2024-09-17 11:29:28.762,416.2090673033463,13
2024-09-17 11:29:28.843,416.1918755837413,996
2024-09-17 11:29:28.881,416.2293857214951,1000
2024-09-17 11:29:29.013,416.2315979440386,995
2024-09-17 11:29:29.013,416.2281337756135,14
2024-09-17 11:29:29.107,416.2645774527944,95
2024-09-17 11:29:29.129,416.29817657985774,11
2024-09-17 11:29:29.278,416.2335092533641,15
2024-09-17 11:29:29.397,416.24893796438096,98
2024-09-17 11:29:29.421,416.2791685569121,999
2024-09-17 11:29:29.468,416.2209798443413,8
2024-09-17 11:29:29.540,416.253338385206,96
2024-09-17 11:29:29.555,416.279830023941,1000
2024-09-17 11:29:29.570,416.2120812488516,1000
2024-09-17 11:29:29.571,416.2142150254344,11
2024-09-17 11:29:29.573,416.2661408582349,99
2024-09-17 11:29:29.598,416.2384637305602,101
2024-09-17 11:29:29.609,416.2278870451979,7
2024-09-17 11:29:29.653,416.2608450414168,102
2024-09-17 11:29:29.656,416.2120075402543,15
2024-09-17 11:29:29.713,416.2350096499113,5
2024-09-17 11:29:29.753,416.2380962651535,12
2024-09-17 11:29:29.765,416.2173589960001,15
2024-09-17 11:29:29.830,416.2303115405836,12
2024-09-17 11:29:29.879,416.27711170866536,102
2024-09-17 11:29:29.966,416.24224455247776,12
2024-09-17 11:29:30.022,416.2528145481741,998
2024-09-17 11:29:30.072,416.2519042690964,96
2024-09-17 11:29:30.222,416.24120598168713,1003
2024-09-17 11:29:30.302,416.2407789133333,97
2024-09-17 11:29:30.304,416.24329176869617,95
2024-09-17 11:29:30.394,-416.2526354623529,15
2024-09-17 11:29:30.415,416.2340038748903,104
2024-09-17 11:29:30.482,416.270864578186,15
2024-09-17 11:29:30.516,416.2513913353685,99
2024-09-17 11:29:30.557,416.2456946984464,8
2024-09-17 11:29:30.633,416.23652522435617,7
2024-09-17 11:29:30.657,416.2458132097456,103
2024-09-17 11:29:30.674,416.2338032382736,101
2024-09-17 11:29:30.876,416.2319390182817,996
2024-09-17 11:29:30.891,416.2388121955355,103
2024-09-17 11:29:30.931,416.25437992401606,104
2024-09-17 11:29:31.019,416.22998628594905,104
2024-09-17 11:29:31.050,416.2260939293968,1005
2024-09-17 11:29:31.243,416.2427494609205,105
2024-09-17 11:29:31.297,416.249589051744,5
2024-09-17 11:29:31.370,416.2650267252478,1000
2024-09-17 11:29:31.404,416.2486547169151,95
2024-09-17 11:29:31.413,416.244643481318,996
2024-09-17 11:29:31.452,416.255217977818,1000
2024-09-17 11:29:31.534,416.2532123397557,5
2024-09-17 11:29:31.546,416.2263007684599,8
2024-09-17 11:29:31.668,416.2703324706836,104
2024-09-17 11:29:31.755,416.258938657761,97
2024-09-17 11:29:31.806,416.265886379174,1001
2024-09-17 11:29:31.915,416.257917603303,10
2024-09-17 11:29:31.984,416.258427000991,8
2024-09-17 11:29:32.208,416.22095790791576,6
2024-09-17 11:29:32.254,416.1697672411513,996
2024-09-17 11:29:32.278,416.1929775490685,96
2024-09-17 11:29:32.279,416.18664539067225,97
2024-09-17 11:29:32.293,416.2321763549347,1000
2024-09-17 11:29:32.361,416.2285751404214,1003
2024-09-17 11:29:32.366,416.1840898782373,13
2024-09-17 11:29:32.392,416.23078653651646,1005
2024-09-17 11:29:32.420,416.1802317364945,1001
2024-09-17 11:29:32.500,416.2144510381027,10
2024-09-17 11:29:32.501,416.1784532808675,9
2024-09-17 11:29:32.517,416.21515715274313,95
2024-09-17 11:29:32.758,416.2235172057219,998
2024-09-17 11:29:32.777,416.2174266324052,8
2024-09-17 11:29:32.876,416.1933177182482,102
2024-09-17 11:29:32.892,416.1757684510118,999
2024-09-17 11:29:32.900,416.21475671017146,10
2024-09-17 11:29:32.964,416.206615828372,14
2024-09-17 11:29:33.007,416.2079673881176,105
2024-09-17 11:29:33.031,416.2183988504359,8
2024-09-17 11:29:33.053,416.2194754249789,103
2024-09-17 11:29:33.069,416.1733907598722,97
2024-09-17 11:29:33.070,416.1881173874906,7
2024-09-17 11:29:33.101,416.1814279254309,99
2024-09-17 11:29:33.160,416.2067719871951,12
2024-09-17 11:29:33.226,416.2164424698352,998
2024-09-17 11:29:33.236,-416.1819672106244,995
2024-09-17 11:29:33.370,416.17626956718647,11
2024-09-17 11:29:33.412,416.17436131969737,1002
2024-09-17 11:29:33.535,416.225470028186,14
2024-09-17 11:29:33.586,416.2282089609126,5
2024-09-17 11:29:33.788,416.2200336282451,10
2024-09-17 11:29:33.797,416.1765420222017,1004
2024-09-17 11:29:33.847,416.2115135143182,14
2024-09-17 11:29:33.873,416.2230657896085,11
2024-09-17 11:29:33.913,416.2045829007811,95
2024-09-17 11:29:33.939,416.2113177789341,12
2024-09-17 11:29:33.965,416.2133759959536,97
2024-09-17 11:29:33.983,416.1959857877672,15
2024-09-17 11:29:34.085,416.2201656179826,1004
2024-09-17 11:29:34.173,416.2282692018424,1005
2024-09-17 11:29:34.229,416.287343836111,1001
2024-09-17 11:29:34.278,416.2244473424454,1000
2024-09-17 11:29:34.963,416.2750608750637,7
2024-09-17 11:29:35.096,416.2329354485967,11
2024-09-17 11:29:35.358,416.2533625399181,102
2024-09-17 11:29:35.476,416.27238502462296,1004
2024-09-17 11:29:35.494,416.2742703917714,100
2024-09-17 11:29:35.643,416.2336455270157,1001
2024-09-17 11:29:35.817,416.23782640969125,15
2024-09-17 11:29:36.008,416.266684685954,1003
2024-09-17 11:29:36.104,416.3292222011662,15
2024-09-17 11:29:36.125,416.3518917364741,99
2024-09-17 11:29:36.166,416.23587621782826,96
2024-09-17 11:29:36.271,416.2607857538688,7
2024-09-17 11:29:36.272,416.26189161899913,13
2024-09-17 11:29:36.334,416.2427978937636,101
2024-09-17 11:29:36.604,416.3152055945198,99
2024-09-17 11:29:36.640,416.2331559254704,997
2024-09-17 11:29:36.691,416.2314620900957,97
2024-09-17 11:29:36.720,416.2423211750647,1000
2024-09-17 11:29:36.767,41.629858185131496,96
2024-09-17 11:29:37.002,416.3330130565556,104
2024-09-17 11:29:37.153,416.3421380876878,999
2024-09-17 11:29:37.307,416.34619833906186,997
2024-09-17 11:29:37.308,416.3542799492172,1004
2024-09-17 11:29:37.496,416.3743128169236,998
2024-09-17 11:29:37.556,416.35295433324586,97
2024-09-17 11:29:37.628,416.366400875974,15
2024-09-17 11:29:37.758,416.373948015094,105
2024-09-17 11:29:37.868,416.36042016301536,5
2024-09-17 11:29:37.882,,1001
2024-09-17 11:29:38.045,416.3182025579628,8
2024-09-17 11:29:38.259,416.3773772596621,97
2024-09-17 11:29:38.339,416.34439066852025,12
2024-09-17 11:29:38.400,416.3014423534348,998
2024-09-17 11:29:38.438,416.31388423265537,9
2024-09-17 11:29:38.459,416.313449104216,98
2024-09-17 11:29:38.600,416.3153886538357,997
2024-09-17 11:29:38.655,41.63687001263148,996
2024-09-17 11:29:38.676,416.3598353814341,10
2024-09-17 11:29:38.874,416.3351686020572,104
2024-09-17 11:29:38.955,416.3212286263541,1002
2024-09-17 11:29:39.035,416.3742416320006,12
2024-09-17 11:29:39.075,416.3175025444292,1003
2024-09-17 11:29:39.099,416.298984953132,100
2024-09-17 11:29:39.195,41.63362151443678,8
2024-09-17 11:29:39.390,416.36382337795885,998
2024-09-17 11:29:39.413,416.34789384788144,5
2024-09-17 11:29:39.413,416.3669674983498,1000
2024-09-17 11:29:39.601,416.3123498607988,99
2024-09-17 11:29:39.699,416.3580553453973,1003
2024-09-17 11:29:39.752,416.3769588656787,100
2024-09-17 11:29:39.774,416.32314627692017,96
2024-09-17 11:29:39.932,416.30079809848,6
2024-09-17 11:29:39.968,416.3174873056844,999
2024-09-17 11:29:40.008,416.2926819108558,1000
2024-09-17 11:29:40.044,416.28988629304007,104
2024-09-17 11:29:40.142,416.3046159873606,1004
2024-09-17 11:29:40.842,416.3356290234036,15
2024-09-17 11:29:41.039,416.321655691717,102
2024-09-17 11:29:41.180,416.3160705052348,14
2024-09-17 11:29:41.484,416.3165370215408,15
2024-09-17 11:29:41.902,416.3203697647999,99
2024-09-17 11:29:42.007,416.2955994607848,998
2024-09-17 11:29:42.019,416.2812869992108,9
2024-09-17 11:29:42.140,416.31917584638296,102
2024-09-17 11:29:42.172,416.290524053715,997
2024-09-17 11:29:42.215,416.3198627935467,997
2024-09-17 11:29:42.219,416.2792912574629,7
2024-09-17 11:29:42.241,416.2791033333161,95
2024-09-17 11:29:42.275,416.2914797319461,995
2024-09-17 11:29:42.354,416.3148952705341,99
2024-09-17 11:29:42.412,416.2840244089175,99
2024-09-17 11:29:42.504,416.28444288946463,1005
2024-09-17 11:29:42.579,416.2893063623328,98
2024-09-17 11:29:42.639,416.2876494681768,996
2024-09-17 11:29:42.728,416.29102147983946,97
2024-09-17 11:29:42.729,416.2835937495541,1001
2024-09-17 11:29:42.901,41.628473804787774,996
2024-09-17 11:29:42.918,416.2934272352182,103
2024-09-17 11:29:42.979,416.3226828105765,997
2024-09-17 11:29:42.991,,1004
2024-09-17 11:29:43.027,416.29246334075737,997
2024-09-17 11:29:43.071,416.31644007587903,8
2024-09-17 11:29:43.117,416.3182926119772,998
2024-09-17 11:29:43.159,416.3252883004603,104
2024-09-17 11:29:43.162,416.3405358364861,98
2024-09-17 11:29:43.174,416.3216993939841,9
2024-09-17 11:29:43.193,416.35241897030335,7
2024-09-17 11:29:43.228,416.33070653671626,102
2024-09-17 11:29:43.238,416.3449434986722,999
2024-09-17 11:29:43.394,416.3171983031767,999
2024-09-17 11:29:43.409,416.3147576975197,998
2024-09-17 11:29:43.500,416.3297802770096,1003
2024-09-17 11:29:43.514,416.3396818945867,11
2024-09-17 11:29:43.579,416.2988016915274,995
2024-09-17 11:29:43.589,416.292039833273,105
2024-09-17 11:29:43.689,416.3131037902046,103
2024-09-17 11:29:43.879,416.34427443053096,9
2024-09-17 11:29:43.884,416.3193923778805,103
2024-09-17 11:29:43.937,416.292906396658,9
2024-09-17 11:29:43.957,416.3410468183817,1000
2024-09-17 11:29:43.997,416.3290784132061,998
2024-09-17 11:29:44.112,416.2878528283266,6
2024-09-17 11:29:44.120,416.2892113812528,101
2024-09-17 11:29:44.360,416.2869830230064,1001
2024-09-17 11:29:44.375,416.3074052617319,97
2024-09-17 11:29:44.409,416.2875984835215,1003
2024-09-17 11:29:44.430,416.2884280757093,1004
2024-09-17 11:29:44.490,416.2903503808939,1003
2024-09-17 11:29:44.500,416.2878224033265,96
2024-09-17 11:29:44.521,416.30996484771936,1002
2024-09-17 11:29:44.583,416.32647473941,10
2024-09-17 11:29:44.605,416.2994334677357,100
2024-09-17 11:29:44.670,416.30889288651326,995
2024-09-17 11:29:44.720,416.299149326885,105
2024-09-17 11:29:44.732,416.2887143973674,5
2024-09-17 11:29:44.781,416.2816333443493,104
2024-09-17 11:29:44.822,416.2890664640302,998
2024-09-17 11:29:44.824,416.318181623374,15
2024-09-17 11:29:44.824,416.3209975302134,1005
2024-09-17 11:29:44.836,416.2853281212804,101
2024-09-17 11:29:44.874,416.2890208482922,998
2024-09-17 11:29:44.916,416.2692321458255,13
2024-09-17 11:29:44.946,416.2889761470088,1004
2024-09-17 11:29:45.026,416.3343438576928,1005
2024-09-17 11:29:45.061,416.3748351413855,103
2024-09-17 11:29:45.100,416.369155653782,999
2024-09-17 11:29:45.126,416.2798182966256,995
2024-09-17 11:29:45.155,416.32933263988974,999
2024-09-17 11:29:45.166,416.337352379286,13
2024-09-17 11:29:45.294,416.29761186847657,997
2024-09-17 11:29:45.303,416.2948165433472,11
2024-09-17 11:29:45.359,416.3688485523477,6
2024-09-17 11:29:45.383,416.3652145412043,1004
2024-09-17 11:29:45.440,416.3450085024666,96
2024-09-17 11:29:45.452,416.36255324296616,96
2024-09-17 11:29:45.479,416.2928749155118,9
2024-09-17 11:29:45.488,416.2923659514197,997
2024-09-17 11:29:45.546,416.3582811970869,997
2024-09-17 11:29:45.586,416.3443194058982,104
2024-09-17 11:29:45.589,416.3564746941525,998
2024-09-17 11:29:45.624,416.321074160241,997
2024-09-17 11:29:45.660,416.3940220976561,100
2024-09-17 11:29:45.697,416.3465724154439,997
2024-09-17 11:29:45.764,416.3654977194538,104
2024-09-17 11:29:45.765,416.3680011890386,1003
2024-09-17 11:29:45.813,416.2897855328438,1004
2024-09-17 11:29:45.841,416.3753232018194,14
2024-09-17 11:29:45.923,416.3481371012933,1004
2024-09-17 11:29:46.326,416.3101643237591,7
2024-09-17 11:29:46.369,416.3613478431539,95
2024-09-17 11:29:46.413,416.3118140214125,98
2024-09-17 11:29:46.500,416.33570226727016,104
2024-09-17 11:29:46.584,416.3036147411906,999
2024-09-17 11:29:46.674,416.36609785305984,6
2024-09-17 11:29:46.726,416.3315090891217,995
2024-09-17 11:29:46.731,416.3334688277456,102
2024-09-17 11:29:46.776,416.31997880349616,8
2024-09-17 11:29:46.841,416.3446471868791,99
2024-09-17 11:29:46.871,416.3167345359696,1002
2024-09-17 11:29:46.886,416.3391864849356,12
2024-09-17 11:29:46.889,416.3285745891094,96
2024-09-17 11:29:46.940,416.3232462247796,15
2024-09-17 11:29:47.027,416.3510052543887,104
2024-09-17 11:29:47.035,416.3374682362052,98
2024-09-17 11:29:47.108,416.3292329254831,1000
2024-09-17 11:29:47.112,416.36731035563855,98
2024-09-17 11:29:47.130,416.34059407767927,1005
2024-09-17 11:29:47.184,416.38407804669134,13
2024-09-17 11:29:47.198,416.3670714481892,95
2024-09-17 11:29:47.355,416.3531418817742,103
2024-09-17 11:29:47.474,416.3547678998804,97
2024-09-17 11:29:47.476,416.3242317493202,1002
2024-09-17 11:29:47.504,416.3479732374554,99
2024-09-17 11:29:47.529,41.635543079141,1004
2024-09-17 11:29:47.617,416.33368387215614,13
2024-09-17 11:29:47.636,416.36547230419774,996
2024-09-17 11:29:47.646,416.3672400134228,99
2024-09-17 11:29:47.690,416.3211175774608,11
2024-09-17 11:29:47.744,416.3299820472463,7
2024-09-17 11:29:47.792,416.3733759194819,1003
2024-09-17 11:29:47.803,416.3298120888061,102
2024-09-17 11:29:47.825,416.3355083694889,8
2024-09-17 11:29:47.899,416.3404719381019,996
2024-09-17 11:29:47.907,416.36070359380494,8
2024-09-17 11:29:47.907,416.3427404290282,1003
2024-09-17 11:29:47.913,416.3602206994914,14
2024-09-17 11:29:47.987,416.3242911249493,1002
2024-09-17 11:29:49.009,416.2937313824231,99
2024-09-17 11:29:49.019,416.2366510303959,99
2024-09-17 11:29:49.231,416.1961312598415,1001
2024-09-17 11:29:49.253,416.2147316838526,102
2024-09-17 11:29:49.258,416.3234655641083,96
2024-09-17 11:29:49.288,416.30466318130846,1002
2024-09-17 11:29:49.306,416.1987253123672,12
2024-09-17 11:29:49.324,416.229598613561,9
2024-09-17 11:29:49.366,416.1913422829048,102
2024-09-17 11:29:49.371,416.2477125556453,96
2024-09-17 11:29:49.539,416.2919874286517,104
2024-09-17 11:29:49.565,416.2254418141948,105
2024-09-17 11:29:49.634,416.2741930007583,6
2024-09-17 11:29:49.640,416.2329169677363,95
2024-09-17 11:29:49.662,416.1816092334385,1000
2024-09-17 11:29:49.693,416.1974288793522,999
2024-09-17 11:29:49.711,416.2142100020651,1000
2024-09-17 11:29:49.749,416.21447841338994,997
2024-09-17 11:29:49.809,416.2583568793125,6
2024-09-17 11:29:49.842,416.2052537896076,1002
2024-09-17 11:29:49.861,416.2041323614181,1001
2024-09-17 11:29:49.886,416.2290831113017,102
2024-09-17 11:29:49.897,416.2323312438086,1002
2024-09-17 11:29:49.934,416.2136684570091,11
2024-09-17 11:29:50.002,416.2936108418938,13
2024-09-17 11:29:50.018,416.22633893814094,5
2024-09-17 11:29:50.062,416.2985921030349,95
2024-09-17 11:29:50.063,416.2326381702781,1004
2024-09-17 11:29:50.089,416.3075176921485,98
2024-09-17 11:29:50.098,416.301437122792,12
2024-09-17 11:29:50.108,416.2626717004144,100
2024-09-17 11:29:50.189,416.2958035375917,1004
2024-09-17 11:29:50.203,416.32515764757966,1002
2024-09-17 11:29:50.207,416.2913066649398,7
2024-09-17 11:29:50.213,416.2372073560342,6
2024-09-17 11:29:50.248,416.23612303054017,102
2024-09-17 11:29:50.405,416.3048526651429,999
2024-09-17 11:29:50.414,416.2377880594024,11
2024-09-17 11:29:50.535,41.62299278849815,1001
2024-09-17 11:29:50.564,416.2691521145719,8
2024-09-17 11:29:50.576,416.2997636523641,10
2024-09-17 11:29:50.595,416.31618628428856,104
2024-09-17 11:29:50.599,416.22993052044654,8
2024-09-17 11:29:50.649,416.240342846569,6
2024-09-17 11:29:50.702,416.3121078658107,1004
2024-09-17 11:29:50.728,416.2986238307978,995
2024-09-17 11:29:50.774,416.3085090890389,105
2024-09-17 11:29:50.805,416.3174234208968,12
2024-09-17 11:29:50.816,416.2951660652424,996
2024-09-17 11:29:50.821,416.22524276782696,6
2024-09-17 11:29:50.840,416.24454145522833,95
2024-09-17 11:29:50.873,416.31531854876414,1002
2024-09-17 11:29:50.882,416.29961453731295,1003
2024-09-17 11:29:50.945,416.294367760514,997
2024-09-17 11:29:51.038,416.2679424806816,100
2024-09-17 11:29:51.046,416.2713530704205,995
2024-09-17 11:29:51.084,416.3112662343793,12
2024-09-17 11:29:51.147,416.27888665566,101
2024-09-17 11:29:51.164,416.31880761459,1001
2024-09-17 11:29:51.255,416.2969226111509,95
2024-09-17 11:29:51.338,416.3063225399479,104
2024-09-17 11:29:51.372,416.2680775976808,1000
2024-09-17 11:29:51.383,416.2779578570278,13
2024-09-17 11:29:51.408,416.2909373009372,98
2024-09-17 11:29:51.426,416.2760454626887,995
2024-09-17 11:29:51.431,416.2677335134516,102
2024-09-17 11:29:51.444,416.3016983179885,10
2024-09-17 11:29:51.503,416.3070315321307,10
2024-09-17 11:29:51.508,416.2669432730888,104
2024-09-17 11:29:51.519,416.2815334039915,103
2024-09-17 11:29:51.560,416.2939045411642,1005
2024-09-17 11:29:51.597,416.27500217157086,99
2024-09-17 11:29:51.600,416.2789667841153,6
2024-09-17 11:29:51.619,416.29008010259446,996
2024-09-17 11:29:51.646,416.2994813707567,1005
2024-09-17 11:29:51.676,416.254248683302,105
2024-09-17 11:29:51.704,416.3256848888445,9
2024-09-17 11:29:51.752,416.2997686218844,103
2024-09-17 11:29:51.797,416.2932547034077,12
2024-09-17 11:29:51.801,416.2826159764885,98
2024-09-17 11:29:51.833,416.2918528970601,95
2024-09-17 11:29:51.874,416.3275120481485,96
2024-09-17 11:29:51.953,416.3016890695516,104
2024-09-17 11:29:52.049,416.3459533904186,96
2024-09-17 11:29:52.078,41.63429122278527,14
2024-09-17 11:29:52.094,416.2903725371541,15
2024-09-17 11:29:52.106,416.34513095998255,100
2024-09-17 11:29:52.242,416.3439859898867,1003
2024-09-17 11:29:52.275,416.29743235884456,102
2024-09-17 11:29:52.277,416.3627231069679,100
2024-09-17 11:29:52.282,416.29327351934126,96
2024-09-17 11:29:52.294,416.2458183012199,999
2024-09-17 11:29:52.324,416.3442658853507,98
2024-09-17 11:29:52.511,416.2590910543021,99
2024-09-17 11:29:52.530,416.2716632042183,995
2024-09-17 11:29:52.561,416.2757641142159,7
2024-09-17 11:29:52.578,416.2520913676494,10
2024-09-17 11:29:52.635,416.3259611164349,13
2024-09-17 11:29:52.642,416.25001468763793,105
2024-09-17 11:29:52.666,416.2572863721757,995
2024-09-17 11:29:52.717,416.2712464313714,103
2024-09-17 11:29:52.727,416.3571124036895,1005
2024-09-17 11:29:52.836,416.3443291730452,98
2024-09-17 11:29:52.843,416.2721584488707,997
2024-09-17 11:29:52.854,416.27548657712185,13
2024-09-17 11:29:52.873,416.35774978752926,105
2024-09-17 11:29:53.005,416.34719175424783,101
2024-09-17 11:29:53.041,416.3903825389952,6
2024-09-17 11:29:53.134,416.3629671832605,103
2024-09-17 11:29:53.250,416.3699343209189,11
2024-09-17 11:29:53.261,416.3728829691078,11
2024-09-17 11:29:53.379,416.3798974188824,14
2024-09-17 11:29:53.381,416.37758391255176,99
2024-09-17 11:29:53.409,416.3679707756378,1003
2024-09-17 11:29:53.430,416.3596726712952,6
2024-09-17 11:29:53.483,416.3577619738899,995
2024-09-17 11:29:53.513,416.380587695995,105
2024-09-17 11:29:53.522,416.3731320625656,95
2024-09-17 11:29:53.532,416.371597005714,13
2024-09-17 11:29:53.536,416.3841232159357,1002
2024-09-17 11:29:53.596,416.3881901021117,12
2024-09-17 11:29:53.668,416.343933296846,10
2024-09-17 11:29:53.690,416.3494505903242,999
2024-09-17 11:29:53.759,416.38457662460536,6
2024-09-17 11:29:53.842,416.3694260214425,11
2024-09-17 11:29:53.843,416.3433113395048,1000
2024-09-17 11:29:53.899,416.3506419408614,1003
2024-09-17 11:29:53.906,416.38324982277527,995
2024-09-17 11:29:54.093,416.3483065252361,12
2024-09-17 11:29:54.117,416.3368789139547,997
2024-09-17 11:29:54.322,416.3540548798444,999
2024-09-17 11:29:54.387,416.3519957033512,100
2024-09-17 11:29:54.730,416.35649205667016,96
2024-09-17 11:29:54.827,416.3482046085406,6
2024-09-17 11:29:54.857,416.3545936936361,1005
2024-09-17 11:29:54.928,416.3420985569389,100
2024-09-17 11:29:55.775,416.3658899364509,995
2024-09-17 11:29:55.987,416.3631571881378,14
2024-09-17 11:29:56.030,416.425899174716,998
2024-09-17 11:29:56.042,416.4252242718145,12
2024-09-17 11:29:56.113,416.4026532425048,95
2024-09-17 11:29:56.120,416.418289958614,7
2024-09-17 11:29:56.132,416.4343880759565,100
2024-09-17 11:29:56.173,416.3729939025532,1003
2024-09-17 11:29:56.231,416.3917434065755,12
2024-09-17 11:29:56.356,416.4183394405249,100
2024-09-17 11:29:56.369,416.34655962402746,97
2024-09-17 11:29:56.417,416.40092117904703,15
2024-09-17 11:29:56.427,416.43612854777217,105
2024-09-17 11:29:56.428,416.3527424344377,1004
2024-09-17 11:29:56.443,416.3958699315487,1003
2024-09-17 11:29:56.466,416.4167057750845,100
2024-09-17 11:29:56.478,416.3576096046184,1000
2024-09-17 11:29:56.481,416.35660140411136,14
2024-09-17 11:29:56.499,416.3939096238689,11
2024-09-17 11:29:56.552,416.34564375757975,1003
2024-09-17 11:29:56.556,416.36538951653534,100
2024-09-17 11:29:56.648,416.4143037670198,11
2024-09-17 11:29:56.707,416.40327936957607,1003
2024-09-17 11:29:56.870,416.3534439587337,1003
2024-09-17 11:29:56.880,416.423815987738,12
2024-09-17 11:29:56.897,416.3997807149156,6
2024-09-17 11:29:56.957,416.42622558996686,99
2024-09-17 11:29:57.077,416.4712334220063,995
2024-09-17 11:29:57.375,416.4644950775684,996
2024-09-17 11:29:57.385,416.4575420339358,13
2024-09-17 11:29:58.009,416.38386999184496,96
2024-09-17 11:29:58.102,416.4153908894619,996
2024-09-17 11:29:58.102,416.4023168574352,98
2024-09-17 11:29:58.150,416.4471439997868,11
2024-09-17 11:29:58.267,416.4090015037417,104
2024-09-17 11:29:58.293,416.39397935404577,15
2024-09-17 11:29:58.423,416.4011230284776,101
2024-09-17 11:29:58.616,416.4551344787836,1000
2024-09-17 11:29:58.628,416.4463479273608,7
2024-09-17 11:29:58.668,416.4146031827383,95
2024-09-17 11:29:58.728,416.40702940006577,99
2024-09-17 11:29:58.795,416.38273000664975,98
2024-09-17 11:29:58.835,416.4401347660589,99
2024-09-17 11:29:58.953,416.3711002099776,998
2024-09-17 11:29:58.975,416.4211111301668,1000
2024-09-17 11:29:59.123,416.36000250179126,999
2024-09-17 11:29:59.194,416.3867591873861,12
2024-09-17 11:29:59.600,416.37969120040873,98
2024-09-17 11:29:59.801,416.3895640823249,6
2024-09-17 11:29:59.816,416.3683426899463,998
2024-09-17 11:29:59.938,416.37407732271896,11
