Timestamp,Price,Size
2024-09-19 10:12:00.660,417.8982427903391,5
2024-09-19 10:12:00.933,417.8923947216399,996
2024-09-19 10:12:01.005,417.8790558081717,97
2024-09-19 10:12:01.078,417.91258854115785,1002
2024-09-19 10:12:01.140,417.88548472648927,1003
2024-09-19 10:12:01.190,417.9265584176541,1002
2024-09-19 10:12:01.199,417.8789833063768,7
2024-09-19 10:12:01.301,417.9085369310198,100
2024-09-19 10:12:01.311,417.91797156063495,996
2024-09-19 10:12:01.387,417.907227776684,6
2024-09-19 10:12:01.428,417.92188264504006,8
2024-09-19 10:12:01.431,417.9225756774997,1002
2024-09-19 10:12:01.447,417.91274129051993,6
2024-09-19 10:12:01.492,417.906734152106,12
2024-09-19 10:12:01.505,417.8964681628145,100
2024-09-19 10:12:01.543,41.78799792134829,96
2024-09-19 10:12:01.549,417.9242524575881,9
2024-09-19 10:12:01.593,417.9080837619121,97
2024-09-19 10:12:01.607,417.8920449649592,9
2024-09-19 10:12:01.820,417.92517366518473,1004
2024-09-19 10:12:01.821,417.9224914908162,101
2024-09-19 10:12:01.901,417.9156727775358,14
2024-09-19 10:12:02.003,417.91766250339714,99
2024-09-19 10:12:02.019,417.907861483947,15
2024-09-19 10:12:02.026,417.9299811942191,101
2024-09-19 10:12:02.063,417.8832951821769,13
2024-09-19 10:12:02.082,417.9112292342833,1003
2024-09-19 10:12:02.130,417.8960910208249,105
2024-09-19 10:12:02.147,417.89152834513857,5
2024-09-19 10:12:02.351,417.8495427316232,1005
2024-09-19 10:12:02.388,417.8728857905501,97
2024-09-19 10:12:02.449,417.9129016492756,99
2024-09-19 10:12:02.546,417.9194146302143,11
2024-09-19 10:12:02.702,417.8690313369121,98
2024-09-19 10:12:02.705,417.8749919043588,8
2024-09-19 10:12:02.774,417.8891884546496,102
2024-09-19 10:12:02.971,417.9350230154124,997
2024-09-19 10:12:03.051,417.921888110732,995
2024-09-19 10:12:03.174,417.9277762521761,6
2024-09-19 10:12:03.292,417.9201981625753,96
2024-09-19 10:12:03.509,417.9600623329781,8
2024-09-19 10:12:03.777,417.9569987781392,8
2024-09-19 10:12:03.804,417.95475615040095,10
2024-09-19 10:12:03.982,417.9470817789279,95
2024-09-19 10:12:04.167,417.9633232311984,95
2024-09-19 10:12:04.763,417.9564807817434,8
2024-09-19 10:12:04.865,417.9572822871276,999
2024-09-19 10:12:04.881,417.9417635163125,104
2024-09-19 10:12:05.021,417.9483548500235,998
2024-09-19 10:12:05.068,417.968112649464,996
2024-09-19 10:12:05.091,417.9660905359624,999
2024-09-19 10:12:05.109,417.9487745739623,5
2024-09-19 10:12:05.117,417.9473607905809,102
2024-09-19 10:12:05.339,417.9808943159878,1005
2024-09-19 10:12:05.512,417.9733461697085,9
2024-09-19 10:12:05.646,417.9490701216365,10
2024-09-19 10:12:05.655,417.9324302359719,997
2024-09-19 10:12:05.660,417.9347479581394,98
2024-09-19 10:12:05.684,417.9792514554273,995
2024-09-19 10:12:05.767,417.9989277844607,102
2024-09-19 10:12:05.778,417.95569650932094,6
2024-09-19 10:12:05.790,417.9915008198316,10
2024-09-19 10:12:05.793,417.938885926935,5
2024-09-19 10:12:05.820,417.94502570445263,12
2024-09-19 10:12:06.016,418.0152637433672,99
2024-09-19 10:12:06.074,417.9878663505171,10
2024-09-19 10:12:06.083,417.957087149713,95
2024-09-19 10:12:06.106,418.0264317541362,101
2024-09-19 10:12:06.184,418.0301206789404,105
2024-09-19 10:12:06.243,417.9798354356549,105
2024-09-19 10:12:06.282,417.9845308661471,102
2024-09-19 10:12:06.321,417.9879947505485,96
2024-09-19 10:12:06.354,417.9873961010073,11
2024-09-19 10:12:06.375,417.9966940579811,13
2024-09-19 10:12:06.423,417.9717803226556,12
2024-09-19 10:12:06.436,417.9791249099024,999
2024-09-19 10:12:06.446,418.0157774036116,98
2024-09-19 10:12:06.510,418.0102956648802,5
2024-09-19 10:12:06.522,417.96313916220527,97
2024-09-19 10:12:06.552,418.0086116173784,97
2024-09-19 10:12:06.554,-417.99239685107887,15
2024-09-19 10:12:06.573,417.9781006804825,15
2024-09-19 10:12:06.629,418.0005968095173,10
2024-09-19 10:12:06.680,417.9645505403557,98
2024-09-19 10:12:06.692,417.9738195029116,14
2024-09-19 10:12:06.693,417.98950424692265,100
2024-09-19 10:12:06.765,417.9759068740148,7
2024-09-19 10:12:06.849,418.0269921601956,5
2024-09-19 10:12:07.080,417.9871471710485,7
2024-09-19 10:12:07.081,418.0090978942719,7
2024-09-19 10:12:07.084,417.97372707027273,97
2024-09-19 10:12:07.128,417.987139572508,98
2024-09-19 10:12:07.147,417.97254668412114,7
2024-09-19 10:12:07.179,418.0007510069559,997
2024-09-19 10:12:07.194,418.0006215580231,7
2024-09-19 10:12:07.269,417.9865155013509,7
2024-09-19 10:12:07.284,417.9913744629095,5
2024-09-19 10:12:07.297,417.9643382490174,99
2024-09-19 10:12:07.299,417.9739724969937,1004
2024-09-19 10:12:07.304,418.0036741161771,1004
2024-09-19 10:12:07.325,418.0073305602205,103
2024-09-19 10:12:07.383,417.9990338197365,99
2024-09-19 10:12:07.392,417.9680312250672,1002
2024-09-19 10:12:07.401,417.9764062382682,1004
2024-09-19 10:12:07.533,417.9890460532705,103
2024-09-19 10:12:07.544,418.0039525946588,6
2024-09-19 10:12:07.689,,8
2024-09-19 10:12:07.692,417.962562787047,998
2024-09-19 10:12:07.783,417.98876556135343,103
2024-09-19 10:12:07.789,417.992898955753,1005
2024-09-19 10:12:07.821,417.9775687512275,995
2024-09-19 10:12:07.841,41.79796121165697,1002
2024-09-19 10:12:07.882,417.9833509481276,8
2024-09-19 10:12:07.936,417.9845467807591,1005
2024-09-19 10:12:07.960,418.0087165787453,102
2024-09-19 10:12:07.982,417.97621807180434,12
2024-09-19 10:12:07.983,417.9996129560155,12
2024-09-19 10:12:08.045,418.11310809776654,1000
2024-09-19 10:12:08.067,418.0408540297866,8
2024-09-19 10:12:08.082,418.0536789616072,10
2024-09-19 10:12:08.120,418.131947958052,1000
2024-09-19 10:12:08.123,418.09291996812175,102
2024-09-19 10:12:08.125,418.12464050296944,102
2024-09-19 10:12:08.129,418.1015222478904,104
2024-09-19 10:12:08.161,418.1076805176874,13
2024-09-19 10:12:08.227,418.0928470565429,105
2024-09-19 10:12:08.279,418.0863016266441,995
2024-09-19 10:12:08.285,418.1222185282502,5
2024-09-19 10:12:08.293,418.1224916063149,97
2024-09-19 10:12:08.434,418.1101564981997,7
2024-09-19 10:12:08.469,418.0930946913117,97
2024-09-19 10:12:08.590,418.0766579083791,14
2024-09-19 10:12:08.609,418.1155224059799,995
2024-09-19 10:12:08.693,418.0891999305004,11
2024-09-19 10:12:08.749,418.0876281622406,999
2024-09-19 10:12:08.783,418.10441078929824,1005
2024-09-19 10:12:08.811,418.0600710374172,15
2024-09-19 10:12:08.835,418.04079147005655,1002
2024-09-19 10:12:08.839,418.01572962051074,996
2024-09-19 10:12:08.853,418.1174935948655,1005
2024-09-19 10:12:08.860,418.1196846745631,104
2024-09-19 10:12:08.906,418.09899594474354,8
2024-09-19 10:12:08.997,418.09860572629935,14
2024-09-19 10:12:09.174,418.11142292211537,1005
2024-09-19 10:12:09.184,418.0853613402744,996
2024-09-19 10:12:09.207,418.10803356731344,998
2024-09-19 10:12:09.262,418.0977863019155,10
2024-09-19 10:12:09.292,418.084648122677,1003
2024-09-19 10:12:09.306,418.0954530880581,96
2024-09-19 10:12:09.325,418.12755447185054,99
2024-09-19 10:12:09.399,418.1380559896165,9
2024-09-19 10:12:09.412,418.1155497442385,998
2024-09-19 10:12:09.488,418.1186146518893,100
2024-09-19 10:12:09.643,418.1165636622729,7
2024-09-19 10:12:09.655,418.1374554356962,102
2024-09-19 10:12:09.699,418.1111096472338,1001
2024-09-19 10:12:09.702,418.08463920770816,105
2024-09-19 10:12:09.803,418.1275432833085,995
2024-09-19 10:12:09.824,418.0894862196431,100
2024-09-19 10:12:09.841,418.1373069216408,1005
2024-09-19 10:12:09.957,418.10199335239423,1001
2024-09-19 10:12:10.018,418.12815703405454,996
2024-09-19 10:12:10.027,418.0625571522693,103
2024-09-19 10:12:10.074,418.0662642067338,95
2024-09-19 10:12:10.254,418.076467737033,1003
2024-09-19 10:12:10.254,418.0905732398539,998
2024-09-19 10:12:10.269,418.063631616879,1005
2024-09-19 10:12:10.324,418.1237295151368,1002
2024-09-19 10:12:10.337,418.0576741575703,95
2024-09-19 10:12:10.371,418.0824984367724,998
2024-09-19 10:12:10.372,418.0548697920464,99
2024-09-19 10:12:10.378,418.0835934767462,97
2024-09-19 10:12:10.382,418.1363852750836,1000
2024-09-19 10:12:10.398,418.0761404130969,96
2024-09-19 10:12:10.429,418.0983522391696,999
2024-09-19 10:12:10.456,418.1309063400452,5
2024-09-19 10:12:10.498,418.0972906124682,11
2024-09-19 10:12:10.546,418.079497940362,1003
2024-09-19 10:12:10.636,418.0667806983303,98
2024-09-19 10:12:10.655,418.13809295818345,9
2024-09-19 10:12:10.688,418.0864958546324,102
2024-09-19 10:12:10.724,418.1066799987313,1005
2024-09-19 10:12:10.747,,97
2024-09-19 10:12:10.771,418.0983397149174,996
2024-09-19 10:12:10.778,418.0564827960005,5
2024-09-19 10:12:10.828,418.1008728531092,12
2024-09-19 10:12:10.882,418.10964685556354,1001
2024-09-19 10:12:11.221,418.07079133779496,101
2024-09-19 10:12:11.365,418.1024939108827,997
2024-09-19 10:12:11.380,418.0697218108422,9
2024-09-19 10:12:11.411,418.0773940962227,1005
2024-09-19 10:12:11.419,418.06086438072816,998
2024-09-19 10:12:11.486,41.80864537916708,997
2024-09-19 10:12:11.498,418.09040872970746,14
2024-09-19 10:12:11.514,418.07400196118806,5
2024-09-19 10:12:11.554,418.0701288658229,98
2024-09-19 10:12:11.648,418.0857042345537,15
2024-09-19 10:12:11.677,418.0615348864087,1001
2024-09-19 10:12:11.720,418.0860510628154,102
2024-09-19 10:12:11.756,418.0980592105035,6
2024-09-19 10:12:11.941,418.0654478598404,99
2024-09-19 10:12:11.948,418.07329140386713,98
2024-09-19 10:12:11.971,418.08758236777135,102
2024-09-19 10:12:12.003,418.0696738248754,7
2024-09-19 10:12:12.020,418.0687166580517,97
2024-09-19 10:12:12.024,418.07972605354456,995
2024-09-19 10:12:12.026,418.0728621836036,102
2024-09-19 10:12:12.071,418.0646936112618,101
2024-09-19 10:12:12.135,418.0824796464037,999
2024-09-19 10:12:12.214,418.0768354902999,98
2024-09-19 10:12:12.223,418.0653803558521,9
2024-09-19 10:12:12.234,,997
2024-09-19 10:12:12.350,418.0510005954361,103
2024-09-19 10:12:12.365,418.0785173928633,999
2024-09-19 10:12:12.487,418.03749778971337,97
2024-09-19 10:12:12.573,418.0656425144235,5
2024-09-19 10:12:12.574,418.0864240983625,105
2024-09-19 10:12:12.590,418.0878060632588,995
2024-09-19 10:12:12.743,418.06605294306206,1003
2024-09-19 10:12:12.752,418.059360318765,96
2024-09-19 10:12:12.773,418.05764074483807,1002
2024-09-19 10:12:12.800,418.0705547901715,104
2024-09-19 10:12:12.912,418.0590763161565,1003
2024-09-19 10:12:12.912,418.073520900662,104
2024-09-19 10:12:13.030,417.9675415782103,7
2024-09-19 10:12:13.052,417.9896842369425,14
2024-09-19 10:12:13.116,417.9461184383969,13
2024-09-19 10:12:13.147,417.97229189082486,103
2024-09-19 10:12:13.173,417.96584486028814,97
2024-09-19 10:12:13.199,41.7975803279767,105
2024-09-19 10:12:13.236,417.9629112381513,1001
2024-09-19 10:12:13.252,417.99218976919855,15
2024-09-19 10:12:13.257,417.9638764079012,96
2024-09-19 10:12:13.276,417.9525511376757,997
2024-09-19 10:12:13.338,417.9543364109874,97
2024-09-19 10:12:13.350,417.9986584474804,1002
2024-09-19 10:12:13.352,417.9685457651001,12
2024-09-19 10:12:13.390,417.94321197056246,103
2024-09-19 10:12:13.559,418.01268536907065,7
2024-09-19 10:12:13.574,417.9650855413353,11
2024-09-19 10:12:13.576,418.00907843100816,1005
2024-09-19 10:12:13.594,417.9519908403082,103
2024-09-19 10:12:13.606,417.9695672264063,102
2024-09-19 10:12:13.718,417.9440504958573,996
2024-09-19 10:12:13.753,417.95362867643627,999
2024-09-19 10:12:13.760,418.01142745726025,103
2024-09-19 10:12:13.774,417.9748605244131,103
2024-09-19 10:12:13.784,418.00840082627855,1000
2024-09-19 10:12:13.823,41.79904219706205,15
2024-09-19 10:12:13.888,418.04056171406967,5
2024-09-19 10:12:13.924,417.969155076072,95
2024-09-19 10:12:13.946,417.9677299118137,97
2024-09-19 10:12:13.956,418.0461791318832,5
2024-09-19 10:12:14.004,417.972227157411,95
2024-09-19 10:12:14.142,417.9904811310692,1001
2024-09-19 10:12:14.354,417.96108792005714,997
2024-09-19 10:12:14.357,417.95919466464255,999
2024-09-19 10:12:15.029,417.98008557297055,5
2024-09-19 10:12:15.277,417.9939151159646,1005
2024-09-19 10:12:15.317,417.98761779307927,95
2024-09-19 10:12:15.325,417.9977097038066,103
2024-09-19 10:12:15.493,418.00767156014,1004
2024-09-19 10:12:15.561,417.9844484180239,98
2024-09-19 10:12:16.065,417.9707115383928,12
2024-09-19 10:12:16.116,417.940447066258,95
2024-09-19 10:12:16.239,417.9801681743757,98
2024-09-19 10:12:16.271,417.9734549225648,996
2024-09-19 10:12:16.539,417.9715533547509,999
2024-09-19 10:12:16.541,418.00525241876505,1002
2024-09-19 10:12:16.605,417.96386315999473,101
2024-09-19 10:12:16.633,417.9811248661405,1005
2024-09-19 10:12:16.638,417.9799214250429,9
2024-09-19 10:12:16.682,417.93491597258696,1002
2024-09-19 10:12:16.739,418.0076237624944,96
2024-09-19 10:12:16.795,417.9615712157766,102
2024-09-19 10:12:16.818,417.9836331533287,998
2024-09-19 10:12:16.855,417.9918907551464,1002
2024-09-19 10:12:16.927,417.99494908070034,1003
2024-09-19 10:12:16.950,418.0045084781843,15
2024-09-19 10:12:16.955,417.9693104717958,1003
2024-09-19 10:12:17.075,417.9739554333332,7
2024-09-19 10:12:17.106,417.9629024805941,100
2024-09-19 10:12:17.137,417.9703562660638,10
2024-09-19 10:12:17.199,417.9424714367271,1003
2024-09-19 10:12:17.204,417.9545433498667,5
2024-09-19 10:12:17.241,417.9641097082647,1000
2024-09-19 10:12:17.255,417.9687087474584,100
2024-09-19 10:12:17.274,417.9485614326276,997
2024-09-19 10:12:17.285,417.9642402690221,105
2024-09-19 10:12:17.319,417.96686030111385,105
2024-09-19 10:12:17.320,417.9657426745223,12
2024-09-19 10:12:17.362,417.9301148069053,100
2024-09-19 10:12:17.456,417.9338944668045,7
2024-09-19 10:12:17.480,417.961337571862,105
2024-09-19 10:12:17.542,417.9339919447875,100
2024-09-19 10:12:17.545,417.9635422335549,5
2024-09-19 10:12:17.587,417.9798400159261,95
2024-09-19 10:12:17.591,417.96027856320586,11
2024-09-19 10:12:17.592,417.9432202732447,13
2024-09-19 10:12:17.641,417.96661741018806,1002
2024-09-19 10:12:17.713,417.9514878967052,1004
2024-09-19 10:12:17.740,417.94152710901375,97
2024-09-19 10:12:17.759,417.9793324886437,1001
2024-09-19 10:12:17.834,417.9628870695432,99
2024-09-19 10:12:17.907,417.93320836139577,996
2024-09-19 10:12:17.941,417.9719146798103,1003
2024-09-19 10:12:17.971,417.9744911591052,98
2024-09-19 10:12:17.971,417.9620528498421,1003
2024-09-19 10:12:17.989,417.9704418800764,997
2024-09-19 10:12:18.053,417.9557745137407,104
2024-09-19 10:12:18.092,417.9614877044808,11
2024-09-19 10:12:18.232,417.9407977051284,5
2024-09-19 10:12:18.346,417.9322379260332,99
2024-09-19 10:12:18.468,417.9459169206709,14
2024-09-19 10:12:18.469,417.972529243963,105
2024-09-19 10:12:18.657,417.9531527079091,97
2024-09-19 10:12:18.710,417.9662122537844,97
2024-09-19 10:12:18.757,417.9572120569826,97
2024-09-19 10:12:18.799,417.9484089487379,105
2024-09-19 10:12:18.936,417.95506111250666,7
2024-09-19 10:12:18.966,417.9523543557471,999
2024-09-19 10:12:19.057,417.89928704767885,998
2024-09-19 10:12:19.084,41.79351441058462,1003
2024-09-19 10:12:19.174,417.94971528777495,1004
2024-09-19 10:12:19.219,417.898633101483,998
2024-09-19 10:12:19.246,417.9138741353158,99
2024-09-19 10:12:19.257,417.9723083950201,1002
2024-09-19 10:12:19.469,417.9743006909479,995
2024-09-19 10:12:19.505,417.87411816756816,99
2024-09-19 10:12:19.533,417.88868292734776,1003
2024-09-19 10:12:19.556,417.9090380735848,8
2024-09-19 10:12:19.561,417.9677270025351,5
2024-09-19 10:12:19.757,417.888614555415,10
2024-09-19 10:12:19.775,417.9596813049784,996
2024-09-19 10:12:19.788,417.96774277987913,103
2024-09-19 10:12:19.793,417.8815084813044,101
2024-09-19 10:12:19.856,417.9670699401186,105
2024-09-19 10:12:19.871,417.976689385668,1005
2024-09-19 10:12:19.877,417.8562446321775,11
2024-09-19 10:12:19.878,417.9672016437581,1003
2024-09-19 10:12:19.904,417.95059830845616,996
2024-09-19 10:12:19.908,417.9848792331503,13
2024-09-19 10:12:20.046,417.91015634087216,101
2024-09-19 10:12:20.117,417.9072833719462,100
2024-09-19 10:12:20.213,417.9154636886605,96
2024-09-19 10:12:20.251,417.872170629873,997
2024-09-19 10:12:20.604,417.8716684069476,104
2024-09-19 10:12:20.670,417.8708225420843,100
2024-09-19 10:12:20.879,417.8721125313739,14
2024-09-19 10:12:20.890,417.88835100996727,101
2024-09-19 10:12:20.901,417.9017820146208,11
2024-09-19 10:12:20.932,417.89232658512447,15
2024-09-19 10:12:21.118,417.917402240169,1000
2024-09-19 10:12:21.357,417.9394873227795,5
2024-09-19 10:12:21.425,417.9356578327357,102
2024-09-19 10:12:21.798,417.90222770635927,103
2024-09-19 10:12:22.001,417.9768703239896,104
2024-09-19 10:12:22.029,417.9243608646508,15
2024-09-19 10:12:22.031,417.9154239665681,1005
2024-09-19 10:12:22.144,417.9201548193313,10
2024-09-19 10:12:22.156,417.905256818835,9
2024-09-19 10:12:22.191,417.9311566321816,1005
2024-09-19 10:12:22.231,417.9091099523299,96
2024-09-19 10:12:22.262,417.9276670493987,997
2024-09-19 10:12:22.365,417.9705815514822,1000
2024-09-19 10:12:22.366,417.9202930865132,11
2024-09-19 10:12:22.428,417.9565760852429,100
2024-09-19 10:12:22.456,417.9729475679115,98
2024-09-19 10:12:22.463,417.9239094285825,97
2024-09-19 10:12:22.479,417.9403267690616,997
2024-09-19 10:12:22.514,417.9758587168594,11
2024-09-19 10:12:22.546,417.9551613167066,105
2024-09-19 10:12:22.593,417.9691800955171,999
2024-09-19 10:12:22.722,417.934026197249,103
2024-09-19 10:12:22.742,417.9579018216394,999
2024-09-19 10:12:22.864,417.9312740488578,13
2024-09-19 10:12:22.985,417.9411614268894,1000
2024-09-19 10:12:23.057,417.9370801547829,999
2024-09-19 10:12:23.059,417.9271551105312,12
2024-09-19 10:12:23.102,417.91700100859146,98
2024-09-19 10:12:23.121,417.9488838017066,105
2024-09-19 10:12:23.214,417.93209923593696,14
2024-09-19 10:12:23.237,417.9283226476031,6
2024-09-19 10:12:23.266,417.92664289987647,97
2024-09-19 10:12:23.493,417.9542551489386,997
2024-09-19 10:12:23.623,417.9226743835809,97
2024-09-19 10:12:23.709,417.9355572985116,98
2024-09-19 10:12:23.841,417.92884342978937,97
2024-09-19 10:12:23.976,417.94017602288864,1005
2024-09-19 10:12:24.028,417.9951498411164,996
2024-09-19 10:12:24.037,417.9994541259204,9
2024-09-19 10:12:24.073,417.99473019836137,1000
2024-09-19 10:12:24.076,417.9813830560346,6
2024-09-19 10:12:24.077,417.9653745668283,98
2024-09-19 10:12:24.085,418.055401051091,9
2024-09-19 10:12:24.193,417.9910124236886,995
2024-09-19 10:12:24.229,417.945325300959,6
2024-09-19 10:12:24.234,417.9336849346568,1004
2024-09-19 10:12:24.242,417.9065278707337,1005
2024-09-19 10:12:24.376,417.9319432711203,101
2024-09-19 10:12:24.398,417.92981179084376,103
2024-09-19 10:12:24.403,418.031356658829,102
2024-09-19 10:12:24.471,417.9088334182735,15
2024-09-19 10:12:24.500,417.9882714069246,104
2024-09-19 10:12:24.505,417.9367079218461,7
2024-09-19 10:12:24.529,417.9616775645449,9
2024-09-19 10:12:24.556,418.0062248443628,1004
2024-09-19 10:12:24.714,417.93105048011154,12
2024-09-19 10:12:24.722,418.0013518174295,104
2024-09-19 10:12:24.744,,14
2024-09-19 10:12:24.808,418.0342449349974,97
2024-09-19 10:12:24.825,417.9821416328951,1002
2024-09-19 10:12:24.836,417.9324221397942,15
2024-09-19 10:12:24.885,418.02838795926897,997
2024-09-19 10:12:24.903,417.97817654510897,11
2024-09-19 10:12:24.911,417.9851730560771,8
2024-09-19 10:12:24.916,417.9380666330592,6
2024-09-19 10:12:24.925,417.9368617637835,96
2024-09-19 10:12:24.989,417.9476823390959,99
2024-09-19 10:12:25.016,418.15474558028114,103
2024-09-19 10:12:25.017,418.093623417819,10
2024-09-19 10:12:25.041,418.104859174665,1003
2024-09-19 10:12:25.112,418.1408577422639,97
2024-09-19 10:12:25.144,418.10487867686106,1005
2024-09-19 10:12:25.234,418.14134148833057,8
2024-09-19 10:12:25.240,418.0966449660705,996
2024-09-19 10:12:25.372,418.1029862530133,998
2024-09-19 10:12:25.382,418.0897124225334,103
2024-09-19 10:12:25.464,418.1181076465393,13
2024-09-19 10:12:25.726,418.0837705305008,1003
2024-09-19 10:12:25.738,418.1260980272628,10
2024-09-19 10:12:25.770,418.14544784701,14
2024-09-19 10:12:25.770,418.1567833216322,1004
2024-09-19 10:12:25.803,418.0734281194295,9
2024-09-19 10:12:25.841,418.1025113479588,1001
2024-09-19 10:12:25.897,-418.14439260671946,101
2024-09-19 10:12:25.934,418.0515029244618,96
2024-09-19 10:12:25.989,418.1435043331044,98
2024-09-19 10:12:26.106,418.14906606646935,8
2024-09-19 10:12:26.276,418.1407996358363,99
2024-09-19 10:12:26.378,418.1211640676849,1004
2024-09-19 10:12:26.498,418.14253558963327,95
2024-09-19 10:12:26.836,418.1360723558971,11
2024-09-19 10:12:26.859,418.126427358737,10
2024-09-19 10:12:27.381,418.1488820434201,96
2024-09-19 10:12:27.462,418.1473347383658,998
2024-09-19 10:12:27.488,418.12477360960537,13
2024-09-19 10:12:27.804,418.1518993074874,996
2024-09-19 10:12:28.031,418.1216550157397,1000
2024-09-19 10:12:28.064,418.1417629481247,103
2024-09-19 10:12:28.086,418.1189007410181,7
2024-09-19 10:12:28.176,418.13030706516753,13
2024-09-19 10:12:28.195,418.14486474866345,99
2024-09-19 10:12:28.220,418.13747332639537,1001
2024-09-19 10:12:28.272,418.1622923576436,998
2024-09-19 10:12:28.277,418.1374184725353,999
2024-09-19 10:12:28.292,41.81025687913003,6
2024-09-19 10:12:28.324,418.0940494181636,102
2024-09-19 10:12:28.367,418.1212518637006,14
2024-09-19 10:12:28.432,418.1147390804169,96
2024-09-19 10:12:28.452,418.1457357467573,999
2024-09-19 10:12:28.499,418.114479324484,7
2024-09-19 10:12:28.556,418.14695901768806,99
2024-09-19 10:12:28.632,418.1085816533741,102
2024-09-19 10:12:28.652,418.1238175331996,97
2024-09-19 10:12:28.678,-418.1436409564377,98
2024-09-19 10:12:28.680,418.12640078651737,10
2024-09-19 10:12:28.691,418.1393958865917,14
2024-09-19 10:12:28.703,418.1436881665304,1005
2024-09-19 10:12:28.718,418.1237203385264,9
2024-09-19 10:12:28.734,418.1205517172798,5
2024-09-19 10:12:28.775,418.1136718185568,97
2024-09-19 10:12:28.821,418.15119016094064,95
2024-09-19 10:12:28.822,418.1188598511525,1001
2024-09-19 10:12:28.882,418.1231488718012,1005
2024-09-19 10:12:28.891,418.1066570390448,95
2024-09-19 10:12:28.964,418.1437838309941,103
2024-09-19 10:12:28.999,418.1290373218269,1005
2024-09-19 10:12:29.004,418.1450804207835,1003
2024-09-19 10:12:29.030,418.1814627602401,10
2024-09-19 10:12:29.061,418.1932693306738,99
2024-09-19 10:12:29.105,418.1346139665344,102
2024-09-19 10:12:29.129,418.12630955602367,1004
2024-09-19 10:12:29.132,418.1733189293131,99
2024-09-19 10:12:29.152,418.1729943754574,96
2024-09-19 10:12:29.198,418.1457144520715,8
2024-09-19 10:12:29.273,418.2033116404911,997
2024-09-19 10:12:29.289,,9
2024-09-19 10:12:29.332,418.1514844434455,999
2024-09-19 10:12:29.481,418.1777544356269,998
2024-09-19 10:12:29.505,418.1844115899472,999
2024-09-19 10:12:29.537,418.1885387786567,995
2024-09-19 10:12:29.542,418.1810697499008,1002
2024-09-19 10:12:29.579,418.1120247532417,1002
2024-09-19 10:12:29.585,418.1880057197693,9
2024-09-19 10:12:29.595,418.1775055500441,10
2024-09-19 10:12:29.639,418.1729469509954,998
2024-09-19 10:12:29.654,418.1369635183688,12
2024-09-19 10:12:29.676,418.1187016152994,6
2024-09-19 10:12:29.691,418.1823168616439,996
2024-09-19 10:12:29.717,418.1118142711777,1003
2024-09-19 10:12:29.730,418.1364574235371,1005
2024-09-19 10:12:29.826,418.1590293123453,7
2024-09-19 10:12:29.830,418.131639300197,103
2024-09-19 10:12:29.966,418.1863306998719,995
2024-09-19 10:12:29.991,418.1941236975264,6
2024-09-19 10:12:30.024,418.12110609042526,995
2024-09-19 10:12:30.071,418.1243910720271,103
2024-09-19 10:12:30.100,418.1017920982724,1005
2024-09-19 10:12:30.108,418.1938038042436,97
2024-09-19 10:12:30.131,418.0975607432504,103
2024-09-19 10:12:30.142,418.1188412451296,996
2024-09-19 10:12:30.199,418.15083946857055,11
2024-09-19 10:12:30.219,418.1158619200394,98
2024-09-19 10:12:30.275,418.12258004824827,104
2024-09-19 10:12:30.313,418.1374492062536,104
2024-09-19 10:12:30.328,418.1084557732764,102
2024-09-19 10:12:30.343,418.1166657270757,7
2024-09-19 10:12:30.359,418.11290774301807,101
2024-09-19 10:12:30.359,418.1319058596925,99
2024-09-19 10:12:30.362,418.1214556295175,8
2024-09-19 10:12:30.363,418.1053507796567,12
2024-09-19 10:12:30.388,418.1068257085665,97
2024-09-19 10:12:30.426,418.165393680861,9
2024-09-19 10:12:30.617,418.1348992715913,10
2024-09-19 10:12:30.665,418.1894365893925,1003
2024-09-19 10:12:30.680,418.17709595264944,1002
2024-09-19 10:12:30.767,418.1712183122112,9
2024-09-19 10:12:30.799,418.1321236494752,1002
2024-09-19 10:12:30.825,418.17150544376045,6
2024-09-19 10:12:30.868,418.11146403569495,998
2024-09-19 10:12:30.881,418.1312993185197,15
2024-09-19 10:12:30.940,-418.1111047878285,7
2024-09-19 10:12:30.984,-418.1876102953853,1002
2024-09-19 10:12:31.110,418.1857439316765,999
2024-09-19 10:12:31.697,418.1990550944937,103
2024-09-19 10:12:31.774,418.199489085081,6
2024-09-19 10:12:31.808,418.19719959804416,996
2024-09-19 10:12:31.820,418.2076947328518,99
2024-09-19 10:12:31.973,418.1854655333308,6
2024-09-19 10:12:32.015,418.1966211549336,997
2024-09-19 10:12:32.085,418.2064157206497,102
2024-09-19 10:12:32.094,418.1923338821288,12
2024-09-19 10:12:32.402,418.200133986544,995
2024-09-19 10:12:32.415,418.1932189645197,1002
2024-09-19 10:12:32.548,,102
2024-09-19 10:12:32.563,418.2273438493441,10
2024-09-19 10:12:32.587,418.204212537231,5
2024-09-19 10:12:32.617,418.1845559928465,997
2024-09-19 10:12:32.736,418.2281923382305,8
2024-09-19 10:12:32.754,418.1944307689032,101
2024-09-19 10:12:32.763,41.82045494646063,1004
2024-09-19 10:12:32.856,418.1980609041892,105
2024-09-19 10:12:32.868,418.1950218608241,97
2024-09-19 10:12:32.884,418.2289935446447,1000
2024-09-19 10:12:32.925,418.2227062991088,998
2024-09-19 10:12:33.022,418.1280835769391,1001
2024-09-19 10:12:33.029,418.20572745406514,1003
2024-09-19 10:12:33.076,418.220409654398,99
2024-09-19 10:12:33.093,418.235639377508,14
2024-09-19 10:12:33.100,418.1980673408528,100
2024-09-19 10:12:33.104,418.1855972999997,1001
2024-09-19 10:12:33.168,418.13215568238985,6
2024-09-19 10:12:33.188,418.213915003807,101
2024-09-19 10:12:33.255,418.1601251056014,999
2024-09-19 10:12:33.258,418.15648746633735,1005
2024-09-19 10:12:33.350,418.20422879858535,996
2024-09-19 10:12:33.429,418.1801491474935,1005
2024-09-19 10:12:33.482,418.1444305355877,11
2024-09-19 10:12:33.486,418.1330945656513,100
2024-09-19 10:12:33.495,418.1522530128135,11
2024-09-19 10:12:33.518,,98
2024-09-19 10:12:33.593,418.1769112742057,10
2024-09-19 10:12:33.638,418.2030690138305,995
2024-09-19 10:12:33.643,418.18463617758624,13
2024-09-19 10:12:33.701,418.1827433459253,96
2024-09-19 10:12:33.721,418.1659207498542,5
2024-09-19 10:12:33.739,418.238430655896,1002
2024-09-19 10:12:33.749,418.1514861871863,103
2024-09-19 10:12:33.799,418.1426145813,95
2024-09-19 10:12:33.836,418.2138484176042,8
2024-09-19 10:12:33.841,418.202670817728,1003
2024-09-19 10:12:33.863,418.2010452370368,98
2024-09-19 10:12:33.880,418.1313690327642,105
2024-09-19 10:12:33.966,418.1743755456535,1000
2024-09-19 10:12:33.996,418.1528956314497,10
2024-09-19 10:12:34.031,418.1339803659208,101
2024-09-19 10:12:34.048,418.1451492998124,999
2024-09-19 10:12:34.144,418.1407778029006,96
2024-09-19 10:12:34.249,418.1329085957766,999
2024-09-19 10:12:34.333,418.1400065502519,1003
2024-09-19 10:12:34.735,418.14663272594856,104
2024-09-19 10:12:34.783,418.1439250457115,96
2024-09-19 10:12:34.904,418.1440374908528,997
2024-09-19 10:12:35.135,418.1174025480293,97
2024-09-19 10:12:35.609,418.1055407959161,11
2024-09-19 10:12:35.609,418.1191582958421,14
2024-09-19 10:12:35.753,418.1121014292223,6
2024-09-19 10:12:35.991,418.1328326061816,102
2024-09-19 10:12:36.041,418.1134125027559,15
2024-09-19 10:12:36.352,418.1466533636523,999
2024-09-19 10:12:36.428,418.1428394398029,97
2024-09-19 10:12:36.520,418.14230856165375,99
2024-09-19 10:12:36.628,418.13457583471126,1004
2024-09-19 10:12:36.740,418.1117972827144,1000
2024-09-19 10:12:36.843,418.129767047332,100
2024-09-19 10:12:36.900,418.1216520011219,97
2024-09-19 10:12:37.091,418.1804005073583,14
2024-09-19 10:12:37.134,418.1404898369508,99
2024-09-19 10:12:37.184,-418.1976490712811,14
2024-09-19 10:12:37.353,418.2032855065463,96
2024-09-19 10:12:37.465,418.1956595596228,1003
2024-09-19 10:12:37.488,418.1599971432898,95
2024-09-19 10:12:37.495,418.2037510876247,1003
2024-09-19 10:12:37.497,418.19735725496446,11
2024-09-19 10:12:37.755,418.2163025996352,1005
2024-09-19 10:12:37.778,418.2032819098792,10
2024-09-19 10:12:37.802,418.2182445915856,10
2024-09-19 10:12:37.836,418.1491615970785,102
2024-09-19 10:12:37.850,418.1717076345333,6
2024-09-19 10:12:37.869,418.1987118534074,9
2024-09-19 10:12:37.926,418.1837098462437,96
2024-09-19 10:12:38.321,418.15209708230736,5
2024-09-19 10:12:39.011,418.10936669325184,13
2024-09-19 10:12:39.177,418.1305072679703,95
2024-09-19 10:12:39.180,418.0949163035646,15
2024-09-19 10:12:39.245,418.1442118238657,997
2024-09-19 10:12:39.285,418.1164627666541,104
2024-09-19 10:12:39.290,418.1041613979911,1005
2024-09-19 10:12:39.336,418.0916531479559,1004
2024-09-19 10:12:39.342,418.1109180957632,1000
2024-09-19 10:12:39.432,,9
2024-09-19 10:12:39.456,418.09715998588433,5
2024-09-19 10:12:39.472,418.13297593855793,1001
2024-09-19 10:12:39.478,418.1158897684328,101
2024-09-19 10:12:39.594,418.0829108722732,102
2024-09-19 10:12:39.604,418.107993953823,8
2024-09-19 10:12:39.709,-418.0892788031903,5
2024-09-19 10:12:39.720,418.10408764838144,99
2024-09-19 10:12:39.733,418.11094873320735,103
2024-09-19 10:12:39.769,418.0972512823898,95
2024-09-19 10:12:39.825,418.093791877668,1005
2024-09-19 10:12:39.859,418.10739651893954,1002
2024-09-19 10:12:39.867,,101
2024-09-19 10:12:39.928,418.0845472861352,1004
2024-09-19 10:12:40.034,418.0965358473951,97
2024-09-19 10:12:40.040,418.1096686416155,10
2024-09-19 10:12:40.087,418.1817130374001,1001
2024-09-19 10:12:40.091,418.1855655541376,996
2024-09-19 10:12:40.171,418.1954594031657,102
2024-09-19 10:12:40.185,418.1777923708149,997
2024-09-19 10:12:40.258,-418.1820298914843,995
2024-09-19 10:12:40.372,418.1934774838403,98
2024-09-19 10:12:40.398,418.1828591962376,98
2024-09-19 10:12:40.447,418.1870352654778,95
2024-09-19 10:12:40.481,418.1367249559936,100
2024-09-19 10:12:40.546,418.1598659607757,6
2024-09-19 10:12:40.553,418.1853826480042,8
2024-09-19 10:12:40.664,418.2127132396592,1002
2024-09-19 10:12:40.684,418.18840395734543,98
2024-09-19 10:12:40.850,418.1805089147911,999
2024-09-19 10:12:40.935,418.188390152848,1000
2024-09-19 10:12:40.951,418.1571632286296,1000
2024-09-19 10:12:40.968,418.1895829770248,105
2024-09-19 10:12:41.094,418.1492359017928,1002
2024-09-19 10:12:41.191,418.1341705609898,1004
2024-09-19 10:12:41.197,418.1464887420925,1002
2024-09-19 10:12:41.260,418.1367095597153,11
2024-09-19 10:12:41.270,418.19893227362513,95
2024-09-19 10:12:41.286,418.196101261232,5
2024-09-19 10:12:41.296,418.1748622113067,100
2024-09-19 10:12:41.298,418.1775262472906,103
2024-09-19 10:12:41.331,418.1517942203416,13
2024-09-19 10:12:41.354,418.19059957925566,101
2024-09-19 10:12:41.379,418.1414171015271,14
2024-09-19 10:12:41.383,418.1632535750593,8
2024-09-19 10:12:41.403,418.173477740277,999
2024-09-19 10:12:41.471,418.1385449791765,98
2024-09-19 10:12:41.476,418.207998351636,99
2024-09-19 10:12:41.500,418.1931356267876,1001
2024-09-19 10:12:41.565,418.1563753693716,95
2024-09-19 10:12:41.570,418.2067264662257,1003
2024-09-19 10:12:41.633,418.1872361765506,7
2024-09-19 10:12:41.659,418.16527632768975,101
2024-09-19 10:12:41.659,418.2151594638154,102
2024-09-19 10:12:41.661,418.1686236488182,13
2024-09-19 10:12:41.714,418.1340817419779,1004
2024-09-19 10:12:41.809,418.2033601041002,1002
2024-09-19 10:12:41.822,418.18766509463353,10
2024-09-19 10:12:41.832,418.1970356141129,9
2024-09-19 10:12:41.901,418.1812801337748,105
2024-09-19 10:12:41.969,418.187479019324,1002
2024-09-19 10:12:42.007,418.1573327971351,10
2024-09-19 10:12:42.214,418.15556378497257,97
2024-09-19 10:12:42.385,-418.1611606884071,97
2024-09-19 10:12:42.415,418.1539555537257,1001
2024-09-19 10:12:42.452,418.1679675281264,998
2024-09-19 10:12:42.562,418.1774299904843,998
2024-09-19 10:12:42.582,418.1688334727853,100
2024-09-19 10:12:42.645,418.1796744581032,7
2024-09-19 10:12:42.803,418.1584308663405,14
2024-09-19 10:12:42.846,418.17160758534885,10
2024-09-19 10:12:42.895,418.1654729882986,12
2024-09-19 10:12:42.906,418.1656227230504,14
2024-09-19 10:12:43.024,418.1643447909792,99
2024-09-19 10:12:43.079,418.1571499481089,96
2024-09-19 10:12:43.093,418.1769012779031,95
2024-09-19 10:12:43.165,418.1732536032501,6
2024-09-19 10:12:43.233,418.1553465170828,98
2024-09-19 10:12:43.239,418.1453726941996,996
2024-09-19 10:12:43.297,418.1731840005663,1001
2024-09-19 10:12:43.311,418.1684575010173,999
2024-09-19 10:12:43.326,418.1645160451332,12
2024-09-19 10:12:43.350,418.1673779220588,998
2024-09-19 10:12:43.353,418.1482258674785,1003
2024-09-19 10:12:43.429,418.1528566275848,14
2024-09-19 10:12:43.460,418.1359275469713,996
2024-09-19 10:12:43.484,418.1775415955569,1004
2024-09-19 10:12:43.486,418.1743039302378,8
2024-09-19 10:12:43.497,418.1400561721453,12
2024-09-19 10:12:43.552,418.1573545759482,1000
2024-09-19 10:12:43.595,418.185715786164,104
2024-09-19 10:12:43.619,418.1483612489332,13
2024-09-19 10:12:43.885,418.1554471377812,1003
2024-09-19 10:12:43.895,418.17563074572894,8
2024-09-19 10:12:43.899,418.1770891349812,14
2024-09-19 10:12:43.909,418.1601296642853,103
2024-09-19 10:12:43.965,418.14749632700864,995
2024-09-19 10:12:43.988,418.1925730049117,999
2024-09-19 10:12:44.107,417.97535246288527,14
2024-09-19 10:12:44.136,418.0074402685073,105
2024-09-19 10:12:44.247,418.1062672102642,96
2024-09-19 10:12:44.269,418.07543642526144,1004
2024-09-19 10:12:44.292,418.06634534296217,1004
2024-09-19 10:12:44.301,418.0012489015888,100
2024-09-19 10:12:44.345,417.9900776855953,1000
2024-09-19 10:12:44.394,418.1149106440377,104
2024-09-19 10:12:44.408,418.1453773935504,11
2024-09-19 10:12:44.415,418.1306028781633,9
2024-09-19 10:12:44.427,417.9836285029853,5
2024-09-19 10:12:44.455,418.0854550706657,95
2024-09-19 10:12:44.467,418.08081615678776,14
2024-09-19 10:12:44.480,418.0933491699728,1003
2024-09-19 10:12:44.493,417.9674227994007,1002
2024-09-19 10:12:44.586,418.0248066292637,1001
2024-09-19 10:12:44.590,418.1199012321236,10
2024-09-19 10:12:44.591,418.0726682005629,97
2024-09-19 10:12:44.598,418.0191331625941,102
2024-09-19 10:12:44.614,418.14228324917786,97
2024-09-19 10:12:44.782,418.0717302891924,100
2024-09-19 10:12:44.810,418.1081406273186,998
2024-09-19 10:12:44.875,418.1368139251304,998
2024-09-19 10:12:44.882,418.1055660122245,995
2024-09-19 10:12:44.938,418.1293296174466,100
2024-09-19 10:12:44.940,418.0390282746749,998
2024-09-19 10:12:44.954,418.1030836796947,999
2024-09-19 10:12:44.965,418.0988018232717,1005
2024-09-19 10:12:44.972,418.08034065918247,11
2024-09-19 10:12:45.066,417.9600729501578,1000
2024-09-19 10:12:45.091,417.9707862109495,1001
2024-09-19 10:12:45.122,417.9615086799353,5
2024-09-19 10:12:45.209,418.0052288373946,14
2024-09-19 10:12:45.257,418.0046329491643,8
2024-09-19 10:12:45.315,417.9967044913575,13
2024-09-19 10:12:45.339,417.99123038032593,11
2024-09-19 10:12:45.351,417.991351571031,996
2024-09-19 10:12:45.409,418.0005565026498,8
2024-09-19 10:12:45.495,418.0166271724372,99
2024-09-19 10:12:45.618,417.9504647790384,10
2024-09-19 10:12:45.654,417.9525651313376,101
2024-09-19 10:12:45.729,417.9541251862855,105
2024-09-19 10:12:45.781,418.0048379588042,99
2024-09-19 10:12:45.842,417.9567401984447,13
2024-09-19 10:12:45.943,417.9621699479694,105
2024-09-19 10:12:46.010,417.95317077553295,15
2024-09-19 10:12:46.015,418.00560115938777,105
2024-09-19 10:12:46.113,417.96182426571096,100
2024-09-19 10:12:46.153,417.9878385841545,10
2024-09-19 10:12:46.198,417.9926918632455,996
2024-09-19 10:12:46.219,417.9693136485222,96
2024-09-19 10:12:46.257,417.9720267703863,999
2024-09-19 10:12:46.271,418.0020935595368,999
2024-09-19 10:12:46.363,418.01146171723246,97
2024-09-19 10:12:46.390,417.9513103590375,7
2024-09-19 10:12:46.458,418.01026514930425,101
2024-09-19 10:12:46.493,417.9611470079492,104
2024-09-19 10:12:46.644,417.9794136666077,997
2024-09-19 10:12:46.660,417.9574631515691,8
2024-09-19 10:12:46.698,417.9762908003824,1005
2024-09-19 10:12:46.701,417.9711177012255,104
2024-09-19 10:12:46.709,417.9547485153509,1002
2024-09-19 10:12:46.737,418.0060145801364,15
2024-09-19 10:12:46.835,417.97766839657857,1000
2024-09-19 10:12:46.913,417.981379555486,99
2024-09-19 10:12:47.027,417.9206940521696,9
2024-09-19 10:12:47.051,417.9227219250746,104
2024-09-19 10:12:47.095,417.9351007858009,97
2024-09-19 10:12:47.263,417.91046356909504,1003
2024-09-19 10:12:47.280,417.98224561406863,1003
2024-09-19 10:12:47.402,417.9355048025627,1004
2024-09-19 10:12:47.418,417.9078533421028,1001
2024-09-19 10:12:47.471,417.9239391492815,103
2024-09-19 10:12:47.597,417.94313101553695,996
2024-09-19 10:12:47.599,417.952702662598,104
2024-09-19 10:12:47.618,417.9111633365829,99
2024-09-19 10:12:47.666,417.9196224615797,1000
2024-09-19 10:12:47.747,417.95205374482026,996
2024-09-19 10:12:47.760,417.9416950325996,100
2024-09-19 10:12:47.781,417.9131682442058,104
2024-09-19 10:12:47.898,417.9180251515854,997
2024-09-19 10:12:47.935,417.9551125651087,12
2024-09-19 10:12:47.998,417.92634774945634,98
2024-09-19 10:12:48.084,417.9230187459965,1001
2024-09-19 10:12:48.217,417.91862394665065,995
2024-09-19 10:12:48.750,417.9270683293154,104
2024-09-19 10:12:48.822,417.9533801383453,8
2024-09-19 10:12:48.914,417.9448579172275,13
2024-09-19 10:12:49.037,417.8837421365722,13
2024-09-19 10:12:49.066,417.78513344607126,98
2024-09-19 10:12:49.084,417.7843535047849,102
2024-09-19 10:12:49.109,-417.80828997189934,8
2024-09-19 10:12:49.188,417.85031907494033,1000
2024-09-19 10:12:49.197,417.7792259750191,9
2024-09-19 10:12:49.239,41.78091796113051,5
2024-09-19 10:12:49.248,417.83423149023554,11
2024-09-19 10:12:49.285,417.9082649407661,105
2024-09-19 10:12:49.314,417.77506176700456,1001
2024-09-19 10:12:49.317,417.7901841963487,1001
2024-09-19 10:12:49.377,417.8568839181529,102
2024-09-19 10:12:49.411,417.9106405768546,996
2024-09-19 10:12:49.481,417.91932399006544,1002
2024-09-19 10:12:49.492,417.9107237775333,9
2024-09-19 10:12:49.554,417.84431330482255,1003
2024-09-19 10:12:49.578,417.84026441399976,1004
2024-09-19 10:12:49.616,417.8590231139854,11
2024-09-19 10:12:49.656,417.8524478094042,11
2024-09-19 10:12:49.688,417.8887802469843,96
2024-09-19 10:12:49.758,417.8095853046497,1004
2024-09-19 10:12:49.868,417.8750773348895,103
2024-09-19 10:12:49.871,417.90039726128487,1005
2024-09-19 10:12:49.871,417.9063671220727,996
2024-09-19 10:12:49.932,417.7686676132994,995
2024-09-19 10:12:49.988,417.9291840051685,996
2024-09-19 10:12:49.989,417.8864131602173,6
2024-09-19 10:12:49.996,417.91314880922,996
2024-09-19 10:12:50.051,417.763564237024,103
2024-09-19 10:12:50.090,417.77053628477097,103
2024-09-19 10:12:50.091,417.77965145834094,101
2024-09-19 10:12:50.125,417.750840135617,1001
2024-09-19 10:12:50.165,417.784990583092,101
2024-09-19 10:12:50.173,417.7429024798581,997
2024-09-19 10:12:50.263,417.776512984219,102
2024-09-19 10:12:50.363,417.74197428184135,103
2024-09-19 10:12:50.465,417.75511257968486,11
2024-09-19 10:12:50.490,417.7671899092151,1003
2024-09-19 10:12:50.507,417.7423110874305,995
2024-09-19 10:12:50.515,417.7383406409932,995
2024-09-19 10:12:50.528,417.74146587332,1003
2024-09-19 10:12:50.566,417.7850440813639,13
2024-09-19 10:12:50.584,417.7992266145909,99
2024-09-19 10:12:50.635,417.7576472707598,8
2024-09-19 10:12:50.728,417.7429460038233,8
2024-09-19 10:12:50.771,417.7766931615178,101
2024-09-19 10:12:50.819,417.7541348997248,95
2024-09-19 10:12:50.840,417.7828169027616,7
2024-09-19 10:12:50.898,417.7601651203936,103
2024-09-19 10:12:50.946,417.7348386150032,1005
2024-09-19 10:12:51.008,417.7983954533987,1002
2024-09-19 10:12:51.020,417.7619341608991,105
2024-09-19 10:12:51.071,417.7811062104714,1002
2024-09-19 10:12:51.089,417.8042102923894,1005
2024-09-19 10:12:51.092,417.7298890899236,8
2024-09-19 10:12:51.119,417.777567276788,9
2024-09-19 10:12:51.131,417.7412499614832,98
2024-09-19 10:12:51.238,417.7191730983709,99
2024-09-19 10:12:51.297,,105
2024-09-19 10:12:51.306,417.7408261236642,1003
2024-09-19 10:12:51.313,417.73104378348137,1003
2024-09-19 10:12:51.373,417.78412630203087,12
2024-09-19 10:12:51.403,417.79372606380815,6
2024-09-19 10:12:51.455,417.7249987102133,6
2024-09-19 10:12:51.531,-417.7421865755058,7
2024-09-19 10:12:51.531,417.7365894086586,98
2024-09-19 10:12:51.546,417.7193665555075,13
2024-09-19 10:12:51.657,417.714647564046,15
2024-09-19 10:12:51.662,417.7491544342261,103
2024-09-19 10:12:51.713,417.79802332690616,996
2024-09-19 10:12:51.756,417.7293079587573,9
2024-09-19 10:12:51.796,417.7516854871236,12
2024-09-19 10:12:51.827,417.7541244693484,12
2024-09-19 10:12:51.835,417.7359729628377,10
2024-09-19 10:12:51.836,417.8014944577348,997
2024-09-19 10:12:51.866,417.7715602611378,6
2024-09-19 10:12:51.908,417.7547381530624,6
2024-09-19 10:12:51.944,417.7865104994329,5
2024-09-19 10:12:51.962,41.777225840644725,99
2024-09-19 10:12:52.019,417.75296166426926,12
2024-09-19 10:12:52.046,417.78511591525256,12
2024-09-19 10:12:52.084,417.7648027161532,103
2024-09-19 10:12:52.108,417.7417522233326,96
2024-09-19 10:12:52.134,417.8129880691502,10
2024-09-19 10:12:52.146,417.8196335015404,995
2024-09-19 10:12:52.212,417.8093805748133,999
2024-09-19 10:12:52.230,417.7957370057894,1004
2024-09-19 10:12:52.251,41.780974680548496,96
2024-09-19 10:12:52.260,417.7471774795317,105
2024-09-19 10:12:52.263,417.8196988584392,1003
2024-09-19 10:12:52.298,417.7568748486072,11
2024-09-19 10:12:52.318,417.7930845759944,102
2024-09-19 10:12:52.352,417.73148854342287,6
2024-09-19 10:12:52.399,417.7902052366341,997
2024-09-19 10:12:52.545,417.7882591845754,95
2024-09-19 10:12:52.569,417.7482667076703,15
2024-09-19 10:12:52.575,417.7496767442074,995
2024-09-19 10:12:52.662,417.7433677377092,11
2024-09-19 10:12:52.712,417.7758622650192,9
2024-09-19 10:12:52.736,417.7448371643509,998
2024-09-19 10:12:52.740,417.7524432830169,999
2024-09-19 10:12:52.816,417.7398182008841,7
2024-09-19 10:12:52.915,417.8039240428415,11
2024-09-19 10:12:52.922,417.7584728428957,98
2024-09-19 10:12:52.989,417.7551200605537,996
2024-09-19 10:12:53.042,417.6788068225191,1003
2024-09-19 10:12:53.112,417.7696016244826,101
2024-09-19 10:12:53.149,417.6890155460171,9
2024-09-19 10:12:53.298,417.6885377157844,998
2024-09-19 10:12:53.378,417.69799927504994,1000
2024-09-19 10:12:53.379,-417.75361871546096,98
2024-09-19 10:12:53.383,417.72063393987673,6
2024-09-19 10:12:53.401,417.72531703611736,15
2024-09-19 10:12:53.471,417.6914322595,11
2024-09-19 10:12:53.506,417.671349669826,15
2024-09-19 10:12:53.529,417.6912831033024,102
2024-09-19 10:12:53.620,417.70469023610025,103
2024-09-19 10:12:53.637,417.7072185826013,8
2024-09-19 10:12:53.745,417.7065293359548,1001
2024-09-19 10:12:53.761,417.7084717127492,1000
2024-09-19 10:12:53.893,417.69003574916354,15
2024-09-19 10:12:53.922,417.75060828374205,100
2024-09-19 10:12:53.932,417.7735688344084,101
2024-09-19 10:12:54.065,417.6889609928184,11
2024-09-19 10:12:54.192,417.6957842374188,7
2024-09-19 10:12:54.237,417.7006573399781,99
2024-09-19 10:12:54.254,417.6961773918834,998
2024-09-19 10:12:54.319,417.6954604775309,95
2024-09-19 10:12:55.957,417.6873721909333,102
2024-09-19 10:12:56.047,417.599269826419,998
2024-09-19 10:12:56.150,417.6720220456648,104
2024-09-19 10:12:56.153,417.66866559937074,1002
2024-09-19 10:12:56.156,417.6759644718911,99
2024-09-19 10:12:56.180,417.6499930838498,96
2024-09-19 10:12:56.199,417.6192705044468,1003
2024-09-19 10:12:56.261,417.66249952392224,102
2024-09-19 10:12:56.275,417.6654954282546,100
2024-09-19 10:12:56.299,417.70284053817807,14
2024-09-19 10:12:56.316,417.6702679701779,96
2024-09-19 10:12:56.335,417.66969070353855,14
2024-09-19 10:12:56.342,417.6830797107292,6
2024-09-19 10:12:56.421,417.6823046293039,102
2024-09-19 10:12:56.468,417.6419013045118,1005
2024-09-19 10:12:56.475,417.66188176601776,13
2024-09-19 10:12:56.535,417.68863134599394,7
2024-09-19 10:12:56.626,417.62223861527366,1004
2024-09-19 10:12:56.647,417.6636251740098,97
2024-09-19 10:12:56.667,417.6641902060727,1004
2024-09-19 10:12:56.771,417.6459056057081,105
2024-09-19 10:12:56.774,417.6721478983511,102
2024-09-19 10:12:56.781,417.6641555311197,1003
2024-09-19 10:12:56.914,417.6673405334783,97
2024-09-19 10:12:56.936,417.65661497711415,998
2024-09-19 10:12:56.963,417.6686517353626,104
2024-09-19 10:12:56.976,417.6557469172868,101
2024-09-19 10:12:57.122,417.5912658527474,997
2024-09-19 10:12:57.194,417.6195399651812,5
2024-09-19 10:12:57.232,417.5905375671119,999
2024-09-19 10:12:57.303,417.5908022964593,101
2024-09-19 10:12:57.314,417.6036946310009,11
2024-09-19 10:12:57.357,417.611050575088,96
2024-09-19 10:12:57.382,417.6123752477164,997
2024-09-19 10:12:57.422,417.5860539053896,1004
2024-09-19 10:12:57.454,417.5803675967968,103
2024-09-19 10:12:57.480,417.6052025764196,13
2024-09-19 10:12:57.483,417.6053560699487,5
2024-09-19 10:12:57.492,417.609593005647,99
2024-09-19 10:12:57.535,417.5928262282859,1004
2024-09-19 10:12:57.563,417.5899791758733,1004
2024-09-19 10:12:57.636,417.60195907448025,104
2024-09-19 10:12:57.670,417.6060031064957,995
2024-09-19 10:12:57.694,417.59460912591146,999
2024-09-19 10:12:57.723,417.6137445547192,98
2024-09-19 10:12:57.762,417.6023227063289,100
2024-09-19 10:12:57.765,417.5980762733357,998
2024-09-19 10:12:57.782,417.6062065779826,8
2024-09-19 10:12:57.829,417.59881310751103,96
2024-09-19 10:12:57.855,417.5993787792997,97
2024-09-19 10:12:57.874,417.59833800006015,100
2024-09-19 10:12:58.101,417.61693916563775,9
2024-09-19 10:12:58.142,417.594797368074,97
2024-09-19 10:12:58.226,417.6112784741254,9
2024-09-19 10:12:58.228,417.6023401511313,11
2024-09-19 10:12:58.344,417.6069882377165,15
2024-09-19 10:12:58.500,417.6209865232686,1000
2024-09-19 10:12:58.506,417.6279388996409,97
2024-09-19 10:12:58.655,417.6149574953398,14
2024-09-19 10:12:58.676,417.60483224465446,6
2024-09-19 10:12:58.704,417.6089626295823,12
2024-09-19 10:12:58.712,417.5972131355695,10
2024-09-19 10:12:58.918,417.5838369206009,1002
2024-09-19 10:12:59.015,417.65457510194585,11
2024-09-19 10:12:59.015,417.6343089147697,996
2024-09-19 10:12:59.081,417.64949474203553,1005
2024-09-19 10:12:59.110,417.63868476906345,96
2024-09-19 10:12:59.275,417.62761241532087,1003
2024-09-19 10:12:59.378,417.6620237239588,1001
2024-09-19 10:12:59.399,417.6639910675057,98
2024-09-19 10:12:59.537,417.6469582193593,97
2024-09-19 10:12:59.584,417.6578142662588,1000
2024-09-19 10:12:59.603,417.6225915211955,15
2024-09-19 10:12:59.606,417.6602662650827,8
2024-09-19 10:12:59.706,417.6463876929343,999
2024-09-19 10:12:59.706,417.6674500929557,14
2024-09-19 10:12:59.733,417.6465044985032,997
2024-09-19 10:12:59.825,417.6746863557359,12
2024-09-19 10:12:59.872,417.654272400672,997
2024-09-19 10:12:59.960,417.6587381761441,14
2024-09-19 10:12:59.965,417.6729366582672,100
2024-09-19 10:12:59.980,417.6420489054959,14
