Timestamp,Price,Size
2024-09-19 12:58:00.196,423.8975976406262,1003
2024-09-19 12:58:00.514,423.9003544289315,6
2024-09-19 12:58:00.706,423.8998669029334,8
2024-09-19 12:58:00.772,423.90958174385696,1003
2024-09-19 12:58:01.578,423.8945626333221,1005
2024-09-19 12:58:01.578,423.87940878607617,102
2024-09-19 12:58:01.591,423.8839039612482,998
2024-09-19 12:58:01.740,423.9093799098139,5
2024-09-19 12:58:02.420,423.89268288610725,102
2024-09-19 12:58:03.074,423.8832195718015,105
2024-09-19 12:58:03.106,423.9081730306714,995
2024-09-19 12:58:03.144,423.8916289712027,8
2024-09-19 12:58:03.174,423.8575212979808,100
2024-09-19 12:58:03.395,423.9001573854305,98
2024-09-19 12:58:03.432,423.8612475273492,1002
2024-09-19 12:58:03.475,423.9047077394124,6
2024-09-19 12:58:03.570,423.8710404520929,7
2024-09-19 12:58:03.574,423.8873284467529,1003
2024-09-19 12:58:03.626,423.89265812854586,1000
2024-09-19 12:58:03.626,423.8918230477125,99
2024-09-19 12:58:03.746,423.8827335319128,14
2024-09-19 12:58:03.804,423.8822316655771,101
2024-09-19 12:58:03.882,-423.8963206083247,105
2024-09-19 12:58:05.065,423.7588749929344,15
2024-09-19 12:58:05.072,423.7222448641968,99
2024-09-19 12:58:05.353,423.7871468863873,999
2024-09-19 12:58:05.374,423.7983847181296,95
2024-09-19 12:58:05.394,423.7346049381014,101
2024-09-19 12:58:05.425,423.7380787517466,12
2024-09-19 12:58:05.444,423.7826547103475,999
2024-09-19 12:58:05.449,423.78210949754987,100
2024-09-19 12:58:05.465,423.7389804287215,7
2024-09-19 12:58:05.468,423.7511734935068,1001
2024-09-19 12:58:05.473,423.7268128793847,999
2024-09-19 12:58:05.636,423.8600319121419,15
2024-09-19 12:58:05.638,423.78722013010616,95
2024-09-19 12:58:05.695,423.7370022913843,11
2024-09-19 12:58:05.708,423.77609985489306,101
2024-09-19 12:58:05.737,423.84900509888166,9
2024-09-19 12:58:05.823,423.801369439179,1002
2024-09-19 12:58:05.827,423.8195767906907,14
2024-09-19 12:58:05.844,423.8279078662964,11
2024-09-19 12:58:05.906,423.7876644883266,103
2024-09-19 12:58:06.072,423.78489143398144,98
2024-09-19 12:58:06.139,423.7730579562822,1001
2024-09-19 12:58:06.438,423.7796642561552,101
2024-09-19 12:58:06.505,423.7691480720047,102
2024-09-19 12:58:07.040,423.79364269655775,99
2024-09-19 12:58:07.357,423.7943072418664,97
2024-09-19 12:58:07.754,423.7629018687662,7
2024-09-19 12:58:07.900,423.77939342951,101
2024-09-19 12:58:07.937,423.7561720065646,100
2024-09-19 12:58:07.950,423.7870831055933,1005
2024-09-19 12:58:08.021,423.7942454302096,100
2024-09-19 12:58:08.266,423.8029768299152,996
2024-09-19 12:58:08.528,423.8052081050352,95
2024-09-19 12:58:08.620,423.81043848334167,9
2024-09-19 12:58:08.638,423.783477447547,1000
2024-09-19 12:58:08.640,423.7911707966768,13
2024-09-19 12:58:08.641,423.7955365489644,105
2024-09-19 12:58:08.739,423.7894284049376,997
2024-09-19 12:58:08.816,423.7887883481629,15
2024-09-19 12:58:08.985,423.8083779969828,101
2024-09-19 12:58:09.002,423.71805797217615,96
2024-09-19 12:58:09.014,423.7446635344536,12
2024-09-19 12:58:09.031,423.7826524788261,10
2024-09-19 12:58:09.044,423.72018319158815,5
2024-09-19 12:58:09.125,423.74588952328287,7
2024-09-19 12:58:09.333,423.7132065319409,104
2024-09-19 12:58:09.338,423.7461953428084,1003
2024-09-19 12:58:09.348,423.8007482305857,99
2024-09-19 12:58:09.352,423.8046891662949,96
2024-09-19 12:58:09.402,423.7423737527746,13
2024-09-19 12:58:09.460,423.7390776035533,13
2024-09-19 12:58:09.550,423.7357925498716,995
2024-09-19 12:58:09.629,423.74952526268544,7
2024-09-19 12:58:09.653,423.72825572632064,12
2024-09-19 12:58:09.669,423.73163870206815,999
2024-09-19 12:58:09.683,423.7350641686734,1001
2024-09-19 12:58:09.705,423.7029176983837,95
2024-09-19 12:58:09.767,423.7117420695089,102
2024-09-19 12:58:09.785,423.7411595240282,103
2024-09-19 12:58:09.792,423.74414983448327,103
2024-09-19 12:58:09.803,423.7244750673016,995
2024-09-19 12:58:09.832,423.7223535579228,9
2024-09-19 12:58:09.832,423.768765882747,998
2024-09-19 12:58:09.842,423.7282103639328,1003
2024-09-19 12:58:09.862,423.7263119433412,9
2024-09-19 12:58:10.036,423.7185975027327,103
2024-09-19 12:58:10.109,423.7248883155767,101
2024-09-19 12:58:10.177,,1001
2024-09-19 12:58:10.444,423.7097144725944,99
2024-09-19 12:58:10.485,423.7089746835697,5
2024-09-19 12:58:10.486,-423.72671071003487,105
2024-09-19 12:58:10.508,423.7168885787721,105
2024-09-19 12:58:10.703,423.7144323045513,1000
2024-09-19 12:58:10.921,423.7294486119137,96
2024-09-19 12:58:11.965,423.696626520064,13
2024-09-19 12:58:12.022,423.7653302118072,997
2024-09-19 12:58:12.054,423.7201836938923,6
2024-09-19 12:58:12.075,423.719438944054,12
2024-09-19 12:58:12.104,423.7780866599229,8
2024-09-19 12:58:12.167,423.7446341840631,1001
2024-09-19 12:58:12.312,423.7110524665047,995
2024-09-19 12:58:12.347,423.76275436401374,7
2024-09-19 12:58:12.363,423.7834717792741,99
2024-09-19 12:58:12.392,423.7792757045211,997
2024-09-19 12:58:12.434,423.7350157618964,1005
2024-09-19 12:58:12.445,423.780537813506,98
2024-09-19 12:58:12.496,423.7319262964992,1003
2024-09-19 12:58:12.559,423.72710369397566,5
2024-09-19 12:58:12.562,423.6959067835812,101
2024-09-19 12:58:12.575,423.7614848364833,99
2024-09-19 12:58:12.578,423.7647155088825,999
2024-09-19 12:58:12.647,-423.7846862854241,996
2024-09-19 12:58:12.657,423.75537715385167,1001
2024-09-19 12:58:12.679,423.7840622000545,995
2024-09-19 12:58:12.737,423.7016126936744,1002
2024-09-19 12:58:12.759,423.7366732615876,999
2024-09-19 12:58:12.779,423.73908179592433,15
2024-09-19 12:58:12.783,423.72407974414847,6
2024-09-19 12:58:12.786,423.6991047672609,6
2024-09-19 12:58:12.821,423.7369934481388,1005
2024-09-19 12:58:12.828,423.7806429406195,10
2024-09-19 12:58:12.891,423.706541495149,1004
2024-09-19 12:58:12.908,423.7274003780266,1001
2024-09-19 12:58:12.915,423.7903389649142,14
2024-09-19 12:58:13.023,423.693867454745,12
2024-09-19 12:58:13.051,423.68281646594,999
2024-09-19 12:58:13.059,423.7121784691254,996
2024-09-19 12:58:13.080,423.6774345552477,99
2024-09-19 12:58:13.114,,1003
2024-09-19 12:58:13.137,423.66789152501553,10
2024-09-19 12:58:13.152,423.68127278599775,103
2024-09-19 12:58:13.268,423.6921051654477,5
2024-09-19 12:58:13.289,423.6711723022265,999
2024-09-19 12:58:13.350,423.6978555109438,15
2024-09-19 12:58:13.418,423.6952096785481,13
2024-09-19 12:58:13.441,423.67754233579785,998
2024-09-19 12:58:13.488,423.779507812694,14
2024-09-19 12:58:13.491,423.7228559560198,97
2024-09-19 12:58:13.537,423.6615917550122,105
2024-09-19 12:58:13.555,423.67201841315534,96
2024-09-19 12:58:13.623,423.6784773070908,14
2024-09-19 12:58:13.652,423.68004251944336,8
2024-09-19 12:58:13.699,423.7480863699048,14
2024-09-19 12:58:13.716,423.68191924337054,103
2024-09-19 12:58:13.742,423.6829121842936,1003
2024-09-19 12:58:13.786,423.6972101771892,97
2024-09-19 12:58:13.821,423.6838856865869,98
2024-09-19 12:58:13.826,423.6799125151316,1004
2024-09-19 12:58:13.898,423.6775388440891,1001
2024-09-19 12:58:13.958,423.76409036264266,9
2024-09-19 12:58:13.972,423.6687883671669,1002
2024-09-19 12:58:14.009,423.71224285177306,1002
2024-09-19 12:58:14.010,423.7610105409671,13
2024-09-19 12:58:14.030,423.7380701140327,12
2024-09-19 12:58:14.092,423.68627052133655,10
2024-09-19 12:58:14.093,423.7569841672792,14
2024-09-19 12:58:14.128,423.73113508222207,7
2024-09-19 12:58:14.150,423.7045452522085,11
2024-09-19 12:58:14.156,423.7683492008072,99
2024-09-19 12:58:14.174,423.7611842367552,8
2024-09-19 12:58:14.201,423.747131968664,15
2024-09-19 12:58:14.244,423.7751457870557,105
2024-09-19 12:58:14.294,423.735065800507,7
2024-09-19 12:58:14.312,423.69485956352855,10
2024-09-19 12:58:14.335,423.72140675024576,102
2024-09-19 12:58:14.357,423.7720836943143,1003
2024-09-19 12:58:14.381,423.690395691162,96
2024-09-19 12:58:14.410,423.730451652231,997
2024-09-19 12:58:14.448,423.70162736630334,100
2024-09-19 12:58:14.458,423.69780694350334,7
2024-09-19 12:58:14.497,423.7594524790309,11
2024-09-19 12:58:14.549,423.77844242216,1004
2024-09-19 12:58:14.656,423.7304239591333,101
2024-09-19 12:58:14.684,423.74023416962416,1004
2024-09-19 12:58:14.837,423.6987618630161,998
2024-09-19 12:58:14.889,423.7651499244686,9
2024-09-19 12:58:14.947,423.71046686149833,97
2024-09-19 12:58:14.971,423.6981558701863,12
2024-09-19 12:58:15.001,423.7093184961396,1001
2024-09-19 12:58:15.051,423.72831510554926,6
2024-09-19 12:58:15.101,423.7306287061184,14
2024-09-19 12:58:15.521,423.6900538483697,999
2024-09-19 12:58:15.602,423.67807808726377,14
2024-09-19 12:58:15.673,423.7248083671617,102
2024-09-19 12:58:15.674,423.7224252319293,15
2024-09-19 12:58:15.681,423.7206378807716,100
2024-09-19 12:58:15.703,42.374755391430256,98
2024-09-19 12:58:15.714,423.6898807738362,1000
2024-09-19 12:58:15.797,423.68636388798666,1001
2024-09-19 12:58:15.920,423.7398919517652,11
2024-09-19 12:58:15.982,423.73465704412325,98
2024-09-19 12:58:16.035,423.62271398760726,5
2024-09-19 12:58:16.057,423.56209263770415,995
2024-09-19 12:58:16.063,423.6954195687761,1004
2024-09-19 12:58:16.084,423.6652501950508,97
2024-09-19 12:58:16.208,423.67511718403017,999
2024-09-19 12:58:16.218,423.582927975898,11
2024-09-19 12:58:16.232,423.608615229228,104
2024-09-19 12:58:16.240,423.6802602536436,1005
2024-09-19 12:58:16.243,423.68193812699934,1000
2024-09-19 12:58:16.299,423.6851795917425,997
2024-09-19 12:58:16.398,423.57452617937207,1002
2024-09-19 12:58:16.426,423.6725483449564,104
2024-09-19 12:58:16.500,423.6867330418975,15
2024-09-19 12:58:16.502,423.55160643363536,12
2024-09-19 12:58:16.553,423.5735724793333,14
2024-09-19 12:58:16.579,423.6380679713595,7
2024-09-19 12:58:16.585,423.55357154744826,999
2024-09-19 12:58:16.674,423.6645425451186,8
2024-09-19 12:58:16.758,423.6856965521777,1005
2024-09-19 12:58:16.939,423.572705517716,1003
2024-09-19 12:58:16.950,423.621505611512,15
2024-09-19 12:58:16.964,423.58619475937087,1000
2024-09-19 12:58:17.078,423.5591858108607,1001
2024-09-19 12:58:17.112,423.5782958586312,12
2024-09-19 12:58:17.161,423.5565557211543,13
2024-09-19 12:58:17.197,423.583303229002,103
2024-09-19 12:58:17.204,423.57099880071735,96
2024-09-19 12:58:17.212,423.58573864452666,1001
2024-09-19 12:58:17.300,423.570200270121,11
2024-09-19 12:58:17.394,423.5595584356126,998
2024-09-19 12:58:17.433,423.566517488028,1002
2024-09-19 12:58:17.490,423.5596313532719,11
2024-09-19 12:58:17.526,423.56497442544,10
2024-09-19 12:58:17.560,423.56319036818536,1005
2024-09-19 12:58:17.572,423.584457899275,103
2024-09-19 12:58:17.617,423.60360664608754,13
2024-09-19 12:58:17.643,423.5930048552439,9
2024-09-19 12:58:17.693,423.5662411613131,996
2024-09-19 12:58:17.693,423.58012259470064,997
2024-09-19 12:58:17.716,423.6261878083191,96
2024-09-19 12:58:17.734,423.6221142841038,102
2024-09-19 12:58:17.907,423.548428233078,1005
2024-09-19 12:58:18.210,423.6108405951864,11
2024-09-19 12:58:18.283,423.6184587407183,14
2024-09-19 12:58:18.375,423.6010033881435,1001
2024-09-19 12:58:18.902,423.58477571888295,96
2024-09-19 12:58:19.041,423.5570625630771,11
2024-09-19 12:58:19.080,423.541190504761,100
2024-09-19 12:58:19.092,423.6227260912957,9
2024-09-19 12:58:19.115,423.551149152453,996
2024-09-19 12:58:19.169,423.6012800436268,1001
2024-09-19 12:58:19.217,423.61299469191175,97
2024-09-19 12:58:19.281,423.5190828172723,10
2024-09-19 12:58:19.304,423.4987589944352,98
2024-09-19 12:58:19.326,423.56260938315694,15
2024-09-19 12:58:19.361,423.61294184588667,98
2024-09-19 12:58:19.435,423.54422932827765,11
2024-09-19 12:58:19.478,423.56200338892137,1004
2024-09-19 12:58:19.499,423.5609537613055,997
2024-09-19 12:58:19.526,423.55600224808336,996
2024-09-19 12:58:19.539,423.5140852653809,103
2024-09-19 12:58:19.579,423.5386807054793,99
2024-09-19 12:58:19.621,423.5644314494828,996
2024-09-19 12:58:19.622,423.60901649330367,101
2024-09-19 12:58:19.661,423.48191168710713,1005
2024-09-19 12:58:19.668,423.5230912115691,1001
2024-09-19 12:58:19.711,423.5329180496915,1001
2024-09-19 12:58:19.730,423.5800258455608,999
2024-09-19 12:58:19.745,423.5544240110528,1005
2024-09-19 12:58:19.820,423.4731373797666,104
2024-09-19 12:58:19.828,423.5088554138739,11
2024-09-19 12:58:19.876,423.5480096680171,6
2024-09-19 12:58:19.977,423.5508453007329,9
2024-09-19 12:58:19.984,423.54165233838194,997
2024-09-19 12:58:19.993,423.5213233894166,1000
2024-09-19 12:58:19.996,423.5443990342298,100
2024-09-19 12:58:20.028,423.466182183836,105
2024-09-19 12:58:20.042,423.4915102568201,12
2024-09-19 12:58:20.087,423.48389671790414,15
2024-09-19 12:58:20.181,423.4871246881686,998
2024-09-19 12:58:20.198,423.4908725049735,999
2024-09-19 12:58:20.535,423.4765962547008,997
2024-09-19 12:58:20.556,423.4556347384465,1002
2024-09-19 12:58:20.650,423.5156975389507,1005
2024-09-19 12:58:20.683,423.47672092804,9
2024-09-19 12:58:20.704,423.49056791224496,98
2024-09-19 12:58:20.749,423.48230807728766,1001
2024-09-19 12:58:20.754,423.4835822515116,1000
2024-09-19 12:58:20.834,423.4823526641215,12
2024-09-19 12:58:20.847,423.5167204420651,997
2024-09-19 12:58:20.886,423.49435231429374,99
2024-09-19 12:58:21.010,423.4420827618241,101
2024-09-19 12:58:21.092,423.5017291108866,101
2024-09-19 12:58:21.148,423.5002376030337,97
2024-09-19 12:58:21.177,423.4055973001944,103
2024-09-19 12:58:21.216,423.46381547487823,97
2024-09-19 12:58:21.255,423.4458041915768,104
2024-09-19 12:58:21.259,423.4249008553507,12
2024-09-19 12:58:21.276,423.5053215714407,7
2024-09-19 12:58:21.293,423.39460794616485,103
2024-09-19 12:58:21.325,423.49513530355017,999
2024-09-19 12:58:21.343,423.41161614325694,1003
2024-09-19 12:58:21.345,423.4109934562251,97
2024-09-19 12:58:21.347,,103
2024-09-19 12:58:21.350,423.5124528678354,997
2024-09-19 12:58:21.374,423.4517756043214,7
2024-09-19 12:58:21.417,423.4915429026893,7
2024-09-19 12:58:21.462,423.4497733382156,12
2024-09-19 12:58:21.474,423.5023602327777,105
2024-09-19 12:58:21.477,423.5282456235793,995
2024-09-19 12:58:21.492,423.4627782028384,97
2024-09-19 12:58:21.692,423.4126572421388,6
2024-09-19 12:58:21.756,423.4864766653874,101
2024-09-19 12:58:21.769,423.48607355770366,995
2024-09-19 12:58:21.803,423.4430737159445,997
2024-09-19 12:58:22.003,423.5576088012172,997
2024-09-19 12:58:22.054,423.4747963006598,15
2024-09-19 12:58:22.096,423.4823906514826,1000
2024-09-19 12:58:22.152,423.5100836524576,95
2024-09-19 12:58:22.160,423.5263923380334,100
2024-09-19 12:58:22.175,423.55452431387766,998
2024-09-19 12:58:22.207,423.55715203648566,1000
2024-09-19 12:58:22.208,423.505609728604,104
2024-09-19 12:58:22.281,423.4861871710372,102
2024-09-19 12:58:22.282,423.52575590937977,997
2024-09-19 12:58:22.345,423.5444178348949,998
2024-09-19 12:58:22.369,423.5315614605498,103
2024-09-19 12:58:22.376,423.52247052331353,7
2024-09-19 12:58:22.466,423.4725964539774,97
2024-09-19 12:58:22.508,423.566912142194,103
2024-09-19 12:58:22.531,423.54950108900505,8
2024-09-19 12:58:22.626,423.55684229955216,7
2024-09-19 12:58:22.655,423.4843124534689,14
2024-09-19 12:58:22.666,423.5422934905533,95
2024-09-19 12:58:22.690,423.4915940271293,1000
2024-09-19 12:58:22.744,423.56250536165794,102
2024-09-19 12:58:22.757,423.4927333172938,9
2024-09-19 12:58:22.787,423.50181266065687,101
2024-09-19 12:58:22.793,423.48501080171513,102
2024-09-19 12:58:22.837,423.5300895304759,99
2024-09-19 12:58:22.895,423.4943780873736,1004
2024-09-19 12:58:22.906,423.4626711920332,997
2024-09-19 12:58:22.934,423.4650954276722,15
2024-09-19 12:58:22.945,423.48244876463,14
2024-09-19 12:58:23.097,423.49079605121,14
2024-09-19 12:58:24.065,423.48640079553365,97
2024-09-19 12:58:24.184,423.5036211628699,1001
2024-09-19 12:58:24.360,423.4966123213932,7
2024-09-19 12:58:24.512,423.4866510962044,12
2024-09-19 12:58:24.543,423.4928981896417,14
2024-09-19 12:58:24.607,423.4923694380225,1001
2024-09-19 12:58:24.630,423.4894946203586,97
2024-09-19 12:58:24.688,42.34975950693508,995
2024-09-19 12:58:24.690,423.4924217660292,14
2024-09-19 12:58:25.028,423.5017234769293,13
2024-09-19 12:58:25.042,423.49804848495455,9
2024-09-19 12:58:25.052,423.4944206426666,95
2024-09-19 12:58:25.078,423.4883432473032,99
2024-09-19 12:58:25.087,423.4640791762448,105
2024-09-19 12:58:25.088,423.46345873666,8
2024-09-19 12:58:25.184,-423.5096319658597,96
2024-09-19 12:58:25.267,423.4749444254065,99
2024-09-19 12:58:25.286,423.46615306459626,8
2024-09-19 12:58:25.323,423.46378783986336,103
2024-09-19 12:58:25.419,423.5189268515817,105
2024-09-19 12:58:25.441,423.4950118086763,1000
2024-09-19 12:58:25.450,423.4913676437896,997
2024-09-19 12:58:25.461,423.4830178160405,1003
2024-09-19 12:58:25.476,423.4765393513976,14
2024-09-19 12:58:25.482,423.4520801928396,100
2024-09-19 12:58:25.520,423.48692393816,1005
2024-09-19 12:58:25.526,423.4594554984025,996
2024-09-19 12:58:25.530,423.4938232624504,100
2024-09-19 12:58:25.545,423.4852885554148,997
2024-09-19 12:58:25.576,423.5104827042812,1001
2024-09-19 12:58:25.628,423.465185239741,10
2024-09-19 12:58:25.789,423.510784594926,10
2024-09-19 12:58:25.796,423.48820808699423,1000
2024-09-19 12:58:25.826,423.49201489175294,7
2024-09-19 12:58:25.872,423.4447060598136,14
2024-09-19 12:58:25.875,423.50347333421234,1002
2024-09-19 12:58:25.906,423.4801472260678,999
2024-09-19 12:58:25.920,423.48445049771993,9
2024-09-19 12:58:25.984,423.4877688899055,9
2024-09-19 12:58:26.013,423.436074830518,999
2024-09-19 12:58:26.043,423.4254433908068,102
2024-09-19 12:58:26.084,423.4018595152949,1002
2024-09-19 12:58:26.115,423.4819487060884,103
2024-09-19 12:58:26.203,423.4388556985928,997
2024-09-19 12:58:26.314,423.45664873584695,7
2024-09-19 12:58:26.359,423.4266746152244,1000
2024-09-19 12:58:26.415,423.43622370315467,995
2024-09-19 12:58:26.446,423.4536925597839,6
2024-09-19 12:58:26.524,423.483910504073,13
2024-09-19 12:58:26.701,423.4643689133742,7
2024-09-19 12:58:26.708,423.4536673271488,999
2024-09-19 12:58:26.739,423.4785726318802,997
2024-09-19 12:58:26.764,423.4136350270476,1004
2024-09-19 12:58:26.779,423.4668728486116,11
2024-09-19 12:58:26.796,423.4146140373728,1001
2024-09-19 12:58:26.805,423.455382090114,10
2024-09-19 12:58:26.879,423.4606933163336,103
2024-09-19 12:58:26.889,423.4163729648365,15
2024-09-19 12:58:26.900,423.4533273998447,6
2024-09-19 12:58:26.907,423.41095597160006,7
2024-09-19 12:58:26.922,423.4187736612388,1002
2024-09-19 12:58:26.927,423.4171843226679,15
2024-09-19 12:58:26.936,423.4157016433288,104
2024-09-19 12:58:26.972,423.4484014830308,998
2024-09-19 12:58:26.973,423.435258619586,997
2024-09-19 12:58:27.107,423.45609652068646,15
2024-09-19 12:58:27.207,423.4526929088249,5
2024-09-19 12:58:27.233,423.4982864123865,96
2024-09-19 12:58:27.309,423.44356555551457,995
2024-09-19 12:58:27.326,423.4632518847656,105
2024-09-19 12:58:27.490,423.47644320391055,5
2024-09-19 12:58:27.520,423.4916772626783,9
2024-09-19 12:58:27.572,423.4465301203455,101
2024-09-19 12:58:27.610,423.50632693914895,104
2024-09-19 12:58:27.695,423.4803055757743,997
2024-09-19 12:58:27.746,423.4884975213334,997
2024-09-19 12:58:27.789,423.4558434266455,7
2024-09-19 12:58:27.877,423.491875701673,102
2024-09-19 12:58:27.905,423.4523056762373,1005
2024-09-19 12:58:27.964,423.4439675832488,9
2024-09-19 12:58:27.987,423.5054318734117,998
2024-09-19 12:58:28.073,423.47141978372383,9
2024-09-19 12:58:28.313,423.4683820385673,1005
2024-09-19 12:58:28.547,423.44499494766507,6
2024-09-19 12:58:28.619,423.4440341551207,997
2024-09-19 12:58:29.040,423.4346498942172,1000
2024-09-19 12:58:29.058,423.4239154591792,98
2024-09-19 12:58:29.282,423.4434580722715,99
2024-09-19 12:58:29.352,423.4382082087668,103
2024-09-19 12:58:29.394,423.3908114420451,105
2024-09-19 12:58:29.408,423.4210559661677,14
2024-09-19 12:58:29.472,423.4405233407489,1002
2024-09-19 12:58:29.595,423.4430980082345,1000
2024-09-19 12:58:29.622,423.4018360918887,995
2024-09-19 12:58:29.659,423.430086622147,6
2024-09-19 12:58:29.697,423.4479111474669,101
2024-09-19 12:58:29.739,423.4308562011687,10
2024-09-19 12:58:29.776,423.4119954607389,1002
2024-09-19 12:58:29.798,423.43636325704665,12
2024-09-19 12:58:29.899,423.4253316544199,998
2024-09-19 12:58:29.915,423.4643428606021,1004
2024-09-19 12:58:30.071,423.3465283903395,5
2024-09-19 12:58:30.104,423.3870753556984,8
2024-09-19 12:58:30.129,423.3960528202959,1001
2024-09-19 12:58:30.307,423.40731307354895,1000
2024-09-19 12:58:30.317,423.402826250469,1001
2024-09-19 12:58:30.472,423.39455185817735,104
2024-09-19 12:58:30.581,423.39273796914966,103
2024-09-19 12:58:30.756,423.3672283062039,11
2024-09-19 12:58:30.954,423.41427865458473,7
2024-09-19 12:58:31.242,423.3440221481565,7
2024-09-19 12:58:31.258,423.3567455346678,7
2024-09-19 12:58:31.293,423.3674076634204,5
2024-09-19 12:58:31.406,423.3299043861418,101
2024-09-19 12:58:32.069,423.3044940125308,14
2024-09-19 12:58:32.082,423.3323571100847,8
2024-09-19 12:58:32.167,423.3093901206387,998
2024-09-19 12:58:32.218,423.324922250338,1004
2024-09-19 12:58:32.243,423.3297179895183,998
2024-09-19 12:58:32.288,423.2990625743432,103
2024-09-19 12:58:32.390,423.32268684188864,95
2024-09-19 12:58:32.431,-423.33208325062753,7
2024-09-19 12:58:32.469,423.3498243790135,14
2024-09-19 12:58:32.476,423.3308491914863,96
2024-09-19 12:58:32.481,423.33519877776905,96
2024-09-19 12:58:32.615,423.332584125871,99
2024-09-19 12:58:32.693,423.3435249240849,8
2024-09-19 12:58:32.726,423.3255208421161,9
2024-09-19 12:58:32.791,423.3009808242796,104
2024-09-19 12:58:32.807,423.3242316206303,1004
2024-09-19 12:58:32.839,423.3120857903833,99
2024-09-19 12:58:32.840,423.3128260220377,1003
2024-09-19 12:58:32.851,423.3257347157528,99
2024-09-19 12:58:32.999,423.32735132328816,1001
2024-09-19 12:58:33.019,423.3066853504315,105
2024-09-19 12:58:33.092,423.3095215776664,1004
2024-09-19 12:58:33.182,423.3122392679233,1002
2024-09-19 12:58:33.197,423.2777334863627,101
2024-09-19 12:58:33.260,423.3390222568728,1002
2024-09-19 12:58:33.401,423.2750084645355,7
2024-09-19 12:58:33.423,423.29226409591473,6
2024-09-19 12:58:33.490,423.2747993122445,996
2024-09-19 12:58:33.502,423.2989838389468,997
2024-09-19 12:58:33.547,423.28581888335856,11
2024-09-19 12:58:33.555,423.2979425274554,100
2024-09-19 12:58:33.577,423.2981068668147,995
2024-09-19 12:58:33.674,423.279003822882,12
2024-09-19 12:58:33.734,423.2905573384652,8
2024-09-19 12:58:33.744,423.2621578753412,997
2024-09-19 12:58:33.747,423.3271636072476,98
2024-09-19 12:58:33.844,423.2965637950422,9
2024-09-19 12:58:33.869,423.3046506135181,97
2024-09-19 12:58:33.900,423.3259459893811,7
2024-09-19 12:58:33.907,423.3065786030503,999
2024-09-19 12:58:33.917,423.2872902760405,7
2024-09-19 12:58:33.937,423.3116395364926,101
2024-09-19 12:58:33.959,423.33063711149646,98
2024-09-19 12:58:34.374,423.28561174616,1002
2024-09-19 12:58:34.394,423.3118786076201,997
2024-09-19 12:58:34.698,423.3261325191377,997
2024-09-19 12:58:34.712,423.3202302591561,101
2024-09-19 12:58:35.005,423.2286769526206,103
2024-09-19 12:58:35.021,423.23562148087854,99
2024-09-19 12:58:35.091,423.22219212382254,1004
2024-09-19 12:58:35.108,423.177536037996,104
2024-09-19 12:58:35.159,423.23556115506966,9
2024-09-19 12:58:35.173,423.1618072863075,10
2024-09-19 12:58:35.208,423.1750236881399,1004
2024-09-19 12:58:35.211,423.2811169550185,997
2024-09-19 12:58:35.220,423.2622081908631,1003
2024-09-19 12:58:35.222,423.23753961439576,96
2024-09-19 12:58:35.223,423.1598590326983,98
2024-09-19 12:58:35.233,423.23324264372553,102
2024-09-19 12:58:35.316,423.2434511565484,997
2024-09-19 12:58:35.376,423.18213278074296,8
2024-09-19 12:58:35.380,423.201671415103,104
2024-09-19 12:58:35.381,423.22727364137495,10
2024-09-19 12:58:35.406,423.1973687630602,999
2024-09-19 12:58:35.413,423.193295355564,995
2024-09-19 12:58:35.437,423.20987358202143,1004
2024-09-19 12:58:35.657,423.24138629827024,995
2024-09-19 12:58:35.789,423.2759827325341,997
2024-09-19 12:58:35.862,423.2046325416383,103
2024-09-19 12:58:35.891,423.1784060517588,995
2024-09-19 12:58:35.898,423.19663282544985,5
2024-09-19 12:58:35.903,423.2468509009495,999
2024-09-19 12:58:35.963,423.18334405264136,1000
2024-09-19 12:58:36.007,423.2367625608645,96
2024-09-19 12:58:36.118,423.1991976861713,7
2024-09-19 12:58:36.175,423.2185314428676,5
2024-09-19 12:58:36.186,423.1656250575992,12
2024-09-19 12:58:36.239,423.2146166825886,98
2024-09-19 12:58:36.322,423.2113261307935,1005
2024-09-19 12:58:36.388,423.2322956713245,1004
2024-09-19 12:58:36.426,423.2118992648376,105
2024-09-19 12:58:36.462,423.1904371570433,5
2024-09-19 12:58:36.591,423.2287009625815,1000
2024-09-19 12:58:36.632,423.1790418734431,100
2024-09-19 12:58:36.633,423.2330536295166,1005
2024-09-19 12:58:36.733,423.2181526930041,11
2024-09-19 12:58:36.747,423.24900257725335,12
2024-09-19 12:58:36.778,423.2382910223342,97
2024-09-19 12:58:36.915,423.22893264487885,102
2024-09-19 12:58:36.933,423.2202833518382,105
2024-09-19 12:58:36.942,423.2173696693623,15
2024-09-19 12:58:36.970,423.1704440011415,1000
2024-09-19 12:58:36.988,423.22552994913167,15
2024-09-19 12:58:37.074,423.2096822616122,11
2024-09-19 12:58:37.177,423.195425955734,998
2024-09-19 12:58:37.184,423.2098637934912,1000
2024-09-19 12:58:37.230,423.2333042088483,104
2024-09-19 12:58:37.230,423.1915147045649,101
2024-09-19 12:58:37.243,423.210530702695,105
2024-09-19 12:58:37.309,423.2316067039042,11
2024-09-19 12:58:37.313,423.230823739928,6
2024-09-19 12:58:37.448,423.1984466913666,102
2024-09-19 12:58:37.465,423.1975849370788,103
2024-09-19 12:58:37.488,423.21147147748286,95
2024-09-19 12:58:37.693,42.32353296669429,1002
2024-09-19 12:58:37.703,423.2095339072654,95
2024-09-19 12:58:37.712,423.22888245005424,98
2024-09-19 12:58:37.733,423.2280013759997,101
2024-09-19 12:58:38.001,423.2016078319145,105
2024-09-19 12:58:38.121,423.2123591523893,10
2024-09-19 12:58:38.802,-423.2110952859504,12
2024-09-19 12:58:38.901,423.1918043437241,12
2024-09-19 12:58:39.069,423.12366811826297,996
2024-09-19 12:58:39.083,423.1074206680564,996
2024-09-19 12:58:39.126,423.1727219343381,999
2024-09-19 12:58:39.126,423.17269543519103,1003
2024-09-19 12:58:39.157,423.2056032128078,997
2024-09-19 12:58:39.217,423.10702744723466,100
2024-09-19 12:58:39.274,423.126815261937,99
2024-09-19 12:58:39.340,423.1081147565605,15
2024-09-19 12:58:39.372,423.1434219087514,11
2024-09-19 12:58:39.417,423.122872415027,10
2024-09-19 12:58:39.418,-423.1815573183622,1002
2024-09-19 12:58:39.535,423.1856091743611,15
2024-09-19 12:58:39.672,423.1105352972162,12
2024-09-19 12:58:39.678,423.1635895527575,7
2024-09-19 12:58:39.681,423.1710846091936,95
2024-09-19 12:58:39.689,423.1930374106977,997
2024-09-19 12:58:39.765,423.12587652237767,96
2024-09-19 12:58:39.915,423.12134020752654,11
2024-09-19 12:58:39.939,423.1134358992797,13
2024-09-19 12:58:39.942,423.18585122537536,14
2024-09-19 12:58:40.083,423.1795502785239,1003
2024-09-19 12:58:40.130,423.1561880776136,15
2024-09-19 12:58:40.165,423.1330314134167,15
2024-09-19 12:58:40.191,423.1763223208153,97
2024-09-19 12:58:40.257,423.1768167845767,1003
2024-09-19 12:58:40.327,423.1458952919289,11
2024-09-19 12:58:40.329,423.1691862707423,997
2024-09-19 12:58:40.356,423.1499489042308,997
2024-09-19 12:58:40.364,423.1342792926207,5
2024-09-19 12:58:40.481,423.1527421951956,1005
2024-09-19 12:58:40.489,423.1510574117305,100
2024-09-19 12:58:40.527,423.1413224775362,104
2024-09-19 12:58:40.590,,96
2024-09-19 12:58:40.592,423.1611324753821,1004
2024-09-19 12:58:40.604,423.1633605193385,996
2024-09-19 12:58:40.635,423.12115080140535,9
2024-09-19 12:58:40.670,423.1577462426045,997
2024-09-19 12:58:40.693,42.32053931684606,1003
2024-09-19 12:58:40.694,423.162345255684,6
2024-09-19 12:58:40.700,423.167911782742,1002
2024-09-19 12:58:40.777,423.1536669395964,12
2024-09-19 12:58:40.999,423.1272028164525,101
2024-09-19 12:58:41.039,423.3315199133594,9
2024-09-19 12:58:41.066,423.2494119562424,1002
2024-09-19 12:58:41.073,423.1770591470906,10
2024-09-19 12:58:41.074,423.31560200174033,10
2024-09-19 12:58:41.115,423.229848708546,99
2024-09-19 12:58:41.169,423.2129750082443,1000
2024-09-19 12:58:41.257,423.23335051008985,13
2024-09-19 12:58:41.344,423.34276629190686,15
2024-09-19 12:58:41.371,423.2047576031493,100
2024-09-19 12:58:41.443,423.16988993621567,99
2024-09-19 12:58:41.459,423.30001101647895,101
2024-09-19 12:58:41.468,423.19600045946765,1003
2024-09-19 12:58:41.501,423.1751764432171,14
2024-09-19 12:58:41.517,423.2097672006626,101
2024-09-19 12:58:41.544,423.2334109213904,100
2024-09-19 12:58:41.580,423.2217485664425,999
2024-09-19 12:58:41.602,423.3242802530352,12
2024-09-19 12:58:41.664,423.1528937626446,105
2024-09-19 12:58:41.666,423.219392566282,105
2024-09-19 12:58:41.676,423.20544897100126,101
2024-09-19 12:58:41.694,423.2102677958391,96
2024-09-19 12:58:41.703,423.2075836102799,14
2024-09-19 12:58:41.809,423.2328208455119,103
2024-09-19 12:58:41.857,423.2836281197523,999
2024-09-19 12:58:41.900,423.26956818646863,996
2024-09-19 12:58:41.914,423.21793095683967,98
2024-09-19 12:58:41.921,423.236125608538,102
2024-09-19 12:58:41.925,423.34802998362807,98
2024-09-19 12:58:41.927,423.190559781373,5
2024-09-19 12:58:42.079,423.36465128413255,10
2024-09-19 12:58:42.227,423.33690182971714,1002
2024-09-19 12:58:42.376,423.3743387193976,1002
2024-09-19 12:58:42.377,423.36614281841617,104
2024-09-19 12:58:42.393,423.3602945608343,96
2024-09-19 12:58:42.487,423.3584541734048,10
2024-09-19 12:58:42.525,423.3482671909677,7
2024-09-19 12:58:42.610,423.3623256653997,8
2024-09-19 12:58:42.626,423.3802335943005,996
2024-09-19 12:58:42.630,423.38060766738,5
2024-09-19 12:58:42.729,423.3666655821137,99
2024-09-19 12:58:42.778,423.3790110858198,11
2024-09-19 12:58:42.783,423.3736929021181,102
2024-09-19 12:58:42.870,423.3796843681191,98
2024-09-19 12:58:42.992,423.34025373832986,99
2024-09-19 12:58:43.121,423.3625867442948,11
2024-09-19 12:58:43.180,423.3724120810629,13
2024-09-19 12:58:43.239,423.3580517621821,8
2024-09-19 12:58:43.352,423.3741504267987,1005
2024-09-19 12:58:43.510,423.3687838019713,6
2024-09-19 12:58:43.554,423.3593297901785,13
2024-09-19 12:58:43.594,423.3679974139416,998
2024-09-19 12:58:43.706,423.3559073344652,15
2024-09-19 12:58:43.756,423.3680659140845,999
2024-09-19 12:58:43.792,423.3718829150747,15
2024-09-19 12:58:43.806,423.37769519963337,97
2024-09-19 12:58:43.870,423.37586220416335,997
2024-09-19 12:58:43.896,423.3646167388184,995
2024-09-19 12:58:43.924,423.367921346587,98
2024-09-19 12:58:43.952,423.3703652153916,95
2024-09-19 12:58:43.987,423.371681251082,9
2024-09-19 12:58:44.046,423.4368316290955,6
2024-09-19 12:58:44.069,423.4227585865036,1000
2024-09-19 12:58:44.289,423.4374357759566,98
2024-09-19 12:58:44.594,423.4207701433709,99
2024-09-19 12:58:44.778,423.392701896596,100
2024-09-19 12:58:44.804,423.4124106811346,13
2024-09-19 12:58:44.895,423.4270027528192,105
2024-09-19 12:58:44.912,423.3771417128118,9
2024-09-19 12:58:45.018,423.516355024358,105
2024-09-19 12:58:45.081,423.47274867210166,98
2024-09-19 12:58:45.110,423.4949760566157,1003
2024-09-19 12:58:45.150,423.5251492236581,995
2024-09-19 12:58:45.151,423.500394559059,6
2024-09-19 12:58:45.216,423.43219913911577,999
2024-09-19 12:58:45.218,423.4937269643509,102
2024-09-19 12:58:45.223,423.4773274798762,5
2024-09-19 12:58:45.234,423.486431856495,95
2024-09-19 12:58:45.401,423.4840843528219,100
2024-09-19 12:58:45.442,423.502770188654,997
2024-09-19 12:58:45.483,423.4532675517317,103
2024-09-19 12:58:45.576,423.4777014910613,1004
2024-09-19 12:58:45.738,423.4985082975796,1005
2024-09-19 12:58:45.760,423.5002142926912,104
2024-09-19 12:58:45.763,423.44475737068376,14
2024-09-19 12:58:45.805,423.4761882041448,8
2024-09-19 12:58:45.889,423.5356567510205,1000
2024-09-19 12:58:45.904,423.43432051517215,5
2024-09-19 12:58:45.918,,1001
2024-09-19 12:58:45.932,423.491553679325,1004
2024-09-19 12:58:46.021,423.44877141099886,98
2024-09-19 12:58:46.024,423.4591014929048,997
2024-09-19 12:58:46.073,423.4814973451212,100
2024-09-19 12:58:46.102,423.4433843581616,1000
2024-09-19 12:58:46.141,423.4758521186634,1000
2024-09-19 12:58:46.149,423.4587892153993,1005
2024-09-19 12:58:46.164,423.46677997328095,1001
2024-09-19 12:58:46.165,423.4601687218905,5
2024-09-19 12:58:46.229,423.4522449902294,1001
2024-09-19 12:58:46.257,423.44387073349776,14
2024-09-19 12:58:46.261,423.4414178529461,996
2024-09-19 12:58:46.369,423.4612999930522,1005
2024-09-19 12:58:46.472,423.457873821844,12
2024-09-19 12:58:46.554,423.4577313581879,15
2024-09-19 12:58:46.641,423.4665602049673,1004
2024-09-19 12:58:46.665,423.44311030928,998
2024-09-19 12:58:46.670,423.4428649000313,10
2024-09-19 12:58:46.697,423.4594905341231,101
2024-09-19 12:58:46.713,423.45295625250185,998
2024-09-19 12:58:46.722,423.4730847414644,995
2024-09-19 12:58:46.790,423.47385249382046,103
2024-09-19 12:58:46.797,423.4645439755092,5
2024-09-19 12:58:46.930,423.4337927344148,10
2024-09-19 12:58:46.936,423.4655995663024,97
2024-09-19 12:58:47.087,423.4553080113139,1004
2024-09-19 12:58:48.106,423.450853546239,100
2024-09-19 12:58:48.158,423.4766567005711,998
2024-09-19 12:58:48.164,423.4449611262266,1001
2024-09-19 12:58:48.306,423.5061969767889,101
2024-09-19 12:58:48.338,423.4556719973071,6
2024-09-19 12:58:48.347,423.4577292691714,1002
2024-09-19 12:58:48.358,423.4736418921494,15
2024-09-19 12:58:48.369,423.4890125963127,14
2024-09-19 12:58:48.415,423.5162810344155,6
2024-09-19 12:58:48.416,423.4626269231797,997
2024-09-19 12:58:48.545,423.46387993961446,999
2024-09-19 12:58:48.563,423.4652243341823,1002
2024-09-19 12:58:48.644,423.4553772239002,11
2024-09-19 12:58:48.677,423.4396773990565,101
2024-09-19 12:58:48.800,423.4432718986491,999
2024-09-19 12:58:48.802,423.50231173229935,100
2024-09-19 12:58:48.965,423.48070623736623,102
2024-09-19 12:58:48.978,423.4472149846247,15
2024-09-19 12:58:49.048,423.4232680433511,998
2024-09-19 12:58:49.097,423.4242009185916,1005
2024-09-19 12:58:49.102,423.4523600440126,1004
2024-09-19 12:58:49.195,423.4256242540835,100
2024-09-19 12:58:49.224,423.43706179324033,997
2024-09-19 12:58:49.269,423.4449176138677,14
2024-09-19 12:58:49.393,423.44517263048107,11
2024-09-19 12:58:49.437,423.4592556625189,1003
2024-09-19 12:58:49.454,423.4475472057835,7
2024-09-19 12:58:49.525,423.4434715606668,997
2024-09-19 12:58:49.526,423.4503623167816,97
2024-09-19 12:58:49.532,423.4363720504446,102
2024-09-19 12:58:49.603,423.44226070815625,998
2024-09-19 12:58:49.702,423.4361901184892,1000
2024-09-19 12:58:49.833,423.45664791768826,97
2024-09-19 12:58:49.905,423.4418453460892,104
2024-09-19 12:58:50.485,423.4797885407633,105
2024-09-19 12:58:50.809,423.4645307161897,995
2024-09-19 12:58:50.968,423.4940463749836,103
2024-09-19 12:58:50.990,423.49553731064026,12
2024-09-19 12:58:52.050,423.4735420960122,996
2024-09-19 12:58:52.094,423.49253127383713,1004
2024-09-19 12:58:52.099,423.44398095033375,1003
2024-09-19 12:58:52.311,423.43324831957847,997
2024-09-19 12:58:52.335,423.4700609787183,14
2024-09-19 12:58:52.511,423.4668317963928,100
2024-09-19 12:58:52.605,423.452676950022,98
2024-09-19 12:58:52.834,423.4436780586888,7
2024-09-19 12:58:52.851,423.42895700733936,1002
2024-09-19 12:58:52.906,423.5085567324016,101
2024-09-19 12:58:54.122,423.4601193626152,9
2024-09-19 12:58:54.524,423.4449595851216,14
2024-09-19 12:58:54.566,423.4433880186323,99
2024-09-19 12:58:54.582,423.4478408974908,9
2024-09-19 12:58:54.600,423.4263607717912,95
2024-09-19 12:58:54.814,423.4442239208702,998
2024-09-19 12:58:54.856,423.4703822322001,15
2024-09-19 12:58:54.949,423.44547751899466,95
2024-09-19 12:58:55.017,423.4752482514152,102
2024-09-19 12:58:55.044,423.4397106343303,105
2024-09-19 12:58:55.048,423.4294480367565,104
2024-09-19 12:58:55.071,423.48133882069874,998
2024-09-19 12:58:55.086,423.4357552657635,1002
2024-09-19 12:58:55.098,423.42222330162247,102
2024-09-19 12:58:55.228,423.4370550427757,13
2024-09-19 12:58:55.283,423.4455836482984,13
2024-09-19 12:58:55.306,423.4625922407008,104
2024-09-19 12:58:55.307,423.50423480815465,97
2024-09-19 12:58:55.348,423.49847786271647,995
2024-09-19 12:58:55.387,423.4360206378801,1005
2024-09-19 12:58:55.429,423.462467461964,1000
2024-09-19 12:58:55.455,423.4662580943353,95
2024-09-19 12:58:55.555,423.4273527255678,1005
2024-09-19 12:58:55.589,423.4939621094903,104
2024-09-19 12:58:55.610,423.4524589524464,98
2024-09-19 12:58:55.675,423.4300884177976,14
2024-09-19 12:58:55.695,423.4786039258186,995
2024-09-19 12:58:55.751,423.4503981464647,10
2024-09-19 12:58:55.757,423.47063017274246,10
2024-09-19 12:58:55.774,423.46949754142224,105
2024-09-19 12:58:55.861,423.4533875246559,96
2024-09-19 12:58:55.866,423.4457568624082,100
2024-09-19 12:58:55.922,423.46235171734975,13
2024-09-19 12:58:55.946,423.4708746910311,997
2024-09-19 12:58:56.004,423.43232410479465,5
2024-09-19 12:58:56.080,423.4352801371671,7
2024-09-19 12:58:56.101,423.39386374782254,95
2024-09-19 12:58:56.105,423.4503379948071,104
2024-09-19 12:58:56.151,423.408299008937,995
2024-09-19 12:58:56.186,423.3925842915798,98
2024-09-19 12:58:56.233,423.3883752810818,5
2024-09-19 12:58:56.233,423.42734506125936,1003
2024-09-19 12:58:56.292,423.4012420273107,104
2024-09-19 12:58:56.321,423.4059144595902,100
2024-09-19 12:58:56.328,423.410537039853,1004
2024-09-19 12:58:56.403,423.4065854855432,105
2024-09-19 12:58:56.422,423.3866884242413,100
2024-09-19 12:58:56.458,423.4285911086214,101
2024-09-19 12:58:56.485,423.41455301715047,104
2024-09-19 12:58:56.521,423.4044062825973,96
2024-09-19 12:58:56.534,423.3907016058534,995
2024-09-19 12:58:56.542,423.4032843420747,12
2024-09-19 12:58:56.604,423.4430149937516,11
2024-09-19 12:58:56.659,423.4102963759278,101
2024-09-19 12:58:56.729,423.4542765841391,997
2024-09-19 12:58:56.856,423.3794253471888,98
2024-09-19 12:58:56.890,423.3853560718546,97
2024-09-19 12:58:56.997,423.4524865370364,98
2024-09-19 12:58:57.160,423.3667899908542,995
2024-09-19 12:58:57.174,423.37783272147846,11
2024-09-19 12:58:57.465,423.3821634514991,1001
2024-09-19 12:58:57.834,423.35877002899576,102
2024-09-19 12:58:57.869,423.37887770775774,999
2024-09-19 12:58:58.004,423.2928466395594,998
2024-09-19 12:58:58.093,423.3127032677945,995
2024-09-19 12:58:58.122,423.2935113204724,103
2024-09-19 12:58:58.128,423.2964538712191,5
2024-09-19 12:58:58.144,423.3175537547456,97
2024-09-19 12:58:58.170,423.312335309762,995
2024-09-19 12:58:58.220,423.3072264321613,98
2024-09-19 12:58:58.332,423.299375807844,1004
2024-09-19 12:58:58.501,423.3152598222839,104
2024-09-19 12:58:58.975,423.3324731996743,104
2024-09-19 12:58:59.063,423.27136251422735,104
2024-09-19 12:58:59.154,423.2929112315749,100
2024-09-19 12:58:59.176,423.3109366316283,95
2024-09-19 12:58:59.189,423.2620013773783,1005
2024-09-19 12:58:59.235,423.3496663359323,10
2024-09-19 12:58:59.284,423.2879705470748,997
2024-09-19 12:58:59.292,423.3153778690419,101
2024-09-19 12:58:59.319,423.3002068319663,95
2024-09-19 12:58:59.320,423.2971588333971,103
2024-09-19 12:58:59.390,423.2836484436328,11
2024-09-19 12:58:59.433,423.2702958998869,102
2024-09-19 12:58:59.443,423.29645490433006,11
2024-09-19 12:58:59.467,423.3065139584488,13
2024-09-19 12:58:59.496,423.3034733547093,11
2024-09-19 12:58:59.524,423.2911788505317,99
2024-09-19 12:58:59.564,42.32733143634091,101
2024-09-19 12:58:59.625,423.285220799511,13
2024-09-19 12:58:59.678,423.2806156723648,13
2024-09-19 12:58:59.684,423.2862184718469,14
2024-09-19 12:58:59.691,423.275194976716,13
2024-09-19 12:58:59.720,423.2763496880015,9
2024-09-19 12:58:59.748,423.2798225256882,101
2024-09-19 12:58:59.755,423.2823382589848,101
2024-09-19 12:58:59.799,423.26536602227975,11
2024-09-19 12:58:59.976,423.3038102042617,105
2024-09-19 12:58:59.977,-423.2840798092028,13
