Timestamp,Price,Size
2024-09-19 09:50:00.051,413.9801477466475,103
2024-09-19 09:50:00.082,413.9736449814418,11
2024-09-19 09:50:00.360,413.9973488486104,999
2024-09-19 09:50:00.363,414.00575352797887,998
2024-09-19 09:50:00.466,-413.9526442671601,13
2024-09-19 09:50:00.573,413.9935576348145,995
2024-09-19 09:50:00.576,413.9937689437288,14
2024-09-19 09:50:00.657,414.0021740395704,105
2024-09-19 09:50:00.861,413.9578590373685,101
2024-09-19 09:50:00.899,413.99175686542543,102
2024-09-19 09:50:00.939,413.9630312670791,96
2024-09-19 09:50:00.946,413.988146960074,102
2024-09-19 09:50:01.069,413.9375850756376,1005
2024-09-19 09:50:01.106,413.95444197225993,104
2024-09-19 09:50:01.108,413.9813870826918,5
2024-09-19 09:50:01.134,413.9433361721456,96
2024-09-19 09:50:01.137,413.9309721452461,9
2024-09-19 09:50:01.150,413.9785175489324,997
2024-09-19 09:50:01.173,413.9465815552282,1005
2024-09-19 09:50:01.174,413.97928411426295,95
2024-09-19 09:50:01.185,413.9545626463435,14
2024-09-19 09:50:01.271,413.9377249625577,1004
2024-09-19 09:50:01.372,413.9448131254704,5
2024-09-19 09:50:01.386,413.9744598598698,15
2024-09-19 09:50:01.402,413.9525216151245,10
2024-09-19 09:50:01.487,413.9626498519932,5
2024-09-19 09:50:01.488,413.97389779629646,98
2024-09-19 09:50:01.490,413.9376171806542,103
2024-09-19 09:50:01.510,413.9650487001331,15
2024-09-19 09:50:01.529,413.9496061854727,1000
2024-09-19 09:50:01.726,413.9527290101928,98
2024-09-19 09:50:01.730,413.97570527391525,8
2024-09-19 09:50:01.737,413.9640755894426,1004
2024-09-19 09:50:01.831,413.9630621760116,8
2024-09-19 09:50:01.838,413.95333738795614,95
2024-09-19 09:50:01.878,413.9613129004095,1002
2024-09-19 09:50:01.985,413.9349058737739,102
2024-09-19 09:50:02.000,414.0457512133681,5
2024-09-19 09:50:02.022,413.99709213160185,997
2024-09-19 09:50:02.128,414.0022998799572,102
2024-09-19 09:50:02.331,414.0536761725993,1000
2024-09-19 09:50:02.383,414.0059421763872,95
2024-09-19 09:50:02.384,-414.0127881710075,7
2024-09-19 09:50:02.384,414.01950106306873,15
2024-09-19 09:50:02.527,413.95728548681006,6
2024-09-19 09:50:02.633,414.0414898773784,11
2024-09-19 09:50:02.656,414.0431070779629,98
2024-09-19 09:50:02.686,414.0672233682969,995
2024-09-19 09:50:02.708,413.9811951665,99
2024-09-19 09:50:02.795,414.00129708876415,1005
2024-09-19 09:50:02.950,414.041908510646,8
2024-09-19 09:50:02.977,413.9954943898685,9
2024-09-19 09:50:03.027,414.05296965875306,999
2024-09-19 09:50:03.078,414.0480285511317,1002
2024-09-19 09:50:03.088,414.0578277323071,96
2024-09-19 09:50:03.101,414.0545489730125,95
2024-09-19 09:50:03.132,414.0384692244994,14
2024-09-19 09:50:03.165,414.0193695417364,100
2024-09-19 09:50:03.183,414.05383055550783,105
2024-09-19 09:50:03.192,414.0395703666794,102
2024-09-19 09:50:03.196,414.0451188266947,105
2024-09-19 09:50:03.202,414.0500461179129,98
2024-09-19 09:50:03.202,414.0671542895116,11
2024-09-19 09:50:03.223,414.0684086006436,8
2024-09-19 09:50:03.280,414.0547304038467,98
2024-09-19 09:50:03.297,414.0537344966693,999
2024-09-19 09:50:03.422,414.0530319907674,103
2024-09-19 09:50:03.444,414.04400009445015,96
2024-09-19 09:50:03.452,414.0732613012677,105
2024-09-19 09:50:03.471,414.0434121753245,98
2024-09-19 09:50:03.614,414.0728290365464,97
2024-09-19 09:50:03.650,414.05632340780585,999
2024-09-19 09:50:03.651,414.0572691774824,101
2024-09-19 09:50:03.658,414.044944582672,997
2024-09-19 09:50:03.669,414.0561732675256,1005
2024-09-19 09:50:03.686,414.0618845283279,999
2024-09-19 09:50:03.715,414.0667137172388,12
2024-09-19 09:50:03.724,414.0464858184533,1005
2024-09-19 09:50:03.759,414.0183591077304,97
2024-09-19 09:50:03.801,414.0615213751272,102
2024-09-19 09:50:03.922,414.0831559866109,10
2024-09-19 09:50:04.040,413.9984282784612,12
2024-09-19 09:50:04.077,414.04837103134304,1001
2024-09-19 09:50:04.128,414.0561989877256,996
2024-09-19 09:50:04.235,414.01922100989816,1002
2024-09-19 09:50:04.329,413.9998901422368,12
2024-09-19 09:50:04.342,414.0068161141056,103
2024-09-19 09:50:04.430,414.0590127124105,1001
2024-09-19 09:50:04.633,413.9980363787296,995
2024-09-19 09:50:04.740,414.05433672518217,97
2024-09-19 09:50:04.823,414.0613206984659,101
2024-09-19 09:50:04.886,414.0322618886279,6
2024-09-19 09:50:04.999,414.0566016092192,1004
2024-09-19 09:50:05.204,413.9787618141917,95
2024-09-19 09:50:05.277,413.9870383160029,8
2024-09-19 09:50:05.695,413.98777973486347,5
2024-09-19 09:50:06.070,413.9810649361719,10
2024-09-19 09:50:06.099,413.9622493872364,98
2024-09-19 09:50:06.305,414.0074203330108,996
2024-09-19 09:50:06.407,414.02552228119424,1004
2024-09-19 09:50:06.446,413.9720190822672,96
2024-09-19 09:50:06.454,413.9487152834093,100
2024-09-19 09:50:06.560,413.9780756482046,1002
2024-09-19 09:50:06.624,-413.9890306633325,98
2024-09-19 09:50:06.889,414.0007221510592,104
2024-09-19 09:50:06.946,413.9808345759748,1000
2024-09-19 09:50:07.052,414.0195797619672,104
2024-09-19 09:50:07.079,414.0225276951154,9
2024-09-19 09:50:07.106,414.0198817636976,996
2024-09-19 09:50:07.131,414.0397640628533,997
2024-09-19 09:50:07.149,414.037092366501,104
2024-09-19 09:50:07.161,414.029202014736,100
2024-09-19 09:50:07.172,414.02461913498223,1005
2024-09-19 09:50:07.187,414.0208878418144,99
2024-09-19 09:50:07.224,414.0314132144275,12
2024-09-19 09:50:07.283,414.0237452232933,1001
2024-09-19 09:50:07.283,414.0380022893848,96
2024-09-19 09:50:07.308,414.0326411003453,12
2024-09-19 09:50:07.384,414.0209961147612,12
2024-09-19 09:50:07.408,414.02780900559,999
2024-09-19 09:50:07.458,414.0644948047128,998
2024-09-19 09:50:07.482,414.0178209827541,99
2024-09-19 09:50:07.561,414.0454168268175,100
2024-09-19 09:50:07.597,414.0317485042593,13
2024-09-19 09:50:07.666,414.0024153327543,12
2024-09-19 09:50:07.706,414.0274214163611,995
2024-09-19 09:50:07.709,414.02703448329765,5
2024-09-19 09:50:07.735,414.04382243619,998
2024-09-19 09:50:07.765,414.0346769004793,103
2024-09-19 09:50:07.787,414.0240796796309,100
2024-09-19 09:50:07.901,-414.0347508095168,995
2024-09-19 09:50:07.910,414.0229221291448,96
2024-09-19 09:50:08.019,414.0470717193436,99
2024-09-19 09:50:08.040,414.0289185658089,996
2024-09-19 09:50:08.040,414.0078199871121,998
2024-09-19 09:50:08.064,414.04997666327625,104
2024-09-19 09:50:08.070,413.9489201336279,998
2024-09-19 09:50:08.079,413.9675588941925,101
2024-09-19 09:50:08.095,414.0590376063484,6
2024-09-19 09:50:08.333,413.9131571969729,996
2024-09-19 09:50:08.401,413.9322851300229,97
2024-09-19 09:50:08.410,414.0428123213733,95
2024-09-19 09:50:08.480,414.0501298363464,7
2024-09-19 09:50:08.661,413.94470935778406,101
2024-09-19 09:50:08.695,413.9942070490116,99
2024-09-19 09:50:08.722,414.0056503705816,101
2024-09-19 09:50:08.795,413.9688750918684,9
2024-09-19 09:50:08.840,413.9696949599809,97
2024-09-19 09:50:08.852,413.9785506308868,10
2024-09-19 09:50:08.978,413.95311430377177,1001
2024-09-19 09:50:09.268,413.94044649725583,96
2024-09-19 09:50:09.348,413.9623686070798,996
2024-09-19 09:50:09.482,413.9424023397916,1002
2024-09-19 09:50:09.546,413.9515689571682,96
2024-09-19 09:50:09.579,,15
2024-09-19 09:50:09.653,41.3948253400927,8
2024-09-19 09:50:09.725,413.94058045764245,6
2024-09-19 09:50:10.144,413.9463179292784,97
2024-09-19 09:50:10.392,413.96797386746016,15
2024-09-19 09:50:10.427,413.94802035758266,15
2024-09-19 09:50:10.429,413.94938253967325,1000
2024-09-19 09:50:10.433,413.9428010113537,1003
2024-09-19 09:50:10.729,413.9424417508423,1002
2024-09-19 09:50:10.789,413.9125270055485,1002
2024-09-19 09:50:10.912,413.9469521584368,1003
2024-09-19 09:50:10.967,413.9509931597286,12
2024-09-19 09:50:11.084,413.9073119152623,7
2024-09-19 09:50:11.114,413.8958688093328,95
2024-09-19 09:50:11.122,413.83715119375154,9
2024-09-19 09:50:11.340,413.823442180481,97
2024-09-19 09:50:11.349,413.8727427889854,13
2024-09-19 09:50:11.442,413.8176765635379,102
2024-09-19 09:50:11.669,413.8252095591012,7
2024-09-19 09:50:11.798,413.8551628211035,5
2024-09-19 09:50:11.908,413.89495860542814,6
2024-09-19 09:50:11.910,413.9169600163928,1003
2024-09-19 09:50:11.924,413.82809298179546,102
2024-09-19 09:50:12.010,413.8085029527831,99
2024-09-19 09:50:12.097,413.8653100409865,998
2024-09-19 09:50:12.105,413.82599890632906,9
2024-09-19 09:50:12.173,413.8591651733046,12
2024-09-19 09:50:12.200,413.8088191339601,1004
2024-09-19 09:50:12.200,413.8125205857432,997
2024-09-19 09:50:12.220,413.8290235355045,1002
2024-09-19 09:50:12.254,413.89191349223313,1004
2024-09-19 09:50:12.259,413.8847910559496,1000
2024-09-19 09:50:12.267,413.9049505835824,102
2024-09-19 09:50:12.281,413.8295495588868,1001
2024-09-19 09:50:12.358,413.8341350844115,1000
2024-09-19 09:50:12.373,413.8280579221838,1004
2024-09-19 09:50:12.446,413.8557426634797,105
2024-09-19 09:50:12.498,413.8299140008428,1001
2024-09-19 09:50:12.565,413.8814824038334,98
2024-09-19 09:50:12.627,413.825655521193,1001
2024-09-19 09:50:12.712,413.89131803844725,1002
2024-09-19 09:50:12.716,413.87717714580026,12
2024-09-19 09:50:12.735,413.8164852048776,103
2024-09-19 09:50:12.742,413.87083138537895,10
2024-09-19 09:50:12.762,413.88333654597017,104
2024-09-19 09:50:12.766,413.85680368678817,96
2024-09-19 09:50:12.793,413.85345223356217,1000
2024-09-19 09:50:12.929,413.8724340910402,1000
2024-09-19 09:50:12.930,413.8377956149944,101
2024-09-19 09:50:12.959,413.85738480070944,100
2024-09-19 09:50:13.017,413.8287055957613,1002
2024-09-19 09:50:13.049,413.8454229339026,98
2024-09-19 09:50:13.059,413.86871694261606,1004
2024-09-19 09:50:13.115,413.8325119530522,1002
2024-09-19 09:50:13.183,413.83249602179546,14
2024-09-19 09:50:13.271,413.8320538058885,13
2024-09-19 09:50:13.305,413.826238695622,995
2024-09-19 09:50:13.354,413.82244842681456,14
2024-09-19 09:50:13.368,413.8267328642655,1004
2024-09-19 09:50:13.402,413.8480293483726,1003
2024-09-19 09:50:13.519,413.846032136018,98
2024-09-19 09:50:13.520,413.8327117816684,97
2024-09-19 09:50:13.723,413.82594518832144,1001
2024-09-19 09:50:13.750,413.8434105524096,7
2024-09-19 09:50:13.757,413.85148633966577,99
2024-09-19 09:50:13.879,413.8449305520182,10
2024-09-19 09:50:13.892,413.8269940945233,999
2024-09-19 09:50:13.918,413.84043487434656,99
2024-09-19 09:50:13.920,413.86828233911416,100
2024-09-19 09:50:13.926,413.8479437601936,98
2024-09-19 09:50:14.118,413.8080551472377,9
2024-09-19 09:50:14.181,413.7826699162328,99
2024-09-19 09:50:14.232,413.756831608118,998
2024-09-19 09:50:14.302,413.73112455110487,104
2024-09-19 09:50:14.317,413.73835501485536,96
2024-09-19 09:50:14.332,413.7665244715983,995
2024-09-19 09:50:14.385,413.7544478468346,101
2024-09-19 09:50:14.531,413.73731590160753,105
2024-09-19 09:50:14.567,413.76455320454806,997
2024-09-19 09:50:14.626,413.72389499674665,1004
2024-09-19 09:50:14.653,413.7481123571549,95
2024-09-19 09:50:14.672,413.797773452831,8
2024-09-19 09:50:14.726,413.72400689806045,999
2024-09-19 09:50:14.778,413.71905459131983,103
2024-09-19 09:50:14.846,413.80479852019965,11
2024-09-19 09:50:14.846,413.7357572678182,1001
2024-09-19 09:50:14.893,413.8061477370629,13
2024-09-19 09:50:14.953,413.7400814876205,995
2024-09-19 09:50:14.974,413.7841976404157,99
2024-09-19 09:50:15.040,413.7161234661521,10
2024-09-19 09:50:15.050,413.7151049178468,997
2024-09-19 09:50:15.102,413.7294762373941,8
2024-09-19 09:50:15.248,413.7221267144195,105
2024-09-19 09:50:15.254,41.37128093480199,1000
2024-09-19 09:50:15.451,413.7095371228303,7
2024-09-19 09:50:15.554,413.7247461176576,8
2024-09-19 09:50:15.565,413.7267364776618,15
2024-09-19 09:50:15.810,413.7198431889436,1005
2024-09-19 09:50:15.817,413.7241409881135,6
2024-09-19 09:50:16.004,413.74004696842206,10
2024-09-19 09:50:16.011,413.7347289643837,12
2024-09-19 09:50:16.104,413.70683423155015,1004
2024-09-19 09:50:16.182,413.75137553753234,1005
2024-09-19 09:50:16.341,413.7442281357157,13
2024-09-19 09:50:16.349,41.37363719647939,6
2024-09-19 09:50:16.417,413.7004519017482,995
2024-09-19 09:50:16.480,413.6992841412828,99
2024-09-19 09:50:16.510,413.6893045994412,5
2024-09-19 09:50:16.518,41.37397516474865,13
2024-09-19 09:50:16.571,413.7255661954832,10
2024-09-19 09:50:16.634,413.6592780288255,14
2024-09-19 09:50:16.651,41.37422420718457,996
2024-09-19 09:50:16.670,413.7231413616566,1005
2024-09-19 09:50:16.725,413.7221785259911,1001
2024-09-19 09:50:16.809,413.7391051010565,98
2024-09-19 09:50:16.858,,6
2024-09-19 09:50:16.865,413.72165006799867,7
2024-09-19 09:50:16.916,413.7310139719773,995
2024-09-19 09:50:17.090,413.6693445603448,96
2024-09-19 09:50:17.129,413.6728239780107,8
2024-09-19 09:50:17.187,413.6623783691124,14
2024-09-19 09:50:17.280,413.6662898636305,9
2024-09-19 09:50:17.330,413.6729183597893,11
2024-09-19 09:50:17.388,413.68854028276365,1002
2024-09-19 09:50:17.402,413.6436438304241,1005
2024-09-19 09:50:17.446,413.6804531787985,997
2024-09-19 09:50:17.466,413.6613647911989,100
2024-09-19 09:50:17.500,413.6716906920397,10
2024-09-19 09:50:17.565,413.6952485039364,100
2024-09-19 09:50:17.601,413.65450780990506,8
2024-09-19 09:50:17.604,413.6563931897797,104
2024-09-19 09:50:17.642,413.661366450875,1004
2024-09-19 09:50:17.658,413.675814615686,100
2024-09-19 09:50:17.790,413.6989755763983,1003
2024-09-19 09:50:17.791,413.6912724686173,101
2024-09-19 09:50:17.798,413.64484076258816,95
2024-09-19 09:50:17.842,413.6900302824994,96
2024-09-19 09:50:17.922,413.6718736979283,1004
2024-09-19 09:50:18.044,413.7624193899128,103
2024-09-19 09:50:18.069,413.7028642950944,1001
2024-09-19 09:50:18.091,413.7295046050084,104
2024-09-19 09:50:18.101,413.7255330317554,1002
2024-09-19 09:50:18.107,413.7101215547136,9
2024-09-19 09:50:18.125,413.708455577824,1004
2024-09-19 09:50:18.132,413.7364268955243,100
2024-09-19 09:50:18.170,413.7430990318496,996
2024-09-19 09:50:18.194,413.74362640313,1003
2024-09-19 09:50:18.195,413.7204454601355,1001
2024-09-19 09:50:18.405,413.7112016977744,996
2024-09-19 09:50:18.425,413.6972695674215,10
2024-09-19 09:50:18.429,413.7548782934987,10
2024-09-19 09:50:18.456,413.7231569835969,1001
2024-09-19 09:50:18.564,413.7058982545509,5
2024-09-19 09:50:18.668,413.7082113145162,998
2024-09-19 09:50:18.727,413.6876325806935,1002
2024-09-19 09:50:18.769,413.7353626710931,6
2024-09-19 09:50:18.769,413.7102005952773,102
2024-09-19 09:50:18.776,413.7227183578308,104
2024-09-19 09:50:18.832,413.74883782299554,105
2024-09-19 09:50:18.849,413.7179368163488,101
2024-09-19 09:50:18.864,413.75123207169935,1005
2024-09-19 09:50:18.867,413.7232019686892,1005
2024-09-19 09:50:18.974,413.7174896312589,12
2024-09-19 09:50:18.993,413.7247976096118,96
2024-09-19 09:50:19.267,413.7944229756072,97
2024-09-19 09:50:19.516,413.784215449215,103
2024-09-19 09:50:19.612,413.7630352082074,103
2024-09-19 09:50:20.072,413.7955673994034,998
2024-09-19 09:50:20.075,413.76055135474473,14
2024-09-19 09:50:20.102,413.802933119632,995
2024-09-19 09:50:20.102,413.7665384320301,996
2024-09-19 09:50:20.148,413.7612360265793,1000
2024-09-19 09:50:20.195,413.7836328057121,1001
2024-09-19 09:50:20.286,413.7773412323925,14
2024-09-19 09:50:20.298,413.7976054612883,7
2024-09-19 09:50:20.328,413.7476301477786,14
2024-09-19 09:50:20.332,413.764516561242,10
2024-09-19 09:50:20.431,413.759504478193,6
2024-09-19 09:50:20.457,413.78648457877006,96
2024-09-19 09:50:20.815,413.79462779481815,10
2024-09-19 09:50:20.840,413.8148481782272,1003
2024-09-19 09:50:20.892,413.7733477280431,1002
2024-09-19 09:50:20.900,413.7594580928787,9
2024-09-19 09:50:20.984,413.7771553774375,6
2024-09-19 09:50:20.996,413.7648088013845,102
2024-09-19 09:50:21.022,413.7917990785813,995
2024-09-19 09:50:21.031,,999
2024-09-19 09:50:21.157,413.7598481345304,9
2024-09-19 09:50:21.213,413.76075952091367,8
2024-09-19 09:50:21.255,413.786826895364,8
2024-09-19 09:50:21.303,413.7518653640775,1001
2024-09-19 09:50:21.340,413.7947135172444,103
2024-09-19 09:50:21.389,413.77022481213936,999
2024-09-19 09:50:21.411,413.7834523744892,103
2024-09-19 09:50:21.421,413.7769093627344,995
2024-09-19 09:50:21.487,413.7843994461768,101
2024-09-19 09:50:21.537,413.7678684548277,7
2024-09-19 09:50:21.626,413.7718581407902,5
2024-09-19 09:50:21.644,413.7640689552407,5
2024-09-19 09:50:21.692,413.7865932569175,104
2024-09-19 09:50:21.709,413.7829294092957,103
2024-09-19 09:50:21.732,413.7766724226147,10
2024-09-19 09:50:21.888,413.8018556995896,1002
2024-09-19 09:50:22.303,413.80974488712536,997
2024-09-19 09:50:22.349,413.79714593923575,995
2024-09-19 09:50:22.352,413.7975901566773,97
2024-09-19 09:50:22.378,413.8024681725231,105
2024-09-19 09:50:22.504,413.7950584033673,13
2024-09-19 09:50:22.647,413.79833161908033,997
2024-09-19 09:50:22.688,413.7980975345462,103
2024-09-19 09:50:22.835,413.7977042691944,99
2024-09-19 09:50:22.883,413.7977288560728,998
2024-09-19 09:50:23.025,413.7738700136798,102
2024-09-19 09:50:23.115,413.7929344662919,13
2024-09-19 09:50:23.268,413.7971457312344,95
2024-09-19 09:50:23.305,413.7896147164768,100
2024-09-19 09:50:23.451,413.7878274326928,6
2024-09-19 09:50:23.636,413.785278574273,1002
2024-09-19 09:50:23.647,413.79838517220605,10
2024-09-19 09:50:23.693,413.7830959160483,101
2024-09-19 09:50:23.738,413.7809313241604,96
2024-09-19 09:50:23.748,413.77549559050425,97
2024-09-19 09:50:23.772,413.7934355361435,1003
2024-09-19 09:50:23.827,413.78439956676607,6
2024-09-19 09:50:23.832,413.7770786234757,99
2024-09-19 09:50:24.194,413.795155731712,101
2024-09-19 09:50:24.221,413.81205895404537,100
2024-09-19 09:50:24.253,413.8195184268832,996
2024-09-19 09:50:24.324,413.8097759626675,1001
2024-09-19 09:50:24.555,413.80737867895647,97
2024-09-19 09:50:24.574,413.8343686429395,102
2024-09-19 09:50:24.602,413.8233880606232,7
2024-09-19 09:50:24.629,413.82073545378495,12
2024-09-19 09:50:24.684,413.828117644388,1001
2024-09-19 09:50:24.755,413.78720946846585,99
2024-09-19 09:50:24.854,413.7907257017939,11
2024-09-19 09:50:24.896,413.788262608243,102
2024-09-19 09:50:25.119,413.8049861946061,1000
2024-09-19 09:50:25.383,413.81164293322746,103
2024-09-19 09:50:25.399,413.8111467012489,995
2024-09-19 09:50:25.493,413.8070387155977,100
2024-09-19 09:50:25.554,413.8155027857882,1005
2024-09-19 09:50:25.649,413.7839604757889,997
2024-09-19 09:50:25.782,413.7784061262989,7
2024-09-19 09:50:25.853,413.84442527557286,101
2024-09-19 09:50:25.858,413.8382777504588,12
2024-09-19 09:50:25.901,413.8069749022344,14
2024-09-19 09:50:25.947,413.78925163234754,1000
2024-09-19 09:50:25.976,413.7945481449657,103
2024-09-19 09:50:26.031,413.7949916732893,6
2024-09-19 09:50:26.073,413.8504270797221,5
2024-09-19 09:50:26.206,413.83925828540725,6
2024-09-19 09:50:26.276,413.7867920161856,996
2024-09-19 09:50:26.351,413.82933074402007,8
2024-09-19 09:50:26.408,413.8315005717263,9
2024-09-19 09:50:26.522,413.8303595734722,10
2024-09-19 09:50:26.680,413.8333206710976,104
2024-09-19 09:50:26.686,413.8326216290853,997
2024-09-19 09:50:26.709,-413.7962751764884,102
2024-09-19 09:50:26.720,413.8200487807664,105
2024-09-19 09:50:26.757,413.7687668809884,7
2024-09-19 09:50:26.775,413.8542292623087,99
2024-09-19 09:50:26.787,413.8623532007653,995
2024-09-19 09:50:26.813,,10
2024-09-19 09:50:26.828,413.79191482162656,8
2024-09-19 09:50:26.848,413.76435923563184,104
2024-09-19 09:50:26.866,413.8590057560382,6
2024-09-19 09:50:26.924,413.8386352441017,5
2024-09-19 09:50:26.962,413.79133575950107,1003
2024-09-19 09:50:27.018,413.7660121710797,7
2024-09-19 09:50:27.019,413.7492923964592,6
2024-09-19 09:50:27.047,413.7709780138998,11
2024-09-19 09:50:27.061,-413.7616847068959,15
2024-09-19 09:50:27.068,413.7424158672985,104
2024-09-19 09:50:27.156,413.74032591520665,1005
2024-09-19 09:50:27.160,41.37506009894571,1005
2024-09-19 09:50:27.227,413.7567696935656,103
2024-09-19 09:50:27.247,413.7845314665016,104
2024-09-19 09:50:27.286,413.8013215219446,98
2024-09-19 09:50:27.304,413.7815446874805,998
2024-09-19 09:50:27.358,413.7476454346046,12
2024-09-19 09:50:27.385,413.76806552153465,1005
2024-09-19 09:50:27.454,413.7319155769921,996
2024-09-19 09:50:27.614,413.7554514762738,996
2024-09-19 09:50:27.634,413.7589731293851,100
2024-09-19 09:50:27.644,-413.77527591277845,96
2024-09-19 09:50:27.715,413.7525516687983,8
2024-09-19 09:50:27.727,413.742714274826,9
2024-09-19 09:50:27.772,413.7725700147152,6
2024-09-19 09:50:27.778,413.7742282805504,97
2024-09-19 09:50:27.785,413.7733879192066,1004
2024-09-19 09:50:27.806,413.7378148869473,14
2024-09-19 09:50:27.873,413.79256305163534,96
2024-09-19 09:50:27.875,413.75097790731945,8
2024-09-19 09:50:27.954,413.7785474483008,6
2024-09-19 09:50:27.966,413.7860883719512,15
2024-09-19 09:50:28.006,413.7783331806056,1005
2024-09-19 09:50:28.257,413.7588130166519,103
2024-09-19 09:50:28.372,413.7680164525556,6
2024-09-19 09:50:28.379,413.7271022415584,104
2024-09-19 09:50:28.392,413.7638472579229,13
2024-09-19 09:50:28.424,,14
2024-09-19 09:50:28.435,413.7659419439857,997
2024-09-19 09:50:28.550,413.760441606936,9
2024-09-19 09:50:28.667,413.7683988659823,1005
2024-09-19 09:50:28.755,413.75360416207866,1001
2024-09-19 09:50:28.782,413.74876882578377,10
2024-09-19 09:50:28.882,413.7364975985736,97
2024-09-19 09:50:28.892,413.7508207981838,9
2024-09-19 09:50:28.915,413.75971048332207,7
2024-09-19 09:50:28.944,413.7545063703265,102
2024-09-19 09:50:28.964,413.7571852466391,999
2024-09-19 09:50:28.986,413.750244814585,13
2024-09-19 09:50:29.079,413.7617095648079,7
2024-09-19 09:50:29.292,413.7564189504415,103
2024-09-19 09:50:29.426,413.7456523461999,7
2024-09-19 09:50:29.468,413.7525021548541,101
2024-09-19 09:50:29.493,413.7281772191168,12
2024-09-19 09:50:29.506,413.7707614036637,95
2024-09-19 09:50:30.040,413.7651479832172,1003
2024-09-19 09:50:30.106,413.8042601248947,1004
2024-09-19 09:50:30.108,413.72143209724544,104
2024-09-19 09:50:30.132,413.7119041653234,8
2024-09-19 09:50:30.158,413.8138568545052,14
2024-09-19 09:50:30.190,413.7082911939893,1004
2024-09-19 09:50:30.209,413.7191731744597,6
2024-09-19 09:50:30.228,413.8103556062408,11
2024-09-19 09:50:30.232,413.8106465430083,999
2024-09-19 09:50:30.251,413.7344785401911,13
2024-09-19 09:50:30.293,413.7867930123065,98
2024-09-19 09:50:30.341,413.762888346268,996
2024-09-19 09:50:30.386,413.8091345993262,11
2024-09-19 09:50:30.388,413.7065425785109,1005
2024-09-19 09:50:30.415,413.7287184593434,101
2024-09-19 09:50:30.438,413.7469185401554,102
2024-09-19 09:50:30.469,413.7124885781657,8
2024-09-19 09:50:30.469,413.8345838581904,99
2024-09-19 09:50:30.495,413.72558142728593,999
2024-09-19 09:50:30.570,413.713328464217,1005
2024-09-19 09:50:30.578,413.7686110457514,10
2024-09-19 09:50:30.645,413.82810532148176,102
2024-09-19 09:50:30.653,413.8187177607941,1004
2024-09-19 09:50:30.687,413.81138184150274,999
2024-09-19 09:50:30.694,413.7578702231604,99
2024-09-19 09:50:30.732,413.82570956002274,12
2024-09-19 09:50:30.800,413.8108725056515,997
2024-09-19 09:50:30.848,413.8162798237334,104
2024-09-19 09:50:30.853,413.7953254255385,99
2024-09-19 09:50:31.060,413.8074461079138,1003
2024-09-19 09:50:31.061,413.8084863172069,6
2024-09-19 09:50:31.092,413.8230445764823,11
2024-09-19 09:50:31.323,413.8233953187138,98
2024-09-19 09:50:31.341,413.8077994036749,99
2024-09-19 09:50:31.382,413.8238550495258,105
2024-09-19 09:50:31.383,413.81091156370695,97
2024-09-19 09:50:31.428,413.82392536576754,1000
2024-09-19 09:50:31.530,413.8112248746517,995
2024-09-19 09:50:31.718,413.8147404087958,104
2024-09-19 09:50:31.775,413.7974386374292,104
2024-09-19 09:50:31.910,413.81400310359135,10
2024-09-19 09:50:31.973,413.81704169713385,9
2024-09-19 09:50:32.093,413.779360334723,104
2024-09-19 09:50:32.492,413.7860196706668,11
2024-09-19 09:50:32.634,413.7728323291605,9
2024-09-19 09:50:32.686,413.78043254234086,999
2024-09-19 09:50:33.296,413.765455662208,13
2024-09-19 09:50:33.417,413.8024068900392,11
2024-09-19 09:50:33.534,413.7991466731049,15
2024-09-19 09:50:33.765,413.7645581860114,103
2024-09-19 09:50:33.804,413.80297392551,98
2024-09-19 09:50:33.884,413.7867370768784,95
2024-09-19 09:50:33.893,413.7971766430991,102
2024-09-19 09:50:33.913,413.8100872476247,12
2024-09-19 09:50:34.024,413.7554569772079,15
2024-09-19 09:50:34.087,413.7576931901012,998
2024-09-19 09:50:34.104,413.7575430445635,997
2024-09-19 09:50:34.159,413.7534147938988,1003
2024-09-19 09:50:34.197,413.75984656536366,99
2024-09-19 09:50:34.241,413.7460891364088,997
2024-09-19 09:50:34.244,,1003
2024-09-19 09:50:34.278,413.7955325019207,98
2024-09-19 09:50:34.314,413.7674210459138,98
2024-09-19 09:50:34.325,413.7550278555831,1003
2024-09-19 09:50:34.337,413.7421259110631,13
2024-09-19 09:50:34.348,413.7288118240645,7
2024-09-19 09:50:34.383,41.37811625461792,95
2024-09-19 09:50:34.407,413.7511243114219,998
2024-09-19 09:50:34.480,413.76093685430106,99
2024-09-19 09:50:34.629,413.7460988582443,9
2024-09-19 09:50:34.643,413.8033353178178,15
2024-09-19 09:50:34.651,413.7434827032426,11
2024-09-19 09:50:34.662,413.78787136958994,997
2024-09-19 09:50:34.707,413.7744977246879,98
2024-09-19 09:50:34.766,413.7790351780998,97
2024-09-19 09:50:34.838,413.7639607879476,99
2024-09-19 09:50:34.877,413.7928231648641,995
2024-09-19 09:50:34.884,413.73221266960087,99
2024-09-19 09:50:34.943,,98
2024-09-19 09:50:34.943,413.7562185578692,9
2024-09-19 09:50:34.959,413.7738208199304,8
2024-09-19 09:50:34.982,413.7478263352168,995
2024-09-19 09:50:34.987,413.7716094233461,11
2024-09-19 09:50:35.010,,1000
2024-09-19 09:50:35.032,413.7543163600623,996
2024-09-19 09:50:35.032,413.7419608726827,1001
2024-09-19 09:50:35.107,413.7691613877103,1001
2024-09-19 09:50:35.184,413.7658094168058,6
2024-09-19 09:50:35.217,413.7460388044922,100
2024-09-19 09:50:35.267,413.78764313321966,8
2024-09-19 09:50:35.304,413.76586333148174,11
2024-09-19 09:50:35.313,413.7584552384468,101
2024-09-19 09:50:35.391,413.7421487432183,97
2024-09-19 09:50:35.445,413.7354195886616,8
2024-09-19 09:50:35.482,413.7334198152373,8
2024-09-19 09:50:35.536,413.7519158402986,1003
2024-09-19 09:50:35.581,413.8329877437729,995
2024-09-19 09:50:35.734,413.8152744158276,13
2024-09-19 09:50:35.796,413.7701765165916,101
2024-09-19 09:50:35.809,413.7428710748294,11
2024-09-19 09:50:35.860,413.7584227201032,101
2024-09-19 09:50:35.903,413.8118203399949,97
2024-09-19 09:50:35.923,413.7489152764195,1002
2024-09-19 09:50:35.943,413.7621414037902,6
2024-09-19 09:50:36.009,413.8226290738371,104
2024-09-19 09:50:36.037,413.8404058505825,95
2024-09-19 09:50:36.069,413.8299395127101,9
2024-09-19 09:50:36.105,413.8286068297322,997
2024-09-19 09:50:36.176,413.8591185624717,104
2024-09-19 09:50:36.226,413.8512249573786,98
2024-09-19 09:50:36.242,413.8493178792434,10
2024-09-19 09:50:36.249,413.8395091914623,97
2024-09-19 09:50:36.275,413.8714155053476,6
2024-09-19 09:50:36.309,413.8355506738484,996
2024-09-19 09:50:36.405,413.8352766213378,1005
2024-09-19 09:50:36.483,413.8386858582818,996
2024-09-19 09:50:36.538,413.8460348912861,7
2024-09-19 09:50:36.589,413.8645704491929,97
2024-09-19 09:50:36.600,413.8424745263968,104
2024-09-19 09:50:36.606,413.838140119634,10
2024-09-19 09:50:36.610,413.8500512498946,1005
2024-09-19 09:50:36.671,413.85213936976055,1004
2024-09-19 09:50:36.686,413.8469094599481,99
2024-09-19 09:50:36.704,413.86442011925385,105
2024-09-19 09:50:36.705,413.8534868191421,95
2024-09-19 09:50:36.827,413.8193833564306,995
2024-09-19 09:50:36.832,413.8708222757534,97
2024-09-19 09:50:36.862,413.8613215933596,8
2024-09-19 09:50:36.912,413.8571349431846,8
2024-09-19 09:50:36.986,413.8457365030281,1000
2024-09-19 09:50:37.080,413.8609620336892,97
2024-09-19 09:50:37.133,413.8421100613591,1003
2024-09-19 09:50:37.231,413.8263156657835,996
2024-09-19 09:50:37.245,413.8637613397173,5
2024-09-19 09:50:37.301,413.86337010090347,98
2024-09-19 09:50:37.337,413.8666749448527,103
2024-09-19 09:50:37.338,413.8538003850051,1000
2024-09-19 09:50:37.550,413.8488326175828,996
2024-09-19 09:50:37.635,413.8444202824045,15
2024-09-19 09:50:37.647,413.8542308084736,1005
2024-09-19 09:50:37.749,413.8566396304275,1005
2024-09-19 09:50:37.809,413.8466263199888,1002
2024-09-19 09:50:37.843,413.8690126433913,1004
2024-09-19 09:50:37.941,413.8626831082203,998
2024-09-19 09:50:37.992,413.8475415669951,997
2024-09-19 09:50:38.029,413.7954041691287,1005
2024-09-19 09:50:38.085,413.7877676715256,995
2024-09-19 09:50:38.113,413.7798180885644,100
2024-09-19 09:50:38.221,413.8171037750225,1004
2024-09-19 09:50:38.230,413.8139185986879,104
2024-09-19 09:50:38.249,413.8417324437444,96
2024-09-19 09:50:38.271,413.8720756372401,998
2024-09-19 09:50:38.423,413.8328532033093,6
2024-09-19 09:50:38.439,413.78645027582087,14
2024-09-19 09:50:38.460,413.83172849148144,1000
2024-09-19 09:50:38.493,413.7879516013464,10
2024-09-19 09:50:38.508,413.7989555042783,998
2024-09-19 09:50:38.514,413.8026036188538,997
2024-09-19 09:50:38.575,413.7878563217299,5
2024-09-19 09:50:38.590,413.841465814879,996
2024-09-19 09:50:38.616,413.7902478294486,1003
2024-09-19 09:50:38.623,413.8287956283239,12
2024-09-19 09:50:38.663,413.7858993984196,9
2024-09-19 09:50:38.670,413.8528206609204,997
2024-09-19 09:50:38.696,413.8058161143841,1004
2024-09-19 09:50:38.736,413.7878012804922,15
2024-09-19 09:50:38.799,413.8108358973251,999
2024-09-19 09:50:38.803,413.7872926686662,100
2024-09-19 09:50:38.963,413.8327545826856,105
2024-09-19 09:50:39.085,413.82016688708,1002
2024-09-19 09:50:39.256,413.8278915160821,95
2024-09-19 09:50:39.273,413.830448391801,9
2024-09-19 09:50:39.369,413.8115794220682,13
2024-09-19 09:50:40.030,413.813002807553,97
2024-09-19 09:50:40.050,413.8329697835107,996
2024-09-19 09:50:40.070,413.8004559335962,10
2024-09-19 09:50:40.144,413.8029556763987,99
2024-09-19 09:50:40.155,413.8063584495829,104
2024-09-19 09:50:40.159,413.81090902162856,10
2024-09-19 09:50:40.171,413.8373051320056,11
2024-09-19 09:50:40.202,413.8114589369756,1002
2024-09-19 09:50:40.212,413.846644019684,997
2024-09-19 09:50:40.289,413.8390131946581,104
2024-09-19 09:50:40.297,413.79235644220944,102
2024-09-19 09:50:40.438,413.8246184970817,101
2024-09-19 09:50:40.442,413.8146018777497,1000
2024-09-19 09:50:40.451,413.8318083425364,97
2024-09-19 09:50:40.544,413.83598695721656,97
2024-09-19 09:50:40.577,413.8188701709613,95
2024-09-19 09:50:40.603,413.8333014821825,1000
2024-09-19 09:50:40.607,413.8472439682104,6
2024-09-19 09:50:40.629,413.81091679619226,103
2024-09-19 09:50:40.640,-413.8059111123834,96
2024-09-19 09:50:40.659,413.8131187410792,1000
2024-09-19 09:50:40.669,413.81940645607017,10
2024-09-19 09:50:40.732,413.7875566238756,1001
2024-09-19 09:50:40.804,-413.792532058357,1000
2024-09-19 09:50:40.843,413.8432439881525,10
2024-09-19 09:50:40.849,413.80667840122425,995
2024-09-19 09:50:40.936,413.81729288503664,1001
2024-09-19 09:50:40.969,413.8028364860232,100
2024-09-19 09:50:40.979,413.80981208288176,1004
2024-09-19 09:50:40.988,413.7900734208909,1000
2024-09-19 09:50:41.019,413.8083754034698,1004
2024-09-19 09:50:41.093,413.8353009757656,6
2024-09-19 09:50:41.122,413.8556035887336,6
2024-09-19 09:50:41.176,413.837034215594,97
2024-09-19 09:50:41.176,413.87169798202245,1001
2024-09-19 09:50:41.181,413.8538532317089,1000
2024-09-19 09:50:41.226,413.83505193643873,95
2024-09-19 09:50:41.293,413.83533650165424,97
2024-09-19 09:50:41.341,413.8239009201372,997
2024-09-19 09:50:41.364,413.83092776803454,11
2024-09-19 09:50:41.385,413.82473855976485,15
2024-09-19 09:50:41.547,413.83846897490326,105
2024-09-19 09:50:41.697,413.7907055052326,995
2024-09-19 09:50:41.781,413.8233151121228,996
2024-09-19 09:50:41.981,413.8111460875947,6
2024-09-19 09:50:42.086,413.9023210435745,998
2024-09-19 09:50:42.136,413.92045181551913,1002
2024-09-19 09:50:42.195,413.8576589333868,1001
2024-09-19 09:50:42.211,413.92715705434,8
2024-09-19 09:50:42.220,413.92163977319785,100
2024-09-19 09:50:42.271,413.8482782695626,1000
2024-09-19 09:50:42.274,413.8731232622847,95
2024-09-19 09:50:42.327,413.8337430062072,101
2024-09-19 09:50:42.338,413.8782262617432,15
2024-09-19 09:50:42.353,413.8476330502502,1000
2024-09-19 09:50:42.356,413.905358997189,1001
2024-09-19 09:50:42.371,413.92788776419695,11
2024-09-19 09:50:42.451,413.8716071786573,13
2024-09-19 09:50:42.472,413.8855378414156,105
2024-09-19 09:50:42.516,413.8724846485133,101
2024-09-19 09:50:42.545,413.8504663431232,98
2024-09-19 09:50:42.551,413.9067048442646,104
2024-09-19 09:50:42.557,413.899423264016,105
2024-09-19 09:50:42.605,413.88858375011904,104
2024-09-19 09:50:42.698,41.38279444982435,98
2024-09-19 09:50:42.742,413.9172539009323,101
2024-09-19 09:50:42.768,413.879918025212,97
2024-09-19 09:50:42.799,413.87737508780685,100
2024-09-19 09:50:42.803,413.84212992376354,9
2024-09-19 09:50:42.808,413.873427449575,103
2024-09-19 09:50:42.939,413.86497196068126,99
2024-09-19 09:50:42.941,413.8871781150108,14
2024-09-19 09:50:42.972,413.846426969575,9
2024-09-19 09:50:42.976,413.87547200094,6
2024-09-19 09:50:43.109,413.8510328646322,9
2024-09-19 09:50:43.196,413.8747607050285,995
2024-09-19 09:50:43.248,413.86229792952827,97
2024-09-19 09:50:43.276,413.87396838345273,103
2024-09-19 09:50:43.350,413.8694584208792,6
2024-09-19 09:50:43.628,413.86317095435743,1001
2024-09-19 09:50:43.849,413.8703599790928,101
2024-09-19 09:50:44.029,413.8154237559925,5
2024-09-19 09:50:44.117,413.8288008921754,14
2024-09-19 09:50:44.133,413.80661768677686,15
2024-09-19 09:50:44.232,413.8251440610169,1003
2024-09-19 09:50:44.393,413.8044536299436,998
2024-09-19 09:50:44.411,413.8489525979059,97
2024-09-19 09:50:44.437,413.8290164179861,14
2024-09-19 09:50:44.464,413.8362297304855,5
2024-09-19 09:50:44.504,413.8382217034789,14
2024-09-19 09:50:44.582,413.7971799698552,98
2024-09-19 09:50:44.620,413.8651892053954,998
2024-09-19 09:50:44.732,413.8122241006675,8
2024-09-19 09:50:44.766,413.8282592307485,96
2024-09-19 09:50:44.769,413.7997145723781,1002
2024-09-19 09:50:44.801,413.8700086063649,104
2024-09-19 09:50:44.895,41.38578150075427,10
2024-09-19 09:50:45.025,413.7574879697886,6
2024-09-19 09:50:45.042,413.75842961392215,997
2024-09-19 09:50:45.049,413.7737294615928,995
2024-09-19 09:50:45.065,413.7462175039112,6
2024-09-19 09:50:45.092,413.7682489971368,1003
2024-09-19 09:50:45.172,413.8461859702412,6
2024-09-19 09:50:45.192,413.8282268107271,8
2024-09-19 09:50:45.217,413.7898643913044,12
2024-09-19 09:50:45.222,413.8565602832065,99
2024-09-19 09:50:45.292,413.77370126518224,11
2024-09-19 09:50:45.304,413.84285612158016,996
2024-09-19 09:50:45.380,413.8344444591952,97
2024-09-19 09:50:45.407,413.7763741648371,996
2024-09-19 09:50:45.409,413.84544013694335,1000
2024-09-19 09:50:45.458,413.7598298212095,102
2024-09-19 09:50:45.496,413.7464445952552,12
2024-09-19 09:50:45.509,413.83078585061736,1002
2024-09-19 09:50:45.567,413.7634699884906,1001
2024-09-19 09:50:45.640,413.8396131716624,11
2024-09-19 09:50:45.669,413.7632936394096,5
2024-09-19 09:50:45.679,413.8358348933853,95
2024-09-19 09:50:45.712,413.7580227524284,97
2024-09-19 09:50:45.837,413.8571669044365,11
2024-09-19 09:50:45.837,413.7865661661936,96
2024-09-19 09:50:45.853,413.81899695629824,14
2024-09-19 09:50:45.872,413.8313823415541,6
2024-09-19 09:50:45.873,413.79338330428016,997
2024-09-19 09:50:45.899,413.7380260367705,101
2024-09-19 09:50:45.954,413.8313058452389,997
2024-09-19 09:50:46.011,413.8347941888546,1001
2024-09-19 09:50:46.094,413.8107518094696,13
2024-09-19 09:50:46.191,413.8591419623757,1000
2024-09-19 09:50:46.224,413.8033058205955,998
2024-09-19 09:50:46.304,413.8676996041961,997
2024-09-19 09:50:46.336,413.8523183118363,8
2024-09-19 09:50:46.395,413.8066836093213,105
2024-09-19 09:50:46.441,413.874785955614,995
2024-09-19 09:50:46.517,413.8497356616389,1005
2024-09-19 09:50:46.548,413.8098261688376,1003
2024-09-19 09:50:46.637,413.8403275137579,96
2024-09-19 09:50:46.657,413.8061351988334,15
2024-09-19 09:50:46.694,413.86377150826576,95
2024-09-19 09:50:46.726,413.8616100260581,996
2024-09-19 09:50:46.788,413.8419565027025,104
2024-09-19 09:50:46.881,413.8557193350504,1002
2024-09-19 09:50:46.909,413.8265596007186,8
2024-09-19 09:50:47.246,413.8355661503944,14
2024-09-19 09:50:47.732,413.8323008141029,999
2024-09-19 09:50:48.108,,999
2024-09-19 09:50:48.136,413.75656070195686,15
2024-09-19 09:50:48.217,413.8056946932235,15
2024-09-19 09:50:48.231,413.7446306410009,999
2024-09-19 09:50:48.273,413.8218822831667,1005
2024-09-19 09:50:48.276,413.7463253388301,103
2024-09-19 09:50:48.327,413.7613462968642,8
2024-09-19 09:50:48.389,413.76422038917474,95
2024-09-19 09:50:48.408,413.8244948053634,1005
2024-09-19 09:50:48.497,413.7950048590491,97
2024-09-19 09:50:48.553,-413.791466806575,97
2024-09-19 09:50:48.571,413.8035524824163,1004
2024-09-19 09:50:48.597,413.7557515567378,1003
2024-09-19 09:50:48.605,413.782841129499,999
2024-09-19 09:50:48.608,413.7519920350336,13
2024-09-19 09:50:48.655,413.82646959551175,12
2024-09-19 09:50:48.660,413.7886947462876,100
2024-09-19 09:50:48.704,413.7959656119498,997
2024-09-19 09:50:48.815,413.7417852540541,11
2024-09-19 09:50:48.837,413.74900692797166,101
2024-09-19 09:50:48.861,413.7461791566478,102
2024-09-19 09:50:48.883,413.8166359736414,14
2024-09-19 09:50:48.909,413.7394634005003,102
2024-09-19 09:50:48.939,413.8031014172242,101
2024-09-19 09:50:48.953,413.7978754253543,9
2024-09-19 09:50:48.963,413.7518625064816,1005
2024-09-19 09:50:48.983,413.8083568249875,9
2024-09-19 09:50:49.128,413.7455994541773,999
2024-09-19 09:50:49.673,413.7558209884771,6
2024-09-19 09:50:49.917,413.75314338209023,997
2024-09-19 09:50:49.936,413.74768458272393,1003
2024-09-19 09:50:50.014,413.79622618782224,996
2024-09-19 09:50:50.137,413.8284864027562,100
2024-09-19 09:50:50.152,413.72714905948106,99
2024-09-19 09:50:50.152,413.7907255627821,14
2024-09-19 09:50:50.280,413.81349338196776,999
2024-09-19 09:50:50.290,413.73027957578216,13
2024-09-19 09:50:50.313,413.7425174242799,12
2024-09-19 09:50:50.330,413.7381112334226,1003
2024-09-19 09:50:50.352,413.7594699429116,101
2024-09-19 09:50:50.410,413.8039501356785,103
2024-09-19 09:50:50.411,413.7630012539919,15
2024-09-19 09:50:50.412,413.7571522472092,999
2024-09-19 09:50:50.432,413.77816097858914,6
2024-09-19 09:50:50.435,413.7948829414843,11
2024-09-19 09:50:50.441,,996
2024-09-19 09:50:50.454,413.7613087927,1002
2024-09-19 09:50:50.479,413.7501894645311,98
2024-09-19 09:50:50.567,413.7488050969271,98
2024-09-19 09:50:50.579,413.76724319781846,9
2024-09-19 09:50:50.590,413.7137464587307,1001
2024-09-19 09:50:50.605,413.7185961592704,6
2024-09-19 09:50:50.668,413.7384862239561,5
2024-09-19 09:50:50.695,413.74629434508273,5
2024-09-19 09:50:50.697,413.7902965040414,96
2024-09-19 09:50:50.714,413.7506969475849,100
2024-09-19 09:50:50.805,413.7180115067484,99
2024-09-19 09:50:50.838,413.7727030780514,5
2024-09-19 09:50:50.927,413.8185604130373,95
2024-09-19 09:50:50.994,413.7274551572648,5
2024-09-19 09:50:51.005,413.8403277109084,5
2024-09-19 09:50:51.099,413.8325248545381,997
2024-09-19 09:50:51.156,413.8206861247712,1001
2024-09-19 09:50:51.158,413.83949366464,101
2024-09-19 09:50:51.189,413.8316743807961,102
2024-09-19 09:50:51.290,413.7883305764832,5
2024-09-19 09:50:51.341,413.7577770506799,1001
2024-09-19 09:50:51.379,413.75993136428673,13
2024-09-19 09:50:51.380,413.80076085479607,100
2024-09-19 09:50:51.393,413.8487481647284,9
2024-09-19 09:50:51.435,413.7799285476266,104
2024-09-19 09:50:51.512,413.83574038190335,95
2024-09-19 09:50:51.535,413.7860137155332,998
2024-09-19 09:50:51.618,413.80102399050486,98
2024-09-19 09:50:51.690,413.7447636217534,102
2024-09-19 09:50:51.749,413.7627048137112,1002
2024-09-19 09:50:51.798,413.7597254432109,14
2024-09-19 09:50:51.823,413.85499471089815,14
2024-09-19 09:50:51.967,413.8138327397899,12
2024-09-19 09:50:51.981,413.8701624929863,996
2024-09-19 09:50:51.991,413.79094882060224,99
2024-09-19 09:50:52.013,413.82829857018703,96
2024-09-19 09:50:52.056,413.8489093983919,15
2024-09-19 09:50:52.209,413.8297064802617,998
2024-09-19 09:50:52.210,413.8386552849017,105
2024-09-19 09:50:52.316,413.8372052654833,7
2024-09-19 09:50:52.359,413.8741319096847,103
2024-09-19 09:50:52.410,413.8407583272168,995
2024-09-19 09:50:52.446,413.8708420455009,1005
2024-09-19 09:50:52.458,413.8419296485845,7
2024-09-19 09:50:52.462,413.8713124965351,95
2024-09-19 09:50:52.466,413.8417584033252,1004
2024-09-19 09:50:52.572,413.8382581601823,11
2024-09-19 09:50:52.611,413.84759034250015,96
2024-09-19 09:50:52.622,413.8352504445617,1003
2024-09-19 09:50:52.634,413.8143514043509,1001
2024-09-19 09:50:52.727,413.85127271734615,8
2024-09-19 09:50:52.861,413.8334530807807,12
2024-09-19 09:50:52.905,413.83347084694833,997
2024-09-19 09:50:52.918,413.87111774250326,8
2024-09-19 09:50:52.918,413.8717793887888,1003
2024-09-19 09:50:53.050,413.83687741677807,1000
2024-09-19 09:50:53.060,413.8199576984031,6
2024-09-19 09:50:53.096,413.83329270202734,101
2024-09-19 09:50:53.099,413.8329060615277,11
2024-09-19 09:50:53.234,413.8365876863356,98
2024-09-19 09:50:53.319,413.8178185975023,1004
2024-09-19 09:50:53.361,413.8111345748917,10
2024-09-19 09:50:53.547,413.8244529615824,101
2024-09-19 09:50:53.551,413.8260776998382,98
2024-09-19 09:50:53.566,413.85514186152784,1005
2024-09-19 09:50:53.700,413.85500934059576,101
2024-09-19 09:50:53.708,413.8184632229032,11
2024-09-19 09:50:53.722,413.8292128810346,1005
2024-09-19 09:50:53.761,413.85713755066286,15
2024-09-19 09:50:53.786,413.8190689288045,996
2024-09-19 09:50:53.836,413.8437070791068,98
2024-09-19 09:50:54.017,413.8768368070702,5
2024-09-19 09:50:54.034,413.8661879922876,10
2024-09-19 09:50:54.055,413.8252459803919,98
2024-09-19 09:50:54.066,413.87301012240783,997
2024-09-19 09:50:54.149,413.8285519311775,1004
2024-09-19 09:50:54.219,413.86069261837815,15
2024-09-19 09:50:54.237,413.86668372563145,9
2024-09-19 09:50:54.295,-413.81912586892616,6
2024-09-19 09:50:54.342,413.8436014284344,13
2024-09-19 09:50:54.425,413.8639989685972,10
2024-09-19 09:50:54.433,413.8528213982771,10
2024-09-19 09:50:54.451,413.8685156870961,101
2024-09-19 09:50:54.490,413.8673899611581,101
2024-09-19 09:50:54.500,413.8678335175516,1001
2024-09-19 09:50:54.566,413.8545132984332,13
2024-09-19 09:50:54.570,413.86775327610655,14
2024-09-19 09:50:54.736,413.8684158517374,1005
2024-09-19 09:50:54.934,413.8666525450907,1000
2024-09-19 09:50:54.978,413.8734374764366,1004
2024-09-19 09:50:55.004,413.9232875087076,12
2024-09-19 09:50:55.062,413.9397196261201,1001
2024-09-19 09:50:55.090,413.9260968598303,97
2024-09-19 09:50:55.356,413.9304292307227,15
2024-09-19 09:50:55.422,413.9680166144803,8
2024-09-19 09:50:55.452,413.9095683130293,1001
2024-09-19 09:50:55.522,413.9093184822916,1002
2024-09-19 09:50:55.534,413.95464619597664,1005
2024-09-19 09:50:55.598,413.8774066150908,102
2024-09-19 09:50:55.618,413.9354941730092,105
2024-09-19 09:50:55.671,413.8851568829268,12
2024-09-19 09:50:55.754,413.9381425039061,999
2024-09-19 09:50:55.808,413.94976844925793,11
2024-09-19 09:50:55.847,413.9420557548934,97
2024-09-19 09:50:55.912,413.9795836904193,99
2024-09-19 09:50:55.927,413.96597053928593,1003
2024-09-19 09:50:55.932,413.94468103134034,5
2024-09-19 09:50:55.957,413.9030936691104,11
2024-09-19 09:50:55.966,413.9233867237151,9
2024-09-19 09:50:55.974,413.92304386827664,1003
2024-09-19 09:50:56.500,-413.9245844845878,11
2024-09-19 09:50:56.750,413.9261737012221,1003
2024-09-19 09:50:56.933,413.93635753870655,103
2024-09-19 09:50:57.103,,996
2024-09-19 09:50:57.314,413.9445604851608,14
2024-09-19 09:50:57.321,413.9170169221132,95
2024-09-19 09:50:58.061,413.9681967067663,13
2024-09-19 09:50:58.063,413.94576859871336,96
2024-09-19 09:50:58.103,414.0104149561007,999
2024-09-19 09:50:58.153,414.0221870744723,102
2024-09-19 09:50:58.164,413.98296549438567,1004
2024-09-19 09:50:58.193,414.0330214824154,6
2024-09-19 09:50:58.195,414.0075735676514,103
2024-09-19 09:50:58.216,413.9602126732199,5
2024-09-19 09:50:58.236,413.972770418615,996
2024-09-19 09:50:58.301,414.0152966305819,13
2024-09-19 09:50:58.318,413.9762353767147,11
2024-09-19 09:50:58.365,413.9628232903993,99
2024-09-19 09:50:58.593,413.966736806256,105
2024-09-19 09:50:58.607,413.9736256226667,97
2024-09-19 09:50:58.687,414.03064975094384,1003
2024-09-19 09:50:58.698,414.0065097843881,10
2024-09-19 09:50:58.770,414.00585380202295,10
2024-09-19 09:50:58.792,414.01876061126734,8
2024-09-19 09:50:58.871,414.0001943855056,999
2024-09-19 09:50:58.935,413.9872077949013,6
2024-09-19 09:50:59.029,414.0024995048156,1003
2024-09-19 09:50:59.094,413.9868041464962,15
2024-09-19 09:50:59.142,413.990174037466,12
2024-09-19 09:50:59.156,413.9943155586639,998
2024-09-19 09:50:59.168,413.9466655283145,99
2024-09-19 09:50:59.233,413.99602257863313,96
2024-09-19 09:50:59.245,413.988430630941,998
2024-09-19 09:50:59.252,413.98806500731007,1002
2024-09-19 09:50:59.259,413.9881317161304,996
2024-09-19 09:50:59.302,413.9951604251597,103
2024-09-19 09:50:59.401,413.98552902774856,1002
2024-09-19 09:50:59.459,413.9815207357733,11
2024-09-19 09:50:59.554,413.9755057741832,98
2024-09-19 09:50:59.602,413.9893156627,996
2024-09-19 09:50:59.608,414.0164760752895,104
2024-09-19 09:50:59.616,414.0004200366788,6
2024-09-19 09:50:59.636,413.9474330232628,996
2024-09-19 09:50:59.639,413.9461328237141,6
2024-09-19 09:50:59.729,413.9939699520661,995
2024-09-19 09:50:59.778,413.952091653768,101
2024-09-19 09:50:59.863,414.0087777444446,1002
2024-09-19 09:50:59.954,413.9847640742576,100
