Timestamp,Price,Size
2024-09-17 14:31:00.016,405.5211439259531,995
2024-09-17 14:31:00.039,405.5272344443562,998
2024-09-17 14:31:00.068,405.5373803903682,6
2024-09-17 14:31:00.073,405.517440676268,97
2024-09-17 14:31:00.128,405.5170658315816,96
2024-09-17 14:31:00.204,405.5005534519773,6
2024-09-17 14:31:00.212,405.52182356257146,97
2024-09-17 14:31:00.217,405.5217930508663,1001
2024-09-17 14:31:00.242,405.557803137504,998
2024-09-17 14:31:00.259,405.5384944557796,7
2024-09-17 14:31:00.300,405.5145529565167,1005
2024-09-17 14:31:00.323,405.5262626248856,10
2024-09-17 14:31:00.491,405.5161747150655,996
2024-09-17 14:31:00.500,405.5410468461254,6
2024-09-17 14:31:00.519,405.493873175281,11
2024-09-17 14:31:00.570,405.5528809182455,104
2024-09-17 14:31:00.602,405.5111969805416,1002
2024-09-17 14:31:00.649,405.5480800004364,97
2024-09-17 14:31:00.737,405.5291224918912,15
2024-09-17 14:31:00.755,405.5061315070256,102
2024-09-17 14:31:00.814,405.5080154693808,999
2024-09-17 14:31:00.815,405.5169621275677,999
2024-09-17 14:31:00.848,405.5123546974024,1004
2024-09-17 14:31:00.849,405.5331806592255,15
2024-09-17 14:31:00.891,405.52469271203125,101
2024-09-17 14:31:00.908,405.4981090577039,105
2024-09-17 14:31:00.938,405.4972056422001,999
2024-09-17 14:31:00.967,405.533508010494,100
2024-09-17 14:31:01.044,405.5883059917146,1003
2024-09-17 14:31:01.059,405.5821797237148,15
2024-09-17 14:31:01.103,405.59080026898505,10
2024-09-17 14:31:01.119,405.5969466800468,100
2024-09-17 14:31:01.120,405.60184604953,995
2024-09-17 14:31:01.143,405.5909666921572,95
2024-09-17 14:31:01.244,405.5876527477233,1004
2024-09-17 14:31:01.249,405.61506246981634,100
2024-09-17 14:31:01.331,405.5698928457568,14
2024-09-17 14:31:01.333,405.5837692223417,999
2024-09-17 14:31:01.337,405.5677208798679,1004
2024-09-17 14:31:01.372,405.6360626357882,103
2024-09-17 14:31:01.388,405.5634965304126,104
2024-09-17 14:31:01.503,417.08237068516297,105
2024-09-17 14:31:01.541,405.596414877069,13
2024-09-17 14:31:01.549,405.5636074411245,996
2024-09-17 14:31:01.570,405.6390928830942,5
2024-09-17 14:31:01.596,405.5879939122857,995
2024-09-17 14:31:01.618,405.5690928174611,1001
2024-09-17 14:31:01.687,405.59191415560207,104
2024-09-17 14:31:01.693,405.557584480127,99
2024-09-17 14:31:01.737,405.5992827754389,11
2024-09-17 14:31:01.745,405.586750295212,13
2024-09-17 14:31:01.750,417.1265597951323,12
2024-09-17 14:31:01.757,405.57220123407,100
2024-09-17 14:31:01.803,405.5814522244328,96
2024-09-17 14:31:01.906,405.6052050970122,7
2024-09-17 14:31:01.948,405.557714964388,997
2024-09-17 14:31:01.949,405.572617966092,998
2024-09-17 14:31:01.984,405.5735478272276,1004
2024-09-17 14:31:02.013,405.648463244536,1002
2024-09-17 14:31:02.183,405.6787481240699,1005
2024-09-17 14:31:02.189,405.6444313411731,1004
2024-09-17 14:31:02.195,405.671796958154,7
2024-09-17 14:31:02.216,405.66235444762,101
2024-09-17 14:31:02.266,405.6485182025021,1001
2024-09-17 14:31:02.288,405.6466970993447,96
2024-09-17 14:31:02.291,405.612709144118,15
2024-09-17 14:31:02.306,405.6266562360836,5
2024-09-17 14:31:02.351,405.6259046963571,103
2024-09-17 14:31:02.362,405.67921317065895,1000
2024-09-17 14:31:02.363,405.6380157800208,1000
2024-09-17 14:31:02.446,405.6542414260437,96
2024-09-17 14:31:02.469,405.6473977395411,103
2024-09-17 14:31:02.540,405.6723428303199,11
2024-09-17 14:31:02.548,405.6544969743595,1003
2024-09-17 14:31:02.623,405.6363737350986,100
2024-09-17 14:31:02.640,405.6375142807726,96
2024-09-17 14:31:02.651,405.6331266573421,97
2024-09-17 14:31:02.688,405.6729353378236,997
2024-09-17 14:31:02.704,405.6836637779777,97
2024-09-17 14:31:02.750,405.6690572154014,103
2024-09-17 14:31:02.783,405.6374115620204,8
2024-09-17 14:31:02.807,405.6702773368786,104
2024-09-17 14:31:02.844,405.66931501568007,1005
2024-09-17 14:31:02.854,405.67311538139967,13
2024-09-17 14:31:02.860,405.6424375211705,1002
2024-09-17 14:31:02.897,405.62159876813786,8
2024-09-17 14:31:02.922,405.6540676006011,997
2024-09-17 14:31:02.936,405.6296963312973,95
2024-09-17 14:31:03.221,405.62027324862055,101
2024-09-17 14:31:03.357,405.6106325755836,1005
2024-09-17 14:31:03.462,405.6147926167238,6
2024-09-17 14:31:03.469,405.5768162575221,996
2024-09-17 14:31:03.488,405.6341084117032,996
2024-09-17 14:31:03.537,405.6485157154889,1002
2024-09-17 14:31:03.713,405.6344637513565,95
2024-09-17 14:31:03.765,405.6005197675741,5
2024-09-17 14:31:03.821,405.6223856985116,5
2024-09-17 14:31:03.849,405.5918793656904,1003
2024-09-17 14:31:03.905,405.621085652852,6
2024-09-17 14:31:03.967,405.6190632764188,13
2024-09-17 14:31:04.687,405.58345493895047,101
2024-09-17 14:31:05.036,405.59273244204905,14
2024-09-17 14:31:05.661,405.5899956744781,13
2024-09-17 14:31:06.000,405.6418695218798,95
2024-09-17 14:31:06.153,405.6269025778879,999
2024-09-17 14:31:06.163,405.6023428069166,1005
2024-09-17 14:31:06.163,405.62522509442783,5
2024-09-17 14:31:06.352,405.6428388973387,995
2024-09-17 14:31:06.375,405.6192883300324,102
2024-09-17 14:31:06.440,405.64937243299374,14
2024-09-17 14:31:06.522,405.6059805467688,98
2024-09-17 14:31:06.631,405.6403385163916,95
2024-09-17 14:31:06.647,405.5860506549841,104
2024-09-17 14:31:06.680,405.6310357361662,104
2024-09-17 14:31:06.924,417.160638062194,1005
2024-09-17 14:31:06.991,405.6144956667957,103
2024-09-17 14:31:07.115,405.6434330372468,1003
2024-09-17 14:31:07.167,405.65136579637885,15
2024-09-17 14:31:07.261,405.6015884979164,996
2024-09-17 14:31:07.426,405.6137564648473,1004
2024-09-17 14:31:07.479,405.6558692825327,1003
2024-09-17 14:31:07.620,405.6522333806189,7
2024-09-17 14:31:07.740,405.6351425686936,6
2024-09-17 14:31:07.844,405.6330889505476,10
2024-09-17 14:31:08.021,405.61542835319887,96
2024-09-17 14:31:08.060,405.59050414038734,996
2024-09-17 14:31:08.117,405.6134717169592,1003
2024-09-17 14:31:08.231,405.63474075554655,998
2024-09-17 14:31:08.301,405.6246127221796,104
2024-09-17 14:31:08.304,405.6395704349285,97
2024-09-17 14:31:08.341,405.6006069625742,11
2024-09-17 14:31:08.512,405.5886077424039,105
2024-09-17 14:31:08.530,405.6504111019301,999
2024-09-17 14:31:08.543,405.5941400874714,102
2024-09-17 14:31:08.578,405.5942466507976,96
2024-09-17 14:31:08.620,405.64165230278735,1001
2024-09-17 14:31:08.622,-405.6390494575765,995
2024-09-17 14:31:08.701,405.639912043128,1005
2024-09-17 14:31:08.713,405.6272207987066,995
2024-09-17 14:31:08.843,405.5904943681107,6
2024-09-17 14:31:08.891,405.624416138699,1004
2024-09-17 14:31:08.895,405.6632840923112,97
2024-09-17 14:31:08.906,405.6275771193982,1003
2024-09-17 14:31:08.949,405.591532345314,14
2024-09-17 14:31:08.958,405.64118031351614,103
2024-09-17 14:31:09.102,405.580525395171,101
2024-09-17 14:31:09.147,405.5762152854784,103
2024-09-17 14:31:09.232,405.5944286501645,103
2024-09-17 14:31:09.279,405.568480797706,999
2024-09-17 14:31:09.292,405.5553842364258,995
2024-09-17 14:31:09.293,405.5927812460766,104
2024-09-17 14:31:09.317,405.5684727933571,996
2024-09-17 14:31:09.434,405.5550268399234,1002
2024-09-17 14:31:09.496,405.603017343495,13
2024-09-17 14:31:09.507,-405.5816115970705,11
2024-09-17 14:31:09.510,405.597276955508,998
2024-09-17 14:31:09.629,405.5801521752661,101
2024-09-17 14:31:09.677,405.5975655341124,997
2024-09-17 14:31:09.789,405.59043991202674,998
2024-09-17 14:31:09.790,405.5739374691343,104
2024-09-17 14:31:09.799,405.5698390786586,99
2024-09-17 14:31:09.841,405.58327461844505,995
2024-09-17 14:31:09.930,405.5676394759123,105
2024-09-17 14:31:10.148,405.6215209805712,105
2024-09-17 14:31:10.153,405.65127988200817,13
2024-09-17 14:31:10.203,405.603659620751,100
2024-09-17 14:31:10.212,405.61642111828087,99
2024-09-17 14:31:10.369,405.5865962446719,105
2024-09-17 14:31:10.395,405.60636026316354,996
2024-09-17 14:31:10.411,405.6320882367636,5
2024-09-17 14:31:10.457,405.61976336202383,1004
2024-09-17 14:31:10.471,405.61605469652926,6
2024-09-17 14:31:10.474,,1005
2024-09-17 14:31:10.485,405.5925388440423,98
2024-09-17 14:31:10.714,405.6133606560783,995
2024-09-17 14:31:10.856,405.611371889545,1000
2024-09-17 14:31:10.865,405.6117563328781,9
2024-09-17 14:31:10.885,405.636376835923,998
2024-09-17 14:31:10.912,405.6077119439949,96
2024-09-17 14:31:10.981,405.61225078421074,1004
2024-09-17 14:31:11.085,405.6129932743147,15
2024-09-17 14:31:11.221,405.614965003126,99
2024-09-17 14:31:11.757,405.6376024018484,100
2024-09-17 14:31:11.886,405.6160977666815,995
2024-09-17 14:31:12.055,405.6335470954381,9
2024-09-17 14:31:12.265,405.6298846603732,998
2024-09-17 14:31:12.280,405.6425681675103,12
2024-09-17 14:31:12.293,405.6284923771916,1000
2024-09-17 14:31:12.350,405.6290942253413,1005
2024-09-17 14:31:12.551,405.6331253950961,7
2024-09-17 14:31:12.558,405.63787034198873,1001
2024-09-17 14:31:12.646,405.6657068995395,13
2024-09-17 14:31:12.837,405.6275469363942,1002
2024-09-17 14:31:13.136,405.6332299833522,7
2024-09-17 14:31:13.171,405.6342796036883,1000
2024-09-17 14:31:13.262,405.6273842007698,8
2024-09-17 14:31:13.265,405.6313858984757,7
2024-09-17 14:31:13.299,405.645558918379,13
2024-09-17 14:31:13.304,405.63386021676325,101
2024-09-17 14:31:13.629,405.65265801635553,15
2024-09-17 14:31:13.644,405.6405388206574,996
2024-09-17 14:31:13.739,405.6435775592189,1005
2024-09-17 14:31:13.791,405.62822798257184,95
2024-09-17 14:31:13.798,405.6223041065434,995
2024-09-17 14:31:13.910,405.6310000739932,11
2024-09-17 14:31:13.955,405.6243602078002,998
2024-09-17 14:31:14.180,405.5858028128542,14
2024-09-17 14:31:14.187,405.61955639398553,995
2024-09-17 14:31:14.211,405.64151564810913,10
2024-09-17 14:31:14.278,405.5934233564198,102
2024-09-17 14:31:14.279,405.65138245662456,14
2024-09-17 14:31:14.325,405.59869379175154,11
2024-09-17 14:31:14.335,405.64250994781816,100
2024-09-17 14:31:14.423,405.56806545817074,11
2024-09-17 14:31:14.431,405.6033194099927,7
2024-09-17 14:31:14.458,405.5820176626919,96
2024-09-17 14:31:14.477,405.6037039330035,999
2024-09-17 14:31:14.514,405.5891651685856,10
2024-09-17 14:31:14.552,405.61385999807976,995
2024-09-17 14:31:14.578,405.5967334877128,102
2024-09-17 14:31:14.656,405.6060584369736,9
2024-09-17 14:31:14.738,405.58613235516776,101
2024-09-17 14:31:14.742,405.6510149815142,103
2024-09-17 14:31:14.847,405.5844934457773,998
2024-09-17 14:31:14.955,405.64747875389486,1004
2024-09-17 14:31:14.956,405.6190096877942,100
2024-09-17 14:31:15.012,405.64774524563353,95
2024-09-17 14:31:15.062,405.5651888527965,6
2024-09-17 14:31:15.084,405.583262041309,998
2024-09-17 14:31:15.092,405.5683331522299,1000
2024-09-17 14:31:15.102,405.62399808682846,1004
2024-09-17 14:31:15.107,405.6300289911957,97
2024-09-17 14:31:15.259,405.6240949746637,996
2024-09-17 14:31:15.372,405.5934575020955,97
2024-09-17 14:31:15.678,405.5653137710581,998
2024-09-17 14:31:15.729,405.6481518757181,1001
2024-09-17 14:31:15.768,405.60201117642384,9
2024-09-17 14:31:15.809,,96
2024-09-17 14:31:15.835,405.6107705920372,98
2024-09-17 14:31:15.881,405.55640547376544,11
2024-09-17 14:31:15.913,405.5726352250006,105
2024-09-17 14:31:15.958,405.5854201671801,97
2024-09-17 14:31:16.101,-405.64503372569294,996
2024-09-17 14:31:16.653,405.6496812566309,998
2024-09-17 14:31:17.259,405.64996454227656,13
2024-09-17 14:31:17.768,405.6323260487883,6
2024-09-17 14:31:17.817,405.63029029626114,999
2024-09-17 14:31:17.852,405.6484792763204,15
2024-09-17 14:31:17.977,405.6344659778471,10
2024-09-17 14:31:17.990,405.6271197836301,998
2024-09-17 14:31:18.014,405.6397164150266,1002
2024-09-17 14:31:18.210,405.6302613440767,100
2024-09-17 14:31:18.312,405.6555673081685,15
2024-09-17 14:31:18.654,405.6201790687807,1000
2024-09-17 14:31:18.726,405.6269126586355,101
2024-09-17 14:31:18.737,405.6574114672909,100
2024-09-17 14:31:18.900,405.6334967083603,1004
2024-09-17 14:31:18.924,405.65449772768807,11
2024-09-17 14:31:19.355,405.6373798750612,5
2024-09-17 14:31:19.451,405.67513972458033,1005
2024-09-17 14:31:19.722,405.6635640462031,12
2024-09-17 14:31:19.790,405.6505853860864,1005
2024-09-17 14:31:20.010,405.6634102008466,1001
2024-09-17 14:31:20.599,405.6891088048815,105
2024-09-17 14:31:20.711,405.6823009064093,998
2024-09-17 14:31:21.077,405.65634456453495,99
2024-09-17 14:31:21.613,405.6722503913177,10
2024-09-17 14:31:22.034,-405.61741878032575,1004
2024-09-17 14:31:22.050,417.0346707533787,1003
2024-09-17 14:31:22.081,405.6570941128832,13
2024-09-17 14:31:22.112,405.64673791737226,1003
2024-09-17 14:31:22.145,405.6356455870194,102
2024-09-17 14:31:22.213,405.6464993138509,6
2024-09-17 14:31:22.260,405.6285895633473,14
2024-09-17 14:31:22.261,405.6362325713072,1003
2024-09-17 14:31:22.285,405.6413923504277,98
2024-09-17 14:31:22.340,405.63075285332064,12
2024-09-17 14:31:22.386,405.6435658216657,98
2024-09-17 14:31:22.449,405.6615728843213,104
2024-09-17 14:31:22.503,405.65429379418606,10
2024-09-17 14:31:22.529,40.5641938240209,9
2024-09-17 14:31:22.576,405.6223798496939,104
2024-09-17 14:31:22.631,405.6089186393247,998
2024-09-17 14:31:22.640,405.6455123149584,10
2024-09-17 14:31:22.645,405.65973993301407,97
2024-09-17 14:31:22.650,405.6309086051944,97
2024-09-17 14:31:22.664,405.63145834120223,6
2024-09-17 14:31:22.677,417.0553827462397,12
2024-09-17 14:31:22.690,405.6616231677661,1002
2024-09-17 14:31:22.770,405.6501872214762,12
2024-09-17 14:31:22.774,417.0216085081597,104
2024-09-17 14:31:22.783,405.66703990523246,999
2024-09-17 14:31:22.875,405.6359040722919,1003
2024-09-17 14:31:22.928,405.6466101456632,103
2024-09-17 14:31:22.992,405.6372564684689,998
2024-09-17 14:31:23.099,405.6601199753271,999
2024-09-17 14:31:23.103,405.6479264131257,8
2024-09-17 14:31:23.146,405.6685412745683,12
2024-09-17 14:31:23.203,405.6943022336734,996
2024-09-17 14:31:23.420,405.7036892290953,13
2024-09-17 14:31:23.490,405.6902887967672,99
2024-09-17 14:31:23.494,405.6968591126713,101
2024-09-17 14:31:23.585,40.56989582465228,99
2024-09-17 14:31:23.640,405.64779587637264,12
2024-09-17 14:31:23.666,405.6927408180792,7
2024-09-17 14:31:23.970,405.6763981708255,101
2024-09-17 14:31:24.266,405.6758122794441,8
2024-09-17 14:31:24.352,405.6978777105837,103
2024-09-17 14:31:24.466,405.69323682923306,12
2024-09-17 14:31:24.540,405.6935779389454,6
2024-09-17 14:31:24.768,405.68833726310544,96
2024-09-17 14:31:24.851,-405.6665166825194,5
2024-09-17 14:31:24.879,405.6948050276024,1000
2024-09-17 14:31:24.991,405.6993540936653,1001
2024-09-17 14:31:25.026,405.5881411205248,1000
2024-09-17 14:31:25.054,405.6039198381433,1004
2024-09-17 14:31:25.076,405.62175157864783,6
2024-09-17 14:31:25.085,405.6151690676356,1005
2024-09-17 14:31:25.143,405.6196899499559,95
2024-09-17 14:31:25.213,405.6197127947464,101
2024-09-17 14:31:25.306,405.63357161563374,999
2024-09-17 14:31:25.319,405.64744653407473,14
2024-09-17 14:31:25.321,405.63744611478427,98
2024-09-17 14:31:25.343,405.6599995939486,10
2024-09-17 14:31:25.425,417.0342916704908,103
2024-09-17 14:31:25.437,405.6037748464754,102
2024-09-17 14:31:25.463,405.6354065044912,14
2024-09-17 14:31:25.487,405.62255699326727,14
2024-09-17 14:31:25.503,405.6339682869174,7
2024-09-17 14:31:25.505,405.6858101437622,995
2024-09-17 14:31:25.555,405.6411402645768,14
2024-09-17 14:31:25.564,405.6332883673536,996
2024-09-17 14:31:25.616,405.64243327016055,1001
2024-09-17 14:31:25.683,405.6339829235437,101
2024-09-17 14:31:25.683,405.6898873243107,1001
2024-09-17 14:31:25.714,405.6580104788818,7
2024-09-17 14:31:25.721,405.62518670022905,14
2024-09-17 14:31:25.738,405.6163337470035,1001
2024-09-17 14:31:25.819,405.62677060001175,9
2024-09-17 14:31:25.844,405.66865787784417,102
2024-09-17 14:31:25.912,405.64104982582535,1000
2024-09-17 14:31:25.921,405.6463306897582,96
2024-09-17 14:31:25.945,405.6787500807823,102
2024-09-17 14:31:25.990,405.61593161332064,14
2024-09-17 14:31:26.004,405.7242487386288,13
2024-09-17 14:31:26.006,405.715028097898,96
2024-09-17 14:31:26.214,405.6141127469853,96
2024-09-17 14:31:26.300,405.69941490997377,11
2024-09-17 14:31:26.308,405.64476280233487,13
2024-09-17 14:31:26.312,405.741738665177,1004
2024-09-17 14:31:26.389,405.6425266461128,100
2024-09-17 14:31:26.405,405.7008416576893,1002
2024-09-17 14:31:26.410,405.6679432397812,998
2024-09-17 14:31:26.430,405.620190703566,995
2024-09-17 14:31:26.481,405.6565507340785,1005
2024-09-17 14:31:26.504,405.632382682193,105
2024-09-17 14:31:26.509,405.741418539195,101
2024-09-17 14:31:26.527,405.70218026819447,105
2024-09-17 14:31:26.628,405.6542393451048,15
2024-09-17 14:31:26.751,405.6873507079658,103
2024-09-17 14:31:26.751,405.7214857232969,5
2024-09-17 14:31:26.768,405.6554475217514,1001
2024-09-17 14:31:26.774,405.7320310756009,1000
2024-09-17 14:31:26.837,405.6499745679861,102
2024-09-17 14:31:26.873,405.65153017696457,102
2024-09-17 14:31:26.945,405.63403802579046,98
2024-09-17 14:31:27.008,-405.6435136154458,103
2024-09-17 14:31:27.154,405.723889366393,13
2024-09-17 14:31:27.184,405.6262620233365,13
2024-09-17 14:31:27.205,405.66403577306704,12
2024-09-17 14:31:27.242,405.65563361901945,15
2024-09-17 14:31:27.254,405.6768969912449,996
2024-09-17 14:31:27.262,40.56773574067735,101
2024-09-17 14:31:27.298,405.6858993752366,11
2024-09-17 14:31:27.418,405.7248460097316,95
2024-09-17 14:31:27.449,405.7383934512224,1001
2024-09-17 14:31:27.449,405.7056667377092,99
2024-09-17 14:31:27.512,405.73866754900325,102
2024-09-17 14:31:27.527,405.6739149833437,997
2024-09-17 14:31:27.541,405.6391915203761,1005
2024-09-17 14:31:27.570,405.6488474330013,997
2024-09-17 14:31:27.589,405.69449508796777,995
2024-09-17 14:31:27.611,405.66868559976825,7
2024-09-17 14:31:27.615,405.6678621812116,1004
2024-09-17 14:31:27.701,405.7272379283917,1000
2024-09-17 14:31:27.752,405.7309600344585,104
2024-09-17 14:31:27.787,405.6691372093388,8
2024-09-17 14:31:27.791,405.6767001278544,998
2024-09-17 14:31:27.817,405.6724465265801,14
2024-09-17 14:31:27.859,405.6701273284879,1001
2024-09-17 14:31:27.865,405.6849337295692,99
2024-09-17 14:31:27.877,405.6798192496266,104
2024-09-17 14:31:27.936,405.69198335359465,995
2024-09-17 14:31:28.271,405.6419209379463,11
2024-09-17 14:31:28.353,405.6491333081706,5
2024-09-17 14:31:28.491,405.66784586551086,995
2024-09-17 14:31:28.530,405.65462950738186,96
2024-09-17 14:31:28.581,405.6661283180477,13
2024-09-17 14:31:28.618,405.63860729235387,1000
2024-09-17 14:31:29.070,405.6584153716848,996
2024-09-17 14:31:29.081,405.6999521168854,1002
2024-09-17 14:31:29.097,405.7048072287352,999
2024-09-17 14:31:29.150,405.6619297056865,102
2024-09-17 14:31:29.176,405.6815032779404,95
2024-09-17 14:31:29.178,405.678749009874,95
2024-09-17 14:31:29.208,405.7082390140704,95
2024-09-17 14:31:29.261,405.692934444297,14
2024-09-17 14:31:29.302,405.6719125332415,998
2024-09-17 14:31:29.329,405.6813356830494,99
2024-09-17 14:31:29.333,405.6889190563032,97
2024-09-17 14:31:29.335,405.6962725696984,13
2024-09-17 14:31:29.343,405.6886436020405,103
2024-09-17 14:31:29.375,405.6313179822736,105
2024-09-17 14:31:29.398,405.65325075870646,96
2024-09-17 14:31:29.403,405.6502245280128,96
2024-09-17 14:31:29.406,405.69159109014976,14
2024-09-17 14:31:29.484,405.6715943304234,97
2024-09-17 14:31:29.530,405.6720322660197,5
2024-09-17 14:31:29.551,405.6970069377492,1000
2024-09-17 14:31:29.587,405.6453680218798,1003
2024-09-17 14:31:29.594,405.6930209462734,15
2024-09-17 14:31:29.608,405.6498063044453,15
2024-09-17 14:31:29.675,405.6921045451298,13
2024-09-17 14:31:29.716,405.701281939542,97
2024-09-17 14:31:29.773,405.63608382609726,996
2024-09-17 14:31:29.962,405.65246710724057,10
2024-09-17 14:31:29.976,405.6772480991533,9
2024-09-17 14:31:29.981,405.6679564485701,1002
2024-09-17 14:31:30.119,405.7494681054272,96
2024-09-17 14:31:30.128,405.68081032587895,98
2024-09-17 14:31:30.245,405.7591063964718,15
2024-09-17 14:31:30.283,405.8673210767114,7
2024-09-17 14:31:30.286,405.8060240107818,96
2024-09-17 14:31:30.307,405.81166574979807,99
2024-09-17 14:31:30.341,405.7187665312008,1005
2024-09-17 14:31:30.382,405.7612806970972,7
2024-09-17 14:31:30.405,405.846676743206,1002
2024-09-17 14:31:30.419,405.74907346543057,100
2024-09-17 14:31:30.495,405.8332376866713,12
2024-09-17 14:31:30.559,405.697635436554,9
2024-09-17 14:31:30.562,405.71141327816366,95
2024-09-17 14:31:30.564,405.6978661101419,1002
2024-09-17 14:31:30.642,405.7088594444151,5
2024-09-17 14:31:30.650,405.7854400253567,995
2024-09-17 14:31:30.710,405.8702555402671,6
2024-09-17 14:31:30.788,405.70589692317617,1001
2024-09-17 14:31:30.788,-405.8629619213349,1005
2024-09-17 14:31:30.791,405.7410591927873,97
2024-09-17 14:31:30.796,405.6916399756561,15
2024-09-17 14:31:30.845,405.75287044070416,6
2024-09-17 14:31:30.873,405.8760068446814,997
2024-09-17 14:31:30.905,405.8602429681762,10
2024-09-17 14:31:30.910,405.7575105745009,1005
2024-09-17 14:31:30.920,405.8604320507067,996
2024-09-17 14:31:30.922,405.8338715138924,103
2024-09-17 14:31:30.943,405.7616506426611,13
2024-09-17 14:31:31.088,405.9005390278703,14
2024-09-17 14:31:31.088,405.8676573315075,101
2024-09-17 14:31:31.135,405.89406419076937,97
2024-09-17 14:31:31.287,405.888875107992,99
2024-09-17 14:31:31.383,405.8570841462976,11
2024-09-17 14:31:31.448,405.8630585450193,996
2024-09-17 14:31:31.518,405.8509970115271,102
2024-09-17 14:31:32.038,405.8308780189608,14
2024-09-17 14:31:32.146,405.8710071447696,1004
2024-09-17 14:31:32.297,,1000
2024-09-17 14:31:32.711,405.84938104299664,997
2024-09-17 14:31:32.835,405.8826604635862,15
2024-09-17 14:31:32.858,405.8658949726329,13
2024-09-17 14:31:32.893,405.8210857135361,1004
2024-09-17 14:31:32.893,405.8538685395922,10
2024-09-17 14:31:32.947,405.8597733018928,104
2024-09-17 14:31:34.013,405.804076885686,6
2024-09-17 14:31:34.071,405.7558922063146,15
2024-09-17 14:31:34.089,405.7772166749398,8
2024-09-17 14:31:34.124,405.7866784270201,8
2024-09-17 14:31:34.152,405.7709879763141,97
2024-09-17 14:31:34.189,405.8046948040236,999
2024-09-17 14:31:34.245,405.7598344293673,1002
2024-09-17 14:31:34.296,405.7928405877065,15
2024-09-17 14:31:34.297,405.8535378918271,1002
2024-09-17 14:31:34.316,405.8508864854903,6
2024-09-17 14:31:34.319,405.7711478911989,1001
2024-09-17 14:31:34.338,405.7534615237186,1001
2024-09-17 14:31:34.376,405.7851004938592,14
2024-09-17 14:31:34.547,405.78216276121424,997
2024-09-17 14:31:34.552,405.7618863289768,1000
2024-09-17 14:31:34.580,405.80432836463297,998
2024-09-17 14:31:34.669,405.789529302536,101
2024-09-17 14:31:34.671,405.8324204307058,1002
2024-09-17 14:31:34.678,405.8427710771832,1000
2024-09-17 14:31:34.678,405.8100315942559,101
2024-09-17 14:31:34.845,405.8010809145909,96
2024-09-17 14:31:34.860,405.76106453803015,15
2024-09-17 14:31:34.884,405.8455288184138,99
2024-09-17 14:31:34.940,405.8540712703448,104
2024-09-17 14:31:34.950,405.7736102394383,95
2024-09-17 14:31:35.066,405.7583847926503,996
2024-09-17 14:31:35.165,405.755653374336,14
2024-09-17 14:31:35.169,405.7459588416172,995
2024-09-17 14:31:35.208,405.7519672153656,9
2024-09-17 14:31:35.219,405.7559606273532,5
2024-09-17 14:31:35.243,405.7686359867641,998
2024-09-17 14:31:35.265,405.770022971699,11
2024-09-17 14:31:35.357,405.7749085454706,97
2024-09-17 14:31:35.422,405.74416253552414,12
2024-09-17 14:31:35.439,405.7616744305018,11
2024-09-17 14:31:35.484,405.73863401782575,100
2024-09-17 14:31:35.586,405.7633332722219,102
2024-09-17 14:31:35.610,405.7606992822226,10
2024-09-17 14:31:35.611,405.7560104667975,102
2024-09-17 14:31:35.715,405.7463918315184,10
2024-09-17 14:31:35.722,405.7640882368106,995
2024-09-17 14:31:35.723,405.774432185962,100
2024-09-17 14:31:35.925,405.7663991347585,1002
2024-09-17 14:31:35.978,405.7597386593906,103
2024-09-17 14:31:36.106,405.69501251972537,12
2024-09-17 14:31:36.274,405.69417078903297,96
2024-09-17 14:31:36.309,405.6952650382469,998
2024-09-17 14:31:36.311,405.6941674036252,1004
2024-09-17 14:31:36.329,405.72548734957815,995
2024-09-17 14:31:36.344,-405.69003781013777,12
2024-09-17 14:31:36.382,405.6955993554792,98
2024-09-17 14:31:36.402,405.7235365260414,998
2024-09-17 14:31:36.417,405.7062071386284,1000
2024-09-17 14:31:36.468,405.7162347615054,99
2024-09-17 14:31:36.526,405.73357003946086,14
2024-09-17 14:31:36.533,405.7357111628094,1002
2024-09-17 14:31:36.534,405.7465689070877,6
2024-09-17 14:31:36.584,405.7256955537516,95
2024-09-17 14:31:36.594,405.7536089659288,6
2024-09-17 14:31:36.615,405.7399209089551,104
2024-09-17 14:31:36.659,405.68602772043215,10
2024-09-17 14:31:36.665,405.7431905563862,100
2024-09-17 14:31:36.719,405.73295307381983,6
2024-09-17 14:31:36.728,405.7438288606562,10
2024-09-17 14:31:36.768,405.73591980676633,10
2024-09-17 14:31:36.819,405.7051606913914,996
2024-09-17 14:31:36.854,405.6862388218838,8
2024-09-17 14:31:36.861,417.0062807789225,97
2024-09-17 14:31:36.888,405.71071124770015,10
2024-09-17 14:31:36.946,405.6987390098509,999
2024-09-17 14:31:36.969,405.73165722519406,95
2024-09-17 14:31:36.974,405.6904444008048,15
2024-09-17 14:31:37.031,405.7958027573911,12
2024-09-17 14:31:37.048,405.8039199603089,100
2024-09-17 14:31:37.075,405.81434122729314,1000
2024-09-17 14:31:37.080,405.7608542970115,14
2024-09-17 14:31:37.223,405.76503883082967,96
2024-09-17 14:31:37.249,405.7873850598701,14
2024-09-17 14:31:37.348,405.81294497916974,1004
2024-09-17 14:31:37.361,405.7488687261746,11
2024-09-17 14:31:37.366,405.74759782942976,6
2024-09-17 14:31:37.370,405.7704061871127,1003
2024-09-17 14:31:37.413,405.8032825919286,95
2024-09-17 14:31:37.443,405.7895562201981,1003
2024-09-17 14:31:37.459,405.81075311541167,99
2024-09-17 14:31:37.468,405.809488366354,9
2024-09-17 14:31:37.513,405.786304128328,1004
2024-09-17 14:31:37.522,405.7726946646341,103
2024-09-17 14:31:37.583,405.819056447721,10
2024-09-17 14:31:37.612,405.7822529135324,15
2024-09-17 14:31:37.631,405.8166891075521,6
2024-09-17 14:31:37.639,,12
2024-09-17 14:31:37.642,405.8003393516005,96
2024-09-17 14:31:37.698,405.7426747281411,8
2024-09-17 14:31:37.730,405.75248746588346,101
2024-09-17 14:31:37.783,405.8062807416376,1005
2024-09-17 14:31:37.822,405.7535928466911,9
2024-09-17 14:31:37.881,405.7953724643709,996
2024-09-17 14:31:37.911,405.76108390567447,98
2024-09-17 14:31:37.936,405.7953318911498,7
2024-09-17 14:31:38.012,405.70476901785287,98
2024-09-17 14:31:38.161,405.721566691508,96
2024-09-17 14:31:38.164,405.6867764898297,1002
2024-09-17 14:31:38.204,405.71601806572494,7
2024-09-17 14:31:38.251,405.700458105576,9
2024-09-17 14:31:38.282,405.7066679542656,1005
2024-09-17 14:31:38.400,405.7048008277767,15
2024-09-17 14:31:38.579,405.686843892952,102
2024-09-17 14:31:38.660,-405.7173287946025,1002
2024-09-17 14:31:38.709,405.7044887975643,999
2024-09-17 14:31:38.745,405.7187609459834,96
2024-09-17 14:31:38.746,405.7046573902253,995
2024-09-17 14:31:38.746,417.01609415279023,1005
2024-09-17 14:31:38.788,405.7141545500224,1000
2024-09-17 14:31:38.826,405.71211726058107,998
2024-09-17 14:31:38.865,405.7207741231232,10
2024-09-17 14:31:38.877,405.6999844915794,102
2024-09-17 14:31:38.879,405.70018125773856,1002
2024-09-17 14:31:38.895,405.70207089222544,96
2024-09-17 14:31:38.901,405.7163615435951,1000
2024-09-17 14:31:38.915,405.7006174888081,1001
2024-09-17 14:31:39.066,405.6415752390892,96
2024-09-17 14:31:39.070,405.636603871321,7
2024-09-17 14:31:39.139,405.618909207079,8
2024-09-17 14:31:39.149,405.6574232232693,1005
2024-09-17 14:31:39.212,405.7022718829656,95
2024-09-17 14:31:39.234,405.7053984451461,105
2024-09-17 14:31:39.322,405.62745853490526,105
2024-09-17 14:31:39.534,405.6335370232577,97
2024-09-17 14:31:39.557,,100
2024-09-17 14:31:39.605,405.6346144258417,8
2024-09-17 14:31:39.610,405.6909866274693,10
2024-09-17 14:31:39.610,405.62777793720176,1002
2024-09-17 14:31:39.635,405.6215270593369,12
2024-09-17 14:31:39.734,405.6517945845542,96
2024-09-17 14:31:39.759,405.68310572087074,998
2024-09-17 14:31:39.808,405.6243555955724,101
2024-09-17 14:31:39.820,405.62643516950567,5
2024-09-17 14:31:39.823,405.6013158053278,997
2024-09-17 14:31:39.944,405.6673566374157,98
2024-09-17 14:31:41.098,405.66753720228826,999
2024-09-17 14:31:41.181,405.6289197239781,104
2024-09-17 14:31:41.235,405.63880113071946,7
2024-09-17 14:31:41.308,405.64389398722767,104
2024-09-17 14:31:41.309,405.6586078650069,13
2024-09-17 14:31:41.341,405.6571504098371,8
2024-09-17 14:31:41.484,405.6411339750924,998
2024-09-17 14:31:41.581,405.66494263340655,14
2024-09-17 14:31:41.632,405.6606512446317,101
2024-09-17 14:31:41.663,405.63455339931255,9
2024-09-17 14:31:41.667,405.6645258426301,998
2024-09-17 14:31:41.849,405.62822860744274,995
2024-09-17 14:31:41.874,405.6707462696993,103
2024-09-17 14:31:41.904,405.6806169707269,998
2024-09-17 14:31:41.906,405.6663951589999,15
2024-09-17 14:31:41.932,405.6418905493898,1000
2024-09-17 14:31:42.957,405.67735815182624,8
2024-09-17 14:31:43.067,405.6783136385745,101
2024-09-17 14:31:43.240,405.7011462460392,7
2024-09-17 14:31:43.245,405.685667646412,996
2024-09-17 14:31:43.335,405.6904388424235,997
2024-09-17 14:31:43.396,405.6841911749688,13
2024-09-17 14:31:43.485,405.7115605143848,97
2024-09-17 14:31:43.726,405.7174165709592,104
2024-09-17 14:31:43.813,405.6930027093652,96
2024-09-17 14:31:43.880,405.70435206079895,997
2024-09-17 14:31:43.927,405.6970751527321,95
2024-09-17 14:31:43.939,405.6857544808156,14
2024-09-17 14:31:44.003,405.7051414221392,12
2024-09-17 14:31:44.020,405.7435971491308,12
2024-09-17 14:31:44.030,405.77875003702536,11
2024-09-17 14:31:44.258,405.7549933676996,98
2024-09-17 14:31:44.278,405.7604154817605,7
2024-09-17 14:31:44.282,405.7455586294106,97
2024-09-17 14:31:44.289,405.7819451419821,14
2024-09-17 14:31:44.320,405.7735915826522,105
2024-09-17 14:31:44.379,405.7206697972853,98
2024-09-17 14:31:44.410,405.7091637721813,103
2024-09-17 14:31:44.419,405.7639355110667,999
2024-09-17 14:31:44.431,405.72818145502913,103
2024-09-17 14:31:44.538,405.7570059715722,95
2024-09-17 14:31:44.608,405.7671257276769,8
2024-09-17 14:31:44.644,405.7546284003309,996
2024-09-17 14:31:44.665,405.7353003060836,95
2024-09-17 14:31:44.756,405.7675241063368,96
2024-09-17 14:31:44.772,405.7154946349687,102
2024-09-17 14:31:44.875,405.7417859270447,997
2024-09-17 14:31:44.884,405.7600845519199,1004
2024-09-17 14:31:44.929,405.7383906277223,10
2024-09-17 14:31:44.961,405.7246580728348,6
2024-09-17 14:31:45.067,405.8129951996007,997
2024-09-17 14:31:45.079,405.7994783678481,14
2024-09-17 14:31:45.229,405.7825620777986,99
2024-09-17 14:31:45.403,405.8115053880894,96
2024-09-17 14:31:45.429,405.78152749467847,96
2024-09-17 14:31:45.499,405.8086976624808,99
2024-09-17 14:31:45.634,405.8159783076391,100
2024-09-17 14:31:45.713,405.7922997505193,5
2024-09-17 14:31:45.813,405.79600439541673,1005
2024-09-17 14:31:45.848,405.7878892215631,102
2024-09-17 14:31:45.943,405.8022058596079,1002
2024-09-17 14:31:45.970,405.8007520551495,5
2024-09-17 14:31:46.022,405.8075047763732,11
2024-09-17 14:31:46.153,405.814660831208,12
2024-09-17 14:31:46.154,405.824041297624,1003
2024-09-17 14:31:46.178,405.8085069066356,9
2024-09-17 14:31:46.193,405.7959885238811,11
2024-09-17 14:31:46.344,405.79722877454606,99
2024-09-17 14:31:46.386,405.794894869977,1002
2024-09-17 14:31:46.674,405.811480024337,99
2024-09-17 14:31:46.818,405.79838494705456,1002
2024-09-17 14:31:46.834,405.80036392716073,6
2024-09-17 14:31:46.892,405.81441538400406,1001
2024-09-17 14:31:46.962,-405.8033433872541,99
2024-09-17 14:31:46.991,405.8128705361039,99
2024-09-17 14:31:47.126,405.8247307773839,5
2024-09-17 14:31:47.635,405.8480814230439,8
2024-09-17 14:31:47.665,405.8284685904487,15
2024-09-17 14:31:47.906,405.81362021681497,6
2024-09-17 14:31:48.177,405.8264943291167,102
2024-09-17 14:31:48.947,405.8280614382964,10
2024-09-17 14:31:49.079,405.8312033694122,102
2024-09-17 14:31:49.087,405.7555308917211,99
2024-09-17 14:31:49.090,405.7822678293776,996
2024-09-17 14:31:49.118,405.79787164492353,1005
2024-09-17 14:31:49.148,405.7929175513636,15
2024-09-17 14:31:49.172,405.7877681984618,8
2024-09-17 14:31:49.201,417.0621554587848,995
2024-09-17 14:31:49.335,405.79572707475,13
2024-09-17 14:31:49.420,405.8130655046681,98
2024-09-17 14:31:49.460,405.7949039961279,13
2024-09-17 14:31:49.469,405.78612543466414,100
2024-09-17 14:31:49.498,405.7863545134872,995
2024-09-17 14:31:49.540,405.77604584437006,97
2024-09-17 14:31:49.552,405.7986317906838,7
2024-09-17 14:31:49.562,405.7898719185871,105
2024-09-17 14:31:49.576,405.7754291629704,101
2024-09-17 14:31:49.586,405.8106215889069,1004
2024-09-17 14:31:49.629,405.79977122038,13
2024-09-17 14:31:49.660,40.58098811095053,999
2024-09-17 14:31:49.666,405.8333914262537,96
2024-09-17 14:31:49.675,405.81375055514206,97
2024-09-17 14:31:49.802,405.7580272404384,996
2024-09-17 14:31:49.810,405.7565536224408,5
2024-09-17 14:31:49.833,405.8084825075149,9
2024-09-17 14:31:49.886,405.77778598532245,96
2024-09-17 14:31:49.947,405.7949265487009,97
2024-09-17 14:31:49.956,405.7867144376206,8
2024-09-17 14:31:50.029,405.7729964003721,99
2024-09-17 14:31:50.045,405.7860692605129,95
2024-09-17 14:31:50.056,405.7616267259099,102
2024-09-17 14:31:50.125,405.7976799045912,101
2024-09-17 14:31:50.186,405.799210124495,9
2024-09-17 14:31:50.204,405.79121531025766,9
2024-09-17 14:31:50.256,405.7897028690979,103
2024-09-17 14:31:50.285,405.7852113527366,100
2024-09-17 14:31:50.311,405.77188026625726,11
2024-09-17 14:31:50.337,405.81483237017136,100
2024-09-17 14:31:50.429,405.7685148041395,998
2024-09-17 14:31:50.473,405.77154268518433,15
2024-09-17 14:31:50.587,405.77337712038576,95
2024-09-17 14:31:50.594,405.7933051604129,99
2024-09-17 14:31:50.614,,15
2024-09-17 14:31:50.627,405.7796540872265,101
2024-09-17 14:31:50.633,405.7905609860485,12
2024-09-17 14:31:50.665,405.7894713998941,102
2024-09-17 14:31:50.673,405.7554676851534,8
2024-09-17 14:31:50.822,405.792361372892,6
2024-09-17 14:31:50.835,405.79147035085055,1000
2024-09-17 14:31:50.946,405.8239895947512,14
2024-09-17 14:31:51.180,405.8684593839105,1000
2024-09-17 14:31:51.187,405.89745257745966,100
2024-09-17 14:31:51.193,405.8855289569906,1003
2024-09-17 14:31:51.376,405.9018742137224,1001
2024-09-17 14:31:51.438,405.89814155581473,996
2024-09-17 14:31:51.493,405.84423372151554,12
2024-09-17 14:31:51.533,405.8857583530756,1002
2024-09-17 14:31:51.556,405.8758680361187,99
2024-09-17 14:31:51.584,405.82649618700185,102
2024-09-17 14:31:51.644,417.0776330051132,104
2024-09-17 14:31:51.689,405.88757488588135,15
2024-09-17 14:31:51.710,405.8932816947441,12
2024-09-17 14:31:51.820,405.8577554521618,95
2024-09-17 14:31:51.833,405.8885319110094,7
2024-09-17 14:31:51.950,405.9049091014549,8
2024-09-17 14:31:51.981,405.8522474768776,105
2024-09-17 14:31:51.990,405.8652241964244,103
2024-09-17 14:31:53.005,405.83775523123154,104
2024-09-17 14:31:53.046,405.8199784945998,5
2024-09-17 14:31:53.267,405.8191837845108,15
2024-09-17 14:31:53.325,405.8011523131488,997
2024-09-17 14:31:53.394,405.8234731231151,998
2024-09-17 14:31:53.424,405.8279520277914,12
2024-09-17 14:31:53.511,405.81085721678414,1000
2024-09-17 14:31:53.544,405.80824856102265,1002
2024-09-17 14:31:53.847,405.82217644340585,9
2024-09-17 14:31:53.880,405.83672423227074,96
2024-09-17 14:31:53.881,405.8560322730912,104
2024-09-17 14:31:53.928,405.8243104582343,101
2024-09-17 14:31:53.966,405.8572793391936,1000
2024-09-17 14:31:54.043,405.82410314565305,15
2024-09-17 14:31:54.195,405.83051933398303,1000
2024-09-17 14:31:54.215,405.8304308299331,10
2024-09-17 14:31:54.824,405.851495852132,95
2024-09-17 14:31:54.894,405.8326870869649,97
2024-09-17 14:31:55.089,405.8265918641698,96
2024-09-17 14:31:55.121,405.8652420875586,95
2024-09-17 14:31:55.143,405.8867659773021,5
2024-09-17 14:31:55.201,405.85071965445945,10
2024-09-17 14:31:55.231,405.8223232910765,1000
2024-09-17 14:31:55.249,405.8449572384011,100
2024-09-17 14:31:55.253,405.8717975510326,6
2024-09-17 14:31:55.306,405.8425710513759,99
2024-09-17 14:31:55.330,405.8793098895078,105
2024-09-17 14:31:55.381,405.8621443392073,997
2024-09-17 14:31:55.434,405.8319668435932,6
2024-09-17 14:31:55.445,405.8386762035258,7
2024-09-17 14:31:55.494,405.877995275794,1000
2024-09-17 14:31:55.583,405.8547646425384,1002
2024-09-17 14:31:55.777,405.8448453644098,997
2024-09-17 14:31:55.919,405.8575196475875,996
2024-09-17 14:31:56.450,405.8280787117265,5
2024-09-17 14:31:56.585,405.80618100496656,8
2024-09-17 14:31:56.805,405.8212943973203,95
2024-09-17 14:31:57.038,405.8271981460089,95
2024-09-17 14:31:57.120,405.8409780198691,14
2024-09-17 14:31:57.243,405.8403487795047,1004
2024-09-17 14:31:57.351,405.82680529317366,11
2024-09-17 14:31:57.935,405.8499473438152,998
2024-09-17 14:31:58.369,417.1470815995455,1002
2024-09-17 14:31:59.003,405.8536694767381,997
2024-09-17 14:31:59.048,405.84361340100696,11
2024-09-17 14:31:59.077,405.8380006599792,999
2024-09-17 14:31:59.085,405.8548363617337,11
2024-09-17 14:31:59.102,405.8877671280943,97
2024-09-17 14:31:59.112,405.929846378602,5
2024-09-17 14:31:59.140,405.8279589578021,13
2024-09-17 14:31:59.157,405.9141171545559,996
2024-09-17 14:31:59.191,405.8416527016862,998
2024-09-17 14:31:59.285,405.8463385807424,101
2024-09-17 14:31:59.286,405.86650155358615,5
2024-09-17 14:31:59.371,405.8347886477106,100
2024-09-17 14:31:59.380,405.9313970938304,1001
2024-09-17 14:31:59.444,405.9086786138878,104
2024-09-17 14:31:59.518,405.9341977189445,9
2024-09-17 14:31:59.561,405.8484763335831,99
2024-09-17 14:31:59.572,405.8557991389769,15
2024-09-17 14:31:59.639,405.92533398473006,100
2024-09-17 14:31:59.711,405.9390863742372,9
2024-09-17 14:31:59.803,405.8114525035156,97
2024-09-17 14:31:59.884,,1001
2024-09-17 14:31:59.953,405.9121216039623,103
2024-09-17 14:31:59.964,405.8718852912924,997
2024-09-17 14:31:59.976,405.8603946018271,100
