Timestamp,Price,Size
2024-09-20 12:38:01.518,428.335952728744,1001
2024-09-20 12:38:01.566,428.3281100440051,95
2024-09-20 12:38:02.051,428.2622202577531,102
2024-09-20 12:38:02.071,428.2909299347356,95
2024-09-20 12:38:02.082,428.2637924324698,1002
2024-09-20 12:38:02.143,428.32326631045726,6
2024-09-20 12:38:02.192,428.3516150525829,99
2024-09-20 12:38:02.205,428.29827376081874,14
2024-09-20 12:38:02.233,428.2102271408816,96
2024-09-20 12:38:02.268,428.2972858547631,96
2024-09-20 12:38:02.282,428.3448591650653,1004
2024-09-20 12:38:02.294,428.3308204834808,100
2024-09-20 12:38:02.297,428.3079549172496,997
2024-09-20 12:38:02.345,428.3306993275321,998
2024-09-20 12:38:02.386,428.3228043142696,7
2024-09-20 12:38:02.461,428.35784880359694,996
2024-09-20 12:38:02.590,428.2847218934996,95
2024-09-20 12:38:02.605,428.3678537063562,99
2024-09-20 12:38:02.611,428.2877451112473,14
2024-09-20 12:38:02.687,428.3416908950315,996
2024-09-20 12:38:02.721,428.22050173169833,998
2024-09-20 12:38:02.760,428.3389015067991,101
2024-09-20 12:38:02.804,428.24713365216974,96
2024-09-20 12:38:02.837,428.2073607698997,6
2024-09-20 12:38:02.865,428.2537183320288,102
2024-09-20 12:38:02.910,428.3353248998464,1004
2024-09-20 12:38:02.916,428.2892954226956,14
2024-09-20 12:38:03.107,428.2581122292529,100
2024-09-20 12:38:03.421,428.18876767006935,101
2024-09-20 12:38:03.538,428.22669085331785,98
2024-09-20 12:38:03.653,428.2090427174121,6
2024-09-20 12:38:03.668,428.220170118697,999
2024-09-20 12:38:03.684,428.20992276696586,1005
2024-09-20 12:38:03.885,428.2366465109471,98
2024-09-20 12:38:03.988,428.1871777065401,5
2024-09-20 12:38:04.040,428.2226751916616,7
2024-09-20 12:38:04.045,42.82598497421549,15
2024-09-20 12:38:04.071,428.27418668304966,13
2024-09-20 12:38:04.150,428.2406142940905,1002
2024-09-20 12:38:04.325,428.210601581517,1005
2024-09-20 12:38:04.331,428.27067634107925,995
2024-09-20 12:38:04.378,428.26097452342617,15
2024-09-20 12:38:04.419,428.2718698009665,14
2024-09-20 12:38:04.489,428.25363795069467,105
2024-09-20 12:38:04.604,428.2448384562296,103
2024-09-20 12:38:04.726,428.2325277382423,97
2024-09-20 12:38:04.776,428.2667444330722,9
2024-09-20 12:38:04.926,428.2287257353205,13
2024-09-20 12:38:04.958,428.2607294762153,97
2024-09-20 12:38:04.991,428.2294330070866,10
2024-09-20 12:38:04.992,428.2508408899606,104
2024-09-20 12:38:05.086,428.21975479713615,100
2024-09-20 12:38:05.104,428.2516915588519,1001
2024-09-20 12:38:05.231,428.2302360698401,105
2024-09-20 12:38:05.283,428.1974310114971,11
2024-09-20 12:38:05.409,428.2494865952307,1002
2024-09-20 12:38:05.479,428.2348949782594,5
2024-09-20 12:38:05.588,428.2034919142759,96
2024-09-20 12:38:06.019,428.2016327785612,102
2024-09-20 12:38:06.059,428.1837786163018,101
2024-09-20 12:38:06.062,428.191478564396,99
2024-09-20 12:38:06.101,428.19259130302646,99
2024-09-20 12:38:06.268,428.1994705244739,15
2024-09-20 12:38:06.317,428.1948074502445,105
2024-09-20 12:38:06.335,428.2067342854484,10
2024-09-20 12:38:06.390,428.2079417859839,100
2024-09-20 12:38:06.402,428.2271279771677,13
2024-09-20 12:38:06.403,428.1923538141538,95
2024-09-20 12:38:06.425,428.1824053621372,996
2024-09-20 12:38:06.579,428.2026948563456,95
2024-09-20 12:38:06.693,428.21291863361137,6
2024-09-20 12:38:06.695,428.2176762837855,6
2024-09-20 12:38:06.755,428.2000611901081,15
2024-09-20 12:38:06.835,428.19481377933175,105
2024-09-20 12:38:06.901,428.190545276075,15
2024-09-20 12:38:06.965,428.1909703691987,95
2024-09-20 12:38:06.981,428.2175175618092,10
2024-09-20 12:38:07.044,428.1713600191924,995
2024-09-20 12:38:07.085,428.13427010020666,6
2024-09-20 12:38:07.096,428.2039392726852,1000
2024-09-20 12:38:07.129,428.09031630836495,102
2024-09-20 12:38:07.333,428.14414576457614,10
2024-09-20 12:38:07.371,428.1057046230771,105
2024-09-20 12:38:07.506,428.0855214172289,15
2024-09-20 12:38:07.531,,995
2024-09-20 12:38:07.650,,98
2024-09-20 12:38:07.666,428.0971823173665,98
2024-09-20 12:38:07.821,428.1357732621431,102
2024-09-20 12:38:07.841,428.13047682044896,11
2024-09-20 12:38:07.878,428.1348165333553,15
2024-09-20 12:38:07.890,428.13377838337647,1003
2024-09-20 12:38:07.906,-428.1081864954352,101
2024-09-20 12:38:08.098,428.1608852206071,12
2024-09-20 12:38:08.124,428.1722415608804,1003
2024-09-20 12:38:08.192,428.1713863072975,104
2024-09-20 12:38:08.246,428.0933889466137,1000
2024-09-20 12:38:08.457,428.1373166819259,105
2024-09-20 12:38:08.463,428.1527721071473,1003
2024-09-20 12:38:08.600,428.1668422302616,995
2024-09-20 12:38:08.657,428.1313843344229,10
2024-09-20 12:38:08.784,428.181540578472,9
2024-09-20 12:38:08.808,428.1535117231944,104
2024-09-20 12:38:08.874,428.1399310478907,1004
2024-09-20 12:38:09.164,428.1859646922933,996
2024-09-20 12:38:09.311,428.1671080020199,100
2024-09-20 12:38:09.900,428.1738904759021,97
2024-09-20 12:38:10.194,428.1963758998583,95
2024-09-20 12:38:10.561,428.1882823886226,1005
2024-09-20 12:38:10.967,428.1824110768997,997
2024-09-20 12:38:10.998,428.19043997972045,1003
2024-09-20 12:38:11.047,428.1942681907384,1004
2024-09-20 12:38:11.107,428.2152723383173,995
2024-09-20 12:38:11.111,428.255564256802,96
2024-09-20 12:38:11.136,428.2145579444213,96
2024-09-20 12:38:11.154,428.22019674685527,1000
2024-09-20 12:38:11.162,428.2123332852202,103
2024-09-20 12:38:11.201,428.2024287437391,101
2024-09-20 12:38:11.232,428.167884690421,99
2024-09-20 12:38:11.291,428.2145343542326,96
2024-09-20 12:38:11.291,428.2261622759143,9
2024-09-20 12:38:11.304,428.1914995205862,5
2024-09-20 12:38:11.370,428.17934901817193,1004
2024-09-20 12:38:11.439,428.1833441767458,99
2024-09-20 12:38:11.501,428.23167750952246,103
2024-09-20 12:38:11.535,428.1766539692736,1005
2024-09-20 12:38:11.559,428.21450452176913,1004
2024-09-20 12:38:11.561,428.1982341786344,96
2024-09-20 12:38:11.590,428.16752871192574,5
2024-09-20 12:38:11.590,428.2193290245809,96
2024-09-20 12:38:11.658,428.2098137297327,1002
2024-09-20 12:38:11.705,428.19455762379056,999
2024-09-20 12:38:11.802,428.1807399018227,10
2024-09-20 12:38:11.813,428.2009782281429,1001
2024-09-20 12:38:11.836,428.2205430666311,1005
2024-09-20 12:38:11.904,428.2384648025632,1003
2024-09-20 12:38:11.961,428.22464376899103,102
2024-09-20 12:38:12.123,428.1974883930081,997
2024-09-20 12:38:12.273,428.1720170384574,998
2024-09-20 12:38:12.382,428.21507894737175,14
2024-09-20 12:38:12.693,428.19000937034303,13
2024-09-20 12:38:12.741,428.19342170792686,1002
2024-09-20 12:38:12.764,428.1461575955599,13
2024-09-20 12:38:13.006,428.1498191835759,995
2024-09-20 12:38:13.057,428.1514128240717,8
2024-09-20 12:38:13.096,428.1321953821797,97
2024-09-20 12:38:13.148,428.1691477094645,1002
2024-09-20 12:38:13.170,428.1507594569849,14
2024-09-20 12:38:13.231,428.1476611091495,1002
2024-09-20 12:38:13.305,428.13157489029135,12
2024-09-20 12:38:13.319,428.1298991718295,10
2024-09-20 12:38:13.335,428.1466568263861,997
2024-09-20 12:38:13.390,428.1426264704366,15
2024-09-20 12:38:13.392,428.14454021014967,13
2024-09-20 12:38:13.426,428.1370663204485,7
2024-09-20 12:38:13.443,428.088631976713,103
2024-09-20 12:38:13.473,428.1369377028507,11
2024-09-20 12:38:13.516,428.0742734862243,998
2024-09-20 12:38:13.531,428.1243992460319,999
2024-09-20 12:38:13.585,428.1624352017792,12
2024-09-20 12:38:13.633,428.1625554623527,996
2024-09-20 12:38:13.644,428.09912554746535,11
2024-09-20 12:38:13.675,428.1504160779839,15
2024-09-20 12:38:13.715,428.131007784625,14
2024-09-20 12:38:13.731,428.1245097005129,98
2024-09-20 12:38:13.793,428.0858706701465,997
2024-09-20 12:38:13.807,428.0962952298504,10
2024-09-20 12:38:13.808,428.1517665085326,995
2024-09-20 12:38:13.892,428.13562792454,13
2024-09-20 12:38:13.932,428.1260752625317,104
2024-09-20 12:38:13.948,428.1093849356659,5
2024-09-20 12:38:13.957,428.0830174872409,1002
2024-09-20 12:38:14.013,428.1122280095543,1005
2024-09-20 12:38:14.023,428.0240388372551,102
2024-09-20 12:38:14.118,428.1080000895295,102
2024-09-20 12:38:14.129,428.11532860217454,8
2024-09-20 12:38:14.162,428.12368340515394,1005
2024-09-20 12:38:14.233,428.0652940015277,1002
2024-09-20 12:38:14.295,428.0780043441487,1005
2024-09-20 12:38:14.296,428.1026705172273,13
2024-09-20 12:38:14.313,428.0515589926858,101
2024-09-20 12:38:14.495,427.99031849113686,1003
2024-09-20 12:38:14.522,428.00482055855423,1005
2024-09-20 12:38:14.525,428.0400658048098,12
2024-09-20 12:38:14.591,428.0994275889845,997
2024-09-20 12:38:14.674,428.1214374546432,1001
2024-09-20 12:38:14.686,428.1188876266625,1004
2024-09-20 12:38:14.691,428.0221806372112,12
2024-09-20 12:38:14.712,428.0283153017823,105
2024-09-20 12:38:14.762,427.9938597796215,1000
2024-09-20 12:38:14.831,428.0865978362244,97
2024-09-20 12:38:14.843,428.0906348687922,101
2024-09-20 12:38:14.860,428.07766489114647,1005
2024-09-20 12:38:14.953,428.01283610257695,1000
2024-09-20 12:38:15.028,427.9550630033546,7
2024-09-20 12:38:15.033,427.9623133759481,996
2024-09-20 12:38:15.073,427.9465322945402,102
2024-09-20 12:38:15.170,427.96375105937193,101
2024-09-20 12:38:15.213,427.9691936457791,1004
2024-09-20 12:38:15.254,427.9741926281943,7
2024-09-20 12:38:15.287,427.9651885119165,96
2024-09-20 12:38:15.327,427.9879016179321,1000
2024-09-20 12:38:15.485,427.96309347826895,999
2024-09-20 12:38:15.605,427.9776769007105,8
2024-09-20 12:38:15.647,427.9834389427795,1000
2024-09-20 12:38:15.762,427.94069356713817,1004
2024-09-20 12:38:15.775,427.9417454155818,1004
2024-09-20 12:38:15.800,42.79527054896971,996
2024-09-20 12:38:15.819,427.9689929813949,99
2024-09-20 12:38:15.937,427.9624244647709,12
2024-09-20 12:38:16.016,427.958697820193,1003
2024-09-20 12:38:16.079,427.9949381534114,11
2024-09-20 12:38:16.085,428.0153790341552,1004
2024-09-20 12:38:16.089,428.00460877652665,998
2024-09-20 12:38:16.090,427.97590022376215,100
2024-09-20 12:38:16.133,428.00605564792113,1004
2024-09-20 12:38:16.196,428.004736424262,10
2024-09-20 12:38:16.233,428.0087954626345,95
2024-09-20 12:38:16.288,427.9701787382135,13
2024-09-20 12:38:16.349,427.96496813364297,7
2024-09-20 12:38:16.398,427.99202791030353,995
2024-09-20 12:38:16.437,428.0025121731664,8
2024-09-20 12:38:16.553,428.0089809897297,104
2024-09-20 12:38:16.557,427.9681687548034,999
2024-09-20 12:38:16.610,427.97602864338256,105
2024-09-20 12:38:16.699,427.9865764305523,95
2024-09-20 12:38:16.818,427.976694295952,1002
2024-09-20 12:38:16.831,427.98272661702265,7
2024-09-20 12:38:16.886,427.9611637698303,9
2024-09-20 12:38:16.907,428.0054602197121,8
2024-09-20 12:38:16.953,428.0087424329231,102
2024-09-20 12:38:17.021,427.9930858832368,101
2024-09-20 12:38:17.031,427.9525557202464,1004
2024-09-20 12:38:17.037,428.01283500903617,1001
2024-09-20 12:38:17.068,427.96323379006407,6
2024-09-20 12:38:17.083,428.0257180695733,996
2024-09-20 12:38:17.129,427.9997280075957,105
2024-09-20 12:38:17.139,427.9479156686953,95
2024-09-20 12:38:17.182,427.9715009039234,12
2024-09-20 12:38:17.201,428.00699075653,100
2024-09-20 12:38:17.230,428.0161274474196,96
2024-09-20 12:38:17.256,428.0138205474241,5
2024-09-20 12:38:17.278,427.97221720689527,98
2024-09-20 12:38:17.450,428.0191872468931,7
2024-09-20 12:38:17.495,428.0103715712694,99
2024-09-20 12:38:17.555,427.9603884589402,1000
2024-09-20 12:38:17.576,427.99820718853886,15
2024-09-20 12:38:17.579,428.0214068025475,104
2024-09-20 12:38:17.619,428.0249913886034,104
2024-09-20 12:38:17.684,428.0150265434901,95
2024-09-20 12:38:17.690,428.0227380476462,997
2024-09-20 12:38:17.702,427.96869849551575,12
2024-09-20 12:38:17.741,427.95558607987545,1001
2024-09-20 12:38:17.757,428.0059699946422,1003
2024-09-20 12:38:17.908,427.9382001648192,98
2024-09-20 12:38:17.917,427.9404067593163,1003
2024-09-20 12:38:17.944,427.999704385268,103
2024-09-20 12:38:17.999,428.0113142472084,1005
2024-09-20 12:38:18.069,427.9675898395149,99
2024-09-20 12:38:18.078,427.9573173267443,999
2024-09-20 12:38:18.150,42.7949659696503,13
2024-09-20 12:38:18.222,427.9493002184567,996
2024-09-20 12:38:18.262,427.95669928512217,997
2024-09-20 12:38:18.265,427.9729147215209,12
2024-09-20 12:38:18.267,427.98538237278535,11
2024-09-20 12:38:18.380,427.9618953972628,1003
2024-09-20 12:38:18.388,427.9463043242776,1003
2024-09-20 12:38:18.422,427.9462327033223,101
2024-09-20 12:38:18.555,427.9930892361402,998
2024-09-20 12:38:18.563,427.9838373408275,6
2024-09-20 12:38:18.673,427.9545612960067,13
2024-09-20 12:38:18.681,427.9570375040017,9
2024-09-20 12:38:18.702,427.9553155836924,105
2024-09-20 12:38:18.803,427.9660478393346,1005
2024-09-20 12:38:18.883,427.9554425092993,9
2024-09-20 12:38:18.952,427.9541910079985,11
2024-09-20 12:38:18.980,427.9566667904669,7
2024-09-20 12:38:19.102,428.05169126647513,102
2024-09-20 12:38:19.206,427.99454007406695,95
2024-09-20 12:38:19.222,428.00005335963743,996
2024-09-20 12:38:19.350,428.03236800485865,101
2024-09-20 12:38:19.361,428.0152925389745,104
2024-09-20 12:38:19.370,427.9912058060072,100
2024-09-20 12:38:19.395,428.050487227651,11
2024-09-20 12:38:19.471,427.99290891418514,95
2024-09-20 12:38:19.627,42.80172491617248,10
2024-09-20 12:38:19.633,-427.9817704549168,14
2024-09-20 12:38:19.847,427.9959356920289,1003
2024-09-20 12:38:19.853,42.80004730670395,14
2024-09-20 12:38:19.904,428.05085606422494,98
2024-09-20 12:38:20.108,428.007873853777,1004
2024-09-20 12:38:20.162,428.0182236171871,15
2024-09-20 12:38:20.327,428.0199626869728,99
2024-09-20 12:38:20.698,428.0162423306456,1002
2024-09-20 12:38:20.792,428.03444758570777,15
2024-09-20 12:38:20.796,428.0269896036947,1004
2024-09-20 12:38:20.848,428.0261669077406,12
2024-09-20 12:38:21.061,427.9984716406676,101
2024-09-20 12:38:21.162,427.9915815966227,11
2024-09-20 12:38:21.186,428.014155316846,1001
2024-09-20 12:38:21.216,428.0024565434514,1002
2024-09-20 12:38:21.225,427.9889096456546,1002
2024-09-20 12:38:21.335,428.0045690367515,997
2024-09-20 12:38:21.567,,997
2024-09-20 12:38:21.574,428.0086209018606,1000
2024-09-20 12:38:21.672,428.00872344341866,6
2024-09-20 12:38:21.806,427.98012614595416,1002
2024-09-20 12:38:21.897,428.0011618161312,999
2024-09-20 12:38:21.999,428.0066048652088,6
2024-09-20 12:38:22.035,427.997574829402,10
2024-09-20 12:38:22.043,428.0565038720553,104
2024-09-20 12:38:22.061,427.9560785786271,1000
2024-09-20 12:38:22.184,427.99191370221166,101
2024-09-20 12:38:22.216,427.96084507827845,1003
2024-09-20 12:38:22.306,428.000924420257,999
2024-09-20 12:38:22.328,427.9791018623964,7
2024-09-20 12:38:22.347,428.0456371120472,99
2024-09-20 12:38:22.373,428.0059516389033,97
2024-09-20 12:38:22.420,428.0419618134653,9
2024-09-20 12:38:22.485,427.992620855871,8
2024-09-20 12:38:22.485,427.9701056754676,100
2024-09-20 12:38:22.505,427.9967112109239,105
2024-09-20 12:38:22.508,427.9775914367583,95
2024-09-20 12:38:22.524,427.9616121461869,12
2024-09-20 12:38:22.541,427.9876570306119,96
2024-09-20 12:38:22.562,427.9948605257785,101
2024-09-20 12:38:22.576,428.0083276512677,104
2024-09-20 12:38:22.592,427.9830612124865,999
2024-09-20 12:38:22.645,428.0458091315796,15
2024-09-20 12:38:22.680,428.0166179745744,6
2024-09-20 12:38:22.694,427.9947646911244,6
2024-09-20 12:38:22.735,427.9779997255488,97
2024-09-20 12:38:22.825,427.98154903367777,100
2024-09-20 12:38:22.850,427.9899697621096,102
2024-09-20 12:38:22.876,427.99440995623456,100
2024-09-20 12:38:22.899,428.0507229936952,15
2024-09-20 12:38:23.268,428.04699860511,1004
2024-09-20 12:38:23.458,428.0157689624152,15
2024-09-20 12:38:23.972,428.0305552117849,1001
2024-09-20 12:38:24.128,428.0484374412113,1003
2024-09-20 12:38:24.201,428.02504945845607,1002
2024-09-20 12:38:24.244,428.0418602524307,1002
2024-09-20 12:38:24.277,428.0068473968606,95
2024-09-20 12:38:24.314,428.0538002094444,102
2024-09-20 12:38:24.442,428.01296555339695,13
2024-09-20 12:38:24.471,428.05628801665495,105
2024-09-20 12:38:24.584,428.0342392511702,997
2024-09-20 12:38:24.628,428.06030692566,1002
2024-09-20 12:38:24.784,427.9889220216135,999
2024-09-20 12:38:24.922,428.04312519713096,105
2024-09-20 12:38:25.003,428.0569436537392,996
2024-09-20 12:38:25.786,-428.036284132981,1000
2024-09-20 12:38:26.178,428.0425778878982,96
2024-09-20 12:38:26.426,428.0391386672045,105
2024-09-20 12:38:26.517,428.0312384796311,97
2024-09-20 12:38:26.882,428.0537242969862,101
2024-09-20 12:38:27.131,428.0846840855738,998
2024-09-20 12:38:27.285,428.0787855155068,10
2024-09-20 12:38:27.415,428.0725023985117,6
2024-09-20 12:38:28.024,428.019956605063,11
2024-09-20 12:38:28.154,428.02448790727,15
2024-09-20 12:38:28.285,428.0536358746043,13
2024-09-20 12:38:28.443,428.0242551022988,998
2024-09-20 12:38:28.531,428.0319685234503,100
2024-09-20 12:38:28.551,428.03293247257096,7
2024-09-20 12:38:28.744,428.039939060463,100
2024-09-20 12:38:28.780,428.0755024296432,12
2024-09-20 12:38:28.789,428.0625069013264,1003
2024-09-20 12:38:28.808,428.0312286190151,101
2024-09-20 12:38:28.882,428.0174368431261,1001
2024-09-20 12:38:28.889,428.0407807048208,13
2024-09-20 12:38:28.910,428.0439468978556,999
2024-09-20 12:38:29.034,428.04473399440496,101
2024-09-20 12:38:29.051,428.069836103267,998
2024-09-20 12:38:29.087,428.0701860367223,999
2024-09-20 12:38:29.107,428.0375622835709,96
2024-09-20 12:38:29.135,428.0369295787429,1003
2024-09-20 12:38:29.153,428.099587804257,14
2024-09-20 12:38:29.308,428.0870587061273,5
2024-09-20 12:38:29.313,428.0440338394519,10
2024-09-20 12:38:29.325,428.0291332999233,8
2024-09-20 12:38:29.361,428.04407003715977,102
2024-09-20 12:38:29.390,428.0612912039289,95
2024-09-20 12:38:29.402,428.0845685171212,5
2024-09-20 12:38:29.410,428.10213959601055,97
2024-09-20 12:38:29.428,428.0942541066161,9
2024-09-20 12:38:29.436,428.0276290716202,1000
2024-09-20 12:38:29.448,42.80574827861187,6
2024-09-20 12:38:29.560,428.0324569422126,105
2024-09-20 12:38:29.615,428.07234207366974,998
2024-09-20 12:38:29.678,428.0547397083859,9
2024-09-20 12:38:29.708,428.0946794538448,12
2024-09-20 12:38:29.738,428.0798507302962,996
2024-09-20 12:38:29.757,428.0491449479292,1005
2024-09-20 12:38:29.862,428.0605236389999,6
2024-09-20 12:38:29.883,428.0609836369928,96
2024-09-20 12:38:29.912,428.07175739931057,104
2024-09-20 12:38:29.920,428.0869409876606,11
2024-09-20 12:38:29.940,428.05753006852416,105
2024-09-20 12:38:30.160,428.0657017752919,100
2024-09-20 12:38:30.261,428.0794342372448,1003
2024-09-20 12:38:30.365,428.07658491544606,12
2024-09-20 12:38:30.828,428.06642527334384,1004
2024-09-20 12:38:31.163,428.0725949959415,13
2024-09-20 12:38:31.182,428.0618724702336,6
2024-09-20 12:38:31.191,428.0619436931664,96
2024-09-20 12:38:31.283,428.0621209169457,10
2024-09-20 12:38:31.695,428.0757874576325,8
2024-09-20 12:38:31.744,428.0615932138968,105
2024-09-20 12:38:31.802,428.0691273615272,1001
2024-09-20 12:38:31.858,428.0572696886423,1001
2024-09-20 12:38:32.087,428.0570982691273,96
2024-09-20 12:38:32.128,428.0583551362821,5
2024-09-20 12:38:32.150,428.0548654624356,103
2024-09-20 12:38:32.201,428.0544809768437,105
2024-09-20 12:38:32.207,428.0481928614647,8
2024-09-20 12:38:32.280,428.0568984878742,103
2024-09-20 12:38:32.282,428.0443431610711,96
2024-09-20 12:38:32.335,428.0446765190893,10
2024-09-20 12:38:32.417,428.0422157167635,14
2024-09-20 12:38:32.432,428.0483255601968,103
2024-09-20 12:38:32.728,428.0387155658249,104
2024-09-20 12:38:32.732,428.0514442530571,102
2024-09-20 12:38:32.852,428.0687916958258,996
2024-09-20 12:38:33.024,428.0983059857406,13
2024-09-20 12:38:33.074,428.0645686315191,101
2024-09-20 12:38:33.109,428.085114865375,6
2024-09-20 12:38:33.215,428.0964062867941,102
2024-09-20 12:38:33.298,428.0930732468288,14
2024-09-20 12:38:33.305,428.0816268432717,1004
2024-09-20 12:38:33.339,428.0870584136831,96
2024-09-20 12:38:33.369,428.10115760454016,5
2024-09-20 12:38:33.409,428.0834715721571,6
2024-09-20 12:38:33.433,428.1168784969739,998
2024-09-20 12:38:33.520,,12
2024-09-20 12:38:33.532,428.0983703578713,100
2024-09-20 12:38:33.618,428.06869637513705,1005
2024-09-20 12:38:33.642,428.1068444535236,100
2024-09-20 12:38:33.649,428.09769608482526,15
2024-09-20 12:38:33.662,428.1174549905064,12
2024-09-20 12:38:33.727,428.09054594913374,98
2024-09-20 12:38:33.732,428.1092217544548,1000
2024-09-20 12:38:33.742,428.0545486408768,101
2024-09-20 12:38:33.764,428.0970714634817,98
2024-09-20 12:38:33.770,428.0560560057965,7
2024-09-20 12:38:33.793,428.1228578465507,996
2024-09-20 12:38:33.809,428.067868125544,1005
2024-09-20 12:38:33.829,428.0703385218197,1003
2024-09-20 12:38:33.832,428.0878803813023,1003
2024-09-20 12:38:33.849,428.07450364394737,101
2024-09-20 12:38:34.043,428.1083986631586,999
2024-09-20 12:38:34.087,428.1294184587904,99
2024-09-20 12:38:34.240,428.09416383529054,10
2024-09-20 12:38:34.257,428.09152599412687,1005
2024-09-20 12:38:34.307,428.1053837766404,1001
2024-09-20 12:38:34.329,428.1201237042324,1000
2024-09-20 12:38:34.342,428.1163543067973,1000
2024-09-20 12:38:34.553,428.0832186575759,103
2024-09-20 12:38:34.601,428.1103008114583,5
2024-09-20 12:38:34.663,428.0985772051651,100
2024-09-20 12:38:34.699,428.1096795916509,5
2024-09-20 12:38:34.712,428.0981224351114,11
2024-09-20 12:38:34.743,428.1027013993997,100
2024-09-20 12:38:34.857,428.1186749342895,998
2024-09-20 12:38:34.975,428.1069808731502,997
2024-09-20 12:38:35.242,428.107144891883,102
2024-09-20 12:38:35.267,428.100503925056,98
2024-09-20 12:38:36.097,428.0951791604508,8
2024-09-20 12:38:36.221,428.0477541578449,103
2024-09-20 12:38:36.238,,102
2024-09-20 12:38:36.381,428.0643038941525,995
2024-09-20 12:38:36.491,428.1003427641981,101
2024-09-20 12:38:36.521,428.04749256463424,12
2024-09-20 12:38:36.555,428.04114477196464,15
2024-09-20 12:38:36.652,428.0990949013215,104
2024-09-20 12:38:36.671,428.0731410385848,8
2024-09-20 12:38:36.716,428.0780835127035,1004
2024-09-20 12:38:36.735,428.0515469242313,96
2024-09-20 12:38:36.855,428.08800800487467,100
2024-09-20 12:38:36.937,428.0644950747314,97
2024-09-20 12:38:36.942,428.1028430896068,1002
2024-09-20 12:38:37.010,428.0604915432236,9
2024-09-20 12:38:37.033,428.0626966553452,8
2024-09-20 12:38:37.066,428.0398541678139,10
2024-09-20 12:38:37.066,428.0886497912013,8
2024-09-20 12:38:37.134,428.102477704309,96
2024-09-20 12:38:37.229,428.0992234443824,97
2024-09-20 12:38:37.236,428.032656632849,101
2024-09-20 12:38:37.365,,102
2024-09-20 12:38:37.386,428.1069966326104,95
2024-09-20 12:38:37.388,428.04984111642426,15
2024-09-20 12:38:37.400,428.0992974360506,12
2024-09-20 12:38:37.427,428.0456766647375,1004
2024-09-20 12:38:37.496,428.06940234083817,12
2024-09-20 12:38:37.501,428.0581484652968,1004
2024-09-20 12:38:37.536,428.0894411835954,1003
2024-09-20 12:38:37.571,428.0411674962867,10
2024-09-20 12:38:37.688,428.1149172295175,11
2024-09-20 12:38:37.708,428.07517943736616,12
2024-09-20 12:38:37.711,428.0428718850925,1001
2024-09-20 12:38:37.729,428.034820159829,101
2024-09-20 12:38:37.786,428.0800000034786,97
2024-09-20 12:38:37.817,428.05326135158407,14
2024-09-20 12:38:37.821,428.0900172603832,99
2024-09-20 12:38:37.826,428.0669284512897,998
2024-09-20 12:38:37.837,428.07187665305753,15
2024-09-20 12:38:37.839,428.0754439316179,999
2024-09-20 12:38:37.886,428.0877300354031,10
2024-09-20 12:38:37.981,428.0252654491288,100
2024-09-20 12:38:37.996,428.0834736831925,11
2024-09-20 12:38:38.071,428.0974563768243,97
2024-09-20 12:38:38.208,428.068842505112,15
2024-09-20 12:38:38.319,428.0722061622285,1000
2024-09-20 12:38:38.363,428.0552967724621,998
2024-09-20 12:38:38.491,428.0805421244525,14
2024-09-20 12:38:38.570,428.0814512840761,105
2024-09-20 12:38:38.575,428.0742754754357,100
2024-09-20 12:38:38.597,428.0701024570631,1005
2024-09-20 12:38:38.599,428.0662485779801,1005
2024-09-20 12:38:38.668,428.0633315880542,1004
2024-09-20 12:38:38.681,428.0838943017382,6
2024-09-20 12:38:38.779,428.1045039453189,12
2024-09-20 12:38:38.787,428.0919985381229,105
2024-09-20 12:38:38.860,428.0793015975175,9
2024-09-20 12:38:38.874,428.0802118534407,998
2024-09-20 12:38:38.881,428.084320125704,1003
2024-09-20 12:38:38.906,428.0899427569482,12
2024-09-20 12:38:39.023,428.0725939236896,1002
2024-09-20 12:38:39.045,428.0845176371394,1002
2024-09-20 12:38:39.076,428.0585609017643,102
2024-09-20 12:38:39.238,428.0605253982612,104
2024-09-20 12:38:39.426,428.0592035236958,99
2024-09-20 12:38:39.439,428.0617552678167,103
2024-09-20 12:38:39.442,428.0699410306969,1000
2024-09-20 12:38:39.455,428.0716918730154,10
2024-09-20 12:38:39.476,428.0858504321266,99
2024-09-20 12:38:39.484,428.0833373612638,10
2024-09-20 12:38:39.496,428.0601431570405,996
2024-09-20 12:38:39.689,428.10653671810496,103
2024-09-20 12:38:39.733,428.09023216283305,105
2024-09-20 12:38:39.740,428.09809660872185,5
2024-09-20 12:38:39.857,428.0628001535443,1005
2024-09-20 12:38:39.898,428.0581327956204,103
2024-09-20 12:38:39.994,428.0933050249388,995
2024-09-20 12:38:40.002,428.1127691937327,99
2024-09-20 12:38:40.234,428.071615518082,6
2024-09-20 12:38:40.267,428.0918178419399,13
2024-09-20 12:38:40.308,428.0837342800775,1001
2024-09-20 12:38:40.312,428.083320810687,1004
2024-09-20 12:38:40.359,428.1215103610075,996
2024-09-20 12:38:40.364,42.80980101793142,1002
2024-09-20 12:38:40.453,428.0918352284957,8
2024-09-20 12:38:40.470,428.08653486971855,996
2024-09-20 12:38:40.512,428.0949561798113,104
2024-09-20 12:38:40.704,428.0854236299505,1004
2024-09-20 12:38:40.798,428.09005097629415,103
2024-09-20 12:38:40.891,428.069355084666,96
2024-09-20 12:38:41.001,428.08993512037455,995
2024-09-20 12:38:41.084,428.1219950149157,995
2024-09-20 12:38:41.095,428.080719682567,97
2024-09-20 12:38:41.154,428.0693955902512,6
2024-09-20 12:38:41.201,428.1209640605558,100
2024-09-20 12:38:41.209,428.0924767201898,100
2024-09-20 12:38:41.216,428.0656373993938,96
2024-09-20 12:38:41.277,428.1052438500069,95
2024-09-20 12:38:41.301,428.0957751088568,10
2024-09-20 12:38:41.351,428.0520699299877,1005
2024-09-20 12:38:41.409,428.1167080446991,13
2024-09-20 12:38:41.449,428.08165652932286,9
2024-09-20 12:38:41.475,428.10746567859456,995
2024-09-20 12:38:41.489,428.1026512003311,8
2024-09-20 12:38:41.568,428.0940024985902,10
2024-09-20 12:38:41.632,428.1343506099752,1000
2024-09-20 12:38:41.646,428.1101789395312,102
2024-09-20 12:38:41.797,428.0969859235261,7
2024-09-20 12:38:41.820,428.10117258883287,6
2024-09-20 12:38:41.821,428.10162478557913,105
2024-09-20 12:38:41.837,428.087188929904,1003
2024-09-20 12:38:41.896,428.0929725745356,15
2024-09-20 12:38:41.926,428.1050666782394,99
2024-09-20 12:38:41.935,428.1009368078496,14
2024-09-20 12:38:42.060,428.0928982876212,12
2024-09-20 12:38:42.116,428.0837116866076,5
2024-09-20 12:38:42.315,428.12285855081007,102
2024-09-20 12:38:42.425,428.0828772561538,7
2024-09-20 12:38:42.740,428.13110050748816,1003
2024-09-20 12:38:42.877,428.1012005946888,8
2024-09-20 12:38:43.033,428.0803900555678,997
2024-09-20 12:38:43.098,428.1044614258929,104
2024-09-20 12:38:43.121,428.0337170933202,99
2024-09-20 12:38:43.186,428.0417291941292,1000
2024-09-20 12:38:43.200,428.0802374955943,1000
2024-09-20 12:38:43.289,428.0798083053728,7
2024-09-20 12:38:43.386,428.0161669066545,7
2024-09-20 12:38:43.403,428.0131603800999,9
2024-09-20 12:38:43.472,428.06861260283057,1004
2024-09-20 12:38:43.539,428.0494441335125,995
2024-09-20 12:38:43.539,428.0914450159864,999
2024-09-20 12:38:43.611,428.0682247442346,5
2024-09-20 12:38:43.671,428.055219488421,995
2024-09-20 12:38:43.735,428.0692436691152,14
2024-09-20 12:38:43.746,428.0717641165912,1000
2024-09-20 12:38:43.760,428.0971800531956,95
2024-09-20 12:38:43.789,428.08538637898215,99
2024-09-20 12:38:43.830,428.08972530437495,102
2024-09-20 12:38:43.840,428.07000373386137,998
2024-09-20 12:38:43.842,428.0651871778694,996
2024-09-20 12:38:43.851,428.06095398572165,10
2024-09-20 12:38:43.916,428.0761264496333,1003
2024-09-20 12:38:43.935,428.02470326995535,13
2024-09-20 12:38:43.944,428.0363822340133,13
2024-09-20 12:38:43.960,428.0945665555727,105
2024-09-20 12:38:44.002,,100
2024-09-20 12:38:44.039,428.0749061946157,998
2024-09-20 12:38:44.059,428.0602805843831,997
2024-09-20 12:38:44.102,428.04868517909387,104
2024-09-20 12:38:44.146,428.07372010349286,99
2024-09-20 12:38:44.187,428.05420908547,8
2024-09-20 12:38:44.214,428.0819415063481,101
2024-09-20 12:38:44.223,428.0498551734668,95
2024-09-20 12:38:44.231,428.03695621318434,13
2024-09-20 12:38:44.253,428.03765502374233,998
2024-09-20 12:38:44.326,428.03583425289327,1003
2024-09-20 12:38:44.328,428.0186713901308,1004
2024-09-20 12:38:44.365,428.0470262951448,99
2024-09-20 12:38:44.495,428.0474970851994,6
2024-09-20 12:38:44.509,428.0774580320421,1002
2024-09-20 12:38:44.514,428.0673506012579,102
2024-09-20 12:38:44.657,42.80575341154832,6
2024-09-20 12:38:44.659,428.03822783423504,998
2024-09-20 12:38:44.683,428.070836816342,98
2024-09-20 12:38:44.727,428.0255335480799,15
2024-09-20 12:38:44.740,428.0130801365395,96
2024-09-20 12:38:44.783,428.05121399793205,9
2024-09-20 12:38:44.816,428.0691431521169,998
2024-09-20 12:38:44.851,428.06251288118943,15
2024-09-20 12:38:44.910,428.034364383045,96
2024-09-20 12:38:44.977,428.0324537186162,998
2024-09-20 12:38:44.985,428.0350923759603,9
2024-09-20 12:38:45.236,428.0726459521637,12
2024-09-20 12:38:45.321,428.0483860500064,97
2024-09-20 12:38:45.356,428.09514490460975,97
2024-09-20 12:38:45.396,428.0748456549232,1001
2024-09-20 12:38:45.403,428.0661455318896,1005
2024-09-20 12:38:45.407,428.07522810046856,99
2024-09-20 12:38:45.411,428.0586091682475,101
2024-09-20 12:38:45.487,428.0562799837703,104
2024-09-20 12:38:45.569,428.0464421687739,7
2024-09-20 12:38:45.619,428.068805610879,10
2024-09-20 12:38:45.640,428.0740043137556,9
2024-09-20 12:38:45.745,428.0810492257561,998
2024-09-20 12:38:45.769,428.0738720044559,995
2024-09-20 12:38:45.830,428.0838690243707,101
2024-09-20 12:38:45.841,428.0487442816946,1001
2024-09-20 12:38:45.852,428.0679240892284,96
2024-09-20 12:38:45.925,428.0575481880385,5
2024-09-20 12:38:45.931,42.80536082481705,97
2024-09-20 12:38:45.978,428.0656466194581,95
2024-09-20 12:38:46.488,428.08516306873,95
2024-09-20 12:38:46.509,428.07100166999936,105
2024-09-20 12:38:46.746,428.0712968504812,1002
2024-09-20 12:38:46.823,428.0774488673891,7
2024-09-20 12:38:46.954,428.0828391005178,105
2024-09-20 12:38:47.017,428.08007240864026,1001
2024-09-20 12:38:47.027,428.0563540713657,999
2024-09-20 12:38:47.096,428.0806125525151,1004
2024-09-20 12:38:47.111,428.0777875588505,103
2024-09-20 12:38:47.125,428.0683470289909,9
2024-09-20 12:38:47.135,428.0935144676848,1002
2024-09-20 12:38:47.197,428.0457378464352,8
2024-09-20 12:38:47.234,428.0921523672101,14
2024-09-20 12:38:47.281,428.0598848759273,103
2024-09-20 12:38:47.283,428.0739869907664,998
2024-09-20 12:38:47.299,428.0435521524191,99
2024-09-20 12:38:47.400,428.0920137933678,1002
2024-09-20 12:38:47.425,428.0534802714489,15
2024-09-20 12:38:47.572,428.0987301313665,95
2024-09-20 12:38:47.645,428.0728082338777,98
2024-09-20 12:38:47.703,428.0758791090147,1005
2024-09-20 12:38:47.853,428.0806168771062,1000
2024-09-20 12:38:47.857,428.07627300459154,95
2024-09-20 12:38:47.884,428.1059899861368,1002
2024-09-20 12:38:47.902,428.0754989067093,96
2024-09-20 12:38:47.953,428.0615246139873,9
2024-09-20 12:38:47.954,428.0708880975048,105
2024-09-20 12:38:47.965,428.0655893607972,1000
2024-09-20 12:38:47.984,428.0770259660612,103
2024-09-20 12:38:47.987,428.06439502325,6
2024-09-20 12:38:48.065,428.0839157765722,13
2024-09-20 12:38:48.097,428.1056601106856,98
2024-09-20 12:38:48.291,428.1046051281297,101
2024-09-20 12:38:48.371,428.10443995318,95
2024-09-20 12:38:48.399,428.1175631982553,10
2024-09-20 12:38:48.427,428.1049356036988,104
2024-09-20 12:38:48.508,428.0823087951429,9
2024-09-20 12:38:48.595,428.0967106119934,7
2024-09-20 12:38:48.638,428.0739164438862,102
2024-09-20 12:38:48.691,428.1023646770571,98
2024-09-20 12:38:48.719,428.09539144900936,104
2024-09-20 12:38:48.733,428.0706409655752,100
2024-09-20 12:38:48.888,428.0833617289976,1002
2024-09-20 12:38:48.962,428.086129700373,15
2024-09-20 12:38:48.967,428.0827537699535,101
2024-09-20 12:38:49.002,428.10147580024034,102
2024-09-20 12:38:49.108,428.0622471637857,7
2024-09-20 12:38:49.188,428.0807783915936,8
2024-09-20 12:38:49.194,428.0947402909798,100
2024-09-20 12:38:49.295,428.10350806178224,8
2024-09-20 12:38:49.321,428.07554989093023,14
2024-09-20 12:38:49.328,428.10926445348815,995
2024-09-20 12:38:49.355,428.0701013201167,99
2024-09-20 12:38:49.367,428.1167314358276,13
2024-09-20 12:38:49.378,428.0919170463828,105
2024-09-20 12:38:49.387,428.0807145023867,13
2024-09-20 12:38:49.434,428.0983804699911,13
2024-09-20 12:38:49.562,428.07505454893095,102
2024-09-20 12:38:49.590,428.0980909099978,998
2024-09-20 12:38:49.602,428.0908820591477,11
2024-09-20 12:38:49.642,428.098970452888,97
2024-09-20 12:38:49.776,428.0786820525093,14
2024-09-20 12:38:49.797,428.0809590060795,6
2024-09-20 12:38:49.820,428.0939892018803,98
2024-09-20 12:38:49.834,428.0870222483529,15
2024-09-20 12:38:49.911,428.06649257653066,9
2024-09-20 12:38:50.007,428.1128075674772,104
2024-09-20 12:38:50.008,428.1245258228752,10
2024-09-20 12:38:50.089,428.0908273996496,6
2024-09-20 12:38:50.102,428.1313025014693,999
2024-09-20 12:38:50.134,428.1153064338476,15
2024-09-20 12:38:50.181,428.0965974763632,998
2024-09-20 12:38:50.186,428.1151235048857,11
2024-09-20 12:38:50.193,428.1393062503756,101
2024-09-20 12:38:50.324,428.11042863712527,6
2024-09-20 12:38:50.326,428.1337280933337,6
2024-09-20 12:38:50.396,428.1164552819118,105
2024-09-20 12:38:50.475,428.1221504872564,98
2024-09-20 12:38:50.503,428.1105367701414,1003
2024-09-20 12:38:50.508,428.0994866704882,999
2024-09-20 12:38:50.572,428.1030402356763,99
2024-09-20 12:38:50.696,428.1172673995231,95
2024-09-20 12:38:50.856,428.1053777959641,15
2024-09-20 12:38:50.964,428.1362099958492,12
2024-09-20 12:38:51.012,428.08560536157256,999
2024-09-20 12:38:51.024,428.0828532061318,98
2024-09-20 12:38:51.042,428.1219481714159,103
2024-09-20 12:38:51.222,428.096243364753,1000
2024-09-20 12:38:51.222,428.09956919297497,999
2024-09-20 12:38:51.330,428.09926881118025,997
2024-09-20 12:38:51.660,428.1042511407721,99
2024-09-20 12:38:51.813,428.0885328023319,995
2024-09-20 12:38:52.051,428.1265544345482,97
2024-09-20 12:38:52.057,428.12471216441054,101
2024-09-20 12:38:52.067,428.1035585783847,1001
2024-09-20 12:38:52.077,428.1201116624541,102
2024-09-20 12:38:52.203,-428.103526102025,12
2024-09-20 12:38:52.267,428.1377870955116,100
2024-09-20 12:38:52.345,428.1201175686997,13
2024-09-20 12:38:52.358,428.1117047823973,1001
2024-09-20 12:38:52.477,428.1084703736763,96
2024-09-20 12:38:52.517,428.1196498499768,1004
2024-09-20 12:38:52.550,428.14095610034536,11
2024-09-20 12:38:52.560,428.1128415435491,996
2024-09-20 12:38:52.565,428.1309998357836,105
2024-09-20 12:38:52.575,428.1042085990688,998
2024-09-20 12:38:52.598,428.11174042125054,96
2024-09-20 12:38:52.620,428.1310606212254,13
2024-09-20 12:38:52.796,428.1057120767629,12
2024-09-20 12:38:52.837,428.1251822855696,1004
2024-09-20 12:38:52.864,428.1047421383251,7
2024-09-20 12:38:54.069,428.1389431869911,995
2024-09-20 12:38:54.124,428.1085580260586,13
2024-09-20 12:38:54.174,428.1406248616702,15
2024-09-20 12:38:54.221,428.1051094902775,998
2024-09-20 12:38:54.278,428.1001194225089,102
2024-09-20 12:38:54.280,428.09379868067066,10
2024-09-20 12:38:54.397,428.0892237587376,1005
2024-09-20 12:38:54.439,428.11393780213393,103
2024-09-20 12:38:54.505,428.1485724201398,998
2024-09-20 12:38:54.528,428.1520146067494,100
2024-09-20 12:38:54.537,428.13685120078543,5
2024-09-20 12:38:54.646,428.15503078895694,105
2024-09-20 12:38:54.696,428.1616088916227,105
2024-09-20 12:38:54.705,428.12531123954034,9
2024-09-20 12:38:54.805,428.131314377603,102
2024-09-20 12:38:54.950,428.1476052615426,104
2024-09-20 12:38:54.970,428.1037264258547,104
2024-09-20 12:38:55.077,428.125995770886,1002
2024-09-20 12:38:55.102,428.10460235892543,9
2024-09-20 12:38:55.131,428.156281812359,14
2024-09-20 12:38:55.142,428.1371359428431,103
2024-09-20 12:38:55.160,428.1520716404117,103
2024-09-20 12:38:55.162,428.1255154274511,1004
2024-09-20 12:38:55.189,428.11596388202094,5
2024-09-20 12:38:55.242,428.119121441474,7
2024-09-20 12:38:55.245,428.1289925810205,1002
2024-09-20 12:38:55.288,428.1324890757067,7
2024-09-20 12:38:55.321,428.1413510765383,1000
2024-09-20 12:38:55.536,428.1299551536197,101
2024-09-20 12:38:55.589,428.15343156061897,1001
2024-09-20 12:38:55.613,428.1287387624066,105
2024-09-20 12:38:55.657,428.14363069739073,8
2024-09-20 12:38:55.713,428.14678337099343,12
2024-09-20 12:38:55.729,428.1509628718245,8
2024-09-20 12:38:55.901,428.1630753385892,101
2024-09-20 12:38:55.907,428.132838833896,5
2024-09-20 12:38:55.966,428.1225272041813,10
2024-09-20 12:38:56.129,-428.0837338964954,13
2024-09-20 12:38:56.178,428.08295261755273,97
2024-09-20 12:38:56.294,428.0934150561436,12
2024-09-20 12:38:56.369,428.0637565511203,97
2024-09-20 12:38:56.401,428.1072061174572,10
2024-09-20 12:38:56.449,428.07306155715446,12
2024-09-20 12:38:56.548,428.10137874271487,103
2024-09-20 12:38:56.557,428.0717769169894,11
2024-09-20 12:38:56.573,428.0767462689499,1002
2024-09-20 12:38:56.827,428.07736319545046,1002
2024-09-20 12:38:56.883,428.07509802963534,9
2024-09-20 12:38:56.917,428.0845948495607,105
2024-09-20 12:38:56.955,428.07531608217874,101
2024-09-20 12:38:57.119,428.08952938139447,15
2024-09-20 12:38:57.151,428.0910879188366,95
2024-09-20 12:38:57.171,428.068126399318,97
2024-09-20 12:38:57.191,428.1026345214412,104
2024-09-20 12:38:57.258,428.0977384228857,6
2024-09-20 12:38:57.313,,98
2024-09-20 12:38:57.534,428.0744975851835,12
2024-09-20 12:38:57.655,428.0921477705581,95
2024-09-20 12:38:57.734,428.0872471775447,1004
2024-09-20 12:38:57.953,428.0833747383147,1004
2024-09-20 12:38:57.967,428.1060999579844,7
2024-09-20 12:38:57.991,428.0714919175977,98
2024-09-20 12:38:58.151,428.1320906787656,98
2024-09-20 12:38:58.186,428.1603954016352,98
2024-09-20 12:38:58.288,428.128014708771,6
2024-09-20 12:38:58.361,428.1489561970349,99
2024-09-20 12:38:58.375,428.1770117658649,103
2024-09-20 12:38:58.806,428.1733584457516,11
2024-09-20 12:38:58.863,428.1412237786304,997
2024-09-20 12:38:59.000,428.1756965872735,12
2024-09-20 12:38:59.052,428.2077691400422,5
2024-09-20 12:38:59.059,428.1749113218463,103
2024-09-20 12:38:59.139,42.81912431162096,9
2024-09-20 12:38:59.210,428.1908690750757,998
2024-09-20 12:38:59.223,428.1876697315857,101
2024-09-20 12:38:59.242,428.201743785302,96
2024-09-20 12:38:59.242,428.1417111576058,101
2024-09-20 12:38:59.252,428.18999384541576,7
2024-09-20 12:38:59.369,428.1820331456965,996
2024-09-20 12:38:59.410,428.1756375354352,6
2024-09-20 12:38:59.448,428.2099878748725,12
2024-09-20 12:38:59.520,428.1683397575352,10
2024-09-20 12:38:59.522,428.1797586479241,997
2024-09-20 12:38:59.556,428.18964202154456,101
2024-09-20 12:38:59.583,428.1972699038679,996
2024-09-20 12:38:59.657,428.1476562849863,97
2024-09-20 12:38:59.772,428.1724529018463,12
2024-09-20 12:38:59.813,428.18876005361545,105
2024-09-20 12:38:59.826,428.1852049121294,1004
2024-09-20 12:38:59.837,42.81737811537199,9
2024-09-20 12:38:59.944,428.1870240043208,996
