Timestamp,Price,Size
2024-09-20 15:26:00.043,429.3163086332011,999
2024-09-20 15:26:00.048,429.2455564311964,104
2024-09-20 15:26:00.116,429.2972650695697,996
2024-09-20 15:26:00.237,429.2980714950015,104
2024-09-20 15:26:00.255,429.2306851409135,1001
2024-09-20 15:26:00.267,429.22849555564073,1002
2024-09-20 15:26:00.280,429.27883278931256,995
2024-09-20 15:26:00.421,429.2487599130365,1004
2024-09-20 15:26:00.466,429.2393758239191,1002
2024-09-20 15:26:00.485,429.3033057934871,997
2024-09-20 15:26:00.521,429.2334191160003,97
2024-09-20 15:26:00.693,429.31409574469006,7
2024-09-20 15:26:00.697,429.3061156778705,998
2024-09-20 15:26:00.699,429.3338171111376,101
2024-09-20 15:26:00.761,429.3060105551823,1003
2024-09-20 15:26:00.812,429.23964399906873,96
2024-09-20 15:26:00.857,429.3129909696656,12
2024-09-20 15:26:00.886,429.2563892503708,8
2024-09-20 15:26:00.905,429.3107185020053,997
2024-09-20 15:26:00.949,429.2376859864237,12
2024-09-20 15:26:00.974,429.2224891699766,95
2024-09-20 15:26:00.985,429.2847103993267,97
2024-09-20 15:26:01.007,429.2879428745557,1004
2024-09-20 15:26:01.051,429.3372653723078,98
2024-09-20 15:26:01.078,429.3521427118276,10
2024-09-20 15:26:01.090,429.2942029270103,999
2024-09-20 15:26:01.105,429.3366089526026,1002
2024-09-20 15:26:01.186,429.3147780220474,105
2024-09-20 15:26:01.215,429.2649419341609,10
2024-09-20 15:26:01.296,429.3036086223357,996
2024-09-20 15:26:01.377,429.285212215914,7
2024-09-20 15:26:01.392,429.287885704568,97
2024-09-20 15:26:01.532,429.3368479120616,102
2024-09-20 15:26:01.539,429.3546607724674,101
2024-09-20 15:26:01.539,429.3428900772509,998
2024-09-20 15:26:01.549,429.281675767705,12
2024-09-20 15:26:01.590,429.3039324094125,101
2024-09-20 15:26:01.624,429.27388461369736,1002
2024-09-20 15:26:01.643,429.3382238497707,997
2024-09-20 15:26:01.726,429.2692994223989,12
2024-09-20 15:26:01.758,429.2879078735813,1004
2024-09-20 15:26:01.781,429.3414863610721,99
2024-09-20 15:26:01.828,429.2649992084893,1005
2024-09-20 15:26:01.852,429.27679861673033,1004
2024-09-20 15:26:01.865,423.8575980185835,13
2024-09-20 15:26:01.907,429.3407649518401,100
2024-09-20 15:26:01.912,429.29277726364086,1001
2024-09-20 15:26:01.934,429.2552911638549,97
2024-09-20 15:26:02.174,429.2862913580378,15
2024-09-20 15:26:02.330,429.24072944853015,11
2024-09-20 15:26:02.463,429.2717970920087,12
2024-09-20 15:26:02.464,429.260339098146,104
2024-09-20 15:26:02.469,-429.2764588031724,8
2024-09-20 15:26:02.481,429.2740757545928,1002
2024-09-20 15:26:02.519,429.2810044270523,97
2024-09-20 15:26:02.546,429.2790524402384,7
2024-09-20 15:26:02.697,429.2913945236513,104
2024-09-20 15:26:03.131,429.230182717797,1004
2024-09-20 15:26:03.387,429.2643443183962,103
2024-09-20 15:26:03.418,429.22860155002246,102
2024-09-20 15:26:03.940,429.2776443612682,96
2024-09-20 15:26:04.078,429.31382752038655,101
2024-09-20 15:26:04.430,429.3284605792532,1000
2024-09-20 15:26:04.602,429.3192917552403,101
2024-09-20 15:26:05.035,429.3310966978186,102
2024-09-20 15:26:05.059,429.3156575932647,99
2024-09-20 15:26:05.078,429.3034323647339,14
2024-09-20 15:26:05.110,429.3190962272243,8
2024-09-20 15:26:05.145,429.33707150890297,15
2024-09-20 15:26:05.165,429.3342956130799,102
2024-09-20 15:26:05.186,429.3091499167952,95
2024-09-20 15:26:05.188,429.3295970592872,10
2024-09-20 15:26:05.190,429.3443879638953,98
2024-09-20 15:26:05.247,429.3300212492911,105
2024-09-20 15:26:05.386,429.3174810420376,14
2024-09-20 15:26:05.418,42.93387377933897,5
2024-09-20 15:26:05.472,429.3418319712386,104
2024-09-20 15:26:05.496,429.334279222383,996
2024-09-20 15:26:05.514,429.3429699459605,96
2024-09-20 15:26:05.567,429.3368766671328,98
2024-09-20 15:26:05.652,429.3257736693064,100
2024-09-20 15:26:05.659,429.358509418216,101
2024-09-20 15:26:05.665,429.31504723907295,5
2024-09-20 15:26:05.748,429.31946480208313,1001
2024-09-20 15:26:05.851,429.31715261442673,1002
2024-09-20 15:26:05.908,429.3028590601698,1005
2024-09-20 15:26:06.271,429.328135407245,1002
2024-09-20 15:26:06.336,429.3421650938415,97
2024-09-20 15:26:06.470,429.3018748801466,1002
2024-09-20 15:26:06.682,429.32961778861295,1002
2024-09-20 15:26:06.684,429.2976720978029,1005
2024-09-20 15:26:06.776,429.3254926411323,100
2024-09-20 15:26:06.814,429.31104917498953,5
2024-09-20 15:26:07.131,429.31870568452814,999
2024-09-20 15:26:07.271,429.35038589839536,998
2024-09-20 15:26:07.318,429.3486396966511,997
2024-09-20 15:26:07.366,429.3079781289872,96
2024-09-20 15:26:07.507,429.3269100198886,999
2024-09-20 15:26:07.536,429.346410502222,13
2024-09-20 15:26:07.566,429.3155745114912,997
2024-09-20 15:26:07.571,429.3249685203131,9
2024-09-20 15:26:07.602,429.3701492202735,999
2024-09-20 15:26:07.696,429.3207511817748,99
2024-09-20 15:26:07.748,429.3298555340074,15
2024-09-20 15:26:07.913,429.296007561724,15
2024-09-20 15:26:07.916,429.37822754665774,1005
2024-09-20 15:26:08.129,429.2453547373294,1003
2024-09-20 15:26:08.142,429.2617931314939,102
2024-09-20 15:26:08.163,429.2787519726862,100
2024-09-20 15:26:08.216,429.2693747447889,1000
2024-09-20 15:26:08.236,429.2933616455988,9
2024-09-20 15:26:08.260,429.2858017978602,6
2024-09-20 15:26:08.324,429.2647562601179,104
2024-09-20 15:26:08.342,429.2707362212292,1004
2024-09-20 15:26:08.354,429.3059443217842,12
2024-09-20 15:26:08.393,429.28168031313606,1003
2024-09-20 15:26:08.422,429.3140587952816,102
2024-09-20 15:26:08.432,429.3152393065166,101
2024-09-20 15:26:08.533,429.2732864393381,995
2024-09-20 15:26:08.538,429.26683946738666,1001
2024-09-20 15:26:08.547,,101
2024-09-20 15:26:08.681,429.2472250837472,5
2024-09-20 15:26:08.742,429.2413017746221,100
2024-09-20 15:26:08.860,429.2467817285102,98
2024-09-20 15:26:08.877,429.3170264309516,1001
2024-09-20 15:26:08.932,429.3058373266412,995
2024-09-20 15:26:08.954,429.25268924442975,103
2024-09-20 15:26:08.965,429.2569536423631,1000
2024-09-20 15:26:08.993,429.29253463145545,13
2024-09-20 15:26:09.033,429.1189762433571,9
2024-09-20 15:26:09.054,429.12995417448855,97
2024-09-20 15:26:09.151,429.1185295250754,96
2024-09-20 15:26:09.225,429.1695361439287,1002
2024-09-20 15:26:09.478,429.229804934661,105
2024-09-20 15:26:09.502,429.1483434486264,1001
2024-09-20 15:26:09.509,429.1261775167787,5
2024-09-20 15:26:09.536,429.2161477624724,99
2024-09-20 15:26:09.545,429.1356249088215,10
2024-09-20 15:26:09.574,429.1461401305476,10
2024-09-20 15:26:09.632,429.1388047933544,998
2024-09-20 15:26:09.665,429.2059283606303,98
2024-09-20 15:26:09.680,429.1296543220832,103
2024-09-20 15:26:09.694,429.1609365905623,101
2024-09-20 15:26:09.702,429.1127368249629,7
2024-09-20 15:26:09.704,429.16170440484274,995
2024-09-20 15:26:09.757,429.0923426840585,104
2024-09-20 15:26:09.772,429.1430130011898,99
2024-09-20 15:26:09.774,429.1926978275562,10
2024-09-20 15:26:09.810,429.23913730918105,1004
2024-09-20 15:26:09.878,429.2268968833355,1001
2024-09-20 15:26:09.926,429.1146858384127,1002
2024-09-20 15:26:10.030,429.1570272359485,1000
2024-09-20 15:26:10.060,429.152178220764,998
2024-09-20 15:26:10.093,429.1754521461282,5
2024-09-20 15:26:10.168,429.144539481486,1004
2024-09-20 15:26:10.192,429.17204981706345,104
2024-09-20 15:26:10.243,42.37955129630246,1005
2024-09-20 15:26:10.267,429.1785476827117,6
2024-09-20 15:26:10.275,429.16717854997,1004
2024-09-20 15:26:10.683,429.1684137035913,12
2024-09-20 15:26:10.739,429.1601118520272,15
2024-09-20 15:26:10.740,429.1784423224068,105
2024-09-20 15:26:10.766,429.1692998158245,97
2024-09-20 15:26:10.780,429.1568166145241,95
2024-09-20 15:26:10.782,429.1799177440224,9
2024-09-20 15:26:10.787,429.17429496177016,98
2024-09-20 15:26:10.885,429.1588877072675,1005
2024-09-20 15:26:10.936,429.1566736524912,98
2024-09-20 15:26:10.985,429.1810165036548,96
2024-09-20 15:26:11.053,429.20508548328655,104
2024-09-20 15:26:11.148,429.21116003671386,15
2024-09-20 15:26:11.364,429.21263708355065,100
2024-09-20 15:26:11.370,429.2362480722848,15
2024-09-20 15:26:11.478,429.2026233098116,1000
2024-09-20 15:26:11.615,429.2453516665095,5
2024-09-20 15:26:11.731,429.1988350273489,97
2024-09-20 15:26:12.165,429.23596584962615,996
2024-09-20 15:26:12.266,429.2266312706009,6
2024-09-20 15:26:12.788,429.2280871567468,1000
2024-09-20 15:26:12.969,429.245417268233,996
2024-09-20 15:26:13.057,429.1478441013517,998
2024-09-20 15:26:13.167,429.1606241366574,5
2024-09-20 15:26:13.249,429.16098966550527,99
2024-09-20 15:26:13.270,429.1499759967702,95
2024-09-20 15:26:13.298,423.7970198254599,6
2024-09-20 15:26:13.347,429.1784437189625,10
2024-09-20 15:26:13.433,429.1607098678489,12
2024-09-20 15:26:13.465,429.1647902497724,96
2024-09-20 15:26:13.658,429.16131747631135,11
2024-09-20 15:26:13.662,429.15800625437305,12
2024-09-20 15:26:13.674,429.1712339674976,1004
2024-09-20 15:26:13.682,429.15742708094297,998
2024-09-20 15:26:13.821,429.2139279208311,10
2024-09-20 15:26:13.927,429.18399210723976,1005
2024-09-20 15:26:14.095,429.1149780908167,10
2024-09-20 15:26:14.129,429.1195662565246,1005
2024-09-20 15:26:14.172,429.1506531439752,1000
2024-09-20 15:26:14.239,429.1129923822763,6
2024-09-20 15:26:14.270,429.0757987244053,103
2024-09-20 15:26:14.331,429.1124612357606,1000
2024-09-20 15:26:14.467,429.0827900149623,13
2024-09-20 15:26:14.475,429.0912113708039,5
2024-09-20 15:26:14.481,429.15231486940047,96
2024-09-20 15:26:14.502,429.06732857700416,99
2024-09-20 15:26:14.509,429.0875747447579,1000
2024-09-20 15:26:14.676,429.0887804776988,1003
2024-09-20 15:26:14.677,429.06895591350656,14
2024-09-20 15:26:14.694,429.0718214184515,1004
2024-09-20 15:26:14.695,429.0806534462215,101
2024-09-20 15:26:14.736,423.78063668525016,103
2024-09-20 15:26:14.749,429.12304048416536,13
2024-09-20 15:26:14.789,429.1208155337427,999
2024-09-20 15:26:14.813,429.0844235410654,10
2024-09-20 15:26:14.840,429.0694345587354,7
2024-09-20 15:26:14.843,429.0981166275645,1005
2024-09-20 15:26:14.895,429.0968446042269,98
2024-09-20 15:26:14.972,429.0980386835612,98
2024-09-20 15:26:14.991,429.1389905597619,99
2024-09-20 15:26:14.995,429.1146394610076,101
2024-09-20 15:26:15.079,428.999579557354,7
2024-09-20 15:26:15.138,428.9617798111185,1005
2024-09-20 15:26:15.206,428.9470987038702,98
2024-09-20 15:26:15.245,428.9704595454485,5
2024-09-20 15:26:15.248,428.9510401252101,12
2024-09-20 15:26:15.253,428.92358564322655,15
2024-09-20 15:26:15.283,429.0742112609167,103
2024-09-20 15:26:15.316,428.9980052722879,1003
2024-09-20 15:26:15.355,428.9208752578266,104
2024-09-20 15:26:15.355,428.9578694683461,1003
2024-09-20 15:26:15.406,428.9970835836372,100
2024-09-20 15:26:15.427,429.0344412008524,996
2024-09-20 15:26:15.496,428.9907976953689,1003
2024-09-20 15:26:15.550,428.9669649162222,103
2024-09-20 15:26:15.554,428.9724383234383,9
2024-09-20 15:26:15.620,429.0634103544226,1004
2024-09-20 15:26:15.679,428.9679016011336,996
2024-09-20 15:26:15.809,428.9295891169771,9
2024-09-20 15:26:15.867,428.9954738943595,13
2024-09-20 15:26:15.933,429.024677543701,97
2024-09-20 15:26:15.985,429.0801299340503,14
2024-09-20 15:26:16.091,428.9463943013667,6
2024-09-20 15:26:16.100,428.9453216715109,1000
2024-09-20 15:26:16.155,428.9319540467172,14
2024-09-20 15:26:16.326,,10
2024-09-20 15:26:16.332,428.95453367274894,998
2024-09-20 15:26:16.378,428.9695340145922,96
2024-09-20 15:26:16.601,428.97140602383206,96
2024-09-20 15:26:16.658,428.96868704209663,7
2024-09-20 15:26:16.719,428.9356286209306,10
2024-09-20 15:26:16.924,428.9587918867875,7
2024-09-20 15:26:16.935,428.9673994835852,100
2024-09-20 15:26:16.943,428.9700175154479,1001
2024-09-20 15:26:16.944,428.97299139741153,12
2024-09-20 15:26:17.009,,96
2024-09-20 15:26:17.012,428.97419416528805,1002
2024-09-20 15:26:17.141,429.0115070103368,997
2024-09-20 15:26:17.172,429.0115249050763,9
2024-09-20 15:26:17.188,428.9919273612717,1005
2024-09-20 15:26:17.200,42.90044028415017,101
2024-09-20 15:26:17.255,429.0155355239883,1003
2024-09-20 15:26:17.305,429.0052327686951,102
2024-09-20 15:26:17.313,428.9956409234053,7
2024-09-20 15:26:17.374,429.01458218011146,1002
2024-09-20 15:26:17.402,428.9875484776901,101
2024-09-20 15:26:17.408,428.9828789754418,102
2024-09-20 15:26:17.428,429.0103309341395,101
2024-09-20 15:26:17.432,429.043572778442,14
2024-09-20 15:26:17.695,429.017470350648,995
2024-09-20 15:26:17.865,428.9897899696997,1004
2024-09-20 15:26:17.891,428.990313806978,7
2024-09-20 15:26:17.959,428.9892557841747,95
2024-09-20 15:26:17.984,428.99469389377896,1001
2024-09-20 15:26:18.010,429.05089434486354,12
2024-09-20 15:26:18.069,429.06398032802207,9
2024-09-20 15:26:18.164,429.04961506065575,1005
2024-09-20 15:26:18.309,429.03379630759935,5
2024-09-20 15:26:18.407,429.0410196782927,12
2024-09-20 15:26:18.434,429.0380436990966,103
2024-09-20 15:26:18.455,429.0511464000566,102
2024-09-20 15:26:18.476,429.03191779314176,8
2024-09-20 15:26:18.569,429.0618133238888,996
2024-09-20 15:26:18.649,429.0420923743623,997
2024-09-20 15:26:18.669,429.0458233689132,1000
2024-09-20 15:26:18.680,429.0720643955634,9
2024-09-20 15:26:18.729,429.0675946448972,102
2024-09-20 15:26:18.748,,996
2024-09-20 15:26:18.793,429.05477495504056,998
2024-09-20 15:26:18.842,429.0395567620942,11
2024-09-20 15:26:18.871,429.03758771541226,7
2024-09-20 15:26:18.890,429.0351987125502,8
2024-09-20 15:26:18.911,429.0436594703127,1004
2024-09-20 15:26:18.961,429.0355681278829,101
2024-09-20 15:26:18.973,429.0371314494979,996
2024-09-20 15:26:18.985,429.0553022365306,1003
2024-09-20 15:26:18.987,429.0531761238289,998
2024-09-20 15:26:19.074,428.99923273911327,15
2024-09-20 15:26:19.146,429.0488670622445,102
2024-09-20 15:26:19.146,428.9791570539542,101
2024-09-20 15:26:19.177,428.9853511756909,11
2024-09-20 15:26:19.279,428.9808428921856,11
2024-09-20 15:26:19.298,428.9862552099504,10
2024-09-20 15:26:19.455,429.022155861568,10
2024-09-20 15:26:19.599,428.99652116234114,1000
2024-09-20 15:26:19.627,429.0072418679442,5
2024-09-20 15:26:19.630,429.0225098504733,105
2024-09-20 15:26:19.660,429.0226610665175,995
2024-09-20 15:26:19.734,429.00833193412205,1005
2024-09-20 15:26:19.739,429.00737248731065,1001
2024-09-20 15:26:19.809,429.0127563362004,9
2024-09-20 15:26:19.836,429.0286228406098,97
2024-09-20 15:26:19.910,428.9746242153301,1003
2024-09-20 15:26:20.400,428.99174844775047,95
2024-09-20 15:26:20.416,428.9914638057143,10
2024-09-20 15:26:20.598,429.0084786446163,97
2024-09-20 15:26:21.006,428.9580932319531,97
2024-09-20 15:26:21.037,428.9778049234786,103
2024-09-20 15:26:21.052,428.9485729362984,6
2024-09-20 15:26:21.081,428.9020783831462,8
2024-09-20 15:26:21.088,428.9288442712299,12
2024-09-20 15:26:21.166,428.95199490850376,15
2024-09-20 15:26:21.196,428.9314618135743,105
2024-09-20 15:26:21.216,428.9025857165437,1000
2024-09-20 15:26:21.220,428.875374701854,1005
2024-09-20 15:26:21.241,428.9751567262538,997
2024-09-20 15:26:21.288,428.9347369952727,11
2024-09-20 15:26:21.380,428.9287760450105,995
2024-09-20 15:26:21.389,428.8833230664959,998
2024-09-20 15:26:21.448,428.9392258231112,103
2024-09-20 15:26:21.450,428.9395971618813,6
2024-09-20 15:26:21.463,428.8773162975105,1000
2024-09-20 15:26:21.565,428.97507932342006,7
2024-09-20 15:26:21.592,428.92542660083205,8
2024-09-20 15:26:21.593,428.96042891414425,100
2024-09-20 15:26:21.731,428.90508878244736,12
2024-09-20 15:26:21.836,428.889537947337,97
2024-09-20 15:26:21.864,428.8698082909517,15
2024-09-20 15:26:21.891,428.924222192769,5
2024-09-20 15:26:21.921,428.8847446675215,1001
2024-09-20 15:26:21.955,428.8647085976627,12
2024-09-20 15:26:21.971,428.9723410717539,96
2024-09-20 15:26:22.001,428.9221940168461,103
2024-09-20 15:26:22.012,428.92658057706,996
2024-09-20 15:26:22.057,428.91419885483737,1005
2024-09-20 15:26:22.079,428.8740681260581,5
2024-09-20 15:26:22.083,428.9152296306103,103
2024-09-20 15:26:22.133,428.90287517463776,8
2024-09-20 15:26:22.143,428.9197819703035,1001
2024-09-20 15:26:22.154,428.93034606217657,1000
2024-09-20 15:26:22.196,428.927300375837,996
2024-09-20 15:26:22.323,428.8986349540367,999
2024-09-20 15:26:22.342,428.8988927081991,99
2024-09-20 15:26:22.397,428.923545712203,6
2024-09-20 15:26:22.486,428.89460414193246,1003
2024-09-20 15:26:22.661,428.9011843226499,14
2024-09-20 15:26:22.750,428.9260261112609,15
2024-09-20 15:26:22.849,428.9154861114883,9
2024-09-20 15:26:22.865,428.9128214068967,10
2024-09-20 15:26:22.953,428.935793428446,1003
2024-09-20 15:26:23.095,428.9644454487245,105
2024-09-20 15:26:23.109,428.9543825083261,8
2024-09-20 15:26:23.155,428.98168088849127,101
2024-09-20 15:26:23.156,428.9266275861413,102
2024-09-20 15:26:23.172,428.9684460835227,1004
2024-09-20 15:26:23.270,428.9226672380984,105
2024-09-20 15:26:23.307,428.94661163433,96
2024-09-20 15:26:23.500,428.94249132321056,996
2024-09-20 15:26:23.585,428.9738442016156,101
2024-09-20 15:26:23.629,428.95080660530806,102
2024-09-20 15:26:23.699,428.9303492768806,105
2024-09-20 15:26:23.714,428.9627020130618,96
2024-09-20 15:26:23.731,428.9398524649216,10
2024-09-20 15:26:23.734,428.9450884923973,99
2024-09-20 15:26:23.780,428.95410713405727,14
2024-09-20 15:26:23.793,428.9557919781205,1005
2024-09-20 15:26:23.877,428.95224118106927,101
2024-09-20 15:26:23.935,428.9713799798601,1001
2024-09-20 15:26:23.971,428.9462662063896,1004
2024-09-20 15:26:24.003,428.9750557613381,95
2024-09-20 15:26:24.112,428.9516011373014,12
2024-09-20 15:26:24.114,428.9816996919061,8
2024-09-20 15:26:24.167,428.9622988723974,999
2024-09-20 15:26:24.305,428.9719149121553,95
2024-09-20 15:26:24.371,428.96952791042617,995
2024-09-20 15:26:24.422,428.96563110645616,97
2024-09-20 15:26:24.733,428.9538801584407,1003
2024-09-20 15:26:24.758,428.978551542504,102
2024-09-20 15:26:24.796,428.95510273237335,97
2024-09-20 15:26:24.898,428.9558281022945,10
2024-09-20 15:26:24.932,428.9757030999209,1004
2024-09-20 15:26:25.118,428.9373138865714,105
2024-09-20 15:26:25.208,428.9747420559314,1001
2024-09-20 15:26:25.356,428.9541157629784,100
2024-09-20 15:26:25.357,428.9637110667897,997
2024-09-20 15:26:25.461,428.942426497834,995
2024-09-20 15:26:25.644,428.947320905272,11
2024-09-20 15:26:25.681,428.9469678197799,99
2024-09-20 15:26:25.733,428.9483709457695,1005
2024-09-20 15:26:25.737,428.9584344905581,5
2024-09-20 15:26:25.771,428.9606789860252,11
2024-09-20 15:26:25.800,428.96276567366857,10
2024-09-20 15:26:25.841,428.9448367381419,999
2024-09-20 15:26:25.930,428.9684311041245,1000
2024-09-20 15:26:25.969,428.9484132902999,998
2024-09-20 15:26:26.313,428.9325233883271,1002
2024-09-20 15:26:26.370,428.9412337845291,1004
2024-09-20 15:26:26.417,428.9435730409996,101
2024-09-20 15:26:26.433,428.9617293680852,12
2024-09-20 15:26:26.471,428.9282300739965,995
2024-09-20 15:26:26.550,428.944560055541,101
2024-09-20 15:26:26.637,428.93881212554913,1005
2024-09-20 15:26:26.993,428.94364928871056,11
2024-09-20 15:26:27.047,428.927924492424,12
2024-09-20 15:26:27.109,428.9088471348111,997
2024-09-20 15:26:27.154,428.9597592510928,9
2024-09-20 15:26:27.368,428.9410258269628,13
2024-09-20 15:26:27.431,428.8891290234855,99
2024-09-20 15:26:27.443,428.93099786864366,5
2024-09-20 15:26:27.481,428.93097235079847,999
2024-09-20 15:26:27.641,428.91487395730616,103
2024-09-20 15:26:27.652,428.9243944579698,14
2024-09-20 15:26:27.675,428.8904567312007,15
2024-09-20 15:26:27.713,428.9541936897393,996
2024-09-20 15:26:27.736,428.897461331788,95
2024-09-20 15:26:27.744,428.90544872153697,9
2024-09-20 15:26:27.755,428.9065421266883,997
2024-09-20 15:26:27.926,428.9134523090565,97
2024-09-20 15:26:28.241,428.9271798729135,14
2024-09-20 15:26:28.998,428.9091493770233,8
2024-09-20 15:26:29.114,428.9452178488916,102
2024-09-20 15:26:29.217,428.9538957746442,1004
2024-09-20 15:26:29.340,428.9663587717598,1003
2024-09-20 15:26:29.446,428.94585947881313,1001
2024-09-20 15:26:29.544,428.9557531807101,14
2024-09-20 15:26:29.846,428.9428463347202,95
2024-09-20 15:26:29.927,428.9348185188976,995
2024-09-20 15:26:29.936,428.93100772201785,103
2024-09-20 15:26:30.017,429.03189908956887,11
2024-09-20 15:26:30.032,429.0186944918968,97
2024-09-20 15:26:30.067,429.0281043664531,15
2024-09-20 15:26:30.073,429.0047692240837,1003
2024-09-20 15:26:30.115,429.0401662341749,8
2024-09-20 15:26:30.155,429.00945984609695,9
2024-09-20 15:26:30.172,428.9960768354167,5
2024-09-20 15:26:30.223,429.0208913054357,101
2024-09-20 15:26:30.427,429.00194329736223,999
2024-09-20 15:26:30.435,429.00469030070224,100
2024-09-20 15:26:30.452,429.0237729464744,100
2024-09-20 15:26:30.539,429.0321342970525,101
2024-09-20 15:26:30.551,428.98548033056295,1005
2024-09-20 15:26:30.624,429.0121441501715,13
2024-09-20 15:26:30.634,429.0250136183097,15
2024-09-20 15:26:30.660,429.0301097261501,96
2024-09-20 15:26:30.667,429.0110492740696,995
2024-09-20 15:26:30.686,429.0389532255385,7
2024-09-20 15:26:30.700,429.0049208959299,102
2024-09-20 15:26:30.714,428.9706282940735,7
2024-09-20 15:26:30.732,429.01095117622697,995
2024-09-20 15:26:30.817,429.0212818617569,999
2024-09-20 15:26:30.819,428.999086496592,102
2024-09-20 15:26:30.881,429.0046673369947,103
2024-09-20 15:26:30.910,429.015360012056,100
2024-09-20 15:26:30.915,429.04296328771113,995
2024-09-20 15:26:31.032,428.9883154022176,9
2024-09-20 15:26:31.091,428.9453539083137,96
2024-09-20 15:26:31.114,428.9851311155173,104
2024-09-20 15:26:31.159,428.9461862981536,996
2024-09-20 15:26:31.274,428.9628355296396,95
2024-09-20 15:26:31.281,428.94612100682303,15
2024-09-20 15:26:31.310,428.9793663252474,96
2024-09-20 15:26:31.325,428.9738003743845,1005
2024-09-20 15:26:31.327,423.8150555630299,8
2024-09-20 15:26:31.404,428.94292401979664,99
2024-09-20 15:26:31.479,428.99116425339736,10
2024-09-20 15:26:31.501,428.9440231706225,1002
2024-09-20 15:26:31.513,428.9387791271997,1003
2024-09-20 15:26:31.566,428.93595399393934,102
2024-09-20 15:26:31.577,428.93552645287065,1005
2024-09-20 15:26:31.589,428.9397146245825,1004
2024-09-20 15:26:31.623,428.9866697532843,9
2024-09-20 15:26:31.684,428.9556799632978,995
2024-09-20 15:26:31.720,428.935065528341,9
2024-09-20 15:26:31.809,428.96897753183447,103
2024-09-20 15:26:31.843,428.9727865579752,7
2024-09-20 15:26:31.879,428.9331040105005,998
2024-09-20 15:26:31.907,428.9472309813439,10
2024-09-20 15:26:32.055,429.0215760391661,12
2024-09-20 15:26:32.085,429.0176217901601,8
2024-09-20 15:26:32.134,429.0201890636813,7
2024-09-20 15:26:32.135,429.0069424482951,6
2024-09-20 15:26:32.150,429.0423647875032,10
2024-09-20 15:26:32.154,429.00511155735,7
2024-09-20 15:26:32.346,429.0174781007411,10
2024-09-20 15:26:32.346,429.0245757600805,997
2024-09-20 15:26:32.443,429.0443964734995,99
2024-09-20 15:26:32.479,429.033315765272,8
2024-09-20 15:26:32.490,429.0033971359277,1002
2024-09-20 15:26:32.528,429.0074942095617,995
2024-09-20 15:26:32.598,429.02716681377416,1004
2024-09-20 15:26:32.654,429.0183879325483,997
2024-09-20 15:26:32.698,429.003623441656,96
2024-09-20 15:26:32.715,429.001688274652,997
2024-09-20 15:26:32.726,429.0115196663828,998
2024-09-20 15:26:32.873,428.9956675753322,6
2024-09-20 15:26:32.891,429.0241191831233,1004
2024-09-20 15:26:32.940,429.0061245151179,995
2024-09-20 15:26:33.148,429.0171364003436,12
2024-09-20 15:26:33.317,429.0408791003345,7
2024-09-20 15:26:33.323,429.0256953467589,101
2024-09-20 15:26:33.363,429.053276829682,1001
2024-09-20 15:26:33.647,429.0450409199653,103
2024-09-20 15:26:33.766,429.0524278391871,996
2024-09-20 15:26:33.947,429.0687177202901,12
2024-09-20 15:26:33.958,429.0484397486139,12
2024-09-20 15:26:33.976,429.03229115145695,1001
2024-09-20 15:26:33.993,429.0362435511841,6
2024-09-20 15:26:34.014,429.0366597258289,998
2024-09-20 15:26:34.223,429.0695537432081,7
2024-09-20 15:26:34.260,429.102560213083,6
2024-09-20 15:26:34.300,429.0464050397028,6
2024-09-20 15:26:34.319,429.055049054108,96
2024-09-20 15:26:34.354,429.092982664659,995
2024-09-20 15:26:34.362,429.04177394632256,998
2024-09-20 15:26:34.362,429.0731698575166,97
2024-09-20 15:26:34.412,429.0889774809937,999
2024-09-20 15:26:34.524,429.0337957718961,95
2024-09-20 15:26:34.559,429.0320224464378,1002
2024-09-20 15:26:34.594,429.0251535187684,98
2024-09-20 15:26:34.595,429.097980364814,100
2024-09-20 15:26:34.645,429.0686348920273,1002
2024-09-20 15:26:34.739,429.1001543156685,1004
2024-09-20 15:26:34.740,429.0838881588464,101
2024-09-20 15:26:34.752,429.020994110126,12
2024-09-20 15:26:34.770,429.0313189949995,15
2024-09-20 15:26:34.833,429.048942889926,15
2024-09-20 15:26:34.892,429.0437323487093,5
2024-09-20 15:26:34.907,429.04971575009887,7
2024-09-20 15:26:35.075,429.0832137857374,98
2024-09-20 15:26:35.088,429.0931404112106,105
2024-09-20 15:26:35.126,429.0893526494176,1001
2024-09-20 15:26:35.143,429.0870899279981,102
2024-09-20 15:26:35.199,429.1035239273151,8
2024-09-20 15:26:35.252,429.0714859916201,103
2024-09-20 15:26:35.261,,1005
2024-09-20 15:26:35.281,429.0567934051343,995
2024-09-20 15:26:35.323,429.0866041440207,14
2024-09-20 15:26:35.343,429.1073898604413,98
2024-09-20 15:26:35.375,429.0470783399686,997
2024-09-20 15:26:35.389,429.0857295175881,6
2024-09-20 15:26:35.496,429.10052651504566,97
2024-09-20 15:26:35.558,429.0766356388482,999
2024-09-20 15:26:35.571,429.0710561136994,95
2024-09-20 15:26:35.761,423.8053153457885,102
2024-09-20 15:26:35.791,429.1039328285023,8
2024-09-20 15:26:35.795,429.06097950692265,9
2024-09-20 15:26:35.871,429.0869427489209,998
2024-09-20 15:26:35.937,429.0838509908309,97
2024-09-20 15:26:36.000,429.0178613608522,1001
2024-09-20 15:26:36.111,429.0305431084845,9
2024-09-20 15:26:36.261,428.9944612490977,11
2024-09-20 15:26:36.390,429.02016055047096,105
2024-09-20 15:26:36.411,429.0023287353996,15
2024-09-20 15:26:36.481,429.0930044388343,1001
2024-09-20 15:26:36.499,429.00956802791166,9
2024-09-20 15:26:36.501,429.0017788804405,999
2024-09-20 15:26:36.525,429.078048561265,101
2024-09-20 15:26:36.566,429.0460871332269,7
2024-09-20 15:26:36.602,429.0243149515177,96
2024-09-20 15:26:36.602,429.0216352437058,104
2024-09-20 15:26:36.622,429.0419765903508,105
2024-09-20 15:26:36.671,428.9868534463448,999
2024-09-20 15:26:36.778,429.0046312033027,101
2024-09-20 15:26:36.915,,101
2024-09-20 15:26:36.918,429.0957140347927,995
2024-09-20 15:26:36.937,428.99361373065335,10
2024-09-20 15:26:36.977,429.094247835894,5
2024-09-20 15:26:36.979,42.90258946735624,13
2024-09-20 15:26:37.045,429.0387270740519,1003
2024-09-20 15:26:37.056,429.02660346728464,13
2024-09-20 15:26:37.057,429.0285060411999,996
2024-09-20 15:26:37.095,429.0733246427814,5
2024-09-20 15:26:37.166,428.9876524040462,101
2024-09-20 15:26:37.212,429.07143240860256,996
2024-09-20 15:26:37.325,429.0355084410465,103
2024-09-20 15:26:37.335,429.0305599916617,1004
2024-09-20 15:26:37.440,429.04460215132445,11
2024-09-20 15:26:37.446,429.07542203980586,96
2024-09-20 15:26:37.490,429.080969433268,10
2024-09-20 15:26:37.613,429.01256109463833,104
2024-09-20 15:26:37.708,429.0615680387501,996
2024-09-20 15:26:37.732,429.0152675617828,12
2024-09-20 15:26:37.741,429.06432095765285,999
2024-09-20 15:26:37.746,429.0445164520305,100
2024-09-20 15:26:37.758,429.023967128554,97
2024-09-20 15:26:37.764,429.0520844365013,12
2024-09-20 15:26:37.812,429.0703479038134,1003
2024-09-20 15:26:37.832,429.0273663155029,99
2024-09-20 15:26:37.923,429.0163370427469,95
2024-09-20 15:26:37.960,429.0739993812505,6
2024-09-20 15:26:37.999,429.0782332106092,5
2024-09-20 15:26:38.029,42.90491815244627,995
2024-09-20 15:26:38.079,429.0613760726905,9
2024-09-20 15:26:38.105,429.0442617460428,1003
2024-09-20 15:26:38.343,429.04770186917546,103
2024-09-20 15:26:39.023,429.00546230640464,999
2024-09-20 15:26:39.026,428.927319054704,6
2024-09-20 15:26:39.030,429.03156602909536,96
2024-09-20 15:26:39.132,429.0089840245325,100
2024-09-20 15:26:39.162,429.0485586976009,97
2024-09-20 15:26:39.213,428.9520887938547,10
2024-09-20 15:26:39.255,428.9700173515458,15
2024-09-20 15:26:39.391,428.9929461543982,14
2024-09-20 15:26:39.458,428.9447678135653,997
2024-09-20 15:26:39.518,429.00485000950016,998
2024-09-20 15:26:39.544,429.0313271524015,103
2024-09-20 15:26:39.559,428.8893180511135,1003
2024-09-20 15:26:39.591,42.90521742697579,6
2024-09-20 15:26:39.610,428.9897717029674,1003
2024-09-20 15:26:39.643,429.0078079558359,14
2024-09-20 15:26:39.710,428.9830670143658,999
2024-09-20 15:26:39.734,428.98099292114335,101
2024-09-20 15:26:39.743,429.0588628515789,102
2024-09-20 15:26:39.826,428.9620842645512,104
2024-09-20 15:26:39.831,428.9685630440741,14
2024-09-20 15:26:39.877,428.9778574738506,1000
2024-09-20 15:26:39.880,428.9721782369021,6
2024-09-20 15:26:39.886,429.00386535803176,5
2024-09-20 15:26:39.937,428.9897696688412,9
2024-09-20 15:26:39.985,429.0085327785375,1000
2024-09-20 15:26:40.026,428.8865217871832,998
2024-09-20 15:26:40.071,428.8652237683474,99
2024-09-20 15:26:40.075,428.8786394405835,96
2024-09-20 15:26:40.131,428.8787186534356,104
2024-09-20 15:26:40.139,428.8614571429367,8
2024-09-20 15:26:40.176,428.8922395511477,996
2024-09-20 15:26:40.192,428.8658908764537,100
2024-09-20 15:26:40.199,428.8602196589181,11
2024-09-20 15:26:40.208,428.9129623025815,997
2024-09-20 15:26:40.546,428.903539511898,9
2024-09-20 15:26:40.576,428.855466538812,14
2024-09-20 15:26:40.616,428.9048696448411,11
2024-09-20 15:26:40.814,428.8851880940218,7
2024-09-20 15:26:40.846,428.8596343265549,99
2024-09-20 15:26:40.917,428.9138570056282,9
2024-09-20 15:26:40.943,428.8594978028681,11
2024-09-20 15:26:40.971,428.89081444226485,1004
2024-09-20 15:26:41.089,428.9244250686613,10
2024-09-20 15:26:41.158,428.94047890427225,998
2024-09-20 15:26:41.215,428.8952512691105,997
2024-09-20 15:26:41.234,428.9335956038706,99
2024-09-20 15:26:41.244,428.91283779313306,102
2024-09-20 15:26:41.271,-428.9307991239808,998
2024-09-20 15:26:41.353,428.9439926237614,104
2024-09-20 15:26:41.397,428.9276304874806,998
2024-09-20 15:26:41.429,428.9268590307226,6
2024-09-20 15:26:41.513,428.9204483189865,8
2024-09-20 15:26:41.560,428.92462086059766,15
2024-09-20 15:26:41.567,428.9427898655672,95
2024-09-20 15:26:41.568,428.9298577859402,103
2024-09-20 15:26:41.760,428.93624108321774,100
2024-09-20 15:26:41.789,428.9075699980088,101
2024-09-20 15:26:41.790,428.8699004955239,95
2024-09-20 15:26:41.791,428.88567341406366,996
2024-09-20 15:26:41.812,428.9427018695131,95
2024-09-20 15:26:41.848,428.8969653717176,998
2024-09-20 15:26:41.868,428.8549245558405,9
2024-09-20 15:26:41.893,428.9013503836743,103
2024-09-20 15:26:41.958,428.9219983006956,9
2024-09-20 15:26:41.982,428.87901024624216,101
2024-09-20 15:26:42.036,428.91062218709175,97
2024-09-20 15:26:42.107,428.9423214176804,6
2024-09-20 15:26:42.107,428.8816496027513,14
2024-09-20 15:26:42.215,428.9203312969237,12
2024-09-20 15:26:42.223,428.9177251072345,998
2024-09-20 15:26:42.298,428.9453589568043,6
2024-09-20 15:26:42.621,428.93499734604967,95
2024-09-20 15:26:42.663,428.9246698613328,995
2024-09-20 15:26:42.782,428.8925987401389,1002
2024-09-20 15:26:42.829,428.9441410405756,97
2024-09-20 15:26:42.971,428.94726324684416,1005
2024-09-20 15:26:43.015,428.9153436541362,996
2024-09-20 15:26:43.016,428.89761927868176,104
2024-09-20 15:26:43.195,428.90176401474656,1001
2024-09-20 15:26:43.367,428.8916819039365,7
2024-09-20 15:26:43.387,428.9197995268024,9
2024-09-20 15:26:43.427,428.9220624708633,11
2024-09-20 15:26:43.451,428.9141274556085,6
2024-09-20 15:26:43.656,-428.9118536789352,99
2024-09-20 15:26:43.739,423.5352118913483,1003
2024-09-20 15:26:43.750,428.9062238467673,13
2024-09-20 15:26:43.764,,7
2024-09-20 15:26:43.766,428.9130654735342,5
2024-09-20 15:26:43.793,428.9101816966207,10
2024-09-20 15:26:43.815,428.90446817547263,95
2024-09-20 15:26:43.830,428.9136034886441,105
2024-09-20 15:26:43.848,428.9115100392656,14
2024-09-20 15:26:43.896,428.9051985402329,999
2024-09-20 15:26:43.900,428.9093916923382,1002
2024-09-20 15:26:43.937,428.8998781111496,12
2024-09-20 15:26:44.003,428.9324955325911,104
2024-09-20 15:26:44.690,428.9272859139075,97
2024-09-20 15:26:44.753,-428.9396586517482,14
2024-09-20 15:26:44.787,428.9232866502814,6
2024-09-20 15:26:45.153,428.90304192884105,996
2024-09-20 15:26:45.179,429.070787124135,996
2024-09-20 15:26:45.193,428.971072445969,95
2024-09-20 15:26:45.293,429.0277131790132,96
2024-09-20 15:26:45.304,429.008634197719,95
2024-09-20 15:26:45.333,428.95163616768895,99
2024-09-20 15:26:45.366,429.0582959117618,1005
2024-09-20 15:26:45.415,428.9607386400193,11
2024-09-20 15:26:45.420,429.0554143870249,101
2024-09-20 15:26:45.424,429.0370104613908,999
2024-09-20 15:26:45.426,-428.962747634696,1002
2024-09-20 15:26:45.513,429.0811199159846,11
2024-09-20 15:26:45.524,428.9341951544959,8
2024-09-20 15:26:45.543,428.9815401462556,14
2024-09-20 15:26:45.557,428.9933729498349,995
2024-09-20 15:26:45.633,429.0940914237965,102
2024-09-20 15:26:45.691,428.93999827063817,97
2024-09-20 15:26:45.708,428.9165668754901,98
2024-09-20 15:26:45.710,428.909346572994,103
2024-09-20 15:26:45.721,423.6166490196986,11
2024-09-20 15:26:45.751,428.94816060599584,997
2024-09-20 15:26:45.811,428.9079197726393,104
2024-09-20 15:26:45.885,429.0985200480799,1000
2024-09-20 15:26:45.907,428.9407578418167,12
2024-09-20 15:26:45.926,428.9489824953796,6
2024-09-20 15:26:45.976,429.0179073345463,97
2024-09-20 15:26:45.983,429.0462068847296,99
2024-09-20 15:26:46.022,429.0814786292359,1003
2024-09-20 15:26:46.152,429.0909532080562,1002
2024-09-20 15:26:46.422,429.1003098513335,1003
2024-09-20 15:26:46.524,429.0951562828816,98
2024-09-20 15:26:46.599,429.10012940753126,999
2024-09-20 15:26:46.753,429.090851385189,104
2024-09-20 15:26:46.760,429.11063813956,998
2024-09-20 15:26:46.771,429.0894128200717,97
2024-09-20 15:26:46.942,429.104901344526,997
2024-09-20 15:26:46.951,42.90972328366824,105
2024-09-20 15:26:46.988,429.08991085009205,96
2024-09-20 15:26:47.015,429.0707609354964,1005
2024-09-20 15:26:47.101,429.1058998830136,7
2024-09-20 15:26:47.119,429.0950882011253,12
2024-09-20 15:26:47.148,429.0768153931369,101
2024-09-20 15:26:47.188,429.0996499701284,101
2024-09-20 15:26:47.225,429.10721478228174,15
2024-09-20 15:26:47.226,429.07696346232416,996
2024-09-20 15:26:47.227,429.0996660895768,10
2024-09-20 15:26:47.280,429.09243934909256,101
2024-09-20 15:26:47.288,429.1043823626944,97
2024-09-20 15:26:47.298,429.0548366775806,1001
2024-09-20 15:26:47.360,429.1221675017249,1002
2024-09-20 15:26:47.382,429.0938505753029,6
2024-09-20 15:26:47.434,429.0648555041375,103
2024-09-20 15:26:47.436,429.09948229685807,15
2024-09-20 15:26:47.457,429.09214617396304,13
2024-09-20 15:26:47.467,429.0993641559475,996
2024-09-20 15:26:47.519,,100
2024-09-20 15:26:47.573,429.103775186724,1005
2024-09-20 15:26:47.578,429.13377705691255,999
2024-09-20 15:26:47.662,429.1032882733236,8
2024-09-20 15:26:47.687,429.09483131413225,9
2024-09-20 15:26:47.795,429.06380726564856,13
2024-09-20 15:26:47.827,429.1033855551469,103
2024-09-20 15:26:47.935,429.0939032153812,12
2024-09-20 15:26:47.956,429.0424771966122,98
2024-09-20 15:26:48.053,429.1020417016588,14
2024-09-20 15:26:48.357,429.0909998431956,12
2024-09-20 15:26:48.414,429.0868374830504,101
2024-09-20 15:26:48.625,429.08729511397377,98
2024-09-20 15:26:48.952,429.0799228065959,10
2024-09-20 15:26:49.007,429.0456416364314,9
2024-09-20 15:26:49.067,429.1445222426069,101
2024-09-20 15:26:49.170,429.04219464013937,5
2024-09-20 15:26:49.203,429.077565594378,98
2024-09-20 15:26:49.296,429.0695385206675,13
2024-09-20 15:26:49.390,429.1284370104556,996
2024-09-20 15:26:49.401,429.0816176812463,102
2024-09-20 15:26:49.416,429.1445457563792,1005
2024-09-20 15:26:49.468,429.15294056926,15
2024-09-20 15:26:49.581,429.0584575184129,103
2024-09-20 15:26:49.582,429.0744708102301,15
2024-09-20 15:26:49.705,429.1514142904591,99
2024-09-20 15:26:49.743,429.14843662869424,103
2024-09-20 15:26:49.781,429.08705236668754,104
2024-09-20 15:26:49.827,429.0652271990548,101
2024-09-20 15:26:50.047,429.1907050932575,13
2024-09-20 15:26:50.174,429.1740647999573,7
2024-09-20 15:26:50.195,429.1600165061684,1000
2024-09-20 15:26:50.506,429.1606213605868,1005
2024-09-20 15:26:50.554,429.1590762935151,1002
2024-09-20 15:26:50.563,429.16929617349433,998
2024-09-20 15:26:50.659,429.1944538760355,99
2024-09-20 15:26:50.733,429.2126899249562,102
2024-09-20 15:26:50.832,-429.1563207574095,998
2024-09-20 15:26:50.961,429.160187322804,1000
2024-09-20 15:26:50.992,429.1430633672612,1005
2024-09-20 15:26:50.998,429.1570038261878,997
2024-09-20 15:26:50.998,429.1804528316893,5
2024-09-20 15:26:51.740,429.2017808745841,8
2024-09-20 15:26:51.974,429.21707416013055,100
2024-09-20 15:26:51.980,423.6873051909873,7
2024-09-20 15:26:53.106,429.29756286471365,9
2024-09-20 15:26:53.160,429.3139883521927,95
2024-09-20 15:26:53.170,429.32696012305166,6
2024-09-20 15:26:53.177,429.3185910478009,101
2024-09-20 15:26:53.210,429.3509480268139,11
2024-09-20 15:26:53.228,429.3486850344341,5
2024-09-20 15:26:53.254,429.317812499434,100
2024-09-20 15:26:53.280,429.3240364067613,1001
2024-09-20 15:26:53.299,429.3067062430295,10
2024-09-20 15:26:53.315,429.3177609309511,13
2024-09-20 15:26:53.325,429.3112059543076,1005
2024-09-20 15:26:53.327,429.3182454239187,6
2024-09-20 15:26:53.343,429.3239464235247,105
2024-09-20 15:26:53.364,429.2210196359889,995
2024-09-20 15:26:53.366,429.3257827727836,998
2024-09-20 15:26:53.403,429.2361159384611,997
2024-09-20 15:26:53.433,429.3482917553647,11
2024-09-20 15:26:53.489,429.2416050424486,105
2024-09-20 15:26:53.529,429.2708744989823,101
2024-09-20 15:26:53.585,429.334528616757,1004
2024-09-20 15:26:53.657,429.31862517766166,105
2024-09-20 15:26:53.659,429.2956428686789,1001
2024-09-20 15:26:53.665,429.32003873104594,10
2024-09-20 15:26:53.690,429.30199100744585,999
2024-09-20 15:26:53.745,429.3102522039233,996
2024-09-20 15:26:53.775,429.30775143697264,9
2024-09-20 15:26:53.850,429.30487579265184,1005
2024-09-20 15:26:53.888,429.3167646423843,1001
2024-09-20 15:26:53.930,429.3406003053099,11
2024-09-20 15:26:53.969,429.3300916612436,999
2024-09-20 15:26:54.116,429.2859199244005,11
2024-09-20 15:26:54.135,429.32104604908216,104
2024-09-20 15:26:54.147,429.316773385427,100
2024-09-20 15:26:54.178,429.2840245725144,1004
2024-09-20 15:26:54.291,429.3025564213027,999
2024-09-20 15:26:54.314,429.2866207336116,95
2024-09-20 15:26:54.315,429.301346784826,7
2024-09-20 15:26:54.326,429.29919837178943,15
2024-09-20 15:26:54.366,429.29532404091526,995
2024-09-20 15:26:54.377,429.2878417568506,95
2024-09-20 15:26:54.393,429.2865436849385,1003
2024-09-20 15:26:54.394,429.2680206844819,102
2024-09-20 15:26:54.397,429.3008121231887,998
2024-09-20 15:26:54.457,429.3070955946493,1003
2024-09-20 15:26:54.478,429.2971072364667,11
2024-09-20 15:26:54.569,429.27457951147335,14
2024-09-20 15:26:54.573,429.2908252754941,999
2024-09-20 15:26:54.599,429.31042618103766,101
2024-09-20 15:26:54.606,429.29396141115774,1003
2024-09-20 15:26:54.948,429.3031162463111,95
2024-09-20 15:26:54.954,,104
2024-09-20 15:26:54.994,429.2781640998117,1000
2024-09-20 15:26:55.005,429.2528156341767,997
2024-09-20 15:26:55.133,429.1697878902814,996
2024-09-20 15:26:55.265,429.2583136844415,95
2024-09-20 15:26:55.282,429.2642756179352,1002
2024-09-20 15:26:55.343,429.1666097842239,102
2024-09-20 15:26:55.345,429.2655909117482,12
2024-09-20 15:26:55.346,429.19910943933576,996
2024-09-20 15:26:55.521,429.2240063619441,8
2024-09-20 15:26:55.538,429.2295605576018,6
2024-09-20 15:26:55.543,429.190753298473,98
2024-09-20 15:26:55.645,429.1672027779578,99
2024-09-20 15:26:55.904,429.2574560641944,98
2024-09-20 15:26:56.118,429.1670552193231,13
2024-09-20 15:26:56.142,429.15662467238974,15
2024-09-20 15:26:56.204,429.1636270660129,11
2024-09-20 15:26:56.298,429.1658726785056,105
2024-09-20 15:26:56.316,429.1380166429346,97
2024-09-20 15:26:56.329,429.1442940518638,7
2024-09-20 15:26:56.537,429.1532801766636,103
2024-09-20 15:26:56.651,429.153293347793,96
2024-09-20 15:26:56.664,429.1428751442753,101
2024-09-20 15:26:56.684,429.1694641047199,999
2024-09-20 15:26:56.703,429.1573784214477,7
2024-09-20 15:26:56.813,429.1458283902018,9
2024-09-20 15:26:56.819,429.158363876031,8
2024-09-20 15:26:56.915,429.1548287228096,996
2024-09-20 15:26:56.918,429.1435879516964,998
2024-09-20 15:26:56.997,429.1628291491176,995
2024-09-20 15:26:57.169,429.1314531071422,95
2024-09-20 15:26:57.246,429.1380096120421,104
2024-09-20 15:26:57.300,429.11937858704897,97
2024-09-20 15:26:57.760,429.13644823180334,1001
2024-09-20 15:26:57.810,429.1234949481546,95
2024-09-20 15:26:57.855,429.115700906744,1005
2024-09-20 15:26:57.890,429.1240681811026,9
2024-09-20 15:26:57.972,429.1273379873708,999
2024-09-20 15:26:57.998,429.1406582572049,1002
2024-09-20 15:26:58.006,429.270998318224,10
2024-09-20 15:26:58.018,429.1534008426254,1000
2024-09-20 15:26:58.025,429.1492576683773,995
2024-09-20 15:26:58.026,429.27215603614496,998
2024-09-20 15:26:58.079,429.3060608479181,11
2024-09-20 15:26:58.133,429.2692715228864,1002
2024-09-20 15:26:58.222,429.1304951130979,1004
2024-09-20 15:26:58.240,429.2705641936383,999
2024-09-20 15:26:58.266,429.1363690882839,1001
2024-09-20 15:26:58.361,429.23366360648726,99
2024-09-20 15:26:58.398,429.2344756312496,14
2024-09-20 15:26:58.437,429.2415733401186,96
2024-09-20 15:26:58.438,429.16682121678457,1004
2024-09-20 15:26:58.440,429.17540909808565,1001
2024-09-20 15:26:58.447,429.2178785750016,103
2024-09-20 15:26:58.527,429.280310582596,998
2024-09-20 15:26:58.569,429.1365508027615,995
2024-09-20 15:26:58.629,429.1063403851193,6
2024-09-20 15:26:58.788,429.201481171917,97
2024-09-20 15:26:58.802,429.1192143548005,10
2024-09-20 15:26:58.970,429.2146569544688,95
2024-09-20 15:26:58.984,429.1305578004257,5
2024-09-20 15:26:59.093,429.27786882233295,13
2024-09-20 15:26:59.119,429.2800665229739,98
2024-09-20 15:26:59.134,429.2437811173284,1004
2024-09-20 15:26:59.159,429.2764232599716,9
2024-09-20 15:26:59.161,429.27152782752506,95
2024-09-20 15:26:59.206,429.28619809284896,96
2024-09-20 15:26:59.220,429.30778751649495,15
2024-09-20 15:26:59.229,429.2588661199288,1004
2024-09-20 15:26:59.390,429.289136827272,997
2024-09-20 15:26:59.403,429.2761857459866,103
2024-09-20 15:26:59.410,429.2659791888997,1005
2024-09-20 15:26:59.430,429.28734775536407,1001
2024-09-20 15:26:59.484,429.28507713383897,13
2024-09-20 15:26:59.518,429.2850944522132,998
2024-09-20 15:26:59.564,429.2819204780379,105
2024-09-20 15:26:59.573,42.92478074003092,1003
2024-09-20 15:26:59.605,429.2994428804259,104
2024-09-20 15:26:59.662,429.2888566694243,6
2024-09-20 15:26:59.662,429.258588242568,7
2024-09-20 15:26:59.724,429.29527431541584,8
2024-09-20 15:26:59.727,429.27969477095456,997
2024-09-20 15:26:59.731,429.2745796479904,105
2024-09-20 15:26:59.746,429.2612900607986,97
2024-09-20 15:26:59.789,429.2348439259633,7
2024-09-20 15:26:59.819,429.25313532203984,9
2024-09-20 15:26:59.831,429.254929271402,999
2024-09-20 15:26:59.854,429.2738602084055,97
