Timestamp,Price,Size
2024-09-16 15:57:00.036,415.7858479233304,14
2024-09-16 15:57:00.104,415.785641306864,95
2024-09-16 15:57:00.107,415.835896067382,1001
2024-09-16 15:57:00.110,415.7550160307581,1005
2024-09-16 15:57:00.125,415.8077667445119,997
2024-09-16 15:57:00.130,415.7816134441835,996
2024-09-16 15:57:00.162,415.7797350195829,999
2024-09-16 15:57:00.167,415.7673283118888,13
2024-09-16 15:57:00.225,415.8144102793066,96
2024-09-16 15:57:00.262,415.801938963132,12
2024-09-16 15:57:00.387,415.7675919556181,7
2024-09-16 15:57:00.400,415.7815929743274,15
2024-09-16 15:57:00.418,415.74901483135005,101
2024-09-16 15:57:00.435,415.7783642983713,12
2024-09-16 15:57:00.441,415.77705935524097,8
2024-09-16 15:57:00.504,415.8061903572203,9
2024-09-16 15:57:00.532,415.7930061827352,998
2024-09-16 15:57:00.611,-415.7742755215876,102
2024-09-16 15:57:00.620,415.7610557595036,8
2024-09-16 15:57:00.693,415.7502284260429,11
2024-09-16 15:57:00.698,415.7717185296044,95
2024-09-16 15:57:00.748,415.8113607922711,101
2024-09-16 15:57:00.763,415.7947270438244,12
2024-09-16 15:57:00.779,415.8237757577025,98
2024-09-16 15:57:00.792,415.7671248670558,5
2024-09-16 15:57:00.806,415.73965174414656,5
2024-09-16 15:57:00.952,415.8113036762365,997
2024-09-16 15:57:00.966,415.7846919839321,998
2024-09-16 15:57:01.055,415.8293733662596,97
2024-09-16 15:57:01.101,415.79274669213856,103
2024-09-16 15:57:01.153,415.8136150927826,6
2024-09-16 15:57:01.156,415.7956679149895,997
2024-09-16 15:57:01.232,415.85383485727016,99
2024-09-16 15:57:01.267,415.8138122621807,100
2024-09-16 15:57:01.303,415.83884386034026,97
2024-09-16 15:57:01.312,415.8094001806101,96
2024-09-16 15:57:01.327,415.85203140297045,998
2024-09-16 15:57:01.344,415.8171650935652,10
2024-09-16 15:57:01.356,415.8471335526325,96
2024-09-16 15:57:01.367,415.8781462130856,6
2024-09-16 15:57:01.378,415.8019755116465,13
2024-09-16 15:57:01.428,415.8268205065561,101
2024-09-16 15:57:01.447,415.8075388794625,101
2024-09-16 15:57:01.551,415.8340830222785,6
2024-09-16 15:57:01.590,415.84227977571686,15
2024-09-16 15:57:01.621,415.817782084108,15
2024-09-16 15:57:01.627,415.8616909046268,98
2024-09-16 15:57:01.717,415.8669814622379,1002
2024-09-16 15:57:01.819,415.8142759941868,15
2024-09-16 15:57:01.992,415.8443475057516,101
2024-09-16 15:57:02.010,415.8436836979319,95
2024-09-16 15:57:02.097,415.8310393476024,1000
2024-09-16 15:57:02.328,415.8581313613478,100
2024-09-16 15:57:02.351,415.8442359400656,10
2024-09-16 15:57:02.451,415.84644634014086,1005
2024-09-16 15:57:02.543,415.8420824427177,995
2024-09-16 15:57:02.818,417.19287262583697,1001
2024-09-16 15:57:02.953,415.85299535825055,95
2024-09-16 15:57:03.024,415.8597277481849,6
2024-09-16 15:57:03.056,415.81257419961054,15
2024-09-16 15:57:03.160,415.8513302416101,7
2024-09-16 15:57:03.217,415.8565642152475,1000
2024-09-16 15:57:03.234,415.8439054602379,997
2024-09-16 15:57:03.243,415.8434730415667,11
2024-09-16 15:57:03.251,,97
2024-09-16 15:57:03.267,415.855956131916,995
2024-09-16 15:57:03.286,415.820753219957,97
2024-09-16 15:57:03.299,415.84270623595614,101
2024-09-16 15:57:03.396,415.85263281526704,995
2024-09-16 15:57:03.438,415.83787488049313,102
2024-09-16 15:57:03.452,415.8529625274176,1004
2024-09-16 15:57:03.471,415.84273651868176,10
2024-09-16 15:57:03.498,415.8632360641075,5
2024-09-16 15:57:03.519,415.85289567508914,8
2024-09-16 15:57:03.523,415.8464997131712,15
2024-09-16 15:57:03.528,415.84451455052,1005
2024-09-16 15:57:03.585,415.8524891475073,95
2024-09-16 15:57:03.588,415.85474036893294,1003
2024-09-16 15:57:03.592,415.80858348593233,5
2024-09-16 15:57:03.637,415.8391428887313,14
2024-09-16 15:57:03.641,415.8619180093345,97
2024-09-16 15:57:03.651,415.8312397317488,995
2024-09-16 15:57:03.653,415.81645905935255,1004
2024-09-16 15:57:03.772,415.8446303028503,96
2024-09-16 15:57:03.790,415.8552884190609,7
2024-09-16 15:57:03.860,415.82546915577257,15
2024-09-16 15:57:03.985,415.8578240693482,1000
2024-09-16 15:57:03.988,-415.8723698361588,101
2024-09-16 15:57:04.035,415.8394794282556,98
2024-09-16 15:57:04.086,415.8574170532808,1003
2024-09-16 15:57:04.190,415.85325556878666,1001
2024-09-16 15:57:04.257,41.58849105347044,1001
2024-09-16 15:57:04.316,415.855761923003,97
2024-09-16 15:57:04.399,415.84914188590704,1005
2024-09-16 15:57:04.417,415.84732598727663,13
2024-09-16 15:57:04.511,415.8764883194878,96
2024-09-16 15:57:04.527,415.86045954183146,1002
2024-09-16 15:57:04.529,415.83524496493305,95
2024-09-16 15:57:04.547,415.8572514131071,15
2024-09-16 15:57:04.584,415.851970768682,103
2024-09-16 15:57:04.624,415.8690243889645,103
2024-09-16 15:57:04.633,415.837329227844,101
2024-09-16 15:57:04.719,415.8557074281926,998
2024-09-16 15:57:04.732,415.8559336760915,1001
2024-09-16 15:57:04.780,415.8577617053375,1005
2024-09-16 15:57:04.874,415.84753859420215,105
2024-09-16 15:57:04.960,415.8069247440372,10
2024-09-16 15:57:05.048,415.8442364167119,1003
2024-09-16 15:57:05.075,415.89234018086233,998
2024-09-16 15:57:05.097,415.8477009793301,99
2024-09-16 15:57:05.133,415.8634494199335,96
2024-09-16 15:57:05.147,415.8456689260364,999
2024-09-16 15:57:05.188,41.58608440121982,100
2024-09-16 15:57:05.208,415.88420231008433,7
2024-09-16 15:57:05.275,415.8883517852339,11
2024-09-16 15:57:05.559,415.8328542969023,13
2024-09-16 15:57:05.560,415.89205878171794,97
2024-09-16 15:57:05.565,415.86988603109086,11
2024-09-16 15:57:05.584,415.8561271120337,7
2024-09-16 15:57:05.590,415.8592064382126,105
2024-09-16 15:57:05.607,415.87794033210514,5
2024-09-16 15:57:05.614,415.8930585146278,8
2024-09-16 15:57:05.635,415.8576065852407,14
2024-09-16 15:57:05.642,415.86473332651786,10
2024-09-16 15:57:05.686,415.8391677392244,96
2024-09-16 15:57:05.703,415.8756014549364,996
2024-09-16 15:57:05.714,415.8657830476728,7
2024-09-16 15:57:05.733,415.8758027853103,1001
2024-09-16 15:57:05.818,415.8685110753464,15
2024-09-16 15:57:05.905,415.8379607884272,996
2024-09-16 15:57:05.910,415.86112495155646,102
2024-09-16 15:57:05.919,415.84020114489306,104
2024-09-16 15:57:05.946,415.8477427648932,1002
2024-09-16 15:57:06.027,415.8835962462084,9
2024-09-16 15:57:06.213,415.8686583560343,6
2024-09-16 15:57:06.528,415.86243030045006,98
2024-09-16 15:57:06.669,415.8534152960138,105
2024-09-16 15:57:06.903,415.8917143648644,95
2024-09-16 15:57:06.903,-415.87330007076577,11
2024-09-16 15:57:06.905,415.87524436555873,998
2024-09-16 15:57:07.022,415.9129603145965,8
2024-09-16 15:57:07.166,415.9649368215275,104
2024-09-16 15:57:07.324,417.2002579946201,995
2024-09-16 15:57:07.325,415.86013107606135,95
2024-09-16 15:57:07.420,415.9147165878844,1003
2024-09-16 15:57:07.427,-415.9361860462485,995
2024-09-16 15:57:07.523,415.9509150548108,5
2024-09-16 15:57:07.616,415.87902915401673,105
2024-09-16 15:57:07.625,415.86850536441705,13
2024-09-16 15:57:07.641,415.866226631794,996
2024-09-16 15:57:07.663,416.009834949861,10
2024-09-16 15:57:07.724,416.0163635321847,1000
2024-09-16 15:57:07.751,416.0016466128425,999
2024-09-16 15:57:07.764,416.0098034851068,95
2024-09-16 15:57:07.815,416.0275495385917,97
2024-09-16 15:57:07.865,415.87119717118617,14
2024-09-16 15:57:07.891,417.211946148061,98
2024-09-16 15:57:07.897,415.9149703586556,1005
2024-09-16 15:57:07.905,416.0322828976695,96
2024-09-16 15:57:07.931,416.0358311122564,1005
2024-09-16 15:57:07.954,416.0304850704418,1004
2024-09-16 15:57:07.985,415.8592294636322,96
2024-09-16 15:57:07.990,415.9248055982963,10
2024-09-16 15:57:08.018,416.0762189995976,8
2024-09-16 15:57:08.021,416.0441099480119,102
2024-09-16 15:57:08.176,416.10225214299,10
2024-09-16 15:57:08.271,416.1204822419929,98
2024-09-16 15:57:08.274,416.06037141121567,995
2024-09-16 15:57:08.282,416.1039234321119,1001
2024-09-16 15:57:08.309,416.1056669442424,1000
2024-09-16 15:57:08.437,416.09623389731297,1000
2024-09-16 15:57:08.440,416.0575204454848,1005
2024-09-16 15:57:08.459,416.10264355921447,100
2024-09-16 15:57:08.547,416.1144101629665,15
2024-09-16 15:57:08.548,416.1151376387438,99
2024-09-16 15:57:08.557,416.0627338910544,8
2024-09-16 15:57:08.605,416.10005638887935,1004
2024-09-16 15:57:08.673,416.1056770754395,101
2024-09-16 15:57:08.694,416.1005549064995,1004
2024-09-16 15:57:08.697,416.0476366578855,5
2024-09-16 15:57:08.765,416.0654352381076,995
2024-09-16 15:57:08.842,416.114341506012,11
2024-09-16 15:57:09.027,416.0940017693663,8
2024-09-16 15:57:09.053,416.09691706626177,97
2024-09-16 15:57:09.068,416.13904947772966,1001
2024-09-16 15:57:09.082,416.1206448955199,995
2024-09-16 15:57:09.088,416.1155558456703,998
2024-09-16 15:57:09.127,416.1188784637484,999
2024-09-16 15:57:09.167,416.1140933335316,1002
2024-09-16 15:57:09.193,416.10301587715895,1005
2024-09-16 15:57:09.209,416.120254335677,5
2024-09-16 15:57:09.276,416.1322975046607,15
2024-09-16 15:57:09.284,416.12302093199145,8
2024-09-16 15:57:09.303,416.113117397068,998
2024-09-16 15:57:09.317,416.1387934844728,5
2024-09-16 15:57:09.321,,1002
2024-09-16 15:57:09.323,416.10136400952393,98
2024-09-16 15:57:09.414,416.09583485744525,95
2024-09-16 15:57:09.493,416.0973115852758,8
2024-09-16 15:57:09.499,416.11930231657647,102
2024-09-16 15:57:09.781,416.11055811802487,9
2024-09-16 15:57:09.799,416.1133538550997,10
2024-09-16 15:57:09.807,416.13298794685824,8
2024-09-16 15:57:09.829,416.0863083271085,103
2024-09-16 15:57:09.908,416.1011345473065,95
2024-09-16 15:57:09.910,416.1114875290105,14
2024-09-16 15:57:09.915,416.0914473661056,103
2024-09-16 15:57:09.926,416.08994825065855,96
2024-09-16 15:57:09.947,416.1302509036073,1004
2024-09-16 15:57:09.955,416.12665308353513,15
2024-09-16 15:57:10.001,416.1358824716818,99
2024-09-16 15:57:10.048,416.1228069656249,96
2024-09-16 15:57:10.135,416.1066994440649,11
2024-09-16 15:57:10.136,416.1464069550833,96
2024-09-16 15:57:10.169,416.21992027862507,7
2024-09-16 15:57:10.177,416.193715750486,99
2024-09-16 15:57:10.182,416.15167982754906,11
2024-09-16 15:57:10.206,416.1144258834922,995
2024-09-16 15:57:10.217,416.2053461877515,105
2024-09-16 15:57:10.275,-416.1341109667633,1005
2024-09-16 15:57:10.370,416.183121938672,6
2024-09-16 15:57:10.421,416.15745585564025,1003
2024-09-16 15:57:10.447,416.1778070305622,15
2024-09-16 15:57:10.454,416.12950454844656,1003
2024-09-16 15:57:10.501,,6
2024-09-16 15:57:10.531,416.1921495320639,15
2024-09-16 15:57:10.624,416.2046552785161,997
2024-09-16 15:57:10.643,416.1397194394252,8
2024-09-16 15:57:10.646,416.2073706147214,99
2024-09-16 15:57:10.705,416.1495006588681,96
2024-09-16 15:57:10.781,416.165890586971,104
2024-09-16 15:57:10.792,416.1334914750945,95
2024-09-16 15:57:10.807,416.11438133899605,1003
2024-09-16 15:57:10.809,416.2027095994789,101
2024-09-16 15:57:10.840,416.1716038106428,97
2024-09-16 15:57:10.863,416.1707780366744,13
2024-09-16 15:57:10.975,416.12647142775273,9
2024-09-16 15:57:11.039,416.1642054335605,13
2024-09-16 15:57:11.128,416.1647212591328,1002
2024-09-16 15:57:11.160,416.1713809944828,15
2024-09-16 15:57:11.223,416.1728107534768,102
2024-09-16 15:57:11.306,416.1698353960287,104
2024-09-16 15:57:11.325,416.1594492214412,996
2024-09-16 15:57:11.369,416.1807509686196,98
2024-09-16 15:57:11.394,416.1729639851821,1002
2024-09-16 15:57:11.472,416.1673874501125,104
2024-09-16 15:57:11.473,416.1604277981232,14
2024-09-16 15:57:11.480,416.15403837450606,995
2024-09-16 15:57:11.547,416.1888634153727,1001
2024-09-16 15:57:11.566,416.14687484810406,101
2024-09-16 15:57:11.572,416.1859890504122,1002
2024-09-16 15:57:11.681,416.1842609696701,1005
2024-09-16 15:57:11.714,416.1714781274525,100
2024-09-16 15:57:11.789,416.1715097186242,6
2024-09-16 15:57:11.841,416.1793873809466,100
2024-09-16 15:57:11.860,416.1735663328415,1002
2024-09-16 15:57:11.916,416.177699227576,102
2024-09-16 15:57:11.919,416.1829439266968,1004
2024-09-16 15:57:12.086,416.1823661333077,95
2024-09-16 15:57:12.454,416.19456401524167,102
2024-09-16 15:57:12.463,416.2051885779209,98
2024-09-16 15:57:12.642,416.193221848094,102
2024-09-16 15:57:12.893,416.2019663777343,996
2024-09-16 15:57:13.456,416.2069219214173,1003
2024-09-16 15:57:13.634,416.2050022627751,1001
2024-09-16 15:57:14.198,416.2030119915052,101
2024-09-16 15:57:14.308,416.1978988765336,1004
2024-09-16 15:57:14.404,416.17180620893856,1003
2024-09-16 15:57:14.721,416.1780318649135,15
2024-09-16 15:57:15.173,416.2006790650734,1001
2024-09-16 15:57:15.256,416.1697057986576,995
2024-09-16 15:57:15.429,41.62009231117232,1004
2024-09-16 15:57:15.439,416.19189030611705,1002
2024-09-16 15:57:15.466,416.20960618739736,98
2024-09-16 15:57:15.627,416.1936776632164,1003
2024-09-16 15:57:15.723,416.1913574782408,10
2024-09-16 15:57:15.939,,101
2024-09-16 15:57:16.107,416.1626500723571,100
2024-09-16 15:57:16.116,417.60520152352126,996
2024-09-16 15:57:16.382,416.1711264140633,105
2024-09-16 15:57:16.435,416.1629956983727,14
2024-09-16 15:57:16.753,416.1926017754809,97
2024-09-16 15:57:16.939,416.1930668903266,99
2024-09-16 15:57:16.958,416.16127173838834,1003
2024-09-16 15:57:17.021,416.1092694808509,103
2024-09-16 15:57:17.032,416.1153936744829,1004
2024-09-16 15:57:17.068,416.17016089722085,96
2024-09-16 15:57:17.180,416.1341660181596,1000
2024-09-16 15:57:17.190,416.1203506911248,103
2024-09-16 15:57:17.192,416.12012034620005,13
2024-09-16 15:57:17.218,416.1115128822854,995
2024-09-16 15:57:17.231,416.1149331339137,10
2024-09-16 15:57:17.254,416.1621714797839,100
2024-09-16 15:57:17.318,416.1254838347366,100
2024-09-16 15:57:17.334,417.5549334991467,997
2024-09-16 15:57:17.347,416.1273127617424,1005
2024-09-16 15:57:17.430,416.1495042965623,997
2024-09-16 15:57:17.473,416.1405472032761,5
2024-09-16 15:57:17.497,416.1475336744115,1003
2024-09-16 15:57:17.501,416.1126603128123,103
2024-09-16 15:57:17.506,416.13607735432447,99
2024-09-16 15:57:17.568,416.1287900974561,102
2024-09-16 15:57:17.569,416.1162407810151,1005
2024-09-16 15:57:17.593,416.1539011857026,96
2024-09-16 15:57:17.610,416.1670354260149,10
2024-09-16 15:57:17.768,,13
2024-09-16 15:57:17.900,416.1374360184089,1000
2024-09-16 15:57:17.913,416.1261876697778,102
2024-09-16 15:57:17.945,416.1416611948959,12
2024-09-16 15:57:17.955,416.1189171054459,10
2024-09-16 15:57:17.964,416.1523386426511,13
2024-09-16 15:57:17.983,416.1466454269904,105
2024-09-16 15:57:18.316,416.1442640951437,1003
2024-09-16 15:57:18.324,416.1401679719816,15
2024-09-16 15:57:18.355,416.1491219439064,104
2024-09-16 15:57:19.036,416.1561128808821,997
2024-09-16 15:57:19.171,416.15116783197664,105
2024-09-16 15:57:19.237,416.1508687016471,97
2024-09-16 15:57:19.643,416.1482113865695,7
2024-09-16 15:57:19.930,416.1326210763492,10
2024-09-16 15:57:19.938,416.14013344303225,10
2024-09-16 15:57:20.013,416.1569780199961,1000
2024-09-16 15:57:20.121,416.1359584815113,11
2024-09-16 15:57:20.627,416.14783042178055,1003
2024-09-16 15:57:20.736,416.1340708971596,101
2024-09-16 15:57:21.200,416.108504165012,15
2024-09-16 15:57:21.217,416.12756835310375,995
2024-09-16 15:57:21.233,416.153963644496,998
2024-09-16 15:57:21.285,416.1288898255692,996
2024-09-16 15:57:21.392,416.11499859998327,97
2024-09-16 15:57:21.442,416.1479465931408,998
2024-09-16 15:57:21.551,416.1187031843889,7
2024-09-16 15:57:21.609,416.1035987100312,1004
2024-09-16 15:57:21.782,416.0930625623364,96
2024-09-16 15:57:21.884,416.11108870872494,1005
2024-09-16 15:57:21.941,417.4945394879256,100
2024-09-16 15:57:22.034,416.1219073179764,996
2024-09-16 15:57:22.055,416.0892002640322,14
2024-09-16 15:57:22.090,416.107353466892,1001
2024-09-16 15:57:22.150,416.1070278357458,6
2024-09-16 15:57:22.188,416.07328757392713,1003
2024-09-16 15:57:22.205,416.1080964012526,104
2024-09-16 15:57:22.248,416.1105147538799,95
2024-09-16 15:57:22.294,416.1257093982977,998
2024-09-16 15:57:22.372,416.0761149317135,103
2024-09-16 15:57:22.404,416.0850716780925,101
2024-09-16 15:57:22.452,416.1125145713922,995
2024-09-16 15:57:22.454,416.1138975334528,8
2024-09-16 15:57:22.507,416.10177513676064,11
2024-09-16 15:57:22.526,416.10166330781374,12
2024-09-16 15:57:22.546,416.1163710090276,997
2024-09-16 15:57:22.620,416.1138235707421,10
2024-09-16 15:57:22.627,416.09832072896586,5
2024-09-16 15:57:22.634,416.0676522313833,15
2024-09-16 15:57:22.739,416.0773999879242,13
2024-09-16 15:57:22.759,416.12792814734615,95
2024-09-16 15:57:22.814,416.1126872469451,14
2024-09-16 15:57:22.822,416.0899493933492,6
2024-09-16 15:57:22.826,416.09698172107954,7
2024-09-16 15:57:22.916,41.61231569356301,100
2024-09-16 15:57:22.934,416.09866724677534,995
2024-09-16 15:57:22.969,416.1042145158165,999
2024-09-16 15:57:22.979,416.1101394804109,99
2024-09-16 15:57:22.992,416.1004460038614,104
2024-09-16 15:57:23.011,416.00403150534754,97
2024-09-16 15:57:23.040,416.0428297953223,100
2024-09-16 15:57:23.050,416.0198548644128,1001
2024-09-16 15:57:23.167,416.0249200687654,1005
2024-09-16 15:57:23.263,,12
2024-09-16 15:57:23.469,416.030540100341,12
2024-09-16 15:57:23.589,416.0265189047959,6
2024-09-16 15:57:23.636,416.0309771670953,99
2024-09-16 15:57:23.740,416.0409418928855,1001
2024-09-16 15:57:23.752,416.0356306583146,101
2024-09-16 15:57:23.914,416.0276050564004,6
2024-09-16 15:57:23.917,416.0549545549497,1001
2024-09-16 15:57:24.385,416.0148280418626,12
2024-09-16 15:57:25.060,415.9968345721487,14
2024-09-16 15:57:25.193,415.9834241624487,98
2024-09-16 15:57:25.491,416.0394796969893,95
2024-09-16 15:57:25.547,416.0421591299092,1002
2024-09-16 15:57:25.562,415.9956667470924,14
2024-09-16 15:57:25.575,416.015683518661,15
2024-09-16 15:57:25.638,416.0063849597776,995
2024-09-16 15:57:25.700,416.0309787054972,1002
2024-09-16 15:57:25.728,416.0334995226029,102
2024-09-16 15:57:25.815,416.0084918764565,995
2024-09-16 15:57:25.827,416.02304961695097,10
2024-09-16 15:57:26.038,415.98222646106433,95
2024-09-16 15:57:26.070,415.9755222197709,101
2024-09-16 15:57:26.199,415.9875556786831,1002
2024-09-16 15:57:26.255,415.951348544622,999
2024-09-16 15:57:26.265,415.9701867919145,15
2024-09-16 15:57:26.301,415.9891608372309,1004
2024-09-16 15:57:26.322,415.9704056755968,101
2024-09-16 15:57:26.340,416.0024700651831,1000
2024-09-16 15:57:26.467,415.9826240753876,100
2024-09-16 15:57:26.584,415.9977719895984,97
2024-09-16 15:57:26.601,415.98067336152,102
2024-09-16 15:57:26.645,415.97319187259706,96
2024-09-16 15:57:26.699,415.9616179265184,105
2024-09-16 15:57:26.754,415.992109519916,995
2024-09-16 15:57:26.773,416.0063525047522,97
2024-09-16 15:57:26.789,415.9536297944372,100
2024-09-16 15:57:26.890,415.9901990487445,101
2024-09-16 15:57:26.891,415.989057187439,14
2024-09-16 15:57:26.910,415.9410457989205,10
2024-09-16 15:57:26.931,416.0173162723295,95
2024-09-16 15:57:26.934,415.9635859934488,9
2024-09-16 15:57:27.116,415.9563678807849,1000
2024-09-16 15:57:27.156,415.9501436918862,98
2024-09-16 15:57:27.176,415.94766363840046,1005
2024-09-16 15:57:27.177,415.92757186165375,1004
2024-09-16 15:57:27.237,415.9503061104728,9
2024-09-16 15:57:27.304,415.9542451361204,1000
2024-09-16 15:57:27.351,415.9495168475598,996
2024-09-16 15:57:27.380,415.9526946484646,96
2024-09-16 15:57:27.394,415.93213677472494,15
2024-09-16 15:57:27.601,415.93256788537695,12
2024-09-16 15:57:27.657,415.9459931318361,998
2024-09-16 15:57:27.671,415.939562704668,100
2024-09-16 15:57:27.722,415.93478947356766,997
2024-09-16 15:57:27.848,415.9283979498514,6
2024-09-16 15:57:27.876,415.928248387917,100
2024-09-16 15:57:28.025,415.89941978919984,8
2024-09-16 15:57:28.086,415.8811306172778,102
2024-09-16 15:57:28.196,415.8983953930518,104
2024-09-16 15:57:28.282,415.893740750109,1000
2024-09-16 15:57:28.668,415.92082501627215,15
2024-09-16 15:57:28.934,415.8748167975049,15
2024-09-16 15:57:29.008,415.8945097508743,15
2024-09-16 15:57:29.322,415.8894661947283,996
2024-09-16 15:57:29.375,415.8716779442568,12
2024-09-16 15:57:29.376,415.8933159463489,1003
2024-09-16 15:57:29.437,415.8685547801499,101
2024-09-16 15:57:29.493,415.8852046368877,1000
2024-09-16 15:57:29.813,415.8790176592142,103
2024-09-16 15:57:30.089,415.88219720274407,997
2024-09-16 15:57:30.646,415.8709884831181,1003
2024-09-16 15:57:30.702,415.8809328641014,13
2024-09-16 15:57:30.804,417.579065376741,15
2024-09-16 15:57:30.870,415.8670852367327,995
2024-09-16 15:57:30.902,415.8635638871376,101
2024-09-16 15:57:31.001,415.8565701759629,104
2024-09-16 15:57:31.037,415.8349428230689,100
2024-09-16 15:57:31.111,415.8400353888569,1001
2024-09-16 15:57:31.130,415.8777429456599,1000
2024-09-16 15:57:31.159,415.8386571541085,95
2024-09-16 15:57:31.222,415.86111632342624,1004
2024-09-16 15:57:31.279,415.8379521196196,13
2024-09-16 15:57:31.305,415.8324036039015,98
2024-09-16 15:57:31.337,415.8750609708583,103
2024-09-16 15:57:31.390,415.832265531491,103
2024-09-16 15:57:31.463,415.85622091886927,6
2024-09-16 15:57:31.509,415.8479653346109,99
2024-09-16 15:57:31.526,415.87590731379385,103
2024-09-16 15:57:31.533,415.8310754666098,6
2024-09-16 15:57:31.540,415.8580981680197,96
2024-09-16 15:57:31.583,415.8350350626637,105
2024-09-16 15:57:31.691,415.8900741255691,996
2024-09-16 15:57:31.773,415.8375902623441,13
2024-09-16 15:57:31.776,415.8697053527518,995
2024-09-16 15:57:31.798,415.8410758628382,995
2024-09-16 15:57:31.819,415.8480638649853,1004
2024-09-16 15:57:31.955,415.8518201083577,99
2024-09-16 15:57:31.956,415.8356380549831,1002
2024-09-16 15:57:32.034,415.9040882658385,11
2024-09-16 15:57:32.523,415.8892516398188,1004
2024-09-16 15:57:32.577,415.92053759531154,1004
2024-09-16 15:57:32.835,415.8890622753672,1003
2024-09-16 15:57:32.918,415.9411539805496,104
2024-09-16 15:57:32.955,415.94157056358137,7
2024-09-16 15:57:33.013,415.9304709227392,1000
2024-09-16 15:57:33.042,-415.97640890189166,997
2024-09-16 15:57:33.087,415.9685025026338,97
2024-09-16 15:57:33.115,415.9439221924415,105
2024-09-16 15:57:33.188,415.9633704144908,95
2024-09-16 15:57:33.326,415.9587271901327,996
2024-09-16 15:57:33.366,41.59343649509197,13
2024-09-16 15:57:33.389,415.97924544385785,997
2024-09-16 15:57:33.524,415.9361789444227,14
2024-09-16 15:57:33.678,415.9587720610712,998
2024-09-16 15:57:33.694,415.9666844439007,95
2024-09-16 15:57:33.726,415.9677618771517,997
2024-09-16 15:57:33.846,415.9633609974713,100
2024-09-16 15:57:33.886,415.9564041834215,7
2024-09-16 15:57:33.920,415.9267469092272,1000
2024-09-16 15:57:33.930,415.9716641887814,998
2024-09-16 15:57:33.970,415.9611526432352,10
2024-09-16 15:57:34.027,415.8786848762306,998
2024-09-16 15:57:34.054,415.8720829712894,997
2024-09-16 15:57:34.061,415.9171910988463,995
2024-09-16 15:57:34.103,415.8973371829692,15
2024-09-16 15:57:34.126,415.8966878962967,13
2024-09-16 15:57:34.132,415.8855761196719,13
2024-09-16 15:57:34.205,415.8929566828284,103
2024-09-16 15:57:34.237,415.9280851624092,95
2024-09-16 15:57:34.277,415.8919005383254,96
2024-09-16 15:57:34.384,415.88481402671664,1001
2024-09-16 15:57:34.393,415.9121371223069,104
2024-09-16 15:57:34.506,415.9020036809584,99
2024-09-16 15:57:34.551,415.8940215251041,6
2024-09-16 15:57:34.594,415.9188718803709,98
2024-09-16 15:57:34.596,415.92458030883256,15
2024-09-16 15:57:34.596,415.9346123572583,10
2024-09-16 15:57:34.615,415.9090688225618,98
2024-09-16 15:57:34.646,415.8837740150784,996
2024-09-16 15:57:34.656,415.8996149001272,100
2024-09-16 15:57:34.749,41.58844807197886,11
2024-09-16 15:57:34.771,415.9118464811321,97
2024-09-16 15:57:34.785,415.918537166192,103
2024-09-16 15:57:34.813,415.8776838999905,13
2024-09-16 15:57:34.856,415.9061528276253,95
2024-09-16 15:57:34.877,415.8993910066381,8
2024-09-16 15:57:34.886,415.9004065619312,7
2024-09-16 15:57:34.927,415.8897572743485,9
2024-09-16 15:57:35.023,415.8449727642014,1002
2024-09-16 15:57:35.035,415.8265621196527,5
2024-09-16 15:57:35.039,415.8681761247187,100
2024-09-16 15:57:35.043,415.8104455244741,9
2024-09-16 15:57:35.080,415.8256755787952,104
2024-09-16 15:57:35.099,415.8701804281322,95
2024-09-16 15:57:35.130,415.8328962731186,996
2024-09-16 15:57:35.164,415.8707277134675,995
2024-09-16 15:57:35.199,415.8105475423049,98
2024-09-16 15:57:35.214,415.84009699662846,102
2024-09-16 15:57:35.271,415.8558646817585,7
2024-09-16 15:57:35.473,415.8640271499847,1000
2024-09-16 15:57:35.484,415.86176975345984,8
2024-09-16 15:57:35.522,415.844713204864,105
2024-09-16 15:57:35.552,415.83716860772313,104
2024-09-16 15:57:35.590,415.8306403059756,1001
2024-09-16 15:57:35.633,415.8414093719585,1003
2024-09-16 15:57:35.709,415.84690065831234,103
2024-09-16 15:57:35.780,417.6442192159606,12
2024-09-16 15:57:35.815,415.8575653897068,13
2024-09-16 15:57:35.846,415.83832333395753,998
2024-09-16 15:57:35.929,415.82478017813634,1001
2024-09-16 15:57:36.027,415.854388963214,104
2024-09-16 15:57:36.067,415.8768810966332,14
2024-09-16 15:57:36.071,415.8523243534858,1000
2024-09-16 15:57:36.094,415.8803502431698,103
2024-09-16 15:57:36.096,415.8629147021336,102
2024-09-16 15:57:36.156,415.8693750804273,5
2024-09-16 15:57:36.173,415.85841995572383,1000
2024-09-16 15:57:36.184,415.897710906792,998
2024-09-16 15:57:36.227,415.86070303764575,9
2024-09-16 15:57:36.423,415.8804765839227,99
2024-09-16 15:57:36.569,415.8756013011713,996
2024-09-16 15:57:36.606,415.87410166646,95
2024-09-16 15:57:36.652,415.8518261643303,98
2024-09-16 15:57:36.665,415.8474324928295,95
2024-09-16 15:57:36.696,415.8660635091933,1005
2024-09-16 15:57:36.704,415.8790752552372,10
2024-09-16 15:57:36.705,415.86486680319945,104
2024-09-16 15:57:36.756,415.86971700232783,997
2024-09-16 15:57:36.787,415.85441677382016,104
2024-09-16 15:57:36.894,415.8891596250653,105
2024-09-16 15:57:36.895,415.859742428508,100
2024-09-16 15:57:36.940,415.8763870212756,97
2024-09-16 15:57:36.964,415.8695126461288,8
2024-09-16 15:57:36.979,415.8815061269653,98
2024-09-16 15:57:37.000,415.880035249995,13
2024-09-16 15:57:37.005,415.8798045260481,998
2024-09-16 15:57:37.024,415.87716700834926,7
2024-09-16 15:57:37.059,415.8667789440092,1003
2024-09-16 15:57:37.081,415.9133663983919,995
2024-09-16 15:57:37.171,415.9133526679038,13
2024-09-16 15:57:37.172,415.8756140008473,97
2024-09-16 15:57:37.174,415.8629575930573,11
2024-09-16 15:57:37.193,415.8589966378415,98
2024-09-16 15:57:37.304,415.8685965957531,98
2024-09-16 15:57:37.336,415.8635336852996,103
2024-09-16 15:57:37.345,415.8833383534889,1003
2024-09-16 15:57:37.400,415.90958128429327,995
2024-09-16 15:57:37.412,415.8961433155172,6
2024-09-16 15:57:37.470,415.8489450456186,97
2024-09-16 15:57:37.490,415.8880620851879,104
2024-09-16 15:57:37.547,415.8545244980463,11
2024-09-16 15:57:37.550,415.8803500133486,1002
2024-09-16 15:57:37.625,415.8713608016444,6
2024-09-16 15:57:37.669,415.87054432495125,995
2024-09-16 15:57:37.699,415.85951457958464,997
2024-09-16 15:57:37.744,415.8652064883243,100
2024-09-16 15:57:37.790,415.86484269762,102
2024-09-16 15:57:37.810,415.879597421872,103
2024-09-16 15:57:37.817,415.88981612915205,6
2024-09-16 15:57:37.853,415.86028597967015,998
2024-09-16 15:57:37.879,415.8953212329504,1001
2024-09-16 15:57:38.023,415.9627689118464,1001
2024-09-16 15:57:38.088,415.92230552604514,103
2024-09-16 15:57:38.132,415.9802546083988,99
2024-09-16 15:57:38.176,415.9240767110323,97
2024-09-16 15:57:38.191,415.9807023626952,102
2024-09-16 15:57:38.311,415.9643360835241,12
2024-09-16 15:57:38.433,415.9629289336342,1004
2024-09-16 15:57:38.495,415.9124690465693,101
2024-09-16 15:57:38.496,415.9752058095903,95
2024-09-16 15:57:38.514,415.9809018356887,99
2024-09-16 15:57:38.528,415.96377164444425,8
2024-09-16 15:57:38.545,415.92523485829867,1004
2024-09-16 15:57:38.572,415.9361964138439,104
2024-09-16 15:57:38.593,415.9364389461686,1004
2024-09-16 15:57:38.598,415.9705288625604,95
2024-09-16 15:57:38.766,415.9356992649176,1004
2024-09-16 15:57:38.789,415.9646506595354,8
2024-09-16 15:57:38.829,415.9625033469167,11
2024-09-16 15:57:38.962,415.9671775230881,99
2024-09-16 15:57:38.976,415.9659813729909,98
2024-09-16 15:57:39.076,416.01187248323765,6
2024-09-16 15:57:39.143,416.0041053823144,999
2024-09-16 15:57:39.238,416.0539777171125,13
2024-09-16 15:57:39.340,415.976845041516,12
2024-09-16 15:57:39.357,415.98420027357815,997
2024-09-16 15:57:39.375,416.0429994079723,10
2024-09-16 15:57:39.423,416.0360720279368,11
2024-09-16 15:57:39.441,416.03782888137374,104
2024-09-16 15:57:39.478,415.9750778325821,14
2024-09-16 15:57:39.505,416.02920545720303,999
2024-09-16 15:57:39.560,416.0008189245392,105
2024-09-16 15:57:39.593,415.96653072210125,998
2024-09-16 15:57:39.629,415.9705408865154,1001
2024-09-16 15:57:39.637,415.9794587256348,100
2024-09-16 15:57:39.820,415.97841516850673,5
2024-09-16 15:57:39.910,415.998373577572,9
2024-09-16 15:57:39.925,415.9673543979384,998
2024-09-16 15:57:39.982,415.9989439219912,999
2024-09-16 15:57:39.997,416.0347647963467,995
2024-09-16 15:57:40.093,416.0529594000941,1002
2024-09-16 15:57:40.377,416.056249003575,12
2024-09-16 15:57:40.826,416.0496622039284,105
2024-09-16 15:57:40.875,416.0474962787135,996
2024-09-16 15:57:40.984,416.0578971661941,12
2024-09-16 15:57:41.056,416.0410292247549,7
2024-09-16 15:57:41.773,416.0328712200445,999
2024-09-16 15:57:42.528,416.0481265612876,1001
2024-09-16 15:57:42.534,-416.0374789689412,997
2024-09-16 15:57:42.864,416.0535437117952,104
2024-09-16 15:57:42.935,416.047891431506,5
2024-09-16 15:57:43.107,417.6147066579651,997
2024-09-16 15:57:44.080,416.0713604348521,6
2024-09-16 15:57:44.116,416.0201416379769,1000
2024-09-16 15:57:44.178,416.0259734933636,100
2024-09-16 15:57:44.444,,98
2024-09-16 15:57:44.453,416.0230737167648,14
2024-09-16 15:57:44.473,416.0236702837911,15
2024-09-16 15:57:44.552,416.0289099386641,6
2024-09-16 15:57:44.628,416.0741438659889,6
2024-09-16 15:57:44.639,416.05222963704,1002
2024-09-16 15:57:44.646,416.0525932468757,998
2024-09-16 15:57:44.651,416.02900138496943,5
2024-09-16 15:57:44.668,416.0350952348702,1002
2024-09-16 15:57:44.722,416.03031890503325,13
2024-09-16 15:57:44.907,416.0582547121943,104
2024-09-16 15:57:45.003,416.1703854709368,100
2024-09-16 15:57:45.082,416.1005002396004,14
2024-09-16 15:57:45.176,416.11354756674353,105
2024-09-16 15:57:45.216,416.1572184085728,103
2024-09-16 15:57:45.245,416.0900160945282,997
2024-09-16 15:57:45.250,416.1133340315285,12
2024-09-16 15:57:45.279,416.122909316617,104
2024-09-16 15:57:45.313,416.1237993486934,5
2024-09-16 15:57:45.322,416.17386799118856,8
2024-09-16 15:57:45.324,416.1092723293467,1004
2024-09-16 15:57:45.338,416.1118315040588,96
2024-09-16 15:57:45.399,416.133591695111,6
2024-09-16 15:57:45.431,416.1309620933168,1001
2024-09-16 15:57:45.493,416.0982506280262,96
2024-09-16 15:57:45.521,,1005
2024-09-16 15:57:45.544,416.09571631077824,100
2024-09-16 15:57:45.660,416.1220439569881,104
2024-09-16 15:57:45.746,416.11268790587286,5
2024-09-16 15:57:45.775,416.0956744411409,6
2024-09-16 15:57:45.816,416.08310999951306,995
2024-09-16 15:57:45.818,416.0849723514124,999
2024-09-16 15:57:45.832,416.1765426364337,1005
2024-09-16 15:57:45.835,416.1586463658053,7
2024-09-16 15:57:45.868,416.0965840527256,1002
2024-09-16 15:57:45.903,416.1443313401381,101
2024-09-16 15:57:46.251,416.1301116046516,15
2024-09-16 15:57:46.780,416.1135094234137,11
2024-09-16 15:57:47.071,416.1131304873756,103
2024-09-16 15:57:47.180,416.10374128777727,8
2024-09-16 15:57:47.528,416.1198685620603,9
2024-09-16 15:57:47.536,416.0980558558885,102
2024-09-16 15:57:47.613,416.1177603263335,98
2024-09-16 15:57:47.682,416.1213013801038,98
2024-09-16 15:57:47.868,416.1108995598756,97
2024-09-16 15:57:48.005,416.19914590843,98
2024-09-16 15:57:48.055,-416.1663381140605,102
2024-09-16 15:57:48.057,416.1773565999798,14
2024-09-16 15:57:48.090,416.1534395993232,102
2024-09-16 15:57:48.107,416.1780094742044,10
2024-09-16 15:57:48.110,416.1612740735236,100
2024-09-16 15:57:48.118,416.11868965789546,996
2024-09-16 15:57:48.325,416.1433168177748,13
2024-09-16 15:57:48.338,416.1301561402596,995
2024-09-16 15:57:48.382,416.1282679966843,6
2024-09-16 15:57:48.434,416.1635768045035,100
2024-09-16 15:57:48.516,416.1363039629857,102
2024-09-16 15:57:48.556,416.1766685729161,1002
2024-09-16 15:57:48.558,416.1600802286347,95
2024-09-16 15:57:48.573,416.1721865269625,10
2024-09-16 15:57:48.585,416.1640393771815,6
2024-09-16 15:57:48.616,416.1518559494172,95
2024-09-16 15:57:48.618,41.613822816298736,5
2024-09-16 15:57:48.676,416.13774224062894,5
2024-09-16 15:57:48.799,416.1453217411165,6
2024-09-16 15:57:48.828,416.14207043031394,1003
2024-09-16 15:57:48.868,416.14068431568455,1001
2024-09-16 15:57:48.897,416.1734915966532,1003
2024-09-16 15:57:48.907,,14
2024-09-16 15:57:49.230,416.1073306819459,999
2024-09-16 15:57:49.233,416.11639385769473,999
2024-09-16 15:57:49.236,416.1199365773098,98
2024-09-16 15:57:49.236,416.0988454522735,1003
2024-09-16 15:57:49.313,416.1159211664122,105
2024-09-16 15:57:49.761,416.1150482702033,998
2024-09-16 15:57:49.805,416.0955952866254,7
2024-09-16 15:57:49.848,416.1271613692736,1002
2024-09-16 15:57:50.132,416.0846328539601,1002
2024-09-16 15:57:50.240,416.07196943465607,100
2024-09-16 15:57:50.253,416.0910804070019,5
2024-09-16 15:57:50.306,416.07905354234975,105
2024-09-16 15:57:50.321,416.08769989753546,10
2024-09-16 15:57:50.411,416.0782411903333,1003
2024-09-16 15:57:50.473,416.07207457706767,1000
2024-09-16 15:57:50.499,416.08468015256665,1002
2024-09-16 15:57:50.502,416.0772970545216,102
2024-09-16 15:57:50.572,416.06170458010473,999
2024-09-16 15:57:50.624,416.06563876003656,103
2024-09-16 15:57:50.711,41.60989397683269,101
2024-09-16 15:57:50.712,416.0619811183918,100
2024-09-16 15:57:50.732,416.0693226734642,998
2024-09-16 15:57:51.080,416.0308662289866,997
2024-09-16 15:57:51.279,416.1099537584852,11
2024-09-16 15:57:51.394,416.1172903169014,13
2024-09-16 15:57:51.532,416.0238901012004,997
2024-09-16 15:57:51.533,416.0497639876856,12
2024-09-16 15:57:51.660,416.0857652143813,14
2024-09-16 15:57:51.722,416.0871308972371,11
2024-09-16 15:57:51.795,416.1117660138049,8
2024-09-16 15:57:51.844,416.1298474334141,998
2024-09-16 15:57:52.066,417.61565767020585,10
2024-09-16 15:57:52.799,416.1290799929803,1002
2024-09-16 15:57:53.106,416.1051267397003,1001
2024-09-16 15:57:53.135,41.60970353731068,8
2024-09-16 15:57:53.165,416.1344789422438,999
2024-09-16 15:57:53.219,416.1325792705856,101
2024-09-16 15:57:53.225,416.09428198475774,13
2024-09-16 15:57:53.350,416.0752456356358,13
2024-09-16 15:57:53.430,416.09297744448736,1001
2024-09-16 15:57:53.484,416.0977380045405,15
2024-09-16 15:57:53.515,416.0843045724522,999
2024-09-16 15:57:53.528,416.1332435793981,103
2024-09-16 15:57:53.602,416.0761745698614,9
2024-09-16 15:57:53.626,416.09688895214106,1003
2024-09-16 15:57:53.659,416.1093631901032,995
2024-09-16 15:57:53.665,416.1159304656396,6
2024-09-16 15:57:53.794,416.0912544041784,995
2024-09-16 15:57:53.828,416.0917366902276,8
2024-09-16 15:57:53.952,416.12371047102187,997
2024-09-16 15:57:53.970,416.0826054082527,1000
2024-09-16 15:57:53.993,416.1054429790822,12
2024-09-16 15:57:54.357,416.11905793050295,1001
2024-09-16 15:57:54.368,416.11870017431806,13
2024-09-16 15:57:54.696,416.11721334308913,99
2024-09-16 15:57:54.847,416.0911179611058,1004
2024-09-16 15:57:55.025,416.1333407925754,15
2024-09-16 15:57:55.028,416.146240219983,99
2024-09-16 15:57:55.049,416.1434935953109,98
2024-09-16 15:57:55.064,416.1608166340764,95
2024-09-16 15:57:55.078,416.1798539636159,996
2024-09-16 15:57:55.108,416.13486950642846,7
2024-09-16 15:57:55.120,416.1272926067415,997
2024-09-16 15:57:55.143,416.1075726525271,997
2024-09-16 15:57:55.173,416.1335035928565,98
2024-09-16 15:57:55.214,416.11710905655946,15
2024-09-16 15:57:55.219,416.1394801662413,102
2024-09-16 15:57:55.310,416.13488399692176,999
2024-09-16 15:57:55.321,416.1287449412907,999
2024-09-16 15:57:55.322,416.18610240634297,8
2024-09-16 15:57:55.393,416.18704768249887,6
2024-09-16 15:57:55.467,-416.1147361197024,103
2024-09-16 15:57:55.572,416.18301529480175,104
2024-09-16 15:57:55.574,416.1137304041675,1000
2024-09-16 15:57:55.605,416.1462915256229,8
2024-09-16 15:57:55.629,416.1533040947424,996
2024-09-16 15:57:55.745,416.1173068450601,6
2024-09-16 15:57:55.764,416.13627333406,10
2024-09-16 15:57:55.765,416.1262184281177,99
2024-09-16 15:57:55.783,416.1507390758719,1001
2024-09-16 15:57:55.788,416.1444766676628,999
2024-09-16 15:57:55.911,416.1716563180533,105
2024-09-16 15:57:55.913,416.1301688856599,996
2024-09-16 15:57:55.923,416.100951714941,1000
2024-09-16 15:57:55.929,416.1471739958389,8
2024-09-16 15:57:56.026,416.1537796220726,96
2024-09-16 15:57:56.087,416.1903019359244,9
2024-09-16 15:57:56.113,416.17624059947065,8
2024-09-16 15:57:56.221,416.1689495009127,1001
2024-09-16 15:57:56.259,416.19053323659296,996
2024-09-16 15:57:56.273,416.1736460479014,100
2024-09-16 15:57:56.282,416.1251895815814,103
2024-09-16 15:57:56.284,416.1550668846391,104
2024-09-16 15:57:56.438,-416.1512831237002,998
2024-09-16 15:57:56.504,416.1362669069557,12
2024-09-16 15:57:56.570,416.16495860401153,103
2024-09-16 15:57:56.592,416.15518607177233,5
2024-09-16 15:57:56.607,416.16790632794016,8
2024-09-16 15:57:56.617,416.1588462872672,104
2024-09-16 15:57:56.665,416.1508006970374,1005
2024-09-16 15:57:56.665,416.1625290702789,1000
2024-09-16 15:57:56.696,416.1680688421071,12
2024-09-16 15:57:56.863,416.1189201406543,7
2024-09-16 15:57:57.066,416.2002751410137,12
2024-09-16 15:57:57.134,416.2394280843508,995
2024-09-16 15:57:57.199,416.224207949106,1005
2024-09-16 15:57:57.264,416.2583318489981,1003
2024-09-16 15:57:57.296,416.2805331596952,999
2024-09-16 15:57:57.325,416.26515781151255,6
2024-09-16 15:57:57.332,417.8800549660352,1004
2024-09-16 15:57:57.355,416.2238667439766,995
2024-09-16 15:57:57.389,416.2729217060896,14
2024-09-16 15:57:57.617,416.2082589891071,102
2024-09-16 15:57:57.858,416.2564711899942,998
2024-09-16 15:57:57.885,416.2464628458672,100
2024-09-16 15:57:57.922,416.2642944769382,7
2024-09-16 15:57:58.098,416.2621020491735,5
2024-09-16 15:57:58.111,416.271506832773,9
2024-09-16 15:57:58.144,416.2555509926587,7
2024-09-16 15:57:58.521,416.2591340784487,1003
2024-09-16 15:57:58.632,416.266437992023,8
2024-09-16 15:57:58.699,416.24954640849353,9
2024-09-16 15:57:58.755,416.2503192392512,5
2024-09-16 15:57:58.795,416.2651365586442,1000
2024-09-16 15:57:59.971,417.8756112534337,99
