Timestamp,Price,Size
2024-09-19 14:58:00.012,419.68588829877285,999
2024-09-19 14:58:00.031,419.6646950480753,995
2024-09-19 14:58:00.263,419.6570796339468,1000
2024-09-19 14:58:00.295,419.6773394045875,101
2024-09-19 14:58:00.330,419.658834773718,11
2024-09-19 14:58:00.769,419.6583677654833,998
2024-09-19 14:58:01.006,-419.66053626321104,13
2024-09-19 14:58:01.532,419.6804043166141,15
2024-09-19 14:58:02.084,419.6360235633842,996
2024-09-19 14:58:02.131,-419.66667615623714,105
2024-09-19 14:58:02.270,419.65845615089256,96
2024-09-19 14:58:02.282,419.693972520424,1002
2024-09-19 14:58:02.407,419.6675148140799,98
2024-09-19 14:58:02.484,419.6694395953681,1000
2024-09-19 14:58:02.502,419.6930486601484,6
2024-09-19 14:58:02.687,419.660734963397,102
2024-09-19 14:58:02.704,419.6528817802117,1003
2024-09-19 14:58:02.859,419.6715066143835,1005
2024-09-19 14:58:03.015,-419.6103045475072,100
2024-09-19 14:58:03.032,419.6027868105436,11
2024-09-19 14:58:03.111,419.60293263579257,8
2024-09-19 14:58:03.190,419.63771111449466,1001
2024-09-19 14:58:03.250,419.6464409371232,15
2024-09-19 14:58:03.350,419.6175433833884,10
2024-09-19 14:58:03.358,419.6395394642949,5
2024-09-19 14:58:03.485,419.6303076708055,105
2024-09-19 14:58:03.534,419.61571788949016,996
2024-09-19 14:58:03.588,419.643970557055,104
2024-09-19 14:58:03.599,419.6153082160236,6
2024-09-19 14:58:03.652,419.60330094858847,15
2024-09-19 14:58:03.829,419.61910795791295,1000
2024-09-19 14:58:04.150,419.758908105368,96
2024-09-19 14:58:04.152,419.7456633897633,99
2024-09-19 14:58:04.170,419.7187718408999,103
2024-09-19 14:58:04.216,419.6995309230996,15
2024-09-19 14:58:04.285,419.7392047592223,998
2024-09-19 14:58:04.294,419.7517053497406,1005
2024-09-19 14:58:04.344,419.6562861852308,11
2024-09-19 14:58:04.345,419.7298051588856,104
2024-09-19 14:58:04.360,419.663614441671,15
2024-09-19 14:58:04.367,419.64001895698686,103
2024-09-19 14:58:04.369,419.7477384170066,1003
2024-09-19 14:58:04.401,419.7738469205292,97
2024-09-19 14:58:04.498,419.7724034721554,104
2024-09-19 14:58:04.520,419.7194686409012,1004
2024-09-19 14:58:04.534,419.6330844537761,9
2024-09-19 14:58:04.564,419.7192596222935,97
2024-09-19 14:58:04.676,419.6468328662192,1000
2024-09-19 14:58:04.777,419.7775787265288,995
2024-09-19 14:58:04.830,419.73704879770605,996
2024-09-19 14:58:04.832,419.7502745642128,999
2024-09-19 14:58:04.872,419.7488563278049,100
2024-09-19 14:58:04.885,419.7272726162655,14
2024-09-19 14:58:04.892,419.661613254122,8
2024-09-19 14:58:04.946,419.7720280332967,997
2024-09-19 14:58:04.998,419.74040410209295,996
2024-09-19 14:58:05.104,419.82780151247977,98
2024-09-19 14:58:05.106,419.8528819495436,95
2024-09-19 14:58:05.109,419.80702078068776,105
2024-09-19 14:58:05.139,419.8148049805049,12
2024-09-19 14:58:05.199,419.8241495980051,996
2024-09-19 14:58:05.214,419.7842288410546,998
2024-09-19 14:58:05.227,419.88462981577067,96
2024-09-19 14:58:05.248,419.8105766879652,8
2024-09-19 14:58:05.264,419.830061312744,10
2024-09-19 14:58:05.304,419.8276584744992,104
2024-09-19 14:58:05.443,419.80175177916266,95
2024-09-19 14:58:05.480,419.8156686938579,105
2024-09-19 14:58:05.538,419.81003429700655,98
2024-09-19 14:58:05.597,419.7843538911462,1002
2024-09-19 14:58:05.620,419.7689790049118,6
2024-09-19 14:58:05.656,419.7844513300046,100
2024-09-19 14:58:05.715,419.83161588280274,996
2024-09-19 14:58:05.753,415.2617608162328,96
2024-09-19 14:58:05.824,419.8011563644597,14
2024-09-19 14:58:05.839,419.9161222204419,98
2024-09-19 14:58:05.850,419.8610026300518,102
2024-09-19 14:58:05.859,419.8246352280934,1001
2024-09-19 14:58:05.892,419.77977232330994,14
2024-09-19 14:58:05.897,419.7901633962672,98
2024-09-19 14:58:05.897,419.7783746177118,14
2024-09-19 14:58:05.901,419.8073996944294,95
2024-09-19 14:58:05.931,-419.7686231277995,104
2024-09-19 14:58:05.944,419.8050215420499,13
2024-09-19 14:58:06.052,419.9950194531767,13
2024-09-19 14:58:06.074,419.97040178918087,97
2024-09-19 14:58:06.094,420.0099718367473,1000
2024-09-19 14:58:06.145,419.9847244026604,1003
2024-09-19 14:58:06.161,419.9835364391767,995
2024-09-19 14:58:06.166,419.9515606327613,1005
2024-09-19 14:58:06.193,419.99102112001634,1002
2024-09-19 14:58:06.254,419.9912746528286,7
2024-09-19 14:58:06.270,419.8904786558872,97
2024-09-19 14:58:06.279,419.9632384336596,97
2024-09-19 14:58:06.308,420.0268281074267,995
2024-09-19 14:58:06.394,419.95333560131206,105
2024-09-19 14:58:06.680,42.0029044826241,1000
2024-09-19 14:58:06.760,419.9015229981833,96
2024-09-19 14:58:06.838,419.9913572293421,1001
2024-09-19 14:58:06.852,419.9976419787603,104
2024-09-19 14:58:06.864,420.001388409788,8
2024-09-19 14:58:06.913,419.9286559803378,102
2024-09-19 14:58:06.938,419.9461563701045,11
2024-09-19 14:58:07.162,419.90688059439816,1005
2024-09-19 14:58:07.206,419.8927186418206,9
2024-09-19 14:58:07.415,419.90316147516165,15
2024-09-19 14:58:07.454,419.90721425130687,1004
2024-09-19 14:58:07.523,419.90523005742943,995
2024-09-19 14:58:07.634,419.9055547176644,14
2024-09-19 14:58:07.685,419.9110809685183,100
2024-09-19 14:58:07.696,419.9099333879312,96
2024-09-19 14:58:07.873,419.9002062440967,98
2024-09-19 14:58:08.008,419.8715339176016,101
2024-09-19 14:58:08.015,419.899834197214,104
2024-09-19 14:58:08.016,419.8574151830362,1003
2024-09-19 14:58:08.020,419.882462587486,1002
2024-09-19 14:58:08.075,419.8509233621656,9
2024-09-19 14:58:08.096,419.87170529502697,11
2024-09-19 14:58:08.154,419.8220685630866,15
2024-09-19 14:58:08.188,419.8562434843228,103
2024-09-19 14:58:08.193,419.8617130403256,9
2024-09-19 14:58:08.212,419.8982462819014,98
2024-09-19 14:58:08.260,419.8788095153698,1003
2024-09-19 14:58:08.311,419.8681028790822,12
2024-09-19 14:58:08.323,419.8508110267767,102
2024-09-19 14:58:08.375,419.8784051472911,1003
2024-09-19 14:58:08.424,419.8398278732868,10
2024-09-19 14:58:08.441,419.85678673488326,1004
2024-09-19 14:58:08.464,419.8779565640959,6
2024-09-19 14:58:08.473,419.8302708116354,11
2024-09-19 14:58:08.480,419.8702883184462,95
2024-09-19 14:58:08.488,419.9073556546178,95
2024-09-19 14:58:08.508,419.8938107639763,10
2024-09-19 14:58:08.547,419.91526998365066,1004
2024-09-19 14:58:08.570,419.9128694749418,101
2024-09-19 14:58:08.593,419.93036750628727,101
2024-09-19 14:58:08.604,419.8718086711905,103
2024-09-19 14:58:08.642,419.8548773349903,15
2024-09-19 14:58:08.705,419.8669452572023,1004
2024-09-19 14:58:08.712,419.8801420201274,104
2024-09-19 14:58:08.741,419.8734648131726,997
2024-09-19 14:58:08.788,419.83259208620433,95
2024-09-19 14:58:09.010,41.98603873231369,1004
2024-09-19 14:58:09.065,419.80894518957615,1005
2024-09-19 14:58:09.092,419.8531908584556,7
2024-09-19 14:58:09.155,419.8583487477286,10
2024-09-19 14:58:09.263,419.8519675860896,105
2024-09-19 14:58:09.474,419.8235532626258,96
2024-09-19 14:58:09.497,419.8265097191274,98
2024-09-19 14:58:09.503,41.98207478277739,98
2024-09-19 14:58:09.516,419.7930851867861,998
2024-09-19 14:58:09.590,419.8092471888652,105
2024-09-19 14:58:09.603,419.8349769993899,101
2024-09-19 14:58:09.613,419.8181548825736,1005
2024-09-19 14:58:09.621,419.8302098815696,1000
2024-09-19 14:58:09.734,419.8478543673037,104
2024-09-19 14:58:09.744,419.8553919752324,15
2024-09-19 14:58:09.776,419.84733776514,13
2024-09-19 14:58:09.778,419.8166437193362,13
2024-09-19 14:58:09.787,,104
2024-09-19 14:58:09.993,419.8347372007244,997
2024-09-19 14:58:10.004,419.7988083273266,997
2024-09-19 14:58:10.037,419.8318311010616,5
2024-09-19 14:58:10.162,419.8498935676444,105
2024-09-19 14:58:10.167,419.8604947440948,9
2024-09-19 14:58:10.175,419.8404551591479,1001
2024-09-19 14:58:10.176,419.8114963150845,1001
2024-09-19 14:58:10.194,419.8340695266724,997
2024-09-19 14:58:10.203,419.8199830340552,15
2024-09-19 14:58:10.216,419.86944602090233,96
2024-09-19 14:58:10.250,419.7983084714211,101
2024-09-19 14:58:10.264,-419.8553758692297,1002
2024-09-19 14:58:10.334,419.832632966245,995
2024-09-19 14:58:10.356,419.870129271173,999
2024-09-19 14:58:10.426,419.82986024959007,96
2024-09-19 14:58:10.446,419.843361845436,105
2024-09-19 14:58:10.480,419.8400035771463,997
2024-09-19 14:58:10.528,419.8482831809436,1003
2024-09-19 14:58:10.586,419.8155870788499,996
2024-09-19 14:58:10.648,419.7999153449482,96
2024-09-19 14:58:10.699,,15
2024-09-19 14:58:10.706,419.8121101375391,997
2024-09-19 14:58:10.724,419.8434457591019,1001
2024-09-19 14:58:10.737,419.8433807562856,7
2024-09-19 14:58:10.824,419.79127804494806,1002
2024-09-19 14:58:10.835,419.7965250656261,95
2024-09-19 14:58:10.919,419.79178430873895,995
2024-09-19 14:58:11.121,419.886608784884,99
2024-09-19 14:58:11.131,419.8700514568473,97
2024-09-19 14:58:11.137,419.8834790076079,996
2024-09-19 14:58:11.169,419.8392034029688,1001
2024-09-19 14:58:11.254,,10
2024-09-19 14:58:11.316,419.8698817406653,1004
2024-09-19 14:58:11.714,419.8907369642619,8
2024-09-19 14:58:11.731,419.8598018060269,999
2024-09-19 14:58:12.018,419.820630985093,14
2024-09-19 14:58:12.038,419.8920045647094,12
2024-09-19 14:58:12.099,419.8944173808429,102
2024-09-19 14:58:12.261,419.8660926395076,997
2024-09-19 14:58:12.273,419.8579688851514,5
2024-09-19 14:58:12.366,419.8412862945181,997
2024-09-19 14:58:12.406,419.8971193745497,1005
2024-09-19 14:58:12.407,419.8553637506197,1000
2024-09-19 14:58:12.441,419.875644933459,997
2024-09-19 14:58:12.483,419.86336671336255,1003
2024-09-19 14:58:12.513,419.84891437815406,998
2024-09-19 14:58:12.530,419.8119705185924,96
2024-09-19 14:58:12.571,419.8365580984234,99
2024-09-19 14:58:12.584,419.8317945526461,14
2024-09-19 14:58:12.614,419.88399368506055,15
2024-09-19 14:58:12.663,419.8761590473157,995
2024-09-19 14:58:12.720,419.836274655608,998
2024-09-19 14:58:12.800,419.8882670175243,98
2024-09-19 14:58:12.900,419.84055225906,99
2024-09-19 14:58:12.911,419.8574641549794,95
2024-09-19 14:58:12.912,419.8668236711073,11
2024-09-19 14:58:12.930,419.83581008849256,1003
2024-09-19 14:58:12.950,419.8787623869473,996
2024-09-19 14:58:12.953,419.8843760328485,102
2024-09-19 14:58:12.963,419.8719935077834,102
2024-09-19 14:58:12.998,419.8662373876784,1003
2024-09-19 14:58:13.016,419.8417987746527,104
2024-09-19 14:58:13.035,414.91807793094335,996
2024-09-19 14:58:13.180,419.8620987342756,15
2024-09-19 14:58:13.401,-419.842668123287,9
2024-09-19 14:58:13.422,419.8277514233071,996
2024-09-19 14:58:13.423,419.841597350002,996
2024-09-19 14:58:13.671,419.83872373300414,1003
2024-09-19 14:58:13.776,419.8282457792706,9
2024-09-19 14:58:13.890,419.85461548977537,98
2024-09-19 14:58:13.893,419.8640504269735,12
2024-09-19 14:58:13.902,419.82540662292746,105
2024-09-19 14:58:13.944,419.8150796284814,11
2024-09-19 14:58:14.008,419.882805288634,996
2024-09-19 14:58:14.103,-419.8913766678442,7
2024-09-19 14:58:14.391,419.8606280576454,1005
2024-09-19 14:58:14.540,419.9173514370484,996
2024-09-19 14:58:14.559,419.90031679974527,6
2024-09-19 14:58:14.752,419.8798630460934,8
2024-09-19 14:58:14.767,419.8731892502093,15
2024-09-19 14:58:15.269,419.91545861699046,99
2024-09-19 14:58:15.339,419.9377830705856,8
2024-09-19 14:58:15.414,419.9205119564156,997
2024-09-19 14:58:15.433,419.90697827845327,10
2024-09-19 14:58:15.446,419.9272583386478,103
2024-09-19 14:58:15.449,419.948967074521,14
2024-09-19 14:58:15.473,419.934794720679,997
2024-09-19 14:58:15.552,419.904096165136,97
2024-09-19 14:58:15.553,419.9410325466743,95
2024-09-19 14:58:15.722,419.9112980036508,105
2024-09-19 14:58:15.837,419.9180018599335,995
2024-09-19 14:58:16.037,419.9350156155696,996
2024-09-19 14:58:16.196,419.8821950865645,5
2024-09-19 14:58:16.455,419.8970950508922,13
2024-09-19 14:58:16.462,419.9145433537664,105
2024-09-19 14:58:16.506,419.91094641571385,13
2024-09-19 14:58:16.653,419.8980865506963,10
2024-09-19 14:58:16.917,419.9243508964178,98
2024-09-19 14:58:16.968,419.90988884262873,1004
2024-09-19 14:58:17.016,419.8624491062633,104
2024-09-19 14:58:17.066,419.93382665964464,101
2024-09-19 14:58:17.105,419.87905122561233,999
2024-09-19 14:58:17.117,419.8880017750808,11
2024-09-19 14:58:17.174,419.8932819955293,5
2024-09-19 14:58:17.305,419.9114138706408,1003
2024-09-19 14:58:17.344,419.8838566646737,6
2024-09-19 14:58:17.359,419.8536200188337,5
2024-09-19 14:58:17.385,419.88686659377066,105
2024-09-19 14:58:17.461,419.8342812444005,99
2024-09-19 14:58:17.489,419.8803009997012,996
2024-09-19 14:58:17.586,419.9039776873666,97
2024-09-19 14:58:17.687,419.9107479528737,1002
2024-09-19 14:58:17.691,419.82578001061313,6
2024-09-19 14:58:17.726,419.8934696298329,1000
2024-09-19 14:58:17.794,419.93135791627344,7
2024-09-19 14:58:17.844,419.8608369899848,1002
2024-09-19 14:58:17.891,419.9252135150766,102
2024-09-19 14:58:17.897,414.9686505087456,7
2024-09-19 14:58:17.932,419.8871082614965,1004
2024-09-19 14:58:17.946,419.9050973844372,1001
2024-09-19 14:58:17.947,419.8703324479366,11
2024-09-19 14:58:18.088,419.84188826298,12
2024-09-19 14:58:18.142,419.852011908053,6
2024-09-19 14:58:18.143,419.8418318251102,997
2024-09-19 14:58:18.351,419.8438630573726,8
2024-09-19 14:58:18.465,419.8415634647324,1003
2024-09-19 14:58:18.477,419.8379571625969,1004
2024-09-19 14:58:18.478,419.84726356297085,105
2024-09-19 14:58:18.493,419.83771232394025,1001
2024-09-19 14:58:18.498,419.86750397966966,12
2024-09-19 14:58:18.504,419.8470801106087,1000
2024-09-19 14:58:18.514,419.8357650011224,1003
2024-09-19 14:58:18.660,419.872180066009,13
2024-09-19 14:58:18.679,419.818889280081,104
2024-09-19 14:58:18.714,419.8635364556556,7
2024-09-19 14:58:18.717,419.8427200497283,101
2024-09-19 14:58:18.740,419.8683691500992,1000
2024-09-19 14:58:18.939,419.8173580405491,997
2024-09-19 14:58:19.081,419.8918405690685,6
2024-09-19 14:58:19.097,419.8852565916464,102
2024-09-19 14:58:19.114,419.92548738063886,1005
2024-09-19 14:58:19.133,,15
2024-09-19 14:58:19.148,41.98688143232928,103
2024-09-19 14:58:19.205,419.8934408910261,999
2024-09-19 14:58:19.267,419.8700156415244,95
2024-09-19 14:58:19.291,419.9115796722301,7
2024-09-19 14:58:19.387,419.9045827810268,14
2024-09-19 14:58:19.450,419.9113838009247,1002
2024-09-19 14:58:19.508,419.889062702115,7
2024-09-19 14:58:19.527,419.8936362511068,6
2024-09-19 14:58:19.581,419.9083722192217,997
2024-09-19 14:58:19.601,419.889935720824,105
2024-09-19 14:58:19.668,419.9183715508989,103
2024-09-19 14:58:19.748,419.9100959805352,12
2024-09-19 14:58:19.807,419.8907934449401,5
2024-09-19 14:58:19.842,419.8788526328845,15
2024-09-19 14:58:19.882,419.9105173720564,995
2024-09-19 14:58:19.912,419.9064056763227,11
2024-09-19 14:58:19.963,419.923811137308,101
2024-09-19 14:58:19.966,419.9061004440425,95
2024-09-19 14:58:19.980,419.8810459923594,996
2024-09-19 14:58:20.021,419.851110880815,999
2024-09-19 14:58:20.048,419.84098022260497,995
2024-09-19 14:58:20.104,419.87779269815337,995
2024-09-19 14:58:20.108,419.9003800870478,13
2024-09-19 14:58:20.188,419.9041583932736,98
2024-09-19 14:58:20.226,419.88158845077726,96
2024-09-19 14:58:20.256,419.8915676971567,102
2024-09-19 14:58:20.269,419.9042527831523,14
2024-09-19 14:58:20.301,-419.8636103503213,8
2024-09-19 14:58:20.360,419.9177324470603,13
2024-09-19 14:58:20.375,419.8699656304824,96
2024-09-19 14:58:20.417,419.9068769064671,1004
2024-09-19 14:58:20.487,419.8755461926445,5
2024-09-19 14:58:20.565,419.91101561055,997
2024-09-19 14:58:20.592,419.90383884669455,1000
2024-09-19 14:58:20.703,419.9178612198957,98
2024-09-19 14:58:20.704,419.8945627233654,1005
2024-09-19 14:58:20.709,419.8630967710403,101
2024-09-19 14:58:20.711,419.8680064341182,95
2024-09-19 14:58:20.752,419.9051511505646,95
2024-09-19 14:58:20.756,419.9161692399352,999
2024-09-19 14:58:20.815,419.8997745028896,96
2024-09-19 14:58:20.827,419.9082408982219,1000
2024-09-19 14:58:20.863,419.8917274014474,8
2024-09-19 14:58:20.907,419.87891784765935,1005
2024-09-19 14:58:20.948,419.90277691750873,1001
2024-09-19 14:58:20.975,419.9208361754947,5
2024-09-19 14:58:20.981,419.84315560147104,9
2024-09-19 14:58:21.091,419.7966518624146,97
2024-09-19 14:58:21.123,419.7979593943683,1002
2024-09-19 14:58:21.263,419.8378257996566,5
2024-09-19 14:58:21.336,419.8287468468212,14
2024-09-19 14:58:21.337,419.79362727553047,1002
2024-09-19 14:58:21.434,419.79168240165967,12
2024-09-19 14:58:21.530,-419.7841430555808,11
2024-09-19 14:58:21.555,419.8079174490956,6
2024-09-19 14:58:21.621,419.7839052062437,11
2024-09-19 14:58:21.677,419.8224337520685,1000
2024-09-19 14:58:21.729,419.8410341002617,7
2024-09-19 14:58:21.830,419.8125261533742,11
2024-09-19 14:58:21.945,419.84053005791833,96
2024-09-19 14:58:21.965,419.7955229191148,102
2024-09-19 14:58:21.967,419.8325346417377,15
2024-09-19 14:58:22.131,419.7899822614404,101
2024-09-19 14:58:22.302,419.7904267524882,1002
2024-09-19 14:58:22.323,419.8103561051431,5
2024-09-19 14:58:22.339,419.8003642876222,7
2024-09-19 14:58:22.567,419.7752736111264,15
2024-09-19 14:58:22.685,419.8226847652903,1002
2024-09-19 14:58:22.823,419.8072639831887,97
2024-09-19 14:58:22.824,419.82013982373854,1001
2024-09-19 14:58:22.989,419.7983951149785,103
2024-09-19 14:58:22.993,419.8030754409736,1005
2024-09-19 14:58:23.076,419.7339222974139,1001
2024-09-19 14:58:23.108,419.7358930952376,105
2024-09-19 14:58:23.128,419.78056960925056,9
2024-09-19 14:58:23.210,419.7519583580967,13
2024-09-19 14:58:23.304,419.7868591097866,8
2024-09-19 14:58:23.362,419.7765691274519,96
2024-09-19 14:58:23.362,419.78859883401554,12
2024-09-19 14:58:23.364,419.7518190613585,101
2024-09-19 14:58:23.376,419.7995644213437,98
2024-09-19 14:58:23.378,419.7188275382817,98
2024-09-19 14:58:23.420,419.8195841720602,103
2024-09-19 14:58:23.429,419.7499918620805,103
2024-09-19 14:58:23.546,419.7641759474703,1001
2024-09-19 14:58:23.581,415.101003012564,1003
2024-09-19 14:58:23.600,-419.7415390717286,104
2024-09-19 14:58:23.674,419.7198534763567,1004
2024-09-19 14:58:23.678,419.7832508079349,10
2024-09-19 14:58:23.720,419.7189470560602,99
2024-09-19 14:58:23.758,419.7290749223745,998
2024-09-19 14:58:23.835,419.7354249953356,1005
2024-09-19 14:58:23.949,419.8330665323142,1005
2024-09-19 14:58:24.626,415.1377697230608,95
2024-09-19 14:58:24.720,419.7099538371076,98
2024-09-19 14:58:25.017,419.670298495133,99
2024-09-19 14:58:25.067,419.6487203380961,10
2024-09-19 14:58:25.070,419.70691301082985,1002
2024-09-19 14:58:25.135,419.6550537740385,1002
2024-09-19 14:58:25.139,419.6836938454711,105
2024-09-19 14:58:25.146,419.63261172788896,15
2024-09-19 14:58:25.272,419.65015549678384,1001
2024-09-19 14:58:25.290,419.6342328219864,995
2024-09-19 14:58:25.293,419.653901556888,5
2024-09-19 14:58:25.371,419.6671861693936,996
2024-09-19 14:58:25.384,419.7087486346399,104
2024-09-19 14:58:25.385,419.6507876291013,999
2024-09-19 14:58:25.435,419.6449691304571,1001
2024-09-19 14:58:25.465,419.70309519032094,7
2024-09-19 14:58:25.466,419.6553095590998,96
2024-09-19 14:58:25.552,419.6591559574816,8
2024-09-19 14:58:25.589,419.663409611828,995
2024-09-19 14:58:25.594,419.6887042684708,12
2024-09-19 14:58:25.632,419.6431792466854,14
2024-09-19 14:58:25.662,419.6742769394498,1004
2024-09-19 14:58:25.664,419.6381488875193,995
2024-09-19 14:58:25.751,419.6878549478986,995
2024-09-19 14:58:25.830,419.6732947474768,1003
2024-09-19 14:58:25.889,419.6569200863556,8
2024-09-19 14:58:25.895,419.70362539576,1002
2024-09-19 14:58:25.903,419.6459188949839,96
2024-09-19 14:58:25.944,419.6574952914905,98
2024-09-19 14:58:25.997,419.663316824969,1005
2024-09-19 14:58:26.249,419.67883275512,13
2024-09-19 14:58:26.254,419.6451174524926,10
2024-09-19 14:58:26.298,419.6560848331842,995
2024-09-19 14:58:26.346,419.6417348909494,11
2024-09-19 14:58:26.367,419.6458580926371,995
2024-09-19 14:58:26.392,419.6505041625734,14
2024-09-19 14:58:26.403,419.63238819845895,1004
2024-09-19 14:58:26.506,419.6700401556338,97
2024-09-19 14:58:26.567,419.68469909168647,13
2024-09-19 14:58:26.627,419.695013524661,6
2024-09-19 14:58:26.664,419.6708160718696,103
2024-09-19 14:58:26.672,419.6932604575363,105
2024-09-19 14:58:26.742,419.6622249410145,6
2024-09-19 14:58:26.753,419.6536656339212,96
2024-09-19 14:58:26.812,419.6750905940845,95
2024-09-19 14:58:26.813,419.6669944087357,98
2024-09-19 14:58:26.816,419.6578791063241,11
2024-09-19 14:58:26.859,419.63870100427584,995
2024-09-19 14:58:26.914,419.6598467041372,98
2024-09-19 14:58:26.926,419.6496764244643,7
2024-09-19 14:58:26.955,419.6655185080022,8
2024-09-19 14:58:26.957,419.6659695212105,5
2024-09-19 14:58:27.007,419.6797970935065,102
2024-09-19 14:58:27.020,419.7246469937997,1002
2024-09-19 14:58:27.073,419.6856901429887,5
2024-09-19 14:58:27.097,419.66387921136055,5
2024-09-19 14:58:27.117,419.6540719543808,995
2024-09-19 14:58:27.159,419.69343264672784,997
2024-09-19 14:58:27.177,419.7066505355793,10
2024-09-19 14:58:27.202,419.6772202961309,105
2024-09-19 14:58:27.300,419.67839857553054,7
2024-09-19 14:58:27.350,419.6640575018838,997
2024-09-19 14:58:27.442,419.7293759956224,105
2024-09-19 14:58:27.541,419.68466241746063,998
2024-09-19 14:58:27.601,419.69997237989776,105
2024-09-19 14:58:27.611,419.7000881552766,13
2024-09-19 14:58:27.794,419.74234176064033,999
2024-09-19 14:58:27.851,419.758384787255,11
2024-09-19 14:58:27.904,419.6757882397974,1001
2024-09-19 14:58:27.940,419.6937472014343,96
2024-09-19 14:58:27.950,419.7370090641635,10
2024-09-19 14:58:27.964,419.7238496639633,1005
2024-09-19 14:58:28.008,419.739499453436,12
2024-09-19 14:58:28.024,419.6849918146568,999
2024-09-19 14:58:28.026,419.7197442588367,1000
2024-09-19 14:58:28.153,-419.74350268845086,100
2024-09-19 14:58:28.238,419.7579953793834,10
2024-09-19 14:58:28.276,419.6477564564138,8
2024-09-19 14:58:28.322,419.64960552975936,13
2024-09-19 14:58:28.347,41.96373003136076,999
2024-09-19 14:58:28.394,419.6424332588618,1005
2024-09-19 14:58:28.412,419.6656422709645,1005
2024-09-19 14:58:28.461,419.66379588547744,11
2024-09-19 14:58:28.463,419.6618497375249,1003
2024-09-19 14:58:28.474,419.6470219979923,105
2024-09-19 14:58:28.540,419.67146261512914,95
2024-09-19 14:58:28.631,419.68899501787655,98
2024-09-19 14:58:28.635,419.72295102889547,14
2024-09-19 14:58:28.638,419.7336777537103,1001
2024-09-19 14:58:28.667,419.746052590128,11
2024-09-19 14:58:28.689,419.6701393431785,6
2024-09-19 14:58:28.784,419.7494878238476,8
2024-09-19 14:58:28.805,419.7309139443036,1001
2024-09-19 14:58:28.840,419.64261866176486,12
2024-09-19 14:58:28.863,419.6514232448872,10
2024-09-19 14:58:28.939,419.6832655105832,15
2024-09-19 14:58:28.988,419.7336409042725,14
2024-09-19 14:58:29.007,419.6548058672004,100
2024-09-19 14:58:29.026,419.6398635502551,5
2024-09-19 14:58:29.041,419.6578429109768,7
2024-09-19 14:58:29.146,419.6474554383702,1003
2024-09-19 14:58:29.164,419.6076639947371,1001
2024-09-19 14:58:29.193,419.65064828019626,997
2024-09-19 14:58:29.214,419.6471193291937,12
2024-09-19 14:58:29.235,419.6613321929771,104
2024-09-19 14:58:29.253,419.6251366638604,104
2024-09-19 14:58:29.455,419.6493135874678,999
2024-09-19 14:58:29.459,419.66338198337536,6
2024-09-19 14:58:29.487,419.6414816223283,98
2024-09-19 14:58:29.624,419.6395057223826,14
2024-09-19 14:58:29.744,419.6097420566661,10
2024-09-19 14:58:29.753,419.6674830589344,1000
2024-09-19 14:58:29.795,419.6534340959306,10
2024-09-19 14:58:29.806,419.6396504450464,1003
2024-09-19 14:58:29.919,419.6300251656503,1001
2024-09-19 14:58:30.072,419.6766851905879,105
2024-09-19 14:58:30.117,419.6889053666918,102
2024-09-19 14:58:30.137,419.6971580468086,100
2024-09-19 14:58:30.171,419.6795616411463,14
2024-09-19 14:58:30.469,419.6738003297341,8
2024-09-19 14:58:30.475,419.6702623974172,1000
2024-09-19 14:58:30.539,419.6490765937484,997
2024-09-19 14:58:30.554,419.68537573173785,101
2024-09-19 14:58:30.681,419.68684121874713,102
2024-09-19 14:58:30.693,419.6820603944564,1005
2024-09-19 14:58:30.867,419.6666205024953,8
2024-09-19 14:58:30.872,419.6579311846449,104
2024-09-19 14:58:30.943,419.6575131791564,9
2024-09-19 14:58:31.023,419.66141666326587,998
2024-09-19 14:58:31.098,419.6198049589876,99
2024-09-19 14:58:31.124,419.649123015058,100
2024-09-19 14:58:31.142,419.6612565085571,998
2024-09-19 14:58:31.244,419.64097698086255,997
2024-09-19 14:58:31.312,419.65413163104097,99
2024-09-19 14:58:31.322,419.63781960782586,7
2024-09-19 14:58:31.364,419.6361856021721,997
2024-09-19 14:58:31.371,419.6240768295605,95
2024-09-19 14:58:31.375,419.6390185757432,10
2024-09-19 14:58:31.430,419.6088553670037,96
2024-09-19 14:58:31.446,419.6445745310701,100
2024-09-19 14:58:31.519,419.6228957987368,98
2024-09-19 14:58:31.531,419.6062370347166,100
2024-09-19 14:58:31.553,419.6406129106488,103
2024-09-19 14:58:31.559,419.6309229054807,1001
2024-09-19 14:58:31.589,419.6307142221828,14
2024-09-19 14:58:31.707,419.6331865639993,9
2024-09-19 14:58:31.742,419.6213057078159,9
2024-09-19 14:58:31.770,419.6234288557921,1003
2024-09-19 14:58:31.902,419.64336025963786,998
2024-09-19 14:58:31.902,419.61960804816994,995
2024-09-19 14:58:31.964,415.01205546644695,96
2024-09-19 14:58:32.075,419.632523221644,8
2024-09-19 14:58:32.091,419.6151585454206,104
2024-09-19 14:58:32.155,419.6243994143063,104
2024-09-19 14:58:32.221,419.6099785891998,1004
2024-09-19 14:58:32.264,419.610872583704,1002
2024-09-19 14:58:32.274,419.6387296965564,996
2024-09-19 14:58:32.279,419.6442727545536,101
2024-09-19 14:58:32.303,419.6070848423008,11
2024-09-19 14:58:32.331,419.6320265490249,1000
2024-09-19 14:58:32.333,419.6363888097599,97
2024-09-19 14:58:32.344,419.63380621751736,13
2024-09-19 14:58:32.357,419.589632808573,13
2024-09-19 14:58:32.376,419.61628231226274,14
2024-09-19 14:58:32.390,419.6237091250622,13
2024-09-19 14:58:32.424,419.6197063938101,15
2024-09-19 14:58:32.437,419.653701159718,15
2024-09-19 14:58:32.649,419.6322495825341,5
2024-09-19 14:58:32.660,419.58849846739446,102
2024-09-19 14:58:32.731,419.6403262250987,104
2024-09-19 14:58:32.746,419.6553882171476,996
2024-09-19 14:58:32.749,419.6412512116792,6
2024-09-19 14:58:32.758,419.6264776335331,12
2024-09-19 14:58:32.783,419.6014864489508,100
2024-09-19 14:58:32.863,419.6052364172309,98
2024-09-19 14:58:32.940,419.6337122836527,1000
2024-09-19 14:58:32.953,419.64552143348993,995
2024-09-19 14:58:32.994,419.6330614314501,95
2024-09-19 14:58:33.507,419.60211762867954,999
2024-09-19 14:58:33.976,419.58545823594136,998
2024-09-19 14:58:34.348,419.5906604233684,10
2024-09-19 14:58:34.819,419.5903403756008,6
2024-09-19 14:58:34.929,419.6008254494212,1003
2024-09-19 14:58:34.938,419.611409105124,1000
2024-09-19 14:58:34.941,419.5992468326816,999
2024-09-19 14:58:35.171,419.6137107351236,98
2024-09-19 14:58:35.315,419.6007300572409,96
2024-09-19 14:58:35.624,419.6116655396672,11
2024-09-19 14:58:36.144,419.6308997334923,7
2024-09-19 14:58:36.162,419.593188017316,1000
2024-09-19 14:58:36.294,419.60516902721656,5
2024-09-19 14:58:36.373,419.5825245569375,104
2024-09-19 14:58:36.408,419.59960788869023,102
2024-09-19 14:58:36.409,419.5955628609422,1000
2024-09-19 14:58:36.589,419.6117392323495,104
2024-09-19 14:58:36.726,419.62892890210895,5
2024-09-19 14:58:36.874,419.61340998493023,105
2024-09-19 14:58:36.880,419.6306887548965,13
2024-09-19 14:58:36.971,419.6119463636374,14
2024-09-19 14:58:37.031,419.62535037616857,6
2024-09-19 14:58:37.080,419.5854928114616,6
2024-09-19 14:58:37.150,419.5937984606636,996
2024-09-19 14:58:37.200,419.6099151771201,1004
2024-09-19 14:58:37.205,419.6160971319725,9
2024-09-19 14:58:37.264,419.5948720280927,96
2024-09-19 14:58:37.450,419.5760003180427,1002
2024-09-19 14:58:37.470,419.5812998716247,100
2024-09-19 14:58:37.543,419.5884883182784,998
2024-09-19 14:58:37.609,419.582280409626,6
2024-09-19 14:58:37.651,419.5710108180302,1004
2024-09-19 14:58:37.678,419.6044168410248,95
2024-09-19 14:58:37.684,419.5886029899794,5
2024-09-19 14:58:37.687,419.61961603582125,14
2024-09-19 14:58:37.811,419.58394115236354,1000
2024-09-19 14:58:37.843,419.5800793749468,1002
2024-09-19 14:58:37.846,419.57220102473286,9
2024-09-19 14:58:37.860,419.6061227228509,10
2024-09-19 14:58:37.870,419.5777896845765,1005
2024-09-19 14:58:37.873,419.57840265698496,7
2024-09-19 14:58:37.875,419.59062865022327,1004
2024-09-19 14:58:37.913,419.5730690847369,1005
2024-09-19 14:58:37.947,419.6109104308894,995
2024-09-19 14:58:37.957,419.57457012877137,10
2024-09-19 14:58:37.984,419.5791424363913,96
2024-09-19 14:58:38.055,419.611106047814,97
2024-09-19 14:58:39.042,419.6330436934089,12
2024-09-19 14:58:39.086,419.5806383399898,10
2024-09-19 14:58:39.106,419.5558073289834,996
2024-09-19 14:58:39.141,419.6500900628752,1005
2024-09-19 14:58:39.142,419.64686489390056,104
2024-09-19 14:58:39.149,-419.6262066479504,12
2024-09-19 14:58:39.189,419.5830226895922,102
2024-09-19 14:58:39.330,419.6068333240061,1003
2024-09-19 14:58:39.408,419.6192264964741,11
2024-09-19 14:58:39.424,419.6403878349449,104
2024-09-19 14:58:39.440,419.6199985868524,1004
2024-09-19 14:58:39.464,419.5926200722333,98
2024-09-19 14:58:39.472,419.5787599594552,9
2024-09-19 14:58:39.491,419.66209844704633,15
2024-09-19 14:58:39.525,419.5625323700942,1002
2024-09-19 14:58:39.568,419.5756594134492,5
2024-09-19 14:58:39.632,419.6450737033125,104
2024-09-19 14:58:39.642,419.6368285287228,13
2024-09-19 14:58:39.677,419.6397620909885,97
2024-09-19 14:58:39.719,419.6665357672512,101
2024-09-19 14:58:39.723,,1001
2024-09-19 14:58:39.811,419.5978493871416,100
2024-09-19 14:58:39.857,419.663020033525,999
2024-09-19 14:58:39.888,419.6702361160693,8
2024-09-19 14:58:40.026,419.6788987728642,102
2024-09-19 14:58:40.160,419.70002366247326,1004
2024-09-19 14:58:40.494,419.7030047312188,101
2024-09-19 14:58:40.590,419.7206096677947,6
2024-09-19 14:58:40.848,419.67320399221967,6
2024-09-19 14:58:41.038,419.63899039809394,105
2024-09-19 14:58:41.041,419.6452085863682,996
2024-09-19 14:58:41.049,419.6438617331021,99
2024-09-19 14:58:41.080,419.6786836753545,5
2024-09-19 14:58:41.090,419.6711221679159,99
2024-09-19 14:58:41.095,419.66541400826605,15
2024-09-19 14:58:41.129,419.6457247220081,998
2024-09-19 14:58:41.169,414.8560049687746,14
2024-09-19 14:58:41.245,41.96548814066406,1002
2024-09-19 14:58:41.246,419.71352133532525,102
2024-09-19 14:58:41.331,419.6812352866037,1003
2024-09-19 14:58:41.397,419.6669468656286,98
2024-09-19 14:58:41.401,419.6608706291707,12
2024-09-19 14:58:41.403,419.682854350665,1005
2024-09-19 14:58:41.456,419.63952385115897,1004
2024-09-19 14:58:41.459,419.67760135750666,97
2024-09-19 14:58:41.461,419.6651777853348,95
2024-09-19 14:58:41.627,419.6975759211633,95
2024-09-19 14:58:41.678,,104
2024-09-19 14:58:41.691,419.6570058981208,995
2024-09-19 14:58:41.699,419.66065206909326,999
2024-09-19 14:58:41.706,419.6599064763839,998
2024-09-19 14:58:41.757,419.6395906547965,5
2024-09-19 14:58:41.765,419.6418320162865,11
2024-09-19 14:58:41.779,419.67161986804285,10
2024-09-19 14:58:41.800,419.6708920439169,11
2024-09-19 14:58:41.819,419.64626572231873,1001
2024-09-19 14:58:41.893,419.640766729974,98
2024-09-19 14:58:41.922,419.6596973410552,5
2024-09-19 14:58:41.927,419.67763555189657,97
2024-09-19 14:58:41.975,419.6900881799064,1005
2024-09-19 14:58:42.052,419.68721937896646,105
2024-09-19 14:58:42.655,419.7035886253948,10
2024-09-19 14:58:42.710,419.6962140276237,97
2024-09-19 14:58:42.790,414.7714773341574,13
2024-09-19 14:58:42.905,419.6942911682713,1000
2024-09-19 14:58:43.041,419.65596743493154,96
2024-09-19 14:58:43.104,419.7147179304344,12
2024-09-19 14:58:43.188,419.6810379341328,1003
2024-09-19 14:58:43.231,419.7066910783865,102
2024-09-19 14:58:43.234,419.6258960789669,9
2024-09-19 14:58:43.236,419.6624390161485,10
2024-09-19 14:58:43.297,419.7046886164781,1001
2024-09-19 14:58:43.312,419.6576585973664,1001
2024-09-19 14:58:43.312,419.6625464567797,1002
2024-09-19 14:58:43.312,419.6542776443476,105
2024-09-19 14:58:43.404,419.7184845469582,104
2024-09-19 14:58:43.417,419.6809761684267,7
2024-09-19 14:58:43.446,419.6715639230931,5
2024-09-19 14:58:43.473,419.6445695124064,98
2024-09-19 14:58:43.505,419.6461055637164,15
2024-09-19 14:58:43.605,419.6543427367649,9
2024-09-19 14:58:43.655,419.6958070865357,9
2024-09-19 14:58:43.765,419.657288771065,999
2024-09-19 14:58:43.783,419.6464176866929,14
2024-09-19 14:58:43.810,419.6670185973431,1003
2024-09-19 14:58:43.829,419.6898038548008,105
2024-09-19 14:58:43.869,419.6367382554,104
2024-09-19 14:58:43.882,419.6907434275375,15
2024-09-19 14:58:43.919,419.6806972659814,1000
2024-09-19 14:58:43.958,419.7226188152429,12
2024-09-19 14:58:43.967,419.6425948070132,15
2024-09-19 14:58:43.989,419.6782317735178,8
2024-09-19 14:58:44.008,419.6054706775668,995
2024-09-19 14:58:44.558,419.61706230256175,14
2024-09-19 14:58:44.691,419.61879709025743,8
2024-09-19 14:58:44.794,419.6129399057553,9
2024-09-19 14:58:45.000,419.5521924882539,5
2024-09-19 14:58:45.155,419.61713916127087,13
2024-09-19 14:58:45.159,419.60561127751777,1002
2024-09-19 14:58:45.237,419.5517835461569,10
2024-09-19 14:58:45.361,419.5950063846614,102
2024-09-19 14:58:45.414,419.6174973841879,1005
2024-09-19 14:58:45.500,419.5715762207043,6
2024-09-19 14:58:46.067,419.5859293493707,996
2024-09-19 14:58:46.288,419.5793989469608,1005
2024-09-19 14:58:46.382,419.55147731190897,98
2024-09-19 14:58:46.726,419.58017434271,14
2024-09-19 14:58:47.050,419.54240042063225,100
2024-09-19 14:58:47.086,419.4694122499068,1003
2024-09-19 14:58:47.125,419.4660013047911,1001
2024-09-19 14:58:47.174,419.5367761795422,9
2024-09-19 14:58:47.225,419.5179652639621,998
2024-09-19 14:58:47.267,419.4746161795179,100
2024-09-19 14:58:47.427,419.4676762029243,103
2024-09-19 14:58:47.501,419.4646546078146,103
2024-09-19 14:58:47.512,419.4942275857903,8
2024-09-19 14:58:47.516,419.4676392495016,7
2024-09-19 14:58:47.518,419.480051787136,5
2024-09-19 14:58:47.603,419.4475477911215,96
2024-09-19 14:58:47.630,419.47335543638906,997
2024-09-19 14:58:47.636,419.5780550892735,1001
2024-09-19 14:58:47.642,419.5805565497091,104
2024-09-19 14:58:47.649,419.49336940589984,8
2024-09-19 14:58:47.729,419.5900703823685,102
2024-09-19 14:58:47.731,419.5088360527176,96
2024-09-19 14:58:47.852,419.53333927538,96
2024-09-19 14:58:47.854,419.5631587420081,15
2024-09-19 14:58:47.937,419.4613752886572,1005
2024-09-19 14:58:47.996,419.5845873255713,8
2024-09-19 14:58:48.014,419.53951391634206,9
2024-09-19 14:58:48.050,419.5048452053618,15
2024-09-19 14:58:48.263,419.5455977329853,995
2024-09-19 14:58:48.422,-419.4826678452041,1002
2024-09-19 14:58:48.466,419.598495658898,1001
2024-09-19 14:58:48.825,419.5642071960722,97
2024-09-19 14:58:48.894,419.592114312613,99
2024-09-19 14:58:50.031,419.582695788352,15
2024-09-19 14:58:50.039,41.96030402484085,10
2024-09-19 14:58:50.058,419.5792692279821,8
2024-09-19 14:58:50.065,419.5940839618086,103
2024-09-19 14:58:50.086,419.5789269416595,996
2024-09-19 14:58:50.108,419.5948659432655,8
2024-09-19 14:58:50.113,419.6117551328936,15
2024-09-19 14:58:50.167,419.5849037855801,102
2024-09-19 14:58:50.224,419.60288188185984,1000
2024-09-19 14:58:50.533,419.5674037246413,103
2024-09-19 14:58:50.555,419.6012831244674,1000
2024-09-19 14:58:50.685,419.6066943114972,997
2024-09-19 14:58:50.738,419.5899502094266,15
2024-09-19 14:58:50.756,419.60973294539,6
2024-09-19 14:58:50.765,419.5794014329694,8
2024-09-19 14:58:50.858,419.6109421996978,1005
2024-09-19 14:58:50.900,419.6113231768583,100
2024-09-19 14:58:50.952,419.5985073427972,10
2024-09-19 14:58:50.986,419.5834111561229,8
2024-09-19 14:58:51.131,419.5747512826319,995
2024-09-19 14:58:51.169,419.5883845538629,104
2024-09-19 14:58:51.316,419.59334469417234,102
2024-09-19 14:58:51.333,419.58701209389307,15
2024-09-19 14:58:51.358,419.5716562503251,995
2024-09-19 14:58:51.428,419.592072880953,997
2024-09-19 14:58:51.447,419.5888206417136,997
2024-09-19 14:58:51.666,419.5902915211501,99
2024-09-19 14:58:51.916,414.8731899839072,1001
2024-09-19 14:58:52.036,419.5942642268392,101
2024-09-19 14:58:52.115,419.5796562865683,1000
2024-09-19 14:58:52.160,419.6041822990804,95
2024-09-19 14:58:52.187,419.5757593120216,11
2024-09-19 14:58:52.207,419.6001351285755,105
2024-09-19 14:58:52.341,419.5682534794514,97
2024-09-19 14:58:52.347,419.5767089738231,105
2024-09-19 14:58:52.685,419.6209459289325,1005
2024-09-19 14:58:52.724,419.5933371229624,95
2024-09-19 14:58:52.924,419.6306875358788,105
2024-09-19 14:58:52.930,419.578561505118,5
2024-09-19 14:58:52.976,419.6371907658011,12
2024-09-19 14:58:52.986,419.6286783607268,103
2024-09-19 14:58:53.007,419.552288521502,999
2024-09-19 14:58:53.036,419.5346103765584,10
2024-09-19 14:58:53.060,419.5838001459805,6
2024-09-19 14:58:53.139,419.6034314977756,96
2024-09-19 14:58:53.211,419.5547458493329,1002
2024-09-19 14:58:53.248,419.52509540744205,104
2024-09-19 14:58:53.250,419.5563656038652,105
2024-09-19 14:58:53.309,419.5674718501965,997
2024-09-19 14:58:53.327,419.5962762608895,14
2024-09-19 14:58:53.383,419.59372653115247,11
2024-09-19 14:58:53.393,419.565805370353,8
2024-09-19 14:58:53.445,419.6065861993862,97
2024-09-19 14:58:53.446,419.598342489608,6
2024-09-19 14:58:53.474,419.5948158703246,999
2024-09-19 14:58:53.485,419.5381179395257,103
2024-09-19 14:58:53.488,419.6090323376561,995
2024-09-19 14:58:53.585,419.5847811182164,14
2024-09-19 14:58:53.599,,995
2024-09-19 14:58:53.601,419.5895545050956,10
2024-09-19 14:58:53.682,419.6136550049527,1004
2024-09-19 14:58:53.726,419.52054661899166,105
2024-09-19 14:58:53.740,419.60467999525,98
2024-09-19 14:58:53.757,419.578071021297,11
2024-09-19 14:58:53.772,419.5670841727765,1003
2024-09-19 14:58:53.793,419.5903410862937,12
2024-09-19 14:58:53.845,419.599528308712,997
2024-09-19 14:58:53.850,419.5466555989083,95
2024-09-19 14:58:53.863,419.5895189337744,105
2024-09-19 14:58:53.869,419.610779689781,7
2024-09-19 14:58:53.984,419.5946557990758,1004
2024-09-19 14:58:54.504,419.52627844136936,1003
2024-09-19 14:58:55.003,419.5543559144816,103
2024-09-19 14:58:55.097,419.5461315162308,15
2024-09-19 14:58:55.257,419.5211579163067,100
2024-09-19 14:58:55.258,419.5411816232073,14
2024-09-19 14:58:55.306,419.5391804226304,98
2024-09-19 14:58:55.359,419.5294914037242,1002
2024-09-19 14:58:55.517,419.5279623558701,995
2024-09-19 14:58:55.765,419.53789734473855,15
2024-09-19 14:58:55.902,419.5182070662011,999
2024-09-19 14:58:55.994,419.5520721380368,15
2024-09-19 14:58:56.021,419.5288029566679,5
2024-09-19 14:58:56.044,419.5476560242813,996
2024-09-19 14:58:56.895,419.54809420086025,98
2024-09-19 14:58:57.025,419.52259444457167,9
2024-09-19 14:58:57.401,419.5164680415568,97
2024-09-19 14:58:57.552,419.4945767333368,11
2024-09-19 14:58:58.009,419.5160983477267,5
2024-09-19 14:58:58.014,419.55282390083306,997
2024-09-19 14:58:58.114,419.5488378436588,998
2024-09-19 14:58:58.156,419.56084970071913,1000
2024-09-19 14:58:58.161,419.538058126571,10
2024-09-19 14:58:58.260,419.5267303611786,95
2024-09-19 14:58:58.305,419.5550280418837,1005
2024-09-19 14:58:58.357,419.5310938306478,14
2024-09-19 14:58:58.436,419.5012823955517,7
2024-09-19 14:58:58.462,419.54568255584974,8
2024-09-19 14:58:58.477,419.5009074593058,995
2024-09-19 14:58:58.547,419.5476447593611,96
2024-09-19 14:58:58.748,419.5575905575466,103
2024-09-19 14:58:58.848,419.5309622976769,97
2024-09-19 14:58:58.938,419.5286372139207,9
2024-09-19 14:58:58.987,419.5489477494421,1004
2024-09-19 14:58:59.087,419.5924932654816,98
2024-09-19 14:58:59.124,419.5639149163337,99
2024-09-19 14:58:59.177,,998
2024-09-19 14:58:59.200,419.59047030115937,96
2024-09-19 14:58:59.202,419.544656988894,998
2024-09-19 14:58:59.229,419.5721172818475,102
2024-09-19 14:58:59.294,419.60410900072856,5
2024-09-19 14:58:59.362,419.5550023633628,104
2024-09-19 14:58:59.456,419.5454850590783,9
2024-09-19 14:58:59.467,419.5739777382701,12
2024-09-19 14:58:59.493,419.5918044134101,95
2024-09-19 14:58:59.504,419.5357383895951,1003
2024-09-19 14:58:59.531,419.6120193290481,98
2024-09-19 14:58:59.552,419.5452438020536,998
2024-09-19 14:58:59.574,419.58772110483625,6
2024-09-19 14:58:59.629,419.55905342911865,5
2024-09-19 14:58:59.688,419.5814433531574,1005
2024-09-19 14:58:59.721,419.5509098613925,1002
2024-09-19 14:58:59.778,419.6085236632709,7
2024-09-19 14:58:59.835,419.576048639434,5
2024-09-19 14:58:59.865,419.59064040239787,95
2024-09-19 14:58:59.872,419.6066376702969,1004
2024-09-19 14:58:59.912,419.5768021701628,100
2024-09-19 14:58:59.940,419.58933027136334,5
2024-09-19 14:58:59.954,419.5877037442797,999
