Timestamp,Price,Size
2024-09-17 12:23:00.131,408.4058284376679,995
2024-09-17 12:23:00.338,408.4232093689767,100
2024-09-17 12:23:00.514,-408.39367026914766,9
2024-09-17 12:23:00.515,408.42969054252586,1005
2024-09-17 12:23:00.553,408.4113869864572,15
2024-09-17 12:23:00.646,408.4229677502778,96
2024-09-17 12:23:00.912,408.3959856017809,999
2024-09-17 12:23:02.035,408.39303755346873,1004
2024-09-17 12:23:02.166,408.3973971874784,996
2024-09-17 12:23:02.229,408.39821148888063,14
2024-09-17 12:23:02.270,408.40907740860695,1001
2024-09-17 12:23:02.308,408.4025629488583,99
2024-09-17 12:23:02.550,408.393938311126,104
2024-09-17 12:23:02.658,408.3826657556306,98
2024-09-17 12:23:02.674,408.40394768035,11
2024-09-17 12:23:02.727,408.3901846268239,1004
2024-09-17 12:23:02.804,408.3861572001943,7
2024-09-17 12:23:02.831,408.3865828519693,1002
2024-09-17 12:23:02.836,408.3927690086954,1002
2024-09-17 12:23:02.954,408.4052538134449,102
2024-09-17 12:23:03.070,408.4082482869805,995
2024-09-17 12:23:03.082,408.41773240325415,6
2024-09-17 12:23:03.170,408.4038543137818,97
2024-09-17 12:23:03.188,408.4296362746787,101
2024-09-17 12:23:03.291,408.42481233513,12
2024-09-17 12:23:03.334,408.42710804776095,14
2024-09-17 12:23:03.379,408.413347764765,10
2024-09-17 12:23:03.381,408.4450157858464,104
2024-09-17 12:23:03.383,408.3778737332733,101
2024-09-17 12:23:03.390,408.4307568511632,998
2024-09-17 12:23:03.414,408.4135247923947,97
2024-09-17 12:23:03.433,408.44682888978383,6
2024-09-17 12:23:03.518,408.454486427096,96
2024-09-17 12:23:03.574,408.4388253172297,11
2024-09-17 12:23:03.577,408.436064196087,6
2024-09-17 12:23:03.651,408.40808012864943,1002
2024-09-17 12:23:03.651,408.43215179682585,98
2024-09-17 12:23:03.660,408.3886356673192,96
2024-09-17 12:23:03.803,408.4495599477618,10
2024-09-17 12:23:03.808,408.41066847950816,95
2024-09-17 12:23:03.946,408.4205155976524,9
2024-09-17 12:23:03.997,408.4134067711542,10
2024-09-17 12:23:04.508,408.4212247124723,998
2024-09-17 12:23:04.850,408.4148934057277,999
2024-09-17 12:23:04.884,408.4091796249411,1004
2024-09-17 12:23:04.891,408.4044324991494,1002
2024-09-17 12:23:04.953,408.41828312809184,1001
2024-09-17 12:23:05.007,408.42163741281655,12
2024-09-17 12:23:05.208,408.3315807565484,96
2024-09-17 12:23:05.219,-408.3868437013493,97
2024-09-17 12:23:05.334,408.4165113984433,995
2024-09-17 12:23:05.362,408.4259512777859,1000
2024-09-17 12:23:05.402,408.390428720278,1001
2024-09-17 12:23:05.407,408.3499117376669,996
2024-09-17 12:23:05.466,408.3758927636485,105
2024-09-17 12:23:05.674,408.3567587300803,10
2024-09-17 12:23:05.814,408.3886994754049,8
2024-09-17 12:23:05.925,408.4284094609816,101
2024-09-17 12:23:05.928,408.4070266476036,14
2024-09-17 12:23:05.959,408.4089875875311,98
2024-09-17 12:23:06.329,408.3394548256759,103
2024-09-17 12:23:07.070,408.3540505380777,99
2024-09-17 12:23:07.128,408.3805346281701,96
2024-09-17 12:23:07.447,408.3586440893697,13
2024-09-17 12:23:07.495,408.3772415555404,101
2024-09-17 12:23:07.596,408.3561058066365,98
2024-09-17 12:23:07.685,408.3495670285344,105
2024-09-17 12:23:07.835,408.3307291415914,103
2024-09-17 12:23:07.943,408.3373730015449,104
2024-09-17 12:23:08.038,408.3879003825322,1001
2024-09-17 12:23:08.059,408.37696933680286,1005
2024-09-17 12:23:08.077,408.37813777743423,1003
2024-09-17 12:23:08.114,408.3569113628804,14
2024-09-17 12:23:08.116,408.3693752060684,1001
2024-09-17 12:23:08.149,408.4022622045003,6
2024-09-17 12:23:08.220,408.3883081721684,8
2024-09-17 12:23:08.239,408.3711000992784,6
2024-09-17 12:23:08.241,408.3465436752208,10
2024-09-17 12:23:08.247,408.402149932219,12
2024-09-17 12:23:08.297,408.4083753061181,999
2024-09-17 12:23:08.306,408.3638063710831,1004
2024-09-17 12:23:08.341,408.3406264993764,101
2024-09-17 12:23:08.355,408.32436396032415,97
2024-09-17 12:23:08.372,408.3841883939373,1005
2024-09-17 12:23:08.377,408.3722996034017,95
2024-09-17 12:23:08.510,408.34874414771264,98
2024-09-17 12:23:08.526,408.320878465029,15
2024-09-17 12:23:08.591,408.39209398151047,104
2024-09-17 12:23:08.601,408.3813622193729,1004
2024-09-17 12:23:08.634,408.38185928383473,14
2024-09-17 12:23:08.734,408.3213274406539,7
2024-09-17 12:23:08.794,408.3831174772736,97
2024-09-17 12:23:08.797,408.3529796273828,995
2024-09-17 12:23:08.843,408.3850782723618,11
2024-09-17 12:23:08.904,408.39570073787536,5
2024-09-17 12:23:08.966,408.41360527950536,104
2024-09-17 12:23:09.283,408.4502678225381,103
2024-09-17 12:23:09.319,408.4492036953311,11
2024-09-17 12:23:09.335,408.4351578830886,7
2024-09-17 12:23:09.404,408.43357622747766,104
2024-09-17 12:23:09.416,408.4304637202689,104
2024-09-17 12:23:09.478,408.4579133919955,9
2024-09-17 12:23:09.569,408.43781648942354,9
2024-09-17 12:23:09.637,408.4302526589895,1005
2024-09-17 12:23:09.723,408.4072995275,1004
2024-09-17 12:23:09.844,408.4274524823866,1003
2024-09-17 12:23:09.952,408.45051508545583,100
2024-09-17 12:23:10.128,408.4605362698658,104
2024-09-17 12:23:10.656,408.4450671258617,100
2024-09-17 12:23:10.734,408.4506921266455,9
2024-09-17 12:23:10.877,408.47128628709805,996
2024-09-17 12:23:11.180,408.4582408521871,1003
2024-09-17 12:23:12.094,408.409390631628,998
2024-09-17 12:23:12.130,408.4531689812554,99
2024-09-17 12:23:12.152,408.4123567086429,996
2024-09-17 12:23:12.166,408.4083802925237,1002
2024-09-17 12:23:12.201,408.4340845989867,9
2024-09-17 12:23:12.239,408.4105277788445,9
2024-09-17 12:23:12.271,408.41644070054224,999
2024-09-17 12:23:12.280,408.4246266849117,97
2024-09-17 12:23:12.319,408.4486224310247,102
2024-09-17 12:23:12.412,408.4286284916122,8
2024-09-17 12:23:12.450,408.4157806633245,1002
2024-09-17 12:23:12.538,408.39417507776847,105
2024-09-17 12:23:12.569,408.4309388685324,1003
2024-09-17 12:23:12.600,408.44616419571815,100
2024-09-17 12:23:12.667,408.4598146403868,97
2024-09-17 12:23:12.745,408.3951871175398,98
2024-09-17 12:23:12.827,408.42330450001367,1000
2024-09-17 12:23:12.829,408.411527857931,12
2024-09-17 12:23:13.225,408.391359485313,5
2024-09-17 12:23:13.477,408.3870271314085,999
2024-09-17 12:23:13.522,408.4059355904386,12
2024-09-17 12:23:13.679,408.3856686085826,1003
2024-09-17 12:23:13.825,408.3733611962275,95
2024-09-17 12:23:13.891,408.4029754312064,8
2024-09-17 12:23:14.063,408.3340984445168,5
2024-09-17 12:23:14.461,408.3236204139977,10
2024-09-17 12:23:14.486,408.3311046774976,998
2024-09-17 12:23:14.862,408.3876315694134,12
2024-09-17 12:23:14.917,408.34109306698576,102
2024-09-17 12:23:14.969,408.3639218920441,95
2024-09-17 12:23:15.007,408.3442122899149,995
2024-09-17 12:23:15.033,408.3558243596344,9
2024-09-17 12:23:15.215,408.3427646369884,1004
2024-09-17 12:23:15.456,408.3252628469229,97
2024-09-17 12:23:15.517,408.3429827709704,998
2024-09-17 12:23:15.545,408.329756894245,1004
2024-09-17 12:23:15.648,408.3452665064032,100
2024-09-17 12:23:15.661,408.3214732014492,1002
2024-09-17 12:23:15.714,408.3493562333595,999
2024-09-17 12:23:16.021,408.3597695961776,1003
2024-09-17 12:23:16.050,408.3538416060364,13
2024-09-17 12:23:16.069,408.3596629164709,100
2024-09-17 12:23:16.222,408.3569103920711,1004
2024-09-17 12:23:16.266,408.38164674392135,97
2024-09-17 12:23:16.410,408.3549524347317,14
2024-09-17 12:23:16.473,408.3561153625557,1004
2024-09-17 12:23:16.507,408.351133016652,98
2024-09-17 12:23:16.589,408.3608852762055,1005
2024-09-17 12:23:16.602,408.344491578579,99
2024-09-17 12:23:16.642,408.3489918667764,15
2024-09-17 12:23:16.840,408.3761542432332,8
2024-09-17 12:23:16.916,408.356254163337,997
2024-09-17 12:23:16.982,408.3303052834801,998
2024-09-17 12:23:16.992,408.3564257055879,98
2024-09-17 12:23:17.064,408.4079020848627,11
2024-09-17 12:23:17.085,408.3939477951717,1001
2024-09-17 12:23:17.111,408.3528925360984,7
2024-09-17 12:23:17.169,408.3872115895096,1005
2024-09-17 12:23:17.249,408.3255132965154,10
2024-09-17 12:23:17.279,408.3938864395888,97
2024-09-17 12:23:17.304,408.3299111270331,102
2024-09-17 12:23:17.305,408.3423703519523,96
2024-09-17 12:23:17.333,408.335703503352,9
2024-09-17 12:23:17.349,408.36714010716094,13
2024-09-17 12:23:17.366,408.3346587188693,1002
2024-09-17 12:23:17.370,408.3369531849536,7
2024-09-17 12:23:17.448,408.3573366936187,14
2024-09-17 12:23:17.498,408.3465000262728,1000
2024-09-17 12:23:17.532,408.3353525142203,11
2024-09-17 12:23:17.555,408.33998465975503,100
2024-09-17 12:23:17.564,408.3804389818425,15
2024-09-17 12:23:17.593,408.3645281072209,995
2024-09-17 12:23:17.608,408.35176240536487,8
2024-09-17 12:23:17.707,408.3966408859876,97
2024-09-17 12:23:17.725,408.3524926416832,8
2024-09-17 12:23:17.727,408.3735171325499,998
2024-09-17 12:23:17.750,408.39304988544257,12
2024-09-17 12:23:17.784,408.38813753480906,99
2024-09-17 12:23:17.793,408.3921624093063,15
2024-09-17 12:23:17.804,408.3468704378977,96
2024-09-17 12:23:17.841,408.32730037645945,1000
2024-09-17 12:23:17.850,408.3501006261579,1001
2024-09-17 12:23:17.877,408.3806262245837,997
2024-09-17 12:23:17.904,408.3772267456442,15
2024-09-17 12:23:18.035,408.3304799333847,997
2024-09-17 12:23:18.044,408.3888811390696,999
2024-09-17 12:23:18.100,408.365943831075,1003
2024-09-17 12:23:18.101,408.348865338527,104
2024-09-17 12:23:18.114,408.3934675216457,15
2024-09-17 12:23:18.145,408.3546648779748,9
2024-09-17 12:23:18.188,408.3905016646367,1000
2024-09-17 12:23:18.236,,997
2024-09-17 12:23:18.298,408.3840815545464,98
2024-09-17 12:23:18.357,408.3404445316936,103
2024-09-17 12:23:18.408,408.3461469393098,1001
2024-09-17 12:23:18.410,408.3472481143685,5
2024-09-17 12:23:18.488,408.344024364614,7
2024-09-17 12:23:18.494,-408.4124348515445,98
2024-09-17 12:23:18.543,408.3929332426762,1003
2024-09-17 12:23:18.662,408.3610739156386,998
2024-09-17 12:23:18.674,408.3304701746158,102
2024-09-17 12:23:18.762,408.3494518826415,1005
2024-09-17 12:23:18.785,408.34765356002686,1000
2024-09-17 12:23:18.813,408.3925211809408,999
2024-09-17 12:23:18.817,408.3731249264615,6
2024-09-17 12:23:18.820,408.3606534219653,105
2024-09-17 12:23:18.827,408.36207696167656,1004
2024-09-17 12:23:18.896,408.410893970886,1002
2024-09-17 12:23:18.985,408.4169039168838,11
2024-09-17 12:23:19.034,408.33156484049147,1003
2024-09-17 12:23:19.212,408.3513558826968,1000
2024-09-17 12:23:19.393,408.3812043590319,1004
2024-09-17 12:23:19.410,408.3436609262675,104
2024-09-17 12:23:19.538,408.36573323390246,95
2024-09-17 12:23:19.544,408.33676065567386,998
2024-09-17 12:23:19.550,408.34439675469184,996
2024-09-17 12:23:19.577,408.3799131263094,97
2024-09-17 12:23:19.621,408.3342539842414,1005
2024-09-17 12:23:19.678,408.4176467062464,999
2024-09-17 12:23:19.727,408.3624866470035,98
2024-09-17 12:23:19.869,408.3919993183764,97
2024-09-17 12:23:19.879,408.3402720952735,95
2024-09-17 12:23:20.000,408.4029762911968,1004
2024-09-17 12:23:20.079,408.4326139961913,95
2024-09-17 12:23:20.092,408.4342922356492,95
2024-09-17 12:23:20.104,408.42487462101536,996
2024-09-17 12:23:20.109,408.4215418903721,998
2024-09-17 12:23:20.196,408.422420632747,104
2024-09-17 12:23:20.196,408.4243012538049,105
2024-09-17 12:23:20.225,408.4178958165057,1005
2024-09-17 12:23:20.228,408.4046180096461,15
2024-09-17 12:23:20.292,408.4506666889844,102
2024-09-17 12:23:20.315,408.4025543599096,1002
2024-09-17 12:23:20.399,408.4048694474092,5
2024-09-17 12:23:20.470,408.4438085005719,995
2024-09-17 12:23:20.561,408.4342305355414,8
2024-09-17 12:23:20.565,408.4463829946244,8
2024-09-17 12:23:20.587,408.4373444564269,98
2024-09-17 12:23:20.615,408.4299408263614,6
2024-09-17 12:23:20.647,408.43057474125294,995
2024-09-17 12:23:20.654,408.437252769261,1003
2024-09-17 12:23:20.665,408.4372603171609,96
2024-09-17 12:23:20.796,408.4427270310348,101
2024-09-17 12:23:20.811,408.4105874187564,7
2024-09-17 12:23:20.859,408.4165467982894,6
2024-09-17 12:23:20.885,408.4228639149723,95
2024-09-17 12:23:20.923,408.397674589515,105
2024-09-17 12:23:20.931,408.4072397214167,1005
2024-09-17 12:23:21.015,408.4051113341713,10
2024-09-17 12:23:21.112,408.4180371957124,1000
2024-09-17 12:23:21.318,408.40801912154905,100
2024-09-17 12:23:21.408,408.38232135771193,98
2024-09-17 12:23:21.544,408.4105468932733,9
2024-09-17 12:23:21.682,408.3793134461933,99
2024-09-17 12:23:21.792,408.3974993567611,6
2024-09-17 12:23:21.832,408.4162550657841,105
2024-09-17 12:23:21.861,408.40953010517103,12
2024-09-17 12:23:22.004,408.3417531681464,995
2024-09-17 12:23:22.090,408.2939993992737,5
2024-09-17 12:23:22.148,408.3479450395941,1005
2024-09-17 12:23:22.239,408.3124955953775,100
2024-09-17 12:23:22.270,408.31676826987314,1000
2024-09-17 12:23:22.276,408.3767387579529,5
2024-09-17 12:23:22.326,408.31721977195457,1002
2024-09-17 12:23:22.361,408.3604494018705,96
2024-09-17 12:23:22.393,408.3485089678964,1001
2024-09-17 12:23:22.464,408.3457818099554,14
2024-09-17 12:23:22.470,408.386872980037,102
2024-09-17 12:23:22.478,408.3651962457746,1003
2024-09-17 12:23:22.488,,1005
2024-09-17 12:23:22.512,408.32022704269656,10
2024-09-17 12:23:22.590,,997
2024-09-17 12:23:22.696,408.3425461737425,14
2024-09-17 12:23:22.718,408.393034837355,997
2024-09-17 12:23:22.750,408.3548103556929,102
2024-09-17 12:23:22.777,408.3594222776897,12
2024-09-17 12:23:22.782,408.3281057214946,102
2024-09-17 12:23:22.783,408.3249129718322,99
2024-09-17 12:23:22.791,408.3407158629056,6
2024-09-17 12:23:22.852,408.3658579086072,5
2024-09-17 12:23:22.866,408.28914866442943,9
2024-09-17 12:23:22.951,408.3579707771831,100
2024-09-17 12:23:22.962,408.35798361276784,996
2024-09-17 12:23:23.034,408.3634240672346,1001
2024-09-17 12:23:23.183,408.3389574450089,101
2024-09-17 12:23:23.229,408.3718324039892,99
2024-09-17 12:23:23.244,408.4058902345481,101
2024-09-17 12:23:23.337,408.4185315559768,999
2024-09-17 12:23:23.367,408.3397111370776,5
2024-09-17 12:23:23.450,408.4094675646793,10
2024-09-17 12:23:23.491,408.3879434072039,9
2024-09-17 12:23:23.516,408.3446783942092,1004
2024-09-17 12:23:23.625,408.35922805372047,1001
2024-09-17 12:23:23.665,408.3806940920528,98
2024-09-17 12:23:23.684,408.366416513521,96
2024-09-17 12:23:23.721,408.38848371036016,13
2024-09-17 12:23:23.779,408.41362141739614,7
2024-09-17 12:23:23.836,408.3910491931688,1000
2024-09-17 12:23:23.842,408.4009557595692,11
2024-09-17 12:23:23.917,408.39881431259215,14
2024-09-17 12:23:23.941,408.4037014274208,95
2024-09-17 12:23:23.970,408.4162680302329,97
2024-09-17 12:23:24.147,408.2702458959996,96
2024-09-17 12:23:24.266,408.24370552550334,999
2024-09-17 12:23:24.525,408.3026957062037,10
2024-09-17 12:23:24.685,408.3136568536484,11
2024-09-17 12:23:24.957,408.3036180504868,995
2024-09-17 12:23:25.077,408.28222450315167,8
2024-09-17 12:23:25.100,408.2807779041161,100
2024-09-17 12:23:25.111,408.2819033227309,11
2024-09-17 12:23:25.115,408.26623254154674,8
2024-09-17 12:23:25.124,408.2787976604018,1004
2024-09-17 12:23:25.182,408.2654172311364,96
2024-09-17 12:23:25.393,408.2601188579971,15
2024-09-17 12:23:26.009,408.3131363476146,13
2024-09-17 12:23:26.010,408.3208173006837,12
2024-09-17 12:23:26.056,408.3465018307885,999
2024-09-17 12:23:26.063,408.3224434577153,14
2024-09-17 12:23:26.117,408.3263901184238,99
2024-09-17 12:23:26.137,408.3229947048597,8
2024-09-17 12:23:26.254,408.30859520822304,98
2024-09-17 12:23:26.260,408.3035310196605,1005
2024-09-17 12:23:26.501,408.3072284422872,995
2024-09-17 12:23:26.513,408.3346309727923,98
2024-09-17 12:23:26.515,408.2971193079672,97
2024-09-17 12:23:26.581,408.3231988776817,996
2024-09-17 12:23:26.653,408.3093430307576,998
2024-09-17 12:23:26.779,408.3182435984084,100
2024-09-17 12:23:26.805,408.31807271291086,10
2024-09-17 12:23:26.909,408.31442214488425,1003
2024-09-17 12:23:26.946,408.31502430123214,1001
2024-09-17 12:23:26.992,408.3459112916719,9
2024-09-17 12:23:27.002,408.3558639859994,11
2024-09-17 12:23:27.088,408.36766108718086,995
2024-09-17 12:23:27.101,408.3683989840756,100
2024-09-17 12:23:27.141,408.3728027317957,1002
2024-09-17 12:23:27.143,408.3424422957152,102
2024-09-17 12:23:27.167,408.33670378893135,13
2024-09-17 12:23:27.179,408.3610207292799,99
2024-09-17 12:23:27.208,408.3296960158909,14
2024-09-17 12:23:27.221,408.3505352388154,998
2024-09-17 12:23:27.223,408.3707661681621,998
2024-09-17 12:23:27.283,408.36068215647794,1000
2024-09-17 12:23:27.292,408.3622955147864,9
2024-09-17 12:23:27.295,40.834534792112834,998
2024-09-17 12:23:27.334,408.30783645811096,8
2024-09-17 12:23:27.338,408.3651685419064,1001
2024-09-17 12:23:27.386,408.34241614265136,998
2024-09-17 12:23:27.429,408.3624470507976,999
2024-09-17 12:23:27.474,408.3367435709959,105
2024-09-17 12:23:27.513,408.32552692898304,998
2024-09-17 12:23:27.533,408.3327192889333,7
2024-09-17 12:23:27.643,408.3742601631503,9
2024-09-17 12:23:27.645,408.3499712116933,998
2024-09-17 12:23:27.758,408.3702032083078,1001
2024-09-17 12:23:27.790,408.3623257414278,995
2024-09-17 12:23:27.885,408.3667076136681,12
2024-09-17 12:23:27.937,408.34429771750746,104
2024-09-17 12:23:27.943,408.3605347947565,96
2024-09-17 12:23:27.952,408.3182635626167,1003
2024-09-17 12:23:27.952,-408.35067850468266,996
2024-09-17 12:23:28.002,408.36152856706735,97
2024-09-17 12:23:28.036,408.3748187543272,1005
2024-09-17 12:23:28.120,408.366600795659,996
2024-09-17 12:23:28.163,408.3663795077434,6
2024-09-17 12:23:28.182,408.3348537793036,99
2024-09-17 12:23:28.292,408.3703759166424,1001
2024-09-17 12:23:28.313,408.3203313323082,96
2024-09-17 12:23:28.392,408.3478593424507,997
2024-09-17 12:23:28.425,408.3192694700877,1000
2024-09-17 12:23:28.469,408.366039287294,97
2024-09-17 12:23:28.521,408.3662184900938,101
2024-09-17 12:23:28.551,408.3442470469354,1000
2024-09-17 12:23:28.743,408.3183670945734,5
2024-09-17 12:23:28.764,408.3614488544109,998
2024-09-17 12:23:28.767,408.3651844844717,14
2024-09-17 12:23:28.816,408.34081886560864,102
2024-09-17 12:23:28.930,408.32170041665967,8
2024-09-17 12:23:28.977,408.357854084601,13
2024-09-17 12:23:29.039,408.289579114387,105
2024-09-17 12:23:29.119,408.3128752876328,96
2024-09-17 12:23:29.145,408.3063393549039,1000
2024-09-17 12:23:29.147,408.2954301709823,998
2024-09-17 12:23:29.224,408.3612123857058,97
2024-09-17 12:23:29.235,408.28296253406086,1004
2024-09-17 12:23:29.290,408.3203606123512,14
2024-09-17 12:23:29.321,408.3186505147129,9
2024-09-17 12:23:29.325,408.31541465475993,101
2024-09-17 12:23:29.364,408.3491631424505,98
2024-09-17 12:23:29.396,408.3442674400453,12
2024-09-17 12:23:29.542,408.3291920263207,97
2024-09-17 12:23:29.581,408.3104638437968,14
2024-09-17 12:23:29.661,408.2823788671187,10
2024-09-17 12:23:29.682,408.3150755822544,102
2024-09-17 12:23:29.685,408.2876489529744,15
2024-09-17 12:23:29.726,408.31757037499824,95
2024-09-17 12:23:29.760,408.3338266455351,96
2024-09-17 12:23:29.805,408.3218204424674,10
2024-09-17 12:23:29.812,408.2868250178481,15
2024-09-17 12:23:29.823,408.3064769986461,996
2024-09-17 12:23:29.877,408.2932527177413,14
2024-09-17 12:23:29.990,408.3265753611205,100
2024-09-17 12:23:30.104,408.3173753080907,8
2024-09-17 12:23:30.206,408.3398429172162,12
2024-09-17 12:23:30.206,408.3342422347967,1002
2024-09-17 12:23:30.206,408.290392503401,14
2024-09-17 12:23:30.249,408.3225028535793,96
2024-09-17 12:23:30.272,408.3449533499482,996
2024-09-17 12:23:30.297,408.3012505449624,996
2024-09-17 12:23:30.328,408.33755870504353,1001
2024-09-17 12:23:30.360,408.3099005666084,13
2024-09-17 12:23:30.378,408.2925923092496,96
2024-09-17 12:23:30.417,408.3221088418113,103
2024-09-17 12:23:30.571,408.3414841161396,96
2024-09-17 12:23:30.583,408.3197938169948,11
2024-09-17 12:23:30.615,408.3291113892202,14
2024-09-17 12:23:30.716,408.3451989570384,10
2024-09-17 12:23:30.760,408.36389841150685,102
2024-09-17 12:23:30.765,408.35866999169104,97
2024-09-17 12:23:30.786,408.29205454209006,97
2024-09-17 12:23:30.810,408.32793055316256,10
2024-09-17 12:23:30.821,408.32730475991593,101
2024-09-17 12:23:30.832,408.3479314669551,1000
2024-09-17 12:23:30.833,408.32689513693,13
2024-09-17 12:23:30.873,408.3235890302111,14
2024-09-17 12:23:31.112,408.2428468258872,12
2024-09-17 12:23:31.174,408.2663454659999,11
2024-09-17 12:23:31.178,408.3073571944213,102
2024-09-17 12:23:31.189,408.2661442053362,12
2024-09-17 12:23:31.219,408.31608532563246,1000
2024-09-17 12:23:31.252,408.2741785921286,5
2024-09-17 12:23:31.294,408.3225301460381,1003
2024-09-17 12:23:31.320,408.3228974727244,1003
2024-09-17 12:23:31.326,408.27088255264687,995
2024-09-17 12:23:31.363,408.2479894740027,13
2024-09-17 12:23:31.366,408.34211555029816,996
2024-09-17 12:23:31.385,408.2698530127837,101
2024-09-17 12:23:31.424,408.2834335036623,995
2024-09-17 12:23:31.553,408.2690802234403,8
2024-09-17 12:23:31.614,408.30971652520543,996
2024-09-17 12:23:31.637,408.3144207728401,102
2024-09-17 12:23:31.664,408.2630755964765,102
2024-09-17 12:23:31.758,408.2659360195406,1000
2024-09-17 12:23:31.806,408.2629208307344,11
2024-09-17 12:23:31.811,408.2946583968308,5
2024-09-17 12:23:31.824,408.25784610304976,1005
2024-09-17 12:23:31.829,408.2840785266648,98
2024-09-17 12:23:31.992,408.3028174164227,102
2024-09-17 12:23:32.133,408.37119049099175,97
2024-09-17 12:23:32.161,408.381008148114,999
2024-09-17 12:23:32.215,408.3533078210284,1001
2024-09-17 12:23:32.251,408.3796274106828,101
2024-09-17 12:23:32.303,408.3625346804872,1000
2024-09-17 12:23:32.345,408.3716990459408,7
2024-09-17 12:23:32.490,408.4000825911924,1003
2024-09-17 12:23:32.501,408.36605159144256,98
2024-09-17 12:23:32.569,408.3634756021241,998
2024-09-17 12:23:32.628,408.3814469830934,1003
2024-09-17 12:23:32.637,,104
2024-09-17 12:23:32.817,408.370855575385,996
2024-09-17 12:23:32.942,-408.3697699580935,11
2024-09-17 12:23:32.953,408.3670297935308,997
2024-09-17 12:23:32.987,408.3996787453352,95
2024-09-17 12:23:32.994,408.3695207861928,104
2024-09-17 12:23:33.004,408.37127216815287,7
2024-09-17 12:23:33.081,408.3970328946708,995
2024-09-17 12:23:33.094,408.37852752967314,1004
2024-09-17 12:23:33.095,408.40035337617513,14
2024-09-17 12:23:33.166,408.40455865074665,1001
2024-09-17 12:23:33.179,408.3944292300413,1001
2024-09-17 12:23:33.240,408.38728491267614,1002
2024-09-17 12:23:33.258,408.3902793652911,96
2024-09-17 12:23:33.344,408.39119014799553,1005
2024-09-17 12:23:33.346,408.37515879376735,95
2024-09-17 12:23:33.384,408.3943154941558,996
2024-09-17 12:23:33.396,408.3891483140898,13
2024-09-17 12:23:33.507,408.3599674683033,6
2024-09-17 12:23:33.658,408.3659665561343,14
2024-09-17 12:23:33.679,408.3672528097988,103
2024-09-17 12:23:33.763,408.37555506053815,8
2024-09-17 12:23:33.794,408.3963260644734,995
2024-09-17 12:23:33.838,408.3715831856846,8
2024-09-17 12:23:33.885,408.3798349077096,103
2024-09-17 12:23:33.890,408.3755573696888,5
2024-09-17 12:23:33.939,,995
2024-09-17 12:23:33.942,408.40026330659,99
2024-09-17 12:23:33.942,408.406808845718,999
2024-09-17 12:23:34.044,408.36503139756513,102
2024-09-17 12:23:34.270,408.349224882918,101
2024-09-17 12:23:34.294,408.3701103515859,995
2024-09-17 12:23:34.335,408.3480087272336,105
2024-09-17 12:23:34.340,408.361152736345,8
2024-09-17 12:23:34.382,408.3579457746541,997
2024-09-17 12:23:34.446,408.3791546274789,6
2024-09-17 12:23:34.447,408.383841413793,1001
2024-09-17 12:23:34.552,408.37852763376105,103
2024-09-17 12:23:34.555,408.3575182706603,103
2024-09-17 12:23:34.556,408.3523504389138,8
2024-09-17 12:23:34.580,408.3622310231141,11
2024-09-17 12:23:34.590,408.35981400048144,97
2024-09-17 12:23:34.633,408.3709056080991,95
2024-09-17 12:23:34.696,408.3711957416272,6
2024-09-17 12:23:34.768,408.3491157678067,1003
2024-09-17 12:23:34.769,408.386497594164,996
2024-09-17 12:23:34.809,408.3555298411416,101
2024-09-17 12:23:34.841,408.3727021761386,104
2024-09-17 12:23:34.862,408.3691409275153,11
2024-09-17 12:23:34.904,408.3699855179483,999
2024-09-17 12:23:34.907,408.3666800387575,999
2024-09-17 12:23:34.914,408.356875941952,997
2024-09-17 12:23:35.037,408.48213498791193,997
2024-09-17 12:23:35.047,408.48849714351314,997
2024-09-17 12:23:35.183,408.3882981068375,1005
2024-09-17 12:23:35.208,408.4289962428746,13
2024-09-17 12:23:35.294,408.4581771971078,1002
2024-09-17 12:23:35.370,408.4050265749732,97
2024-09-17 12:23:35.397,408.4926475370834,105
2024-09-17 12:23:35.419,408.445027068167,995
2024-09-17 12:23:35.449,408.4066194495634,6
2024-09-17 12:23:35.577,408.44116627147054,95
2024-09-17 12:23:35.577,408.48261700139,5
2024-09-17 12:23:35.705,408.37072200988223,5
2024-09-17 12:23:35.766,408.4095331163952,100
2024-09-17 12:23:35.771,408.4251712338678,11
2024-09-17 12:23:35.772,408.4506430787634,103
2024-09-17 12:23:35.971,408.479443932043,104
2024-09-17 12:23:35.997,408.3774914682487,100
2024-09-17 12:23:36.021,408.5279062262716,995
2024-09-17 12:23:36.166,408.5322126227391,999
2024-09-17 12:23:36.412,408.4943930604324,104
2024-09-17 12:23:36.566,408.559334293695,12
2024-09-17 12:23:36.606,408.4800358498612,96
2024-09-17 12:23:36.660,-408.5345151904346,103
2024-09-17 12:23:36.721,408.4806977704865,1000
2024-09-17 12:23:36.726,408.50066421413095,1002
2024-09-17 12:23:36.748,408.5294486383413,101
2024-09-17 12:23:36.777,408.49233913368994,13
2024-09-17 12:23:36.778,408.5267242835119,98
2024-09-17 12:23:37.393,408.5671210920283,100
2024-09-17 12:23:37.395,408.6033879511148,105
2024-09-17 12:23:37.424,408.5808803235001,12
2024-09-17 12:23:37.542,408.5958897338004,99
2024-09-17 12:23:37.547,408.57019147078825,5
2024-09-17 12:23:37.721,408.584654545909,102
2024-09-17 12:23:37.751,408.5660589435878,11
2024-09-17 12:23:37.765,408.5724688739805,7
2024-09-17 12:23:38.000,408.6444105053407,100
2024-09-17 12:23:38.067,408.6124560076767,15
2024-09-17 12:23:38.121,408.5863796370542,1005
2024-09-17 12:23:38.127,-408.5942944156977,101
2024-09-17 12:23:38.151,408.611882353452,5
2024-09-17 12:23:38.172,,5
2024-09-17 12:23:38.228,408.6138266682672,997
2024-09-17 12:23:38.228,408.6288961590764,96
2024-09-17 12:23:38.247,408.6372725459414,1002
2024-09-17 12:23:38.329,408.6428850859349,1003
2024-09-17 12:23:38.338,408.6283707144425,96
2024-09-17 12:23:38.339,408.6350958243513,9
2024-09-17 12:23:38.352,408.6239076264414,95
2024-09-17 12:23:38.389,408.6132516227997,10
2024-09-17 12:23:38.430,408.6055791829524,9
2024-09-17 12:23:38.485,408.5983419394044,1001
2024-09-17 12:23:38.743,408.6362336152818,995
2024-09-17 12:23:38.806,408.64816553008126,95
2024-09-17 12:23:38.816,408.6494851916359,97
2024-09-17 12:23:38.827,408.6398142228618,14
2024-09-17 12:23:38.843,408.5734527154936,97
2024-09-17 12:23:38.953,408.62673511393103,95
2024-09-17 12:23:39.007,408.5539009223128,103
2024-09-17 12:23:39.017,408.6001680939715,101
2024-09-17 12:23:39.089,408.597743428614,96
2024-09-17 12:23:39.099,408.6081208744865,102
2024-09-17 12:23:39.119,408.6078179030695,1002
2024-09-17 12:23:39.236,,14
2024-09-17 12:23:39.251,408.6086840509532,15
2024-09-17 12:23:39.283,408.5623028172251,997
2024-09-17 12:23:39.284,408.6078727194888,7
2024-09-17 12:23:39.303,408.60106507611295,1004
2024-09-17 12:23:39.323,408.56485994103366,15
2024-09-17 12:23:39.390,408.6151429921279,12
2024-09-17 12:23:39.470,408.5682103622362,13
2024-09-17 12:23:39.602,408.6141351516257,96
2024-09-17 12:23:39.650,408.5783517545239,1003
2024-09-17 12:23:39.671,408.6016011732579,1004
2024-09-17 12:23:39.678,408.614240490744,996
2024-09-17 12:23:39.693,408.5834630144657,1002
2024-09-17 12:23:39.735,408.5094473412482,1004
2024-09-17 12:23:39.766,408.5834497609935,10
2024-09-17 12:23:39.883,408.5994570344893,15
2024-09-17 12:23:39.956,408.6110976074351,7
2024-09-17 12:23:39.995,408.5942724160744,997
2024-09-17 12:23:40.005,408.5149479236185,7
2024-09-17 12:23:40.011,408.5122385220306,100
2024-09-17 12:23:40.057,408.48332016348087,1003
2024-09-17 12:23:40.273,408.5332494131919,7
2024-09-17 12:23:40.297,408.53411985872873,1003
2024-09-17 12:23:40.355,408.54460731645446,15
2024-09-17 12:23:40.506,408.5301801930997,7
2024-09-17 12:23:40.573,408.53907769317954,98
2024-09-17 12:23:40.655,408.5051972889409,7
2024-09-17 12:23:40.659,408.5266566752123,104
2024-09-17 12:23:40.688,408.5241716641042,996
2024-09-17 12:23:40.730,408.5324506004175,102
2024-09-17 12:23:40.761,408.5306852509423,5
2024-09-17 12:23:40.796,408.5319576325336,10
2024-09-17 12:23:40.928,408.51302460329504,5
2024-09-17 12:23:41.009,408.50015132265673,997
2024-09-17 12:23:41.031,408.5323290348346,13
2024-09-17 12:23:41.109,408.52333457501294,100
2024-09-17 12:23:41.228,408.48268425628464,999
2024-09-17 12:23:41.251,408.527668916568,1002
2024-09-17 12:23:41.366,408.48225842899535,1005
2024-09-17 12:23:41.384,408.5159955579373,1000
2024-09-17 12:23:41.493,408.5202751744459,1005
2024-09-17 12:23:41.505,408.5440717072756,12
2024-09-17 12:23:41.614,40.85080868149959,999
2024-09-17 12:23:41.650,408.5062981115608,1002
2024-09-17 12:23:41.654,408.465639887886,99
2024-09-17 12:23:41.674,408.5338315834175,997
2024-09-17 12:23:41.682,408.530616092405,105
2024-09-17 12:23:41.772,408.5179439220069,100
2024-09-17 12:23:41.845,408.544893956698,5
2024-09-17 12:23:41.943,,13
2024-09-17 12:23:42.003,408.48414810876,997
2024-09-17 12:23:42.143,408.50026407712113,995
2024-09-17 12:23:42.181,408.5028434681676,96
2024-09-17 12:23:42.232,408.47295037580375,999
2024-09-17 12:23:42.339,408.48597801936165,1002
2024-09-17 12:23:42.372,408.48514902465786,102
2024-09-17 12:23:42.407,408.5002392814672,11
2024-09-17 12:23:42.520,408.51491479773983,5
2024-09-17 12:23:42.552,408.5204654774325,7
2024-09-17 12:23:42.617,408.48509086574,1001
2024-09-17 12:23:42.710,408.46718004457966,10
2024-09-17 12:23:42.758,408.4953270804912,12
2024-09-17 12:23:42.843,408.5187581412277,96
2024-09-17 12:23:42.871,408.5061033547551,997
2024-09-17 12:23:42.893,408.4969782093212,1000
2024-09-17 12:23:43.057,408.5857936859139,100
2024-09-17 12:23:43.111,408.568937631076,95
2024-09-17 12:23:43.128,408.5614034256084,996
2024-09-17 12:23:43.152,408.552871911141,15
2024-09-17 12:23:43.251,408.5600453839978,5
2024-09-17 12:23:43.343,408.5348640013619,998
2024-09-17 12:23:43.451,408.5626840887479,103
2024-09-17 12:23:43.489,408.5487815985753,1000
2024-09-17 12:23:43.643,408.5842071602,1005
2024-09-17 12:23:43.699,408.5356902338514,999
2024-09-17 12:23:43.700,408.567255892246,13
2024-09-17 12:23:43.786,408.5349215219118,5
2024-09-17 12:23:43.859,408.57414820490834,101
2024-09-17 12:23:43.869,408.53497171182113,10
2024-09-17 12:23:43.966,408.58139956496274,995
2024-09-17 12:23:44.021,408.5920588657813,14
2024-09-17 12:23:44.071,408.60356648574896,15
2024-09-17 12:23:44.429,408.5779302775232,102
2024-09-17 12:23:45.010,408.5631063801417,998
2024-09-17 12:23:45.018,408.5532879529972,10
2024-09-17 12:23:45.082,408.5632039588557,101
2024-09-17 12:23:45.212,408.5297346769135,97
2024-09-17 12:23:45.263,408.5687954736084,996
2024-09-17 12:23:45.268,408.5427342200168,996
2024-09-17 12:23:45.277,,1000
2024-09-17 12:23:45.298,408.5534256945456,5
2024-09-17 12:23:45.318,408.5437015854827,11
2024-09-17 12:23:45.410,408.5799195357308,1005
2024-09-17 12:23:45.420,408.5530843854046,96
2024-09-17 12:23:45.443,408.5426477201909,1000
2024-09-17 12:23:45.500,408.5566832078004,9
2024-09-17 12:23:45.558,408.5580066223046,15
2024-09-17 12:23:45.626,408.5608041444463,996
2024-09-17 12:23:45.645,408.583378652436,13
2024-09-17 12:23:45.711,408.5696468986857,1002
2024-09-17 12:23:45.780,408.57006248031314,998
2024-09-17 12:23:45.795,408.5362800826238,8
2024-09-17 12:23:45.975,408.5451111282683,996
2024-09-17 12:23:45.979,408.5475791344333,104
2024-09-17 12:23:46.007,-408.532539862973,97
2024-09-17 12:23:46.053,408.5463803209941,97
2024-09-17 12:23:46.182,408.5435118323112,99
2024-09-17 12:23:46.214,408.4670230350084,1004
2024-09-17 12:23:46.261,408.5725765229437,99
2024-09-17 12:23:46.277,408.51840956184856,997
2024-09-17 12:23:46.278,408.5233823264884,999
2024-09-17 12:23:46.285,408.55473620319,1003
2024-09-17 12:23:46.420,408.536799968393,14
2024-09-17 12:23:46.429,408.5224332622482,15
2024-09-17 12:23:46.454,408.5112216531607,1003
2024-09-17 12:23:46.570,408.5689491248609,5
2024-09-17 12:23:46.626,408.49140173179535,998
2024-09-17 12:23:46.660,408.5446638203938,98
2024-09-17 12:23:46.681,408.539276036762,9
2024-09-17 12:23:46.712,408.475769658421,10
2024-09-17 12:23:46.742,408.4576018980396,96
2024-09-17 12:23:46.750,408.5574277596804,15
2024-09-17 12:23:46.949,408.5550886989368,996
2024-09-17 12:23:46.983,408.4404572406779,102
2024-09-17 12:23:47.318,408.471838175577,5
2024-09-17 12:23:47.329,408.4936641636313,96
2024-09-17 12:23:47.342,408.4834810642501,11
2024-09-17 12:23:47.549,408.4509303127962,11
2024-09-17 12:23:47.759,408.4910645079453,1000
2024-09-17 12:23:47.787,408.5059987285842,12
2024-09-17 12:23:49.004,408.52689058585656,96
2024-09-17 12:23:49.004,408.51720225171096,100
2024-09-17 12:23:49.011,408.5185767388386,995
2024-09-17 12:23:49.019,408.517856299083,1005
2024-09-17 12:23:49.052,408.4998533075853,101
2024-09-17 12:23:49.181,408.5019306833999,6
2024-09-17 12:23:49.189,408.5001338638048,102
2024-09-17 12:23:49.199,408.5240479044169,15
2024-09-17 12:23:49.199,408.5210247789244,14
2024-09-17 12:23:49.373,408.5269826327211,998
2024-09-17 12:23:49.375,408.5004001495409,1003
2024-09-17 12:23:49.376,408.5113535887226,1004
2024-09-17 12:23:49.378,408.4945958970321,97
2024-09-17 12:23:49.413,408.5413400860528,7
2024-09-17 12:23:49.461,408.5178943516576,9
2024-09-17 12:23:49.634,408.51574764284135,98
2024-09-17 12:23:49.683,40.85031637921735,100
2024-09-17 12:23:49.683,408.5286773614771,7
2024-09-17 12:23:49.700,408.5100538255457,104
2024-09-17 12:23:49.700,408.5337080653297,102
2024-09-17 12:23:49.738,408.5170903101108,1003
2024-09-17 12:23:49.797,408.5355862659952,8
2024-09-17 12:23:49.828,408.5203277149639,13
2024-09-17 12:23:50.053,408.4840555926591,10
2024-09-17 12:23:50.061,408.4507990629328,13
2024-09-17 12:23:50.095,408.5182733305001,96
2024-09-17 12:23:50.132,408.46509385121465,10
2024-09-17 12:23:50.197,408.4920312589815,5
2024-09-17 12:23:50.201,408.48127612414726,102
2024-09-17 12:23:50.214,408.4604116101712,11
2024-09-17 12:23:50.409,408.47511363255455,98
2024-09-17 12:23:50.427,408.5040120502194,99
2024-09-17 12:23:50.437,408.4661682158547,1004
2024-09-17 12:23:50.464,408.4680950549381,1004
2024-09-17 12:23:50.476,408.4510508989051,100
2024-09-17 12:23:50.476,408.4848310468003,5
2024-09-17 12:23:50.481,408.46815785673033,101
2024-09-17 12:23:50.523,408.4957539287423,999
2024-09-17 12:23:50.523,408.46472386990695,997
2024-09-17 12:23:50.550,408.4709082743644,104
2024-09-17 12:23:50.587,408.4715030693631,96
2024-09-17 12:23:50.680,408.4855271446932,12
2024-09-17 12:23:50.691,408.45711763494427,8
2024-09-17 12:23:50.733,408.4992451141553,1003
2024-09-17 12:23:50.759,408.4920939886423,997
2024-09-17 12:23:50.801,408.4852348075796,14
2024-09-17 12:23:50.805,408.4646520818912,12
2024-09-17 12:23:50.852,408.5050921179909,998
2024-09-17 12:23:50.907,408.4835212945511,96
2024-09-17 12:23:50.941,408.4802501792184,999
2024-09-17 12:23:50.942,408.46565253114665,14
2024-09-17 12:23:51.014,408.5399940021365,995
2024-09-17 12:23:51.044,408.49159833021776,100
2024-09-17 12:23:51.157,408.5294735651625,104
2024-09-17 12:23:51.165,408.5244754120535,1005
2024-09-17 12:23:51.179,408.5200842210522,103
2024-09-17 12:23:51.236,408.50639270054114,100
2024-09-17 12:23:51.289,408.5268507561326,97
2024-09-17 12:23:51.305,408.5161037649569,104
2024-09-17 12:23:51.391,408.503542241281,12
2024-09-17 12:23:51.453,408.5348207160478,14
2024-09-17 12:23:51.479,408.5060858971739,13
2024-09-17 12:23:51.492,408.5364165039853,7
2024-09-17 12:23:51.524,408.54021809668814,1005
2024-09-17 12:23:51.555,408.5343913945104,11
2024-09-17 12:23:51.569,408.54885254591176,14
2024-09-17 12:23:51.583,408.5390093203536,14
2024-09-17 12:23:51.630,408.5359886108373,1003
2024-09-17 12:23:51.676,408.5306014392506,1005
2024-09-17 12:23:51.736,408.50385839456834,12
2024-09-17 12:23:51.808,408.5147475824336,1000
2024-09-17 12:23:51.847,408.532368319148,14
2024-09-17 12:23:51.874,408.5300008994336,1003
2024-09-17 12:23:52.007,408.4988221703817,12
2024-09-17 12:23:52.007,408.53295190431817,1000
2024-09-17 12:23:52.028,408.4726125585143,7
2024-09-17 12:23:52.081,408.4644282615552,1004
2024-09-17 12:23:52.117,408.5034668427999,1004
2024-09-17 12:23:52.189,408.4548952425095,10
2024-09-17 12:23:52.261,408.4932776351171,105
2024-09-17 12:23:52.262,408.4646669346459,1004
2024-09-17 12:23:52.305,408.4739133837024,100
2024-09-17 12:23:52.389,408.4894741799105,9
2024-09-17 12:23:52.427,408.5213644179466,996
2024-09-17 12:23:52.432,408.4647559136429,95
2024-09-17 12:23:52.508,408.4922860377444,7
2024-09-17 12:23:52.523,408.4682117864901,1001
2024-09-17 12:23:52.615,408.47158331356815,1002
2024-09-17 12:23:52.658,408.45508585674,105
2024-09-17 12:23:52.679,408.4808411128862,7
2024-09-17 12:23:52.681,408.4829914229856,95
2024-09-17 12:23:52.701,408.50799054346686,13
2024-09-17 12:23:52.702,408.46325471815015,95
2024-09-17 12:23:52.732,408.453814364334,7
2024-09-17 12:23:52.747,408.5007336867896,98
2024-09-17 12:23:52.752,408.47961482079216,1000
2024-09-17 12:23:52.783,408.4814483140743,995
2024-09-17 12:23:52.855,408.466438339687,100
2024-09-17 12:23:52.859,,9
2024-09-17 12:23:52.912,408.5165489157807,5
2024-09-17 12:23:52.984,,11
2024-09-17 12:23:53.013,408.4643947851076,11
2024-09-17 12:23:53.030,408.52371519693565,105
2024-09-17 12:23:53.048,408.4750000332703,8
2024-09-17 12:23:53.079,408.5227657502431,1002
2024-09-17 12:23:53.115,408.49144394398473,96
2024-09-17 12:23:53.122,408.49066319324896,7
2024-09-17 12:23:53.124,408.5190904963968,9
2024-09-17 12:23:53.163,408.5129276541292,15
2024-09-17 12:23:53.318,408.54360017966377,8
2024-09-17 12:23:53.375,408.5228884666017,98
2024-09-17 12:23:53.441,408.5311510242176,1001
2024-09-17 12:23:53.441,408.4846807904245,95
2024-09-17 12:23:53.463,408.49633019053977,102
2024-09-17 12:23:53.573,408.467754972888,1004
2024-09-17 12:23:53.577,408.4803480620672,1004
2024-09-17 12:23:53.578,408.4954365776604,10
2024-09-17 12:23:53.633,408.4915870341701,5
2024-09-17 12:23:53.939,408.4817846267179,1004
2024-09-17 12:23:53.946,408.4951328931105,999
2024-09-17 12:23:55.007,408.5291677947165,10
2024-09-17 12:23:55.027,408.5133192062038,10
2024-09-17 12:23:55.047,408.5275384575816,12
2024-09-17 12:23:55.057,408.5310752556205,1005
2024-09-17 12:23:55.107,408.5228281728725,1000
2024-09-17 12:23:55.150,408.4712660329389,1001
2024-09-17 12:23:55.213,408.5340537732994,98
2024-09-17 12:23:55.224,408.4537637785696,98
2024-09-17 12:23:55.224,408.5210400732342,5
2024-09-17 12:23:55.269,408.5347054491105,1005
2024-09-17 12:23:55.349,408.5035544382361,96
2024-09-17 12:23:55.444,408.4632309463517,7
2024-09-17 12:23:55.445,408.5124877147577,1001
2024-09-17 12:23:55.493,408.5240917785199,101
2024-09-17 12:23:55.497,408.5310998216966,100
2024-09-17 12:23:55.499,408.5197684522777,97
2024-09-17 12:23:55.503,408.5212793731808,996
2024-09-17 12:23:55.574,408.49385787671247,12
2024-09-17 12:23:55.585,408.50879498222247,5
2024-09-17 12:23:55.619,408.4773319061848,996
2024-09-17 12:23:55.633,408.49605692594406,11
2024-09-17 12:23:55.674,408.5224073609149,98
2024-09-17 12:23:55.683,408.4862162367468,105
2024-09-17 12:23:55.734,408.5303950810983,8
2024-09-17 12:23:55.737,408.4936889993422,997
2024-09-17 12:23:55.823,408.4877121574927,7
2024-09-17 12:23:55.839,408.4759612853451,102
2024-09-17 12:23:55.844,408.517448144402,1002
2024-09-17 12:23:55.926,408.4710739958539,13
2024-09-17 12:23:55.951,408.5194396651159,97
2024-09-17 12:23:56.191,408.4889266098036,8
2024-09-17 12:23:56.225,408.5129836516232,102
2024-09-17 12:23:56.433,408.4792428632989,12
2024-09-17 12:23:56.548,408.4791025073017,1005
2024-09-17 12:23:56.610,408.4772582503917,102
2024-09-17 12:23:56.786,408.5138341936639,1001
2024-09-17 12:23:56.984,408.4941618080711,1004
2024-09-17 12:23:57.001,408.51879869698615,5
2024-09-17 12:23:57.071,408.4863591707346,100
2024-09-17 12:23:57.090,408.5039453408583,5
2024-09-17 12:23:57.109,408.51552634225607,103
2024-09-17 12:23:57.121,408.56226984740965,1004
2024-09-17 12:23:57.156,408.47532431412174,1001
2024-09-17 12:23:57.258,408.5544211276477,14
2024-09-17 12:23:57.293,408.4986572231452,102
2024-09-17 12:23:57.310,408.4827090153486,104
2024-09-17 12:23:57.313,408.4828377579432,101
2024-09-17 12:23:57.313,408.48386557237546,99
2024-09-17 12:23:57.435,408.4614951175738,8
2024-09-17 12:23:57.450,408.5112512374768,11
2024-09-17 12:23:57.484,408.4938569172715,13
2024-09-17 12:23:57.485,408.4865887492545,98
2024-09-17 12:23:57.560,408.4834865644031,1004
2024-09-17 12:23:57.560,408.4854021498229,1001
2024-09-17 12:23:57.568,408.4793324107392,995
2024-09-17 12:23:57.620,408.4964968100855,96
2024-09-17 12:23:57.790,408.5345352647101,5
2024-09-17 12:23:57.805,408.4814747512776,1000
2024-09-17 12:23:57.929,408.489905915706,996
2024-09-17 12:23:57.950,408.4729595790926,996
2024-09-17 12:23:57.970,408.4750174683512,104
2024-09-17 12:23:58.088,408.5611878985905,101
2024-09-17 12:23:58.098,408.537465127837,996
2024-09-17 12:23:58.144,408.5175154321185,995
2024-09-17 12:23:58.259,408.5398982388468,97
2024-09-17 12:23:58.265,408.5629801589741,1002
2024-09-17 12:23:58.354,408.5431228060031,1001
2024-09-17 12:23:58.355,408.5436084968396,14
2024-09-17 12:23:58.381,408.4983976062864,995
2024-09-17 12:23:58.413,408.5344108980924,8
2024-09-17 12:23:58.473,408.4982322614353,98
2024-09-17 12:23:58.492,408.5047267209532,101
2024-09-17 12:23:58.522,408.5273076422311,1004
2024-09-17 12:23:58.570,408.52843599895743,13
2024-09-17 12:23:58.583,408.5241984478875,104
2024-09-17 12:23:58.622,408.5336306444902,999
2024-09-17 12:23:58.652,408.5124689511728,104
2024-09-17 12:23:58.716,408.519785227688,96
2024-09-17 12:23:58.726,408.5476681896664,95
2024-09-17 12:23:58.739,408.4969813547845,1005
2024-09-17 12:23:58.837,408.49874585687047,6
2024-09-17 12:23:58.881,408.530064741415,104
2024-09-17 12:23:58.948,408.5171134827845,96
2024-09-17 12:23:59.060,408.5517400458841,1005
2024-09-17 12:23:59.065,408.5518425895755,12
2024-09-17 12:23:59.102,408.5453442638107,14
2024-09-17 12:23:59.153,408.5199911830689,97
2024-09-17 12:23:59.741,408.5515687530037,99
2024-09-17 12:23:59.810,408.54015599031663,97
2024-09-17 12:23:59.825,408.5389078756376,98
