Timestamp,Price,Size
2024-09-19 10:55:00.008,420.0469350570117,995
2024-09-19 10:55:00.064,420.0320528630082,1000
2024-09-19 10:55:00.085,420.0800432367415,97
2024-09-19 10:55:00.093,420.0435473133639,12
2024-09-19 10:55:00.181,,996
2024-09-19 10:55:00.200,420.0813671628773,14
2024-09-19 10:55:00.234,420.04697156115685,95
2024-09-19 10:55:00.284,420.10458916733455,5
2024-09-19 10:55:00.399,420.0792812227338,13
2024-09-19 10:55:00.433,420.0563167063984,100
2024-09-19 10:55:00.451,420.06433031391697,12
2024-09-19 10:55:00.480,420.0368245755419,1005
2024-09-19 10:55:00.516,420.0645565943632,998
2024-09-19 10:55:00.529,420.0955857778484,1005
2024-09-19 10:55:00.548,420.0779115795851,101
2024-09-19 10:55:00.551,420.0796239855505,104
2024-09-19 10:55:00.567,420.0905122262571,15
2024-09-19 10:55:00.576,420.047625163409,13
2024-09-19 10:55:00.592,420.030392868344,102
2024-09-19 10:55:00.628,420.0466627835729,9
2024-09-19 10:55:00.653,420.0400947188522,104
2024-09-19 10:55:00.668,420.02639937589214,997
2024-09-19 10:55:00.670,420.0422007061945,101
2024-09-19 10:55:00.687,420.091003043217,8
2024-09-19 10:55:00.830,420.0387447986302,1000
2024-09-19 10:55:00.834,420.09028056280846,7
2024-09-19 10:55:00.937,420.0296798249455,998
2024-09-19 10:55:00.966,420.0624098592501,999
2024-09-19 10:55:01.181,420.07205146863686,96
2024-09-19 10:55:01.415,420.0623877364908,103
2024-09-19 10:55:01.763,420.07380602678376,11
2024-09-19 10:55:01.780,420.04775780776777,95
2024-09-19 10:55:01.802,420.0675099901037,8
2024-09-19 10:55:01.911,420.0796768623936,998
2024-09-19 10:55:02.207,419.9956431684989,7
2024-09-19 10:55:02.269,420.0230135456232,97
2024-09-19 10:55:02.292,420.0082330581532,105
2024-09-19 10:55:02.323,419.9566784365476,105
2024-09-19 10:55:02.327,419.98509292348734,95
2024-09-19 10:55:02.374,419.9950831992072,96
2024-09-19 10:55:02.436,419.9921135648033,1005
2024-09-19 10:55:02.651,419.99836061161386,12
2024-09-19 10:55:02.704,419.96813568951467,7
2024-09-19 10:55:02.755,420.01882740107135,1003
2024-09-19 10:55:02.787,419.9546491571601,105
2024-09-19 10:55:02.805,420.0481196484912,105
2024-09-19 10:55:02.861,420.0524969122048,14
2024-09-19 10:55:02.974,419.9782526857759,98
2024-09-19 10:55:03.001,419.918968124636,99
2024-09-19 10:55:03.187,419.9292266215976,1005
2024-09-19 10:55:03.334,419.91387139200725,15
2024-09-19 10:55:03.354,419.92779805048,1003
2024-09-19 10:55:03.411,419.9730120271291,1003
2024-09-19 10:55:03.498,419.94847618272433,99
2024-09-19 10:55:03.516,419.9246092028041,104
2024-09-19 10:55:03.611,419.9497578751364,14
2024-09-19 10:55:03.632,419.9321316891293,104
2024-09-19 10:55:03.674,419.9112568141579,102
2024-09-19 10:55:03.753,419.9668300280949,999
2024-09-19 10:55:03.886,419.9332370850145,9
2024-09-19 10:55:03.890,-419.9144432155919,11
2024-09-19 10:55:04.020,419.8682243749439,12
2024-09-19 10:55:04.032,419.95418953091655,11
2024-09-19 10:55:04.034,419.8756995677506,97
2024-09-19 10:55:04.088,419.9211915949582,104
2024-09-19 10:55:04.206,419.8545181498589,103
2024-09-19 10:55:04.251,419.9446535980599,105
2024-09-19 10:55:04.254,419.9047668793433,97
2024-09-19 10:55:04.279,419.9387907436385,101
2024-09-19 10:55:04.351,419.8496108838948,5
2024-09-19 10:55:04.375,419.9397859008688,105
2024-09-19 10:55:04.386,419.95675941613433,103
2024-09-19 10:55:04.410,419.9075214720783,95
2024-09-19 10:55:04.427,419.8560495231334,996
2024-09-19 10:55:04.515,419.8993847950349,997
2024-09-19 10:55:04.655,419.94722632148125,9
2024-09-19 10:55:04.665,419.9314341524079,997
2024-09-19 10:55:04.667,419.9534022040501,15
2024-09-19 10:55:04.669,419.9241540705223,11
2024-09-19 10:55:04.708,419.9213534477542,1003
2024-09-19 10:55:04.712,419.8526586434939,7
2024-09-19 10:55:04.895,419.8847169183657,12
2024-09-19 10:55:04.916,419.9209330751151,13
2024-09-19 10:55:04.926,419.9460319324278,95
2024-09-19 10:55:04.950,419.9583629408877,11
2024-09-19 10:55:04.963,419.9590795181189,11
2024-09-19 10:55:05.108,419.854534023957,101
2024-09-19 10:55:05.419,419.8453553809175,99
2024-09-19 10:55:06.177,419.8547502455672,97
2024-09-19 10:55:06.273,419.83755959663154,1002
2024-09-19 10:55:06.401,419.8497002811264,1000
2024-09-19 10:55:06.476,419.8418563260565,8
2024-09-19 10:55:07.071,419.8732685903719,1003
2024-09-19 10:55:07.079,419.85169003953854,99
2024-09-19 10:55:07.091,419.8577691839714,96
2024-09-19 10:55:07.124,419.8710833881552,95
2024-09-19 10:55:07.131,419.8533592055243,995
2024-09-19 10:55:07.133,419.83156707402514,10
2024-09-19 10:55:07.160,419.8611319407134,5
2024-09-19 10:55:07.178,419.89427314123424,1001
2024-09-19 10:55:07.233,419.9118901241623,1005
2024-09-19 10:55:07.246,419.8625214051005,999
2024-09-19 10:55:07.250,419.922812993385,97
2024-09-19 10:55:07.270,419.930852459503,97
2024-09-19 10:55:07.312,419.8973293691829,99
2024-09-19 10:55:07.376,419.91093645927344,11
2024-09-19 10:55:07.479,419.8755265368385,1002
2024-09-19 10:55:07.509,419.86551118527535,998
2024-09-19 10:55:07.545,419.8672182629836,97
2024-09-19 10:55:07.548,41.99168455935983,97
2024-09-19 10:55:07.552,419.8717128105047,5
2024-09-19 10:55:07.611,419.9021051631166,9
2024-09-19 10:55:07.693,419.83544763450186,9
2024-09-19 10:55:07.779,419.82676857172,13
2024-09-19 10:55:07.780,419.8794797701823,101
2024-09-19 10:55:07.806,419.8581397290925,5
2024-09-19 10:55:07.825,419.88446272945873,14
2024-09-19 10:55:07.840,419.8768667391402,995
2024-09-19 10:55:07.841,419.8278796554287,6
2024-09-19 10:55:07.867,419.9032737775141,101
2024-09-19 10:55:07.870,419.8784236238455,1002
2024-09-19 10:55:07.908,419.8698217808,1005
2024-09-19 10:55:08.183,419.895737055874,1002
2024-09-19 10:55:08.237,419.89652112646,14
2024-09-19 10:55:08.468,419.8752803115714,1000
2024-09-19 10:55:08.537,419.8866444933728,1001
2024-09-19 10:55:08.787,419.8968136760252,1005
2024-09-19 10:55:09.120,419.83666358953246,99
2024-09-19 10:55:09.202,419.88107570085714,96
2024-09-19 10:55:09.257,419.8628788246555,6
2024-09-19 10:55:09.269,419.8692603617685,995
2024-09-19 10:55:09.273,419.8537753167394,996
2024-09-19 10:55:09.276,419.86078301198506,102
2024-09-19 10:55:09.279,419.8689664746863,995
2024-09-19 10:55:09.286,419.8067275790336,996
2024-09-19 10:55:09.293,419.8362620651977,100
2024-09-19 10:55:09.373,419.8575161897013,998
2024-09-19 10:55:09.422,419.8722832163249,999
2024-09-19 10:55:09.438,419.874894205424,104
2024-09-19 10:55:09.542,419.8773901114953,5
2024-09-19 10:55:09.605,419.8715078106077,999
2024-09-19 10:55:09.666,419.86197777151045,103
2024-09-19 10:55:09.666,419.822698166688,1004
2024-09-19 10:55:09.683,419.8717698084849,996
2024-09-19 10:55:09.741,419.8709714441101,103
2024-09-19 10:55:09.793,419.8643524057701,1001
2024-09-19 10:55:09.796,419.8587874155432,15
2024-09-19 10:55:09.807,419.8252044671655,996
2024-09-19 10:55:09.862,419.8603896249739,998
2024-09-19 10:55:09.928,419.8834669233354,13
2024-09-19 10:55:09.944,419.82636056931074,104
2024-09-19 10:55:10.095,419.83015105190793,1005
2024-09-19 10:55:10.104,419.82405117436366,102
2024-09-19 10:55:10.315,419.8151415067838,103
2024-09-19 10:55:10.370,419.810968842669,105
2024-09-19 10:55:10.443,419.7869903643046,104
2024-09-19 10:55:10.471,419.8187322593654,104
2024-09-19 10:55:10.509,419.8280819676866,999
2024-09-19 10:55:10.589,419.8130353890552,997
2024-09-19 10:55:10.765,419.8124270713118,998
2024-09-19 10:55:11.025,419.8094394639364,7
2024-09-19 10:55:11.051,419.7953477745601,8
2024-09-19 10:55:11.061,419.7982960675236,998
2024-09-19 10:55:11.067,419.7900142940264,9
2024-09-19 10:55:11.141,419.7661085746036,104
2024-09-19 10:55:11.199,419.74911974569295,1005
2024-09-19 10:55:11.255,419.7958999939708,1004
2024-09-19 10:55:11.312,419.7502780922105,96
2024-09-19 10:55:11.338,-419.7656387874252,999
2024-09-19 10:55:11.420,,104
2024-09-19 10:55:11.616,419.7916763258962,998
2024-09-19 10:55:11.648,419.8029198762109,102
2024-09-19 10:55:11.785,419.77047095875616,105
2024-09-19 10:55:11.795,419.7249259626094,105
2024-09-19 10:55:11.908,419.7412436568875,997
2024-09-19 10:55:11.916,419.7972435541003,103
2024-09-19 10:55:11.935,419.77782677475534,96
2024-09-19 10:55:11.963,419.7584770505977,8
2024-09-19 10:55:12.003,419.770878563734,5
2024-09-19 10:55:12.107,419.73739710589103,7
2024-09-19 10:55:12.128,419.72966713699896,9
2024-09-19 10:55:12.138,419.76138530817207,8
2024-09-19 10:55:12.203,419.8026495686444,105
2024-09-19 10:55:12.249,419.78009116977006,102
2024-09-19 10:55:12.255,419.7866599862989,100
2024-09-19 10:55:12.283,419.7556308051658,95
2024-09-19 10:55:12.393,419.7712737213325,1005
2024-09-19 10:55:12.426,419.76678573024526,1003
2024-09-19 10:55:12.434,419.75303386579753,8
2024-09-19 10:55:12.449,419.7293872582149,6
2024-09-19 10:55:12.450,419.7806332933813,95
2024-09-19 10:55:12.468,419.77369168930494,100
2024-09-19 10:55:12.548,419.7423991963431,996
2024-09-19 10:55:12.619,419.7523406512788,999
2024-09-19 10:55:12.662,419.7549234439285,102
2024-09-19 10:55:12.699,419.7777792714505,11
2024-09-19 10:55:12.708,419.7398782703199,998
2024-09-19 10:55:12.733,419.7632415490979,1001
2024-09-19 10:55:12.754,419.7469116831067,8
2024-09-19 10:55:12.755,419.7612438456524,8
2024-09-19 10:55:12.852,419.7089047111567,96
2024-09-19 10:55:12.857,419.72895546844046,6
2024-09-19 10:55:12.899,419.7744109377554,101
2024-09-19 10:55:12.913,419.7762532635967,997
2024-09-19 10:55:12.986,419.7550723666561,999
2024-09-19 10:55:12.989,419.7668740182458,96
2024-09-19 10:55:12.993,419.7527547149856,97
2024-09-19 10:55:13.017,419.7167349372188,11
2024-09-19 10:55:13.044,419.7641365848361,997
2024-09-19 10:55:13.191,419.7546552001243,102
2024-09-19 10:55:13.244,419.7287447533244,13
2024-09-19 10:55:13.255,419.7522928121058,12
2024-09-19 10:55:13.270,419.74473600734615,6
2024-09-19 10:55:13.314,419.749565020873,1001
2024-09-19 10:55:13.388,419.7555658387913,9
2024-09-19 10:55:13.443,419.7311041641906,1004
2024-09-19 10:55:13.443,419.7576818717508,13
2024-09-19 10:55:13.491,419.7386523624732,1005
2024-09-19 10:55:13.520,419.753440362457,102
2024-09-19 10:55:13.570,419.7313732517864,100
2024-09-19 10:55:13.621,419.7179965128641,103
2024-09-19 10:55:13.628,419.7382611481656,1000
2024-09-19 10:55:13.656,419.7561299945246,8
2024-09-19 10:55:13.786,419.76122729664974,11
2024-09-19 10:55:13.867,419.72389258370106,102
2024-09-19 10:55:13.981,419.7581343125659,101
2024-09-19 10:55:13.984,419.7598802588844,5
2024-09-19 10:55:13.989,419.7655595402307,100
2024-09-19 10:55:14.074,419.6389252667752,9
2024-09-19 10:55:14.105,419.6511593121671,999
2024-09-19 10:55:14.140,419.737739440404,99
2024-09-19 10:55:14.221,419.6780780870503,13
2024-09-19 10:55:14.227,419.714694536648,104
2024-09-19 10:55:14.246,419.71344150988784,1001
2024-09-19 10:55:14.282,419.7374809003795,103
2024-09-19 10:55:14.337,419.65973535348274,96
2024-09-19 10:55:14.404,419.65002258385175,15
2024-09-19 10:55:14.457,419.714025624934,7
2024-09-19 10:55:14.508,419.647043231513,96
2024-09-19 10:55:14.634,419.7422772689428,104
2024-09-19 10:55:14.642,419.6517565699094,97
2024-09-19 10:55:14.658,419.65573489346446,97
2024-09-19 10:55:14.747,419.7037498252395,1005
2024-09-19 10:55:14.772,419.6661650978567,102
2024-09-19 10:55:14.802,41.96807955577475,100
2024-09-19 10:55:14.880,419.6525654948649,96
2024-09-19 10:55:14.885,419.6563934083488,97
2024-09-19 10:55:14.896,419.6730386969181,12
2024-09-19 10:55:14.902,419.6607840129271,996
2024-09-19 10:55:14.908,419.7538586272148,95
2024-09-19 10:55:14.931,419.7290225585556,100
2024-09-19 10:55:14.941,419.6516998080045,9
2024-09-19 10:55:14.943,419.65137906629127,1005
2024-09-19 10:55:14.972,419.7534761343964,104
2024-09-19 10:55:15.537,419.6745208154523,8
2024-09-19 10:55:16.019,419.7036538591334,998
2024-09-19 10:55:16.028,419.6606450139855,103
2024-09-19 10:55:16.054,419.7251408274384,96
2024-09-19 10:55:16.189,419.7009997419343,10
2024-09-19 10:55:16.208,419.7632638951918,1005
2024-09-19 10:55:16.291,419.7088471835174,104
2024-09-19 10:55:16.387,419.7447203517317,995
2024-09-19 10:55:16.457,419.7353211921405,1000
2024-09-19 10:55:16.521,419.74784095850447,13
2024-09-19 10:55:16.521,419.751434933542,1003
2024-09-19 10:55:16.545,419.7578492254492,8
2024-09-19 10:55:16.590,419.654709545786,999
2024-09-19 10:55:16.610,419.7549026659207,5
2024-09-19 10:55:16.631,419.7495051917267,101
2024-09-19 10:55:16.722,419.7525348206184,1003
2024-09-19 10:55:16.750,419.7635943045454,996
2024-09-19 10:55:16.756,419.6566219830101,998
2024-09-19 10:55:16.789,419.756832366785,1002
2024-09-19 10:55:16.828,419.7591260131872,8
2024-09-19 10:55:16.848,419.73598552719807,100
2024-09-19 10:55:16.889,419.76508616127455,14
2024-09-19 10:55:16.938,419.6553304243674,997
2024-09-19 10:55:16.949,419.6873679469408,97
2024-09-19 10:55:16.952,419.6699117651752,997
2024-09-19 10:55:17.122,419.7285384515784,11
2024-09-19 10:55:17.140,419.7189069908496,104
2024-09-19 10:55:17.194,419.7010731910584,12
2024-09-19 10:55:17.204,419.7367197962928,999
2024-09-19 10:55:17.271,419.7018271444941,998
2024-09-19 10:55:17.354,419.7250993673005,9
2024-09-19 10:55:17.360,419.7661127320542,100
2024-09-19 10:55:17.499,419.74696020110486,96
2024-09-19 10:55:17.580,419.73924868614097,1000
2024-09-19 10:55:17.791,419.7243746149356,5
2024-09-19 10:55:17.876,,14
2024-09-19 10:55:18.007,419.6772959419786,7
2024-09-19 10:55:18.043,419.6793459324392,103
2024-09-19 10:55:18.047,419.7037445467409,97
2024-09-19 10:55:18.095,419.6925111613573,104
2024-09-19 10:55:18.129,419.7137431966095,6
2024-09-19 10:55:18.203,419.6958371487949,8
2024-09-19 10:55:18.306,419.7334187655475,95
2024-09-19 10:55:18.333,419.6738130645854,8
2024-09-19 10:55:18.384,419.7182076707792,7
2024-09-19 10:55:18.564,419.7149623612098,998
2024-09-19 10:55:18.609,419.741443879802,103
2024-09-19 10:55:18.642,419.665672026084,98
2024-09-19 10:55:18.674,419.7293397271647,100
2024-09-19 10:55:18.678,419.74228916881606,102
2024-09-19 10:55:18.695,419.671904185746,11
2024-09-19 10:55:18.724,419.7275742581171,12
2024-09-19 10:55:18.725,419.6641172127189,11
2024-09-19 10:55:18.764,419.67615377934567,5
2024-09-19 10:55:18.803,419.6985550962531,14
2024-09-19 10:55:18.881,419.735361209577,103
2024-09-19 10:55:18.906,419.70201944138734,100
2024-09-19 10:55:18.929,419.68807126457193,104
2024-09-19 10:55:18.935,419.6725840929302,1002
2024-09-19 10:55:19.088,419.740044875755,1004
2024-09-19 10:55:19.115,419.6679329788407,9
2024-09-19 10:55:19.133,419.6888661417304,997
2024-09-19 10:55:19.186,419.6324588883253,999
2024-09-19 10:55:19.263,419.6326074201682,999
2024-09-19 10:55:19.285,419.6944636834241,102
2024-09-19 10:55:19.332,419.68921301157695,998
2024-09-19 10:55:19.481,419.6353849622762,1004
2024-09-19 10:55:19.488,419.64543555897615,101
2024-09-19 10:55:19.492,419.6862848012766,1004
2024-09-19 10:55:19.495,419.638279004252,998
2024-09-19 10:55:19.594,419.60462714928354,15
2024-09-19 10:55:19.635,419.5904423510311,12
2024-09-19 10:55:19.656,419.5958312286143,1004
2024-09-19 10:55:19.764,419.6224602336975,1005
2024-09-19 10:55:19.782,419.6879445555967,999
2024-09-19 10:55:19.782,419.66979414019306,99
2024-09-19 10:55:19.799,419.6815376773575,11
2024-09-19 10:55:19.807,419.6476082309178,1001
2024-09-19 10:55:19.912,419.7105333259595,8
2024-09-19 10:55:19.917,419.7239964193998,1000
2024-09-19 10:55:19.969,419.66864687514544,96
2024-09-19 10:55:20.000,419.5497530964748,15
2024-09-19 10:55:20.001,419.5502220830693,1005
2024-09-19 10:55:20.017,419.5604775685029,13
2024-09-19 10:55:20.140,419.5671107248012,997
2024-09-19 10:55:20.240,419.5917385242809,997
2024-09-19 10:55:20.283,419.56086349921264,100
2024-09-19 10:55:20.329,419.5429875468397,11
2024-09-19 10:55:20.507,419.6021917283634,5
2024-09-19 10:55:20.560,419.5474939625918,104
2024-09-19 10:55:20.621,419.5530125180967,105
2024-09-19 10:55:20.718,419.56265896922565,1003
2024-09-19 10:55:20.797,419.5437925962776,95
2024-09-19 10:55:20.798,419.6006165388892,995
2024-09-19 10:55:21.049,419.5622716408259,13
2024-09-19 10:55:21.092,419.5898665976009,9
2024-09-19 10:55:21.120,419.5625913388968,104
2024-09-19 10:55:21.144,419.5648142563878,997
2024-09-19 10:55:21.227,419.5545162600444,98
2024-09-19 10:55:21.245,419.5806396081976,10
2024-09-19 10:55:21.257,419.5573348892229,101
2024-09-19 10:55:21.312,419.5621091271087,101
2024-09-19 10:55:21.318,419.58096975748526,5
2024-09-19 10:55:21.326,419.5198892569986,103
2024-09-19 10:55:21.333,419.5595185925538,8
2024-09-19 10:55:21.388,419.5232408707108,5
2024-09-19 10:55:21.404,419.5449561448333,104
2024-09-19 10:55:21.439,419.4993634664924,97
2024-09-19 10:55:21.493,419.5300386839524,997
2024-09-19 10:55:21.507,419.5222026923967,101
2024-09-19 10:55:21.572,419.5897022247792,8
2024-09-19 10:55:21.642,419.55304532368586,97
2024-09-19 10:55:21.652,419.56307414191866,6
2024-09-19 10:55:21.678,419.5376236474608,7
2024-09-19 10:55:21.799,419.5506779261807,99
2024-09-19 10:55:21.799,419.5948098151102,995
2024-09-19 10:55:21.833,419.5192979830708,15
2024-09-19 10:55:21.864,419.5379113973095,10
2024-09-19 10:55:21.884,419.5495957272928,12
2024-09-19 10:55:21.884,,97
2024-09-19 10:55:22.093,419.5524937686479,13
2024-09-19 10:55:22.126,419.5453775625686,102
2024-09-19 10:55:22.218,419.574782277649,5
2024-09-19 10:55:22.290,419.5609634150779,10
2024-09-19 10:55:22.310,419.5624221040309,995
2024-09-19 10:55:22.509,419.529371537136,1001
2024-09-19 10:55:22.930,419.58586854023554,999
2024-09-19 10:55:22.972,419.5181698995007,102
2024-09-19 10:55:23.130,419.5856927371589,104
2024-09-19 10:55:23.136,419.56689873797353,996
2024-09-19 10:55:23.199,419.5947634737946,98
2024-09-19 10:55:23.209,419.54096037866975,996
2024-09-19 10:55:23.236,419.4946763851613,999
2024-09-19 10:55:23.253,419.5633692670827,15
2024-09-19 10:55:23.339,419.5490575956103,97
2024-09-19 10:55:23.340,419.4954241280234,11
2024-09-19 10:55:23.363,419.50669623607655,103
2024-09-19 10:55:23.374,419.536527275191,101
2024-09-19 10:55:23.405,419.5209318663871,997
2024-09-19 10:55:23.464,419.5165357960656,7
2024-09-19 10:55:23.483,419.5077342643721,104
2024-09-19 10:55:23.494,419.5054736644293,12
2024-09-19 10:55:23.558,419.4990828340695,12
2024-09-19 10:55:23.580,419.5751461731616,998
2024-09-19 10:55:23.582,419.5014605310738,103
2024-09-19 10:55:23.772,419.5656898690064,12
2024-09-19 10:55:23.787,419.5065037667241,105
2024-09-19 10:55:24.022,419.5668638470388,96
2024-09-19 10:55:24.058,419.5880119060319,95
2024-09-19 10:55:24.088,419.5885541177955,103
2024-09-19 10:55:24.097,419.5609101082454,997
2024-09-19 10:55:24.098,419.58066434409216,100
2024-09-19 10:55:24.133,419.56708419081895,998
2024-09-19 10:55:24.192,419.59465113051255,6
2024-09-19 10:55:24.267,419.5745413005242,10
2024-09-19 10:55:24.370,419.5690148949532,1002
2024-09-19 10:55:24.483,419.593555631444,14
2024-09-19 10:55:24.543,419.5904645386155,96
2024-09-19 10:55:24.713,419.5765684481374,995
2024-09-19 10:55:24.931,419.5553771937308,11
2024-09-19 10:55:24.949,419.5613996502525,102
2024-09-19 10:55:24.993,419.5821453755807,14
2024-09-19 10:55:25.009,419.47781461943305,97
2024-09-19 10:55:25.011,419.5120398637058,12
2024-09-19 10:55:25.024,419.4630367307444,6
2024-09-19 10:55:25.123,419.595671124419,7
2024-09-19 10:55:25.177,419.5909535702807,96
2024-09-19 10:55:25.277,419.60800219499765,1004
2024-09-19 10:55:25.317,419.5993897376412,15
2024-09-19 10:55:25.396,419.55526233782734,97
2024-09-19 10:55:25.399,419.5908298919426,1001
2024-09-19 10:55:25.400,419.5989398002913,997
2024-09-19 10:55:25.432,419.59096282250624,995
2024-09-19 10:55:25.466,419.599174829997,1003
2024-09-19 10:55:25.490,419.4804766916863,1005
2024-09-19 10:55:25.543,419.6091658420602,1000
2024-09-19 10:55:25.558,419.46298750744273,6
2024-09-19 10:55:25.628,419.59447562036536,13
2024-09-19 10:55:25.637,419.51604170944734,997
2024-09-19 10:55:25.687,419.5976543883282,95
2024-09-19 10:55:25.714,419.5060403736277,1000
2024-09-19 10:55:25.743,419.542808363477,995
2024-09-19 10:55:25.768,419.5501026941436,102
2024-09-19 10:55:25.892,419.5421695434711,996
2024-09-19 10:55:25.900,419.5888319000324,995
2024-09-19 10:55:25.956,419.5733288245969,1003
2024-09-19 10:55:25.999,419.5951702583624,95
2024-09-19 10:55:26.068,419.4850215291421,13
2024-09-19 10:55:26.094,419.44668187839886,99
2024-09-19 10:55:26.181,419.4921766843791,1005
2024-09-19 10:55:26.240,419.4668896676629,14
2024-09-19 10:55:26.280,419.46509332090153,998
2024-09-19 10:55:26.435,419.4405857846977,96
2024-09-19 10:55:26.488,419.4877927173538,98
2024-09-19 10:55:26.578,419.4930126276047,13
2024-09-19 10:55:26.594,419.4728964845533,101
2024-09-19 10:55:26.600,419.492621661904,103
2024-09-19 10:55:26.704,419.4817813839313,99
2024-09-19 10:55:26.741,419.48717121202185,96
2024-09-19 10:55:26.895,419.4949463886984,995
2024-09-19 10:55:26.897,419.47253806608046,101
2024-09-19 10:55:26.918,419.47858211411375,996
2024-09-19 10:55:26.990,419.4833981890844,105
2024-09-19 10:55:27.019,419.4830380792285,997
2024-09-19 10:55:27.059,419.5274191274902,104
2024-09-19 10:55:27.074,419.52730031293737,8
2024-09-19 10:55:27.083,419.4855678756432,7
2024-09-19 10:55:27.151,419.533492772262,1003
2024-09-19 10:55:27.236,419.5434772375023,102
2024-09-19 10:55:27.268,419.5061978886258,1000
2024-09-19 10:55:27.297,419.5212003868433,98
2024-09-19 10:55:27.409,419.5370318382404,1001
2024-09-19 10:55:27.494,419.4923533601439,1001
2024-09-19 10:55:27.515,419.510421531128,8
2024-09-19 10:55:27.628,419.5338261758904,104
2024-09-19 10:55:27.642,419.53045930661983,997
2024-09-19 10:55:27.891,419.5237322019232,100
2024-09-19 10:55:27.897,419.523247875444,1004
2024-09-19 10:55:27.933,419.5183426400271,1001
2024-09-19 10:55:28.157,419.5005187925887,999
2024-09-19 10:55:29.157,419.4394469840781,1002
2024-09-19 10:55:29.292,419.4317235390772,7
2024-09-19 10:55:29.298,419.4500422041521,5
2024-09-19 10:55:29.384,419.48807372410977,8
2024-09-19 10:55:29.438,419.42375917575913,95
2024-09-19 10:55:29.739,419.4496951756394,14
2024-09-19 10:55:29.758,419.48064575053615,6
2024-09-19 10:55:29.761,419.4629342054986,9
2024-09-19 10:55:29.960,419.4527630851399,97
2024-09-19 10:55:30.178,419.42044274217926,98
2024-09-19 10:55:30.192,419.3864573226228,13
2024-09-19 10:55:30.251,,96
2024-09-19 10:55:30.273,419.4387432420872,999
2024-09-19 10:55:30.295,419.3745178329944,996
2024-09-19 10:55:30.347,419.4300209284406,1002
2024-09-19 10:55:30.353,419.43633653235946,11
2024-09-19 10:55:30.363,419.4057434052203,99
2024-09-19 10:55:30.405,419.4329886026432,8
2024-09-19 10:55:30.459,419.3743993423665,105
2024-09-19 10:55:30.508,419.4528913238634,15
2024-09-19 10:55:30.510,419.4089764114161,995
2024-09-19 10:55:30.521,419.371944048742,1001
2024-09-19 10:55:30.554,419.3809156886544,98
2024-09-19 10:55:30.586,419.4255355596986,1005
2024-09-19 10:55:30.603,419.4062729342921,997
2024-09-19 10:55:30.639,419.394917077163,12
2024-09-19 10:55:30.684,419.42705970733897,5
2024-09-19 10:55:30.690,419.37672298248646,104
2024-09-19 10:55:30.719,419.3620062073152,1003
2024-09-19 10:55:30.768,419.4188766057907,1005
2024-09-19 10:55:30.784,419.4342349517542,5
2024-09-19 10:55:30.842,419.4339418111945,7
2024-09-19 10:55:30.853,419.4210748402829,1000
2024-09-19 10:55:30.860,419.41621489727873,95
2024-09-19 10:55:30.889,419.4349748091989,9
2024-09-19 10:55:30.941,419.43926017431295,6
2024-09-19 10:55:30.964,419.41937137500304,100
2024-09-19 10:55:30.998,419.405946231063,8
2024-09-19 10:55:31.278,419.36530165365593,1002
2024-09-19 10:55:31.346,419.3572690899453,999
2024-09-19 10:55:31.390,419.3450289652058,102
2024-09-19 10:55:31.514,419.34707415367615,997
2024-09-19 10:55:31.771,419.3580679947992,8
2024-09-19 10:55:31.869,419.3935120180993,998
2024-09-19 10:55:31.897,419.3704753861049,1003
2024-09-19 10:55:31.943,419.346461679976,12
2024-09-19 10:55:31.954,419.367443589462,95
2024-09-19 10:55:31.994,419.38300137425,999
2024-09-19 10:55:32.231,419.34267427100224,12
2024-09-19 10:55:32.917,419.351333096254,11
2024-09-19 10:55:33.054,419.3208641444495,104
2024-09-19 10:55:33.074,419.2893238352717,1005
2024-09-19 10:55:33.091,-419.2374952392284,11
2024-09-19 10:55:33.143,419.2938173123398,97
2024-09-19 10:55:33.162,419.3264700195279,9
2024-09-19 10:55:33.182,419.28047919109,5
2024-09-19 10:55:33.185,419.307061640924,6
2024-09-19 10:55:33.307,419.308334147625,996
2024-09-19 10:55:33.339,419.2353262645183,5
2024-09-19 10:55:33.341,419.2999376039738,104
2024-09-19 10:55:33.412,419.2519957935917,11
2024-09-19 10:55:33.424,419.3025867658689,15
2024-09-19 10:55:33.432,419.2645799831231,12
2024-09-19 10:55:33.441,419.30253441968335,15
2024-09-19 10:55:33.498,419.2646768036141,96
2024-09-19 10:55:33.507,419.2914867857528,13
2024-09-19 10:55:33.534,419.3348197558144,13
2024-09-19 10:55:33.603,419.29210834783663,14
2024-09-19 10:55:33.646,419.264165778392,6
2024-09-19 10:55:33.692,419.2780664537955,11
2024-09-19 10:55:33.693,419.2992090401952,14
2024-09-19 10:55:33.715,419.26202414600766,1000
2024-09-19 10:55:33.737,419.30138631602665,10
2024-09-19 10:55:33.750,419.2615709557806,103
2024-09-19 10:55:33.808,419.2588759049332,96
2024-09-19 10:55:33.928,419.3012720992317,11
2024-09-19 10:55:33.953,419.32141948769305,103
2024-09-19 10:55:33.957,419.3065783369945,102
2024-09-19 10:55:33.964,419.3035477274152,5
2024-09-19 10:55:34.485,419.2471610356334,1004
2024-09-19 10:55:35.705,419.2357991348371,15
2024-09-19 10:55:35.910,419.2312097191624,5
2024-09-19 10:55:35.957,419.2391431044589,7
2024-09-19 10:55:36.062,419.2100789737721,995
2024-09-19 10:55:36.395,419.2399913412078,13
2024-09-19 10:55:36.402,419.20885765758,96
2024-09-19 10:55:36.433,419.2228166018946,96
2024-09-19 10:55:36.671,419.2231412947124,5
2024-09-19 10:55:36.734,419.2431493404232,102
2024-09-19 10:55:36.797,419.224968258624,5
2024-09-19 10:55:37.135,419.24414187660784,7
2024-09-19 10:55:37.137,419.2210629275602,8
2024-09-19 10:55:37.246,419.2339744427868,999
2024-09-19 10:55:37.267,419.23387801372894,101
2024-09-19 10:55:37.275,419.2210015978847,995
2024-09-19 10:55:37.349,419.2224058665186,7
2024-09-19 10:55:37.403,419.22329863596593,8
2024-09-19 10:55:37.445,419.2270994304672,99
2024-09-19 10:55:37.509,419.2203796098774,99
2024-09-19 10:55:37.586,419.22445016763504,1000
2024-09-19 10:55:37.596,419.2108424860005,9
2024-09-19 10:55:37.618,419.2238323340532,1000
2024-09-19 10:55:37.678,419.2339903600187,105
2024-09-19 10:55:37.805,419.224528843616,100
2024-09-19 10:55:37.846,419.2306035314975,1001
2024-09-19 10:55:37.871,419.2187467665939,100
2024-09-19 10:55:37.958,419.23444681796735,997
2024-09-19 10:55:37.997,419.2110619766318,102
2024-09-19 10:55:38.021,419.2435365236885,96
2024-09-19 10:55:38.035,419.2506546654517,9
2024-09-19 10:55:38.052,419.23094549666905,105
2024-09-19 10:55:38.169,419.2387858353617,998
2024-09-19 10:55:38.219,419.24513551033584,995
2024-09-19 10:55:38.348,419.2579649016094,102
2024-09-19 10:55:38.378,419.2602651282364,98
2024-09-19 10:55:38.384,419.2550265277675,1002
2024-09-19 10:55:38.398,419.2244448590409,97
2024-09-19 10:55:38.401,419.25311001730745,7
2024-09-19 10:55:38.509,419.2354404136743,7
2024-09-19 10:55:38.515,419.2668683214175,96
2024-09-19 10:55:38.536,419.2697590581104,7
2024-09-19 10:55:38.558,419.2347999245957,97
2024-09-19 10:55:38.772,419.2271563016803,997
2024-09-19 10:55:38.809,419.23513388387806,104
2024-09-19 10:55:38.831,419.2592696845342,8
2024-09-19 10:55:38.836,419.2491354958235,97
2024-09-19 10:55:38.850,419.2396495758061,1000
2024-09-19 10:55:39.004,419.261458024356,9
2024-09-19 10:55:39.008,419.2834042447585,99
2024-09-19 10:55:39.191,419.27941422362113,996
2024-09-19 10:55:39.238,419.2593389168081,998
2024-09-19 10:55:39.316,419.2852968436733,1001
2024-09-19 10:55:39.327,419.27130060985513,12
2024-09-19 10:55:39.378,419.2901176785843,6
2024-09-19 10:55:39.488,419.2836570059091,14
2024-09-19 10:55:39.493,419.28333971971824,1002
2024-09-19 10:55:39.527,419.2819462660362,14
2024-09-19 10:55:39.542,419.27389931539307,998
2024-09-19 10:55:39.668,419.2809875727879,102
2024-09-19 10:55:39.745,-419.2853431535168,101
2024-09-19 10:55:39.825,41.92777282169411,999
2024-09-19 10:55:39.935,419.24392001284286,999
2024-09-19 10:55:41.069,419.25879100367,104
2024-09-19 10:55:41.147,419.2960517128624,14
2024-09-19 10:55:41.213,419.4082374311036,15
2024-09-19 10:55:41.257,419.38852521210094,99
2024-09-19 10:55:41.257,419.2583551349317,7
2024-09-19 10:55:41.264,419.3449388785643,999
2024-09-19 10:55:41.279,419.2478748804001,1005
2024-09-19 10:55:41.290,419.292346723215,96
2024-09-19 10:55:41.294,419.2781387623566,95
2024-09-19 10:55:41.300,419.2599526265949,12
2024-09-19 10:55:41.324,419.3455169445111,10
2024-09-19 10:55:41.338,419.2691206982241,15
2024-09-19 10:55:41.350,419.28066772508384,1000
2024-09-19 10:55:41.350,419.2588578534968,100
2024-09-19 10:55:41.387,419.2676911709043,14
2024-09-19 10:55:41.420,419.3894668629512,11
2024-09-19 10:55:41.426,419.36482608394033,8
2024-09-19 10:55:41.466,419.4031116607287,1002
2024-09-19 10:55:41.471,419.3386404294631,15
2024-09-19 10:55:41.499,419.2670430728948,7
2024-09-19 10:55:41.501,419.4062133446221,101
2024-09-19 10:55:41.567,419.25619260245486,8
2024-09-19 10:55:41.689,419.39535925202176,6
2024-09-19 10:55:41.772,419.318285514897,1004
2024-09-19 10:55:41.806,419.27155671793815,1004
2024-09-19 10:55:41.886,419.4176065552337,996
2024-09-19 10:55:41.909,419.2649838838005,995
2024-09-19 10:55:41.937,419.3923457205021,104
2024-09-19 10:55:41.945,419.2765418670674,999
2024-09-19 10:55:42.114,419.3960956503648,95
2024-09-19 10:55:42.176,419.3812659230841,1001
2024-09-19 10:55:42.176,419.3081991889624,996
2024-09-19 10:55:42.188,419.31371135937087,8
2024-09-19 10:55:42.206,419.38255796144745,999
2024-09-19 10:55:42.279,419.3883245210732,1001
2024-09-19 10:55:42.301,419.3835406484731,997
2024-09-19 10:55:42.340,419.3225899739906,101
2024-09-19 10:55:42.370,419.3792313046529,6
2024-09-19 10:55:42.406,419.39079925707193,12
2024-09-19 10:55:42.463,419.3781901836604,996
2024-09-19 10:55:42.513,419.3964764712191,95
2024-09-19 10:55:42.552,419.3726890654064,1004
2024-09-19 10:55:42.652,419.355416092549,9
2024-09-19 10:55:42.661,419.33978051133874,105
2024-09-19 10:55:42.828,419.3705354607733,1001
2024-09-19 10:55:42.849,419.40354121015713,7
2024-09-19 10:55:42.853,419.3752457859251,5
2024-09-19 10:55:42.908,419.3836977156296,105
2024-09-19 10:55:42.913,419.3939483847148,100
2024-09-19 10:55:42.914,419.3809681802901,9
2024-09-19 10:55:42.959,419.3585520866599,100
2024-09-19 10:55:42.972,419.4014981366949,10
2024-09-19 10:55:43.022,419.34022394414734,1002
2024-09-19 10:55:43.046,419.3600028664981,1002
2024-09-19 10:55:43.074,419.3361610057171,998
2024-09-19 10:55:43.122,419.32306200334216,96
2024-09-19 10:55:43.169,419.3252313445664,104
2024-09-19 10:55:43.169,419.35698440572895,997
2024-09-19 10:55:43.226,,14
2024-09-19 10:55:43.292,,12
2024-09-19 10:55:43.359,419.3401646516417,105
2024-09-19 10:55:43.376,419.3383473408626,8
2024-09-19 10:55:43.415,419.3241748934206,998
2024-09-19 10:55:43.431,419.3330716964169,11
2024-09-19 10:55:43.491,419.3855346877481,9
2024-09-19 10:55:43.527,419.3719376490976,15
2024-09-19 10:55:43.567,419.320457167747,103
2024-09-19 10:55:43.574,419.3486791667541,98
2024-09-19 10:55:43.575,419.32410842715353,7
2024-09-19 10:55:43.619,419.3270764368855,95
2024-09-19 10:55:43.638,419.3066992528057,102
2024-09-19 10:55:43.711,419.320154205811,14
2024-09-19 10:55:43.765,419.3299756658685,97
2024-09-19 10:55:43.780,419.3374631978373,101
2024-09-19 10:55:44.016,419.3744372569299,7
2024-09-19 10:55:44.066,419.4009087961751,998
2024-09-19 10:55:44.236,419.3687724323351,15
2024-09-19 10:55:44.246,419.384432906155,105
2024-09-19 10:55:44.290,419.3608042922256,997
2024-09-19 10:55:44.304,419.3540949340484,1001
2024-09-19 10:55:44.316,419.3806007440553,100
2024-09-19 10:55:44.376,419.3624129426195,95
2024-09-19 10:55:44.392,419.3596423524006,15
2024-09-19 10:55:44.395,419.3560108261596,1001
2024-09-19 10:55:44.405,,1000
2024-09-19 10:55:44.455,419.3758164809085,1004
2024-09-19 10:55:44.464,419.3378267742958,5
2024-09-19 10:55:44.525,419.3620834589975,15
2024-09-19 10:55:44.537,419.35676878724223,996
2024-09-19 10:55:44.567,419.39293808622665,998
2024-09-19 10:55:44.668,419.376872962197,1001
2024-09-19 10:55:44.738,419.36460007168057,103
2024-09-19 10:55:44.791,419.3279686400628,99
2024-09-19 10:55:44.859,419.3503283749128,10
2024-09-19 10:55:44.860,419.347454669661,9
2024-09-19 10:55:44.868,419.3405534529464,1000
2024-09-19 10:55:44.891,419.3886719312652,15
2024-09-19 10:55:44.896,419.37721348767184,998
2024-09-19 10:55:44.992,419.3873589707431,7
2024-09-19 10:55:45.181,419.37056068049895,1004
2024-09-19 10:55:46.036,419.3676608450047,97
2024-09-19 10:55:46.084,419.3596757463013,105
2024-09-19 10:55:46.195,419.39137915414136,14
2024-09-19 10:55:46.400,419.3546235701675,997
2024-09-19 10:55:46.448,419.3778881654541,1000
2024-09-19 10:55:46.534,419.3890298096471,97
2024-09-19 10:55:46.897,419.377147423252,997
2024-09-19 10:55:47.053,419.2974515225412,1000
2024-09-19 10:55:47.067,419.3369676229008,97
2024-09-19 10:55:47.071,419.2991920814953,1003
2024-09-19 10:55:47.078,419.3129762404829,997
2024-09-19 10:55:47.096,419.3538241495991,999
2024-09-19 10:55:47.115,419.30834533835736,8
2024-09-19 10:55:47.120,419.2901168461944,105
2024-09-19 10:55:47.139,419.3477115396218,1004
2024-09-19 10:55:47.142,419.345090260438,105
2024-09-19 10:55:47.189,419.34297779839216,103
2024-09-19 10:55:47.202,419.349709169843,9
2024-09-19 10:55:47.206,419.3334488130692,96
2024-09-19 10:55:47.299,419.2856433717356,9
2024-09-19 10:55:47.323,419.3460510212773,999
2024-09-19 10:55:47.390,419.3150123917189,1003
2024-09-19 10:55:47.415,419.3135648969199,100
2024-09-19 10:55:47.485,419.2756981881292,7
2024-09-19 10:55:47.510,419.3011444876772,6
2024-09-19 10:55:47.604,419.3156484279126,102
2024-09-19 10:55:47.658,419.3521098634142,97
2024-09-19 10:55:47.685,419.3170470743925,999
2024-09-19 10:55:47.700,419.32259893095954,997
2024-09-19 10:55:47.841,419.3302870970531,11
2024-09-19 10:55:47.866,419.3421418194039,1001
2024-09-19 10:55:47.908,419.3108115464445,96
2024-09-19 10:55:47.949,419.3360486790289,8
2024-09-19 10:55:47.957,419.2912348450466,1000
2024-09-19 10:55:47.958,419.31299983862095,103
2024-09-19 10:55:48.336,419.275714752116,999
2024-09-19 10:55:48.381,419.2835350205565,10
2024-09-19 10:55:48.408,419.30333021475536,7
2024-09-19 10:55:48.509,419.2930537275504,12
2024-09-19 10:55:48.728,419.29308731319225,102
2024-09-19 10:55:48.739,419.2920800653454,101
2024-09-19 10:55:48.779,419.2862448695415,10
2024-09-19 10:55:48.816,419.293547932734,104
2024-09-19 10:55:48.888,419.2785665939875,1002
2024-09-19 10:55:49.107,419.2825476907939,13
2024-09-19 10:55:49.173,419.2955616945618,103
2024-09-19 10:55:49.203,419.2682525276424,1004
2024-09-19 10:55:49.212,419.3083611933928,97
2024-09-19 10:55:49.215,419.3011707033645,1002
2024-09-19 10:55:49.332,41.9265868299757,12
2024-09-19 10:55:49.339,419.2486839879394,1000
2024-09-19 10:55:49.380,419.2895439192239,15
2024-09-19 10:55:49.466,419.2469868689207,996
2024-09-19 10:55:49.642,419.2694518633687,11
2024-09-19 10:55:49.724,419.281889661234,1005
2024-09-19 10:55:49.821,419.2803023091994,99
2024-09-19 10:55:49.841,419.27469886719297,11
2024-09-19 10:55:49.855,419.2712544166368,998
2024-09-19 10:55:49.934,419.2836637667936,1001
2024-09-19 10:55:49.954,419.2865122361478,8
2024-09-19 10:55:49.988,419.2680033075536,14
2024-09-19 10:55:49.994,419.2852338986739,100
2024-09-19 10:55:50.067,419.3304321118226,97
2024-09-19 10:55:50.183,419.3238529714807,104
2024-09-19 10:55:50.466,419.3176398618139,15
2024-09-19 10:55:50.648,419.3323153752996,999
2024-09-19 10:55:50.685,419.3340595725753,8
2024-09-19 10:55:50.806,419.32677944914974,103
2024-09-19 10:55:51.088,-419.3291739308827,10
2024-09-19 10:55:51.151,419.31263456912205,1001
2024-09-19 10:55:51.162,419.2955955270761,98
2024-09-19 10:55:51.181,419.2681563011763,105
2024-09-19 10:55:51.267,419.34122390268914,1004
2024-09-19 10:55:51.282,419.32222970338506,100
2024-09-19 10:55:51.438,419.3283387563032,7
2024-09-19 10:55:51.498,419.2722310911207,100
2024-09-19 10:55:51.571,419.28125174777057,999
2024-09-19 10:55:51.581,419.321261681692,999
2024-09-19 10:55:51.636,419.3140582577976,98
2024-09-19 10:55:51.678,419.32862265555633,1002
2024-09-19 10:55:51.695,419.3058968374302,97
2024-09-19 10:55:51.710,419.3091031138183,1000
2024-09-19 10:55:51.764,419.287324396691,102
2024-09-19 10:55:51.926,419.2890987121883,1005
2024-09-19 10:55:52.070,-419.2965276505482,104
2024-09-19 10:55:52.072,419.2440240571252,11
2024-09-19 10:55:52.153,419.2950207081496,97
2024-09-19 10:55:52.165,419.2288975905424,14
2024-09-19 10:55:52.167,419.2732772210033,100
2024-09-19 10:55:52.191,419.2316315703846,998
2024-09-19 10:55:52.356,419.2994411045616,5
2024-09-19 10:55:52.365,419.2950178747549,15
2024-09-19 10:55:52.409,419.29411710510817,105
2024-09-19 10:55:52.435,419.2885021638021,104
2024-09-19 10:55:52.477,419.2258470911074,12
2024-09-19 10:55:52.481,419.2986051040046,8
2024-09-19 10:55:52.505,419.2663466944904,996
2024-09-19 10:55:52.511,419.238436003573,104
2024-09-19 10:55:52.557,419.2627796959272,97
2024-09-19 10:55:52.591,419.2884543289976,1000
2024-09-19 10:55:52.629,419.2503527929848,6
2024-09-19 10:55:52.635,419.2905694245894,103
2024-09-19 10:55:52.657,419.2823683852941,95
2024-09-19 10:55:52.672,419.2606639568187,103
2024-09-19 10:55:52.678,419.2963378359684,13
2024-09-19 10:55:52.678,419.2944328635714,15
2024-09-19 10:55:52.770,419.304346232024,105
2024-09-19 10:55:52.784,419.2848501412466,8
2024-09-19 10:55:52.885,41.92816359253888,1003
2024-09-19 10:55:52.925,419.2342827568656,996
2024-09-19 10:55:53.054,419.2100318892139,1001
2024-09-19 10:55:53.097,419.2633971548221,1004
2024-09-19 10:55:53.107,419.2862024179428,105
2024-09-19 10:55:53.132,419.16195286536447,1003
2024-09-19 10:55:53.156,419.2664495800817,103
2024-09-19 10:55:53.157,419.2811312195494,8
2024-09-19 10:55:53.163,419.2662907139766,13
2024-09-19 10:55:53.208,419.1524065021031,7
2024-09-19 10:55:53.209,419.1848474497708,11
2024-09-19 10:55:53.214,419.25061836201,104
2024-09-19 10:55:53.216,41.92865829004384,12
2024-09-19 10:55:53.250,419.19128599514346,95
2024-09-19 10:55:53.258,419.281627717358,101
2024-09-19 10:55:53.375,419.186054307625,105
2024-09-19 10:55:53.491,419.2328076414682,96
2024-09-19 10:55:53.503,419.14290283701735,13
2024-09-19 10:55:53.505,419.24908510338565,7
2024-09-19 10:55:53.507,419.24995091894215,1001
2024-09-19 10:55:53.555,-419.191407270248,995
2024-09-19 10:55:53.605,419.2437160386811,97
2024-09-19 10:55:53.620,419.1756405779736,11
2024-09-19 10:55:53.625,419.271270757236,5
2024-09-19 10:55:53.658,419.2692451970336,104
2024-09-19 10:55:53.743,419.1633119585492,99
2024-09-19 10:55:53.761,419.2294047978473,995
2024-09-19 10:55:53.861,419.2457948503963,101
2024-09-19 10:55:53.965,419.2288290681852,15
2024-09-19 10:55:53.980,419.2042509866604,14
2024-09-19 10:55:54.007,419.02249738664887,1000
2024-09-19 10:55:54.015,419.0970129622701,103
2024-09-19 10:55:54.033,419.12913333193046,14
2024-09-19 10:55:54.084,419.1858081666576,13
2024-09-19 10:55:54.103,419.052913034317,999
2024-09-19 10:55:54.125,419.11248963191576,7
2024-09-19 10:55:54.161,419.05981029731095,105
2024-09-19 10:55:54.220,419.0828247167274,995
2024-09-19 10:55:54.254,419.1125664570396,1000
2024-09-19 10:55:54.321,419.1581697577191,97
2024-09-19 10:55:54.396,419.1343031110165,10
2024-09-19 10:55:54.396,419.0879169500465,13
2024-09-19 10:55:54.397,,95
2024-09-19 10:55:54.441,419.1376987040404,998
2024-09-19 10:55:54.533,419.0886716973586,998
2024-09-19 10:55:54.536,419.07547386985647,999
2024-09-19 10:55:54.549,419.1085644370486,13
2024-09-19 10:55:54.632,419.10680916711,96
2024-09-19 10:55:54.664,419.1199396187956,999
2024-09-19 10:55:54.683,419.17261911134256,15
2024-09-19 10:55:54.692,419.1329548650321,11
2024-09-19 10:55:54.712,419.0778346037685,97
2024-09-19 10:55:54.803,419.1989869467437,1004
2024-09-19 10:55:54.805,419.1210637718803,12
2024-09-19 10:55:54.816,,97
2024-09-19 10:55:54.945,419.0363169622244,99
2024-09-19 10:55:54.946,419.08121523445976,105
2024-09-19 10:55:54.951,419.1059448217232,102
2024-09-19 10:55:54.967,419.0645534908123,97
2024-09-19 10:55:55.059,418.9849763111427,6
2024-09-19 10:55:55.090,418.97748841071,1004
2024-09-19 10:55:55.102,419.0012761436069,103
2024-09-19 10:55:55.109,419.0259960843002,999
2024-09-19 10:55:55.172,419.0506702556687,1004
2024-09-19 10:55:55.200,419.043087873984,8
2024-09-19 10:55:55.231,419.0206313395864,98
2024-09-19 10:55:55.321,419.0541846956229,997
2024-09-19 10:55:55.328,419.0582393059014,10
2024-09-19 10:55:55.384,419.0595300146888,998
2024-09-19 10:55:55.401,418.9851462998099,1005
2024-09-19 10:55:55.476,418.9852999332474,102
2024-09-19 10:55:55.515,418.9681392183204,8
2024-09-19 10:55:55.525,419.0235022889269,14
2024-09-19 10:55:55.595,419.0300905167469,13
2024-09-19 10:55:55.644,419.0257014511991,95
2024-09-19 10:55:55.662,419.0279845891088,105
2024-09-19 10:55:55.676,419.0409721699965,102
2024-09-19 10:55:55.699,418.9762800850489,13
2024-09-19 10:55:55.722,419.0354382881106,1005
2024-09-19 10:55:55.749,419.03848964959417,6
2024-09-19 10:55:55.754,419.0515988476412,13
2024-09-19 10:55:55.815,419.0423889008005,96
2024-09-19 10:55:55.833,-419.0336412137691,1001
2024-09-19 10:55:55.879,419.0742260439295,100
2024-09-19 10:55:55.922,418.9650718867808,1003
2024-09-19 10:55:55.979,419.0089163805644,96
2024-09-19 10:55:55.991,419.0186078494436,100
2024-09-19 10:55:55.994,419.033511558498,995
2024-09-19 10:55:56.060,418.97425014682347,996
2024-09-19 10:55:56.394,418.9835096128599,1004
2024-09-19 10:55:57.024,418.9784764575927,102
2024-09-19 10:55:57.046,418.9877084783877,100
2024-09-19 10:55:57.076,418.9829956549235,1005
2024-09-19 10:55:57.116,418.9418912168197,95
2024-09-19 10:55:57.123,418.9411448964679,10
2024-09-19 10:55:57.258,418.9778973536797,101
2024-09-19 10:55:57.290,418.9456874413217,9
2024-09-19 10:55:57.429,418.9966617386153,996
2024-09-19 10:55:57.435,418.9892930409286,5
2024-09-19 10:55:57.516,418.9901432610576,9
2024-09-19 10:55:57.518,418.9902375223735,998
2024-09-19 10:55:57.539,418.9377366609005,999
2024-09-19 10:55:57.555,418.9303429735358,997
2024-09-19 10:55:57.587,418.9300205421864,1004
2024-09-19 10:55:57.655,418.93329188579855,7
2024-09-19 10:55:57.700,418.99766537414695,102
2024-09-19 10:55:57.800,418.9405205973998,98
2024-09-19 10:55:57.829,418.9611576549541,1001
2024-09-19 10:55:57.842,418.9438139898703,997
2024-09-19 10:55:57.880,418.9905053343451,104
2024-09-19 10:55:57.923,418.9947696280918,999
2024-09-19 10:55:57.939,418.9297975242286,1003
2024-09-19 10:55:57.946,418.99184716258105,98
2024-09-19 10:55:58.055,418.9706574056144,1002
2024-09-19 10:55:58.106,418.9497916871049,1005
2024-09-19 10:55:58.212,419.01904858601125,101
2024-09-19 10:55:58.277,418.9300129476538,999
2024-09-19 10:55:58.335,419.0164246145281,1001
2024-09-19 10:55:58.362,418.9800350503867,997
2024-09-19 10:55:58.434,418.9840801219137,15
2024-09-19 10:55:58.685,418.9662111285495,15
2024-09-19 10:55:58.694,418.99944175984274,104
2024-09-19 10:55:58.709,418.9673226371655,13
2024-09-19 10:55:58.783,418.9819928107058,1000
2024-09-19 10:55:58.802,419.00606338147526,102
2024-09-19 10:55:58.841,418.9892495103479,996
2024-09-19 10:55:58.912,418.9807257705569,998
2024-09-19 10:55:59.152,418.9882515248948,99
2024-09-19 10:55:59.326,418.999798650797,997
2024-09-19 10:55:59.980,419.0084063780613,102
