Timestamp,Price,Size
2024-09-20 12:02:00.016,427.98530378133154,1004
2024-09-20 12:02:00.174,427.9460908694246,996
2024-09-20 12:02:00.263,427.9829570594387,999
2024-09-20 12:02:00.305,427.97223453815934,997
2024-09-20 12:02:00.462,427.9619932626367,1004
2024-09-20 12:02:00.665,428.002437167122,15
2024-09-20 12:02:00.849,427.9681115984729,10
2024-09-20 12:02:00.988,428.0079001590507,99
2024-09-20 12:02:01.003,427.9962708266506,1002
2024-09-20 12:02:01.006,427.9860796006169,15
2024-09-20 12:02:01.033,427.92694749725945,102
2024-09-20 12:02:01.189,427.9928175166484,1003
2024-09-20 12:02:01.281,427.99547018887233,15
2024-09-20 12:02:01.335,427.9909084141044,1001
2024-09-20 12:02:01.397,427.959017719533,95
2024-09-20 12:02:01.420,427.9470729160456,1003
2024-09-20 12:02:01.774,427.9499776642691,98
2024-09-20 12:02:01.800,427.9341263586185,1001
2024-09-20 12:02:01.836,427.93729361010537,102
2024-09-20 12:02:01.889,427.9840808686429,101
2024-09-20 12:02:02.042,428.0669832891591,95
2024-09-20 12:02:02.047,428.0710182178691,1004
2024-09-20 12:02:02.158,427.9904927382971,1004
2024-09-20 12:02:02.178,428.0744997639247,1001
2024-09-20 12:02:02.187,428.05787124921807,5
2024-09-20 12:02:02.190,427.9895736482977,97
2024-09-20 12:02:02.192,42.80391743720718,1003
2024-09-20 12:02:02.196,428.007920251162,1003
2024-09-20 12:02:02.207,,11
2024-09-20 12:02:02.423,,102
2024-09-20 12:02:02.454,428.0385597542336,97
2024-09-20 12:02:02.490,428.058946260201,105
2024-09-20 12:02:02.551,428.032169769182,13
2024-09-20 12:02:02.560,428.0514521921284,996
2024-09-20 12:02:02.567,427.988361838856,14
2024-09-20 12:02:02.569,428.0154914527316,105
2024-09-20 12:02:02.607,428.0441370981312,12
2024-09-20 12:02:02.649,428.0514449046052,1002
2024-09-20 12:02:02.716,427.9779663704945,10
2024-09-20 12:02:02.725,427.9862690086305,104
2024-09-20 12:02:02.784,428.00482574216215,103
2024-09-20 12:02:02.908,428.0179418793215,98
2024-09-20 12:02:02.987,428.0014184906031,998
2024-09-20 12:02:03.042,428.14801987885886,6
2024-09-20 12:02:03.053,428.13521223351694,1005
2024-09-20 12:02:03.122,428.1492694477616,5
2024-09-20 12:02:03.133,428.02887459419344,11
2024-09-20 12:02:03.229,428.05883352095935,98
2024-09-20 12:02:03.231,428.1485016739391,1001
2024-09-20 12:02:03.245,428.05203263779424,13
2024-09-20 12:02:03.268,428.15359392962426,96
2024-09-20 12:02:03.310,428.08908007976686,999
2024-09-20 12:02:03.408,428.025615792281,104
2024-09-20 12:02:03.411,428.083620520531,5
2024-09-20 12:02:03.437,428.0683510674743,97
2024-09-20 12:02:03.459,428.0585995636685,15
2024-09-20 12:02:03.498,428.15628341316926,104
2024-09-20 12:02:03.560,428.0748884203768,1000
2024-09-20 12:02:03.671,428.1553167492546,99
2024-09-20 12:02:03.739,428.1306269330457,102
2024-09-20 12:02:03.759,428.0665254942149,102
2024-09-20 12:02:03.813,428.16450315284914,1004
2024-09-20 12:02:03.828,428.1539780577296,1004
2024-09-20 12:02:03.836,428.1462206152988,999
2024-09-20 12:02:03.854,428.1205386502837,105
2024-09-20 12:02:03.856,428.050538308594,1000
2024-09-20 12:02:03.857,428.10291492400887,96
2024-09-20 12:02:04.063,-428.18972091574034,10
2024-09-20 12:02:04.137,428.1811868844006,10
2024-09-20 12:02:04.147,428.1805162974855,6
2024-09-20 12:02:04.152,42.81728969757384,1003
2024-09-20 12:02:04.232,428.1758654971247,998
2024-09-20 12:02:04.257,428.182727796526,100
2024-09-20 12:02:04.285,428.19695713103147,99
2024-09-20 12:02:04.412,428.19338282514747,1001
2024-09-20 12:02:04.475,428.1842638713765,1001
2024-09-20 12:02:04.493,428.1859681983698,5
2024-09-20 12:02:04.525,428.1756438793393,7
2024-09-20 12:02:04.562,428.1719737330546,997
2024-09-20 12:02:04.691,428.1820632942595,102
2024-09-20 12:02:04.729,428.1961210757998,102
2024-09-20 12:02:04.802,428.1680934586951,101
2024-09-20 12:02:04.859,428.1346965792196,1005
2024-09-20 12:02:04.907,428.2068945608588,996
2024-09-20 12:02:04.955,428.1736471744084,104
2024-09-20 12:02:05.062,428.23106399790265,998
2024-09-20 12:02:05.062,428.290868045852,99
2024-09-20 12:02:05.123,428.1631782510844,10
2024-09-20 12:02:05.198,428.1975724386656,95
2024-09-20 12:02:05.268,428.2382956402309,999
2024-09-20 12:02:05.313,428.231680479301,8
2024-09-20 12:02:05.361,428.24247022849954,1000
2024-09-20 12:02:05.379,428.1936205352344,1000
2024-09-20 12:02:05.444,428.238847858701,1003
2024-09-20 12:02:05.483,428.2302330738323,97
2024-09-20 12:02:05.494,428.2212106246199,1005
2024-09-20 12:02:05.510,,100
2024-09-20 12:02:05.515,428.21623781813946,998
2024-09-20 12:02:05.613,428.1848518990239,1004
2024-09-20 12:02:05.709,428.21712218786337,996
2024-09-20 12:02:05.748,428.197914997292,997
2024-09-20 12:02:05.784,428.2746375200832,998
2024-09-20 12:02:05.836,428.22310300965097,102
2024-09-20 12:02:05.864,428.2988063857011,6
2024-09-20 12:02:05.874,428.23594691962745,100
2024-09-20 12:02:05.877,428.2990720736368,102
2024-09-20 12:02:05.969,428.1812305924197,8
2024-09-20 12:02:06.104,428.2725589835087,104
2024-09-20 12:02:06.200,428.2525984281289,12
2024-09-20 12:02:06.243,428.2967292884172,998
2024-09-20 12:02:06.345,428.2726095251148,997
2024-09-20 12:02:06.421,428.3144075005444,99
2024-09-20 12:02:06.484,428.3028024367085,996
2024-09-20 12:02:06.551,428.2855549659904,11
2024-09-20 12:02:06.778,428.2980341156318,10
2024-09-20 12:02:06.838,428.2827128145127,13
2024-09-20 12:02:06.899,428.2567973777003,103
2024-09-20 12:02:07.145,428.3294842620546,13
2024-09-20 12:02:07.156,428.3255054768105,97
2024-09-20 12:02:07.160,428.326173455818,995
2024-09-20 12:02:07.176,428.3139474800299,103
2024-09-20 12:02:07.179,428.3266156637954,15
2024-09-20 12:02:07.202,428.3039833013845,12
2024-09-20 12:02:07.319,428.303309931763,12
2024-09-20 12:02:07.355,42.82866825550332,998
2024-09-20 12:02:07.433,428.3261815625189,13
2024-09-20 12:02:07.456,428.31960595871305,998
2024-09-20 12:02:07.520,428.2899461472509,5
2024-09-20 12:02:07.569,428.30293641948384,105
2024-09-20 12:02:07.574,428.30696340956143,96
2024-09-20 12:02:07.590,428.3164607103739,1005
2024-09-20 12:02:07.651,428.306688267704,6
2024-09-20 12:02:07.685,428.3227503337206,8
2024-09-20 12:02:07.691,428.3093643834715,97
2024-09-20 12:02:07.707,428.2964508800792,12
2024-09-20 12:02:07.805,428.3061917115052,15
2024-09-20 12:02:07.883,428.3113480540948,9
2024-09-20 12:02:07.954,428.3318075205006,99
2024-09-20 12:02:07.970,428.291034036488,100
2024-09-20 12:02:08.181,428.2948391197437,996
2024-09-20 12:02:08.511,428.3145985100737,6
2024-09-20 12:02:10.018,428.2889890639397,12
2024-09-20 12:02:10.037,428.3095493742344,97
2024-09-20 12:02:10.068,428.3045265832293,100
2024-09-20 12:02:10.091,428.29475814933903,97
2024-09-20 12:02:10.102,428.3490027242745,8
2024-09-20 12:02:10.112,428.286255345275,996
2024-09-20 12:02:10.113,428.3410512822276,13
2024-09-20 12:02:10.114,428.2750689252063,99
2024-09-20 12:02:10.131,428.3228208359175,12
2024-09-20 12:02:10.136,428.3123871432768,998
2024-09-20 12:02:10.220,428.3576397516001,996
2024-09-20 12:02:10.323,428.3077174030884,1003
2024-09-20 12:02:10.324,428.30804217549405,999
2024-09-20 12:02:10.335,428.28390571443697,7
2024-09-20 12:02:10.363,428.2989315728092,6
2024-09-20 12:02:10.383,428.30437052920377,99
2024-09-20 12:02:10.421,428.27999179849735,11
2024-09-20 12:02:10.436,428.2856042934355,95
2024-09-20 12:02:10.534,428.3162083548804,15
2024-09-20 12:02:10.624,428.30315084185054,13
2024-09-20 12:02:10.805,428.29526179919753,1001
2024-09-20 12:02:10.948,428.28009862368816,5
2024-09-20 12:02:11.024,428.3691597568295,998
2024-09-20 12:02:11.031,428.3754966735827,1000
2024-09-20 12:02:11.039,428.3947650478652,12
2024-09-20 12:02:11.123,428.40305468038383,100
2024-09-20 12:02:11.279,428.39558664014265,102
2024-09-20 12:02:11.383,428.39063561838447,103
2024-09-20 12:02:11.593,428.3786753263812,9
2024-09-20 12:02:11.661,428.3832118005616,1001
2024-09-20 12:02:11.782,428.3853160917174,97
2024-09-20 12:02:11.801,428.3849636193152,1000
2024-09-20 12:02:11.886,428.40176751744974,1005
2024-09-20 12:02:11.903,428.3957241845073,1004
2024-09-20 12:02:11.961,428.38781311987424,14
2024-09-20 12:02:12.021,428.36763306679296,999
2024-09-20 12:02:12.029,428.3585938889368,6
2024-09-20 12:02:12.062,428.4011473385089,1001
2024-09-20 12:02:12.218,428.3518654124538,998
2024-09-20 12:02:12.276,428.3965382618891,100
2024-09-20 12:02:12.335,428.3822772518738,102
2024-09-20 12:02:12.358,428.3755021818404,12
2024-09-20 12:02:12.392,428.3703901414775,11
2024-09-20 12:02:12.408,428.3820794824367,10
2024-09-20 12:02:12.440,428.3852459996519,97
2024-09-20 12:02:12.662,428.3978980324603,1005
2024-09-20 12:02:12.814,428.4054785493323,998
2024-09-20 12:02:12.817,428.39950452088806,97
2024-09-20 12:02:12.826,428.3973198702541,98
2024-09-20 12:02:12.837,428.39999059341216,6
2024-09-20 12:02:12.859,428.38659652790005,999
2024-09-20 12:02:12.903,428.3822731139074,12
2024-09-20 12:02:12.955,428.3734803881128,6
2024-09-20 12:02:14.008,428.3868036210651,1000
2024-09-20 12:02:14.066,428.37056915583145,999
2024-09-20 12:02:14.116,428.3803239888881,103
2024-09-20 12:02:14.231,428.4134200712824,14
2024-09-20 12:02:14.346,428.3705833487694,5
2024-09-20 12:02:14.422,428.3880587089104,6
2024-09-20 12:02:14.427,428.41989779075743,11
2024-09-20 12:02:14.430,428.3854934143852,995
2024-09-20 12:02:14.439,428.3780524569402,100
2024-09-20 12:02:14.510,428.39252738512033,98
2024-09-20 12:02:14.577,428.4430514198646,105
2024-09-20 12:02:14.579,428.40703268701714,6
2024-09-20 12:02:14.600,428.3894109645731,1001
2024-09-20 12:02:14.650,428.3637718278741,5
2024-09-20 12:02:14.723,428.3814247637823,15
2024-09-20 12:02:14.735,428.3929471924406,1004
2024-09-20 12:02:14.758,428.3964555586505,997
2024-09-20 12:02:14.822,428.3732862391786,103
2024-09-20 12:02:14.865,428.421732835789,103
2024-09-20 12:02:14.952,428.4267153749718,97
2024-09-20 12:02:14.964,428.4199260724666,99
2024-09-20 12:02:14.984,428.40818007726426,95
2024-09-20 12:02:15.023,,10
2024-09-20 12:02:15.044,428.3971280357581,1005
2024-09-20 12:02:15.089,428.4330790738486,96
2024-09-20 12:02:15.092,428.4420440099948,996
2024-09-20 12:02:15.142,428.397342762008,101
2024-09-20 12:02:15.161,428.395408254,9
2024-09-20 12:02:15.185,428.4046606429074,1002
2024-09-20 12:02:15.205,428.39971865997023,100
2024-09-20 12:02:15.315,428.3857738453432,15
2024-09-20 12:02:15.369,428.3920035409012,102
2024-09-20 12:02:15.401,428.4489284006574,9
2024-09-20 12:02:15.495,428.3909133246525,8
2024-09-20 12:02:15.504,428.3796143790274,98
2024-09-20 12:02:15.547,428.4254397227056,9
2024-09-20 12:02:15.547,428.3929296512531,13
2024-09-20 12:02:15.565,428.4114047285936,7
2024-09-20 12:02:15.623,428.4278950760277,9
2024-09-20 12:02:15.696,428.42299847153214,997
2024-09-20 12:02:15.737,428.4122333102277,6
2024-09-20 12:02:15.779,428.4095387798092,11
2024-09-20 12:02:15.837,428.3963896800557,104
2024-09-20 12:02:15.857,428.39475547799,7
2024-09-20 12:02:15.880,428.40606942060384,998
2024-09-20 12:02:15.914,428.4130736037694,5
2024-09-20 12:02:15.953,428.386292821368,996
2024-09-20 12:02:15.985,428.3921758814893,13
2024-09-20 12:02:16.021,428.3396790342871,1003
2024-09-20 12:02:16.091,428.32599680631097,10
2024-09-20 12:02:16.092,428.3150008716739,13
2024-09-20 12:02:16.224,428.4018823213452,6
2024-09-20 12:02:16.302,428.3823848063573,1003
2024-09-20 12:02:16.335,428.3457268145637,102
2024-09-20 12:02:16.548,428.3610213481023,1003
2024-09-20 12:02:16.548,428.3039986055991,98
2024-09-20 12:02:16.629,428.3200327218961,996
2024-09-20 12:02:16.716,428.3204439125892,13
2024-09-20 12:02:16.768,428.35268465889953,10
2024-09-20 12:02:17.239,428.39744818319537,101
2024-09-20 12:02:17.294,428.36702518261706,1003
2024-09-20 12:02:17.398,428.3803527190148,8
2024-09-20 12:02:17.475,428.40040901671256,95
2024-09-20 12:02:17.549,428.3946061366359,15
2024-09-20 12:02:17.567,428.37941733081766,96
2024-09-20 12:02:17.571,428.3879447687729,997
2024-09-20 12:02:17.648,428.3989482356822,996
2024-09-20 12:02:17.741,428.3654014360837,15
2024-09-20 12:02:17.796,428.3906162492657,97
2024-09-20 12:02:17.850,428.3593129586137,12
2024-09-20 12:02:17.889,428.3622900717655,997
2024-09-20 12:02:17.963,428.4013359615348,1000
2024-09-20 12:02:18.112,428.368514306931,100
2024-09-20 12:02:18.182,428.3846586558976,97
2024-09-20 12:02:18.322,428.37095886615583,1000
2024-09-20 12:02:18.364,428.3630480717488,8
2024-09-20 12:02:18.429,428.3585702149521,15
2024-09-20 12:02:18.556,428.3715740422699,1003
2024-09-20 12:02:18.581,428.3709442131998,12
2024-09-20 12:02:18.612,428.37324715247206,998
2024-09-20 12:02:18.631,428.3879870308298,99
2024-09-20 12:02:18.642,428.35932739514993,13
2024-09-20 12:02:18.652,428.3674828732576,96
2024-09-20 12:02:18.944,428.3766576586455,8
2024-09-20 12:02:18.953,428.39537740966927,999
2024-09-20 12:02:18.984,428.3689443837524,996
2024-09-20 12:02:19.103,428.3538057244987,95
2024-09-20 12:02:19.295,-428.369726907208,1001
2024-09-20 12:02:19.311,428.3862701271104,97
2024-09-20 12:02:19.456,428.3810220008116,14
2024-09-20 12:02:19.489,428.3792979758743,98
2024-09-20 12:02:19.649,428.34249663605823,1000
2024-09-20 12:02:20.190,428.3239711913943,95
2024-09-20 12:02:20.274,428.32528440454496,98
2024-09-20 12:02:20.482,428.3312967658095,9
2024-09-20 12:02:21.089,428.3007571368498,1000
2024-09-20 12:02:21.145,428.2900285059041,8
2024-09-20 12:02:21.273,428.3148251913203,1001
2024-09-20 12:02:21.301,428.3071364470068,7
2024-09-20 12:02:21.306,428.27975425880055,103
2024-09-20 12:02:21.397,428.292764729273,1005
2024-09-20 12:02:21.477,428.2953083043304,103
2024-09-20 12:02:21.478,428.2976610745017,996
2024-09-20 12:02:21.558,428.3158922720604,997
2024-09-20 12:02:21.694,428.31238091039023,1002
2024-09-20 12:02:21.783,428.2935516784698,1002
2024-09-20 12:02:21.832,428.30943555008594,10
2024-09-20 12:02:21.904,428.3030661267561,999
2024-09-20 12:02:22.015,428.2750302714406,104
2024-09-20 12:02:22.039,428.2711805515788,11
2024-09-20 12:02:22.121,428.31478427533386,99
2024-09-20 12:02:22.137,428.2840091997968,10
2024-09-20 12:02:22.160,428.2911267808397,103
2024-09-20 12:02:22.161,428.312067340834,1003
2024-09-20 12:02:22.195,428.2758673451381,998
2024-09-20 12:02:22.197,428.2961914448758,9
2024-09-20 12:02:22.245,428.3119265728633,5
2024-09-20 12:02:22.301,428.28257459756986,14
2024-09-20 12:02:22.332,428.2791525226067,998
2024-09-20 12:02:22.594,428.269568881828,102
2024-09-20 12:02:22.776,428.3133445316713,102
2024-09-20 12:02:22.794,428.3132243828993,102
2024-09-20 12:02:22.814,428.2714001564555,103
2024-09-20 12:02:22.948,428.29642584075424,99
2024-09-20 12:02:23.015,428.34887409784864,104
2024-09-20 12:02:23.034,428.305906932189,7
2024-09-20 12:02:23.074,428.31176453199214,1002
2024-09-20 12:02:23.373,428.3638833584056,1001
2024-09-20 12:02:23.519,428.3684807103711,100
2024-09-20 12:02:23.525,428.2792222401346,100
2024-09-20 12:02:23.527,428.35567179122575,13
2024-09-20 12:02:23.584,428.3627959274978,101
2024-09-20 12:02:23.666,428.3399130706764,11
2024-09-20 12:02:23.711,428.3001507701456,99
2024-09-20 12:02:23.767,428.3459090138474,997
2024-09-20 12:02:23.779,428.348918373113,10
2024-09-20 12:02:23.830,42.83501154784384,104
2024-09-20 12:02:23.841,428.3332543830242,1003
2024-09-20 12:02:24.009,428.3797135647029,1001
2024-09-20 12:02:24.167,428.3793713168922,8
2024-09-20 12:02:24.215,428.3645575075605,1002
2024-09-20 12:02:24.237,428.3762811601116,101
2024-09-20 12:02:24.246,428.3888323598888,7
2024-09-20 12:02:24.247,428.36097797794247,999
2024-09-20 12:02:24.264,428.40571891627314,13
2024-09-20 12:02:24.309,428.3849970069117,998
2024-09-20 12:02:24.330,428.3622722567852,102
2024-09-20 12:02:24.370,428.37315078735867,1003
2024-09-20 12:02:24.398,428.394330050173,15
2024-09-20 12:02:24.459,428.3887443629216,1001
2024-09-20 12:02:24.459,428.3715980558104,104
2024-09-20 12:02:24.524,428.3678946590391,996
2024-09-20 12:02:24.587,428.3882453310202,103
2024-09-20 12:02:24.620,428.3987893417627,1001
2024-09-20 12:02:24.669,428.3714007588084,996
2024-09-20 12:02:24.717,428.3812474179316,1004
2024-09-20 12:02:24.852,428.3815635060363,1002
2024-09-20 12:02:24.879,428.38244761951495,9
2024-09-20 12:02:24.880,428.37026166488863,13
2024-09-20 12:02:24.897,428.38525805369295,10
2024-09-20 12:02:24.909,428.3892255851555,13
2024-09-20 12:02:24.932,428.3856566466364,1001
2024-09-20 12:02:24.998,428.38810368957934,13
2024-09-20 12:02:25.002,428.3647468197646,997
2024-09-20 12:02:25.161,428.3485740546843,997
2024-09-20 12:02:25.422,428.35901428966,101
2024-09-20 12:02:25.685,428.39729627552566,1005
2024-09-20 12:02:25.734,,10
2024-09-20 12:02:25.824,428.3495824608664,5
2024-09-20 12:02:25.844,428.3683093628017,102
2024-09-20 12:02:25.864,428.3723637153052,101
2024-09-20 12:02:25.864,428.3556984511884,999
2024-09-20 12:02:25.864,428.350298675862,5
2024-09-20 12:02:25.900,428.3724108672693,95
2024-09-20 12:02:25.971,428.36110795194327,997
2024-09-20 12:02:25.986,428.3756147759893,98
2024-09-20 12:02:26.059,428.407156616258,12
2024-09-20 12:02:26.212,428.40962674294303,97
2024-09-20 12:02:26.217,428.4239518401456,996
2024-09-20 12:02:26.233,428.4410963806998,101
2024-09-20 12:02:26.246,428.3964754717599,1001
2024-09-20 12:02:26.274,428.4137182336358,13
2024-09-20 12:02:26.308,428.402432526412,995
2024-09-20 12:02:26.330,428.40979099063816,11
2024-09-20 12:02:26.340,428.4632563241448,13
2024-09-20 12:02:26.362,428.49732015702926,8
2024-09-20 12:02:26.365,428.4083294085646,1003
2024-09-20 12:02:26.394,428.4198924173006,5
2024-09-20 12:02:26.446,428.4338562119788,1004
2024-09-20 12:02:26.530,428.4268352191908,101
2024-09-20 12:02:26.635,428.3908177430664,1005
2024-09-20 12:02:26.650,428.4921177824928,996
2024-09-20 12:02:26.786,428.50677938973104,15
2024-09-20 12:02:26.804,428.4275738343598,96
2024-09-20 12:02:26.871,428.419369278244,96
2024-09-20 12:02:26.931,428.4713524196996,105
2024-09-20 12:02:27.037,428.5553148538793,98
2024-09-20 12:02:27.180,-428.5795307725618,10
2024-09-20 12:02:27.248,428.56320526072994,1005
2024-09-20 12:02:27.436,428.56587521974615,15
2024-09-20 12:02:27.466,428.5266610103215,12
2024-09-20 12:02:27.538,428.55770281566623,1003
2024-09-20 12:02:27.559,428.5375804265796,12
2024-09-20 12:02:27.610,428.5694081997023,996
2024-09-20 12:02:27.673,428.56441282375545,998
2024-09-20 12:02:27.881,428.5041163342834,998
2024-09-20 12:02:28.004,428.5489650728899,14
2024-09-20 12:02:28.007,428.56192401133166,999
2024-09-20 12:02:28.024,428.5790738102197,15
2024-09-20 12:02:28.104,428.5729859877196,103
2024-09-20 12:02:28.133,428.554812335098,12
2024-09-20 12:02:28.146,428.6194263091881,997
2024-09-20 12:02:28.246,428.58876746330463,13
2024-09-20 12:02:28.286,428.62168179981154,96
2024-09-20 12:02:28.366,428.6041158177336,996
2024-09-20 12:02:28.368,428.5931108168441,1004
2024-09-20 12:02:28.383,428.5874291116695,100
2024-09-20 12:02:28.446,428.584239902203,98
2024-09-20 12:02:28.487,428.5564212060225,1000
2024-09-20 12:02:28.501,428.5862236015776,10
2024-09-20 12:02:28.543,428.5563651681152,95
2024-09-20 12:02:28.551,428.5629559220038,997
2024-09-20 12:02:28.631,428.5809052419068,12
2024-09-20 12:02:28.739,428.5491894080489,7
2024-09-20 12:02:28.754,428.5714754591484,1004
2024-09-20 12:02:28.769,428.5935858528961,999
2024-09-20 12:02:28.831,428.5640773063062,1002
2024-09-20 12:02:28.848,428.58402585534935,104
2024-09-20 12:02:28.900,428.5517433722532,998
2024-09-20 12:02:28.929,428.5659953594459,1000
2024-09-20 12:02:28.972,428.5530979990359,13
2024-09-20 12:02:28.973,428.5560546019205,1002
2024-09-20 12:02:29.018,428.4795670811852,1001
2024-09-20 12:02:29.082,428.4950242426536,995
2024-09-20 12:02:29.106,428.4829045906801,5
2024-09-20 12:02:29.140,428.5040966462397,99
2024-09-20 12:02:29.197,428.5486683295955,10
2024-09-20 12:02:29.200,428.5148574618537,996
2024-09-20 12:02:29.227,428.4636673054853,9
2024-09-20 12:02:29.275,428.4535361766917,11
2024-09-20 12:02:29.298,428.4702485573192,15
2024-09-20 12:02:29.338,428.4812780661813,997
2024-09-20 12:02:29.347,428.50220340508326,997
2024-09-20 12:02:29.356,428.5084180236757,998
2024-09-20 12:02:29.369,428.5156541427979,996
2024-09-20 12:02:29.374,-428.5280825783332,1004
2024-09-20 12:02:29.385,428.5438374125399,13
2024-09-20 12:02:29.390,428.5101087743185,99
2024-09-20 12:02:29.399,428.50549342429946,1004
2024-09-20 12:02:29.451,428.487337545746,98
2024-09-20 12:02:29.548,428.46455640833847,12
2024-09-20 12:02:29.824,428.4892319978591,102
2024-09-20 12:02:29.855,428.4850508175471,1000
2024-09-20 12:02:29.914,428.5006372910894,6
2024-09-20 12:02:29.973,428.48646380104657,103
2024-09-20 12:02:30.030,428.4770760049535,97
2024-09-20 12:02:30.044,428.46879312409794,5
2024-09-20 12:02:30.202,428.47139095232194,7
2024-09-20 12:02:30.452,428.47285042281226,997
2024-09-20 12:02:30.584,428.4724447630545,13
2024-09-20 12:02:31.206,428.506663976746,6
2024-09-20 12:02:31.289,428.50621351867466,104
2024-09-20 12:02:31.354,428.5024280199501,11
2024-09-20 12:02:31.368,-428.49850578995176,8
2024-09-20 12:02:31.411,,1002
2024-09-20 12:02:31.444,428.4972390371461,6
2024-09-20 12:02:31.447,428.5008039618835,8
2024-09-20 12:02:31.537,428.5233443258412,7
2024-09-20 12:02:31.559,428.5108244194181,10
2024-09-20 12:02:31.626,428.5048745342435,7
2024-09-20 12:02:31.633,428.4841199308072,995
2024-09-20 12:02:31.740,428.51205991342806,1001
2024-09-20 12:02:31.871,428.4973774988972,103
2024-09-20 12:02:31.904,428.4891033777412,6
2024-09-20 12:02:32.019,428.4677969919439,96
2024-09-20 12:02:32.141,428.495588321469,997
2024-09-20 12:02:32.321,428.4802863376688,996
2024-09-20 12:02:32.384,428.46817604464303,14
2024-09-20 12:02:32.502,428.492845141361,99
2024-09-20 12:02:32.718,428.5045220184422,9
2024-09-20 12:02:32.816,428.4696308049197,8
2024-09-20 12:02:32.942,428.4791123974223,999
2024-09-20 12:02:32.948,428.46322340470346,5
2024-09-20 12:02:33.021,428.44845512160606,1004
2024-09-20 12:02:33.038,428.4757455488635,999
2024-09-20 12:02:33.052,428.4164734897013,99
2024-09-20 12:02:33.094,428.4118159815309,999
2024-09-20 12:02:33.103,428.41659369318455,1005
2024-09-20 12:02:33.107,,105
2024-09-20 12:02:33.156,428.46319773251815,8
2024-09-20 12:02:33.233,428.4045981974835,1004
2024-09-20 12:02:33.293,428.483494339055,7
2024-09-20 12:02:33.298,428.39149752907394,1002
2024-09-20 12:02:33.312,428.4659651797765,15
2024-09-20 12:02:33.322,428.407132322286,1001
2024-09-20 12:02:33.409,428.4620182125662,96
2024-09-20 12:02:33.419,428.436892474077,1003
2024-09-20 12:02:33.519,428.5073351364432,999
2024-09-20 12:02:33.521,428.46623860927326,997
2024-09-20 12:02:33.547,428.4151681626165,105
2024-09-20 12:02:33.558,428.4272363251556,105
2024-09-20 12:02:33.606,428.4510341376991,104
2024-09-20 12:02:33.639,428.4480644152408,14
2024-09-20 12:02:33.651,428.4450446479271,102
2024-09-20 12:02:33.666,428.44879692800265,1003
2024-09-20 12:02:33.733,428.4402665235621,99
2024-09-20 12:02:33.792,428.4394483993479,96
2024-09-20 12:02:33.907,428.3893792739466,96
2024-09-20 12:02:33.922,428.4005088404638,998
2024-09-20 12:02:33.966,428.4112795584556,105
2024-09-20 12:02:33.988,428.46133010559765,8
2024-09-20 12:02:33.994,428.4901226589366,12
2024-09-20 12:02:34.197,428.5310627212256,14
2024-09-20 12:02:34.282,428.53851809423065,104
2024-09-20 12:02:34.340,428.54177380579335,1002
2024-09-20 12:02:34.371,428.54862231660906,11
2024-09-20 12:02:34.388,428.5489144844625,997
2024-09-20 12:02:34.447,428.5821828650903,5
2024-09-20 12:02:34.485,428.5447287247756,995
2024-09-20 12:02:34.486,428.566551799904,1002
2024-09-20 12:02:34.735,428.5515893006945,8
2024-09-20 12:02:34.874,428.5540310238384,95
2024-09-20 12:02:34.974,428.5701163394721,8
2024-09-20 12:02:35.138,428.5285753720019,95
2024-09-20 12:02:35.162,428.51213776322425,14
2024-09-20 12:02:35.506,428.5309881764653,13
2024-09-20 12:02:35.610,428.5318834698167,99
2024-09-20 12:02:35.761,428.5261695786596,102
2024-09-20 12:02:35.870,428.5391676393098,997
2024-09-20 12:02:35.887,428.5362922778035,1005
2024-09-20 12:02:35.950,428.5462261307807,7
2024-09-20 12:02:36.014,42.85238259805303,6
2024-09-20 12:02:36.051,428.5370002748825,10
2024-09-20 12:02:36.076,428.5399845262276,14
2024-09-20 12:02:36.104,428.5312485913461,12
2024-09-20 12:02:36.161,428.5676356456625,98
2024-09-20 12:02:36.178,428.56370712095486,15
2024-09-20 12:02:36.197,428.5727212686799,11
2024-09-20 12:02:36.199,428.5665842473974,15
2024-09-20 12:02:36.228,428.50663239852935,998
2024-09-20 12:02:36.230,428.55121510312046,11
2024-09-20 12:02:36.256,428.5099550109184,99
2024-09-20 12:02:36.370,428.5335323399876,7
2024-09-20 12:02:36.468,428.53869108394497,96
2024-09-20 12:02:36.492,428.5518269854008,103
2024-09-20 12:02:36.494,428.5803780018478,98
2024-09-20 12:02:36.520,428.5362667612652,14
2024-09-20 12:02:36.630,428.5621442507407,998
2024-09-20 12:02:36.714,428.5666424718517,12
2024-09-20 12:02:36.730,428.5709459366771,12
2024-09-20 12:02:36.773,428.5013781161782,995
2024-09-20 12:02:36.780,428.561724279417,997
2024-09-20 12:02:36.811,428.5635814391362,9
2024-09-20 12:02:36.843,428.5283804263982,99
2024-09-20 12:02:36.852,428.5582975548632,1000
2024-09-20 12:02:36.867,428.5638734885141,1003
2024-09-20 12:02:36.898,428.5362956641826,104
2024-09-20 12:02:36.970,428.5599592732857,100
2024-09-20 12:02:37.030,428.545647408664,1005
2024-09-20 12:02:37.092,428.5847184106893,7
2024-09-20 12:02:37.182,428.5157245534797,1001
2024-09-20 12:02:37.198,428.56753681047456,97
2024-09-20 12:02:37.268,428.5441867965576,104
2024-09-20 12:02:37.277,428.5523840931617,998
2024-09-20 12:02:37.291,428.5259512408148,1005
2024-09-20 12:02:37.374,428.5314922675833,14
2024-09-20 12:02:37.521,428.5689500304316,103
2024-09-20 12:02:37.551,428.5289051752432,1003
2024-09-20 12:02:37.564,428.5399932579826,9
2024-09-20 12:02:37.584,428.5187897728664,100
2024-09-20 12:02:37.608,428.56774322111966,13
2024-09-20 12:02:37.716,428.5231677773771,1000
2024-09-20 12:02:37.770,428.5704008602148,11
2024-09-20 12:02:37.912,428.52367162475423,96
2024-09-20 12:02:38.034,428.6444691553405,105
2024-09-20 12:02:38.050,428.6455661298437,13
2024-09-20 12:02:38.084,428.5954882884945,11
2024-09-20 12:02:38.146,428.59464841457657,1005
2024-09-20 12:02:38.172,428.61939597414056,11
2024-09-20 12:02:38.349,428.633154451428,95
2024-09-20 12:02:38.385,428.66784933969865,14
2024-09-20 12:02:38.544,428.6169891116815,102
2024-09-20 12:02:38.557,428.5822369106731,9
2024-09-20 12:02:38.567,428.5773538387586,98
2024-09-20 12:02:38.579,428.6096364004619,96
2024-09-20 12:02:38.590,428.5684150065171,1002
2024-09-20 12:02:38.656,428.5840657125976,99
2024-09-20 12:02:38.729,428.6335666774348,12
2024-09-20 12:02:38.871,428.6463982535764,1002
2024-09-20 12:02:38.902,428.6133993107782,96
2024-09-20 12:02:38.981,-428.6184716372597,1000
2024-09-20 12:02:39.059,428.6088487598354,105
2024-09-20 12:02:39.059,428.6069114457029,15
2024-09-20 12:02:39.071,428.6238488597914,101
2024-09-20 12:02:39.227,428.6067287660257,98
2024-09-20 12:02:39.285,428.6334401776976,101
2024-09-20 12:02:39.305,428.6489718054482,1004
2024-09-20 12:02:39.381,428.6098454945917,100
2024-09-20 12:02:39.381,428.63203156594375,100
2024-09-20 12:02:39.432,428.5947677878711,96
2024-09-20 12:02:39.966,428.642878132226,996
2024-09-20 12:02:40.083,428.67070960550495,1003
2024-09-20 12:02:40.145,428.66101516285386,1003
2024-09-20 12:02:40.446,428.662548826302,1000
2024-09-20 12:02:40.565,428.65982058095744,97
2024-09-20 12:02:40.612,428.6564307729237,96
2024-09-20 12:02:41.100,428.7612899878811,96
2024-09-20 12:02:41.117,428.6838959148301,1000
2024-09-20 12:02:41.122,428.7252865817962,96
2024-09-20 12:02:41.183,428.7556346811031,1004
2024-09-20 12:02:41.186,428.6693409826388,105
2024-09-20 12:02:41.207,428.7428868259943,97
2024-09-20 12:02:41.349,428.788035482388,12
2024-09-20 12:02:41.454,428.6660042602291,1000
2024-09-20 12:02:41.486,428.7583280360437,1000
2024-09-20 12:02:41.530,428.6720079223091,7
2024-09-20 12:02:41.546,428.7843301758124,8
2024-09-20 12:02:41.690,428.7383273683247,997
2024-09-20 12:02:41.726,42.86825741378542,101
2024-09-20 12:02:41.799,428.7172999026984,14
2024-09-20 12:02:41.905,428.6740134873406,104
2024-09-20 12:02:41.919,428.7217417999751,98
2024-09-20 12:02:41.922,428.7523945281032,12
2024-09-20 12:02:41.993,428.8150315411559,5
2024-09-20 12:02:42.821,428.8126227632056,995
2024-09-20 12:02:43.017,428.82491543285073,1001
2024-09-20 12:02:43.031,428.8337399598321,996
2024-09-20 12:02:43.137,428.8250867951872,1001
2024-09-20 12:02:43.174,428.834542387203,996
2024-09-20 12:02:43.244,428.8345369181072,101
2024-09-20 12:02:43.269,428.8155053531455,997
2024-09-20 12:02:43.301,428.80518807694506,99
2024-09-20 12:02:43.408,428.8236368683076,14
2024-09-20 12:02:43.413,428.82717661622434,11
2024-09-20 12:02:43.555,428.8288694255972,1000
2024-09-20 12:02:43.558,428.81330877995015,10
2024-09-20 12:02:43.563,428.791614915823,14
2024-09-20 12:02:43.574,428.8113773743511,998
2024-09-20 12:02:43.633,428.8307565715169,995
2024-09-20 12:02:43.853,428.78170012043137,996
2024-09-20 12:02:43.894,428.8005611305089,996
2024-09-20 12:02:43.901,428.8327987980683,12
2024-09-20 12:02:43.922,428.8015802123593,12
2024-09-20 12:02:43.947,428.8190091449873,996
2024-09-20 12:02:43.975,428.8398279573449,103
2024-09-20 12:02:43.979,428.7879948324651,6
2024-09-20 12:02:44.018,42.88025078090142,101
2024-09-20 12:02:44.033,428.8092469224304,1000
2024-09-20 12:02:44.043,428.81066375341527,99
2024-09-20 12:02:44.306,428.8196420060916,100
2024-09-20 12:02:44.385,428.811266202138,1002
2024-09-20 12:02:44.407,428.8323652596368,1000
2024-09-20 12:02:44.453,428.8314111930605,1003
2024-09-20 12:02:44.466,428.8238554979525,11
2024-09-20 12:02:44.529,428.8359492666029,103
2024-09-20 12:02:44.539,428.8339812792801,6
2024-09-20 12:02:44.566,428.80012563030994,11
2024-09-20 12:02:44.593,428.8143731909326,997
2024-09-20 12:02:44.697,428.8175396148529,105
2024-09-20 12:02:44.732,428.80203635462817,998
2024-09-20 12:02:44.749,428.8150381507819,97
2024-09-20 12:02:44.756,428.8433869689761,96
2024-09-20 12:02:44.782,428.8367891008188,105
2024-09-20 12:02:44.849,428.82327202222353,996
2024-09-20 12:02:44.865,428.8586887622031,1004
2024-09-20 12:02:44.880,428.85289965375705,996
2024-09-20 12:02:44.907,428.8307080253136,1005
2024-09-20 12:02:44.918,428.81091854283534,12
2024-09-20 12:02:45.027,428.8249111173816,1002
2024-09-20 12:02:45.070,428.7440163850555,1004
2024-09-20 12:02:45.079,428.7367790834954,105
2024-09-20 12:02:45.116,428.8177507963165,104
2024-09-20 12:02:45.611,428.8149702817547,95
2024-09-20 12:02:45.634,428.79327989555264,1001
2024-09-20 12:02:45.670,428.7542071609445,6
2024-09-20 12:02:45.687,428.7496660489779,1004
2024-09-20 12:02:45.713,428.7332309610906,1000
2024-09-20 12:02:45.793,428.7661676495991,1000
2024-09-20 12:02:45.836,428.76446510073936,11
2024-09-20 12:02:45.857,428.7631405704129,7
2024-09-20 12:02:45.859,428.8164242105743,5
2024-09-20 12:02:45.863,428.75644599884544,99
2024-09-20 12:02:45.900,428.7604740333799,6
2024-09-20 12:02:45.908,428.7623880190318,9
2024-09-20 12:02:45.925,428.76647819584974,12
2024-09-20 12:02:45.934,428.7891466049653,999
2024-09-20 12:02:45.995,428.7882828799909,15
2024-09-20 12:02:46.053,428.7367148763891,103
2024-09-20 12:02:46.136,428.7468766738922,104
2024-09-20 12:02:46.239,428.72713971784617,101
2024-09-20 12:02:46.386,428.734490244414,104
2024-09-20 12:02:46.470,428.7502339233341,95
2024-09-20 12:02:46.508,428.7339661677559,96
2024-09-20 12:02:46.612,,1004
2024-09-20 12:02:46.733,428.714870734143,12
2024-09-20 12:02:46.782,428.7581014659907,102
2024-09-20 12:02:46.904,428.741921896346,5
2024-09-20 12:02:46.942,428.7564148236495,6
2024-09-20 12:02:46.956,428.736930192789,996
2024-09-20 12:02:47.036,428.9361297403422,101
2024-09-20 12:02:47.053,428.8424847855895,11
2024-09-20 12:02:47.097,428.9146425386781,104
2024-09-20 12:02:47.097,428.8967242884642,10
2024-09-20 12:02:47.107,428.7889039828486,99
2024-09-20 12:02:47.160,428.9179376180404,997
2024-09-20 12:02:47.186,428.8050352725115,95
2024-09-20 12:02:47.204,428.73204296175527,996
2024-09-20 12:02:47.217,428.9113145831325,99
2024-09-20 12:02:47.239,428.8849633227219,5
2024-09-20 12:02:47.375,428.8284309350232,96
2024-09-20 12:02:47.397,428.8992381220316,999
2024-09-20 12:02:47.424,42.891025791544095,98
2024-09-20 12:02:47.442,428.934493101135,95
2024-09-20 12:02:47.453,-428.95342781380015,996
2024-09-20 12:02:47.480,428.94156404862287,1002
2024-09-20 12:02:47.489,428.8338694633977,1002
2024-09-20 12:02:47.526,428.84958456550464,1003
2024-09-20 12:02:47.578,428.8034372967567,12
2024-09-20 12:02:47.595,428.9076523522473,996
2024-09-20 12:02:47.644,428.92802364594826,98
2024-09-20 12:02:47.645,428.89928600159095,998
2024-09-20 12:02:47.720,428.8603734350703,1002
2024-09-20 12:02:47.809,428.8930123583919,101
2024-09-20 12:02:47.822,428.9294589825395,96
2024-09-20 12:02:47.835,428.7637810490805,995
2024-09-20 12:02:47.955,428.8888744620448,95
2024-09-20 12:02:47.955,428.85052566068,1001
2024-09-20 12:02:48.009,428.8461782135635,1002
2024-09-20 12:02:48.052,428.7609504252684,96
2024-09-20 12:02:48.119,428.8602171372067,96
2024-09-20 12:02:48.135,428.86284555724137,6
2024-09-20 12:02:48.150,428.7763542083993,15
2024-09-20 12:02:48.214,428.8695865071343,1003
2024-09-20 12:02:48.249,428.8168379503846,5
2024-09-20 12:02:48.275,428.8629120106694,104
2024-09-20 12:02:48.299,428.8341274304462,102
2024-09-20 12:02:48.307,428.806625076571,1003
2024-09-20 12:02:48.328,428.80726208970896,98
2024-09-20 12:02:48.432,428.8684351299214,95
2024-09-20 12:02:48.521,428.8451035354553,996
2024-09-20 12:02:48.606,428.86222817560025,10
2024-09-20 12:02:48.670,428.77565872685886,12
2024-09-20 12:02:48.682,428.862031088384,95
2024-09-20 12:02:48.705,428.7847079976506,99
2024-09-20 12:02:48.783,428.85419442252544,103
2024-09-20 12:02:48.793,428.7697252470984,1003
2024-09-20 12:02:48.854,428.86124200366567,13
2024-09-20 12:02:48.863,428.8608640112576,14
2024-09-20 12:02:48.888,428.8440558944945,999
2024-09-20 12:02:48.896,428.7851859722013,1002
2024-09-20 12:02:48.938,428.7910685417227,996
2024-09-20 12:02:48.941,428.8677636484782,5
2024-09-20 12:02:49.100,428.7629680153418,10
2024-09-20 12:02:49.124,428.78106754774535,98
2024-09-20 12:02:49.238,428.7483342371498,996
2024-09-20 12:02:49.313,428.7421292461614,1003
2024-09-20 12:02:49.324,428.76068071793134,98
2024-09-20 12:02:49.331,428.7763428349715,100
2024-09-20 12:02:49.339,428.7837156569512,998
2024-09-20 12:02:49.390,428.7455479431732,1004
2024-09-20 12:02:49.408,428.7541888541523,999
2024-09-20 12:02:49.410,428.7896529268187,15
2024-09-20 12:02:49.505,428.7683960390176,98
2024-09-20 12:02:49.508,428.7575933583179,102
2024-09-20 12:02:49.520,428.8003058037153,1003
2024-09-20 12:02:49.532,428.7981008412737,995
2024-09-20 12:02:49.556,428.78914896132375,1002
2024-09-20 12:02:49.584,428.7837997180592,1000
2024-09-20 12:02:49.599,42.87735754398107,1002
2024-09-20 12:02:49.666,428.789482330526,6
2024-09-20 12:02:49.707,428.801078148036,96
2024-09-20 12:02:49.718,428.7752311918289,101
2024-09-20 12:02:49.800,428.7934625576417,15
2024-09-20 12:02:49.830,428.8122838336864,1001
2024-09-20 12:02:49.856,428.7318820929042,95
2024-09-20 12:02:49.888,428.7511377085771,11
2024-09-20 12:02:49.891,428.7677302313368,997
2024-09-20 12:02:49.976,428.8034269038551,15
2024-09-20 12:02:49.980,428.8012497585901,995
2024-09-20 12:02:49.990,428.7985529645694,103
2024-09-20 12:02:49.995,428.8041744645514,5
2024-09-20 12:02:49.997,428.7935032344408,100
2024-09-20 12:02:50.101,428.8072664337951,15
2024-09-20 12:02:50.128,428.7967479677935,95
2024-09-20 12:02:50.322,428.7797927152712,105
2024-09-20 12:02:50.382,428.7849730207852,101
2024-09-20 12:02:50.397,428.8054211291629,7
2024-09-20 12:02:50.533,428.7867110913654,999
2024-09-20 12:02:50.681,428.7878638507793,15
2024-09-20 12:02:50.747,428.8026946743747,1002
2024-09-20 12:02:51.021,428.8459742581963,103
2024-09-20 12:02:51.036,428.8815074617469,99
2024-09-20 12:02:51.083,428.8410110610256,101
2024-09-20 12:02:51.093,428.8596154350802,1004
2024-09-20 12:02:51.111,428.8885350367298,1005
2024-09-20 12:02:51.212,428.870580368107,7
2024-09-20 12:02:51.260,428.8316295770164,103
2024-09-20 12:02:51.346,428.84029318090273,102
2024-09-20 12:02:51.355,428.84065224548914,1003
2024-09-20 12:02:51.376,428.8578112665776,99
2024-09-20 12:02:51.385,428.8703485768266,105
2024-09-20 12:02:51.447,428.84429815234,9
2024-09-20 12:02:51.466,428.856266509285,101
2024-09-20 12:02:51.481,428.86987467149095,98
2024-09-20 12:02:51.516,428.8355894840058,101
2024-09-20 12:02:51.560,428.882392947937,96
2024-09-20 12:02:51.572,428.84761390887337,996
2024-09-20 12:02:51.623,428.91159546308734,996
2024-09-20 12:02:51.628,428.8588638729509,999
2024-09-20 12:02:51.680,428.8961676121447,9
2024-09-20 12:02:51.710,428.8717927353738,102
2024-09-20 12:02:51.811,428.8585615514247,1002
2024-09-20 12:02:51.814,428.85814384483473,998
2024-09-20 12:02:51.827,428.8743710393277,15
2024-09-20 12:02:51.854,428.8303422258204,10
2024-09-20 12:02:51.894,428.8573499618798,97
2024-09-20 12:02:52.051,428.9512416012265,1003
2024-09-20 12:02:52.083,428.9474435692629,10
2024-09-20 12:02:52.167,428.9336832342049,101
2024-09-20 12:02:52.216,428.9273310233061,1004
2024-09-20 12:02:52.260,428.9076742132657,15
2024-09-20 12:02:52.391,428.9829947592536,1001
2024-09-20 12:02:52.722,428.9788702040132,1001
2024-09-20 12:02:52.905,428.9802778972309,997
2024-09-20 12:02:52.922,428.9817216019816,8
2024-09-20 12:02:52.934,428.9839363400005,999
2024-09-20 12:02:53.206,428.96976214052927,1003
2024-09-20 12:02:53.249,428.9237290696587,999
2024-09-20 12:02:53.284,428.9719971159389,101
2024-09-20 12:02:53.288,428.9577048378092,97
2024-09-20 12:02:53.343,428.9510505881072,97
2024-09-20 12:02:53.377,428.9703232370457,1005
2024-09-20 12:02:53.382,428.96101800439146,1001
2024-09-20 12:02:53.542,428.9395622406335,1000
2024-09-20 12:02:53.590,428.9457226875106,103
2024-09-20 12:02:53.723,428.9462822478787,999
2024-09-20 12:02:53.786,428.93463176842926,99
2024-09-20 12:02:53.829,428.95540550074327,8
2024-09-20 12:02:53.903,428.9600327009181,995
2024-09-20 12:02:53.905,,101
2024-09-20 12:02:53.939,428.9345970400524,100
2024-09-20 12:02:54.047,428.8620608927996,104
2024-09-20 12:02:54.066,428.9746376609207,1001
2024-09-20 12:02:54.096,428.8432636493514,96
2024-09-20 12:02:54.163,428.9174900720846,10
2024-09-20 12:02:54.169,428.9435233693691,100
2024-09-20 12:02:54.197,428.9345809329547,103
2024-09-20 12:02:54.248,428.8370094386213,13
2024-09-20 12:02:54.302,-428.82520660460057,96
2024-09-20 12:02:54.364,428.933744748458,6
2024-09-20 12:02:54.491,428.9603938327296,100
2024-09-20 12:02:54.493,428.9780666661533,99
2024-09-20 12:02:54.531,428.9163893122972,14
2024-09-20 12:02:54.533,428.9196464471688,105
2024-09-20 12:02:54.618,428.9157939599071,99
2024-09-20 12:02:54.625,428.8916987127376,99
2024-09-20 12:02:54.643,428.9310357089776,103
2024-09-20 12:02:54.749,428.94212267717705,1002
2024-09-20 12:02:54.775,428.8126243408223,103
2024-09-20 12:02:54.780,428.8429144656107,1001
2024-09-20 12:02:54.794,428.9137832543212,7
2024-09-20 12:02:54.824,428.9194126735383,14
2024-09-20 12:02:54.848,,1004
2024-09-20 12:02:54.905,428.9707961219826,15
2024-09-20 12:02:54.928,428.9399423255642,99
2024-09-20 12:02:54.943,428.94320487236286,95
2024-09-20 12:02:54.952,428.9032584929148,7
2024-09-20 12:02:54.973,428.9477065744609,95
2024-09-20 12:02:54.994,428.9306377070925,12
2024-09-20 12:02:55.043,428.833472878963,99
2024-09-20 12:02:55.059,428.807231227581,995
2024-09-20 12:02:55.099,428.8861139963278,105
2024-09-20 12:02:55.123,428.8182404701055,997
2024-09-20 12:02:55.189,42.89127880301876,999
2024-09-20 12:02:55.245,428.84257591036,102
2024-09-20 12:02:55.380,428.9026705538248,995
2024-09-20 12:02:55.424,428.8365255217499,1002
2024-09-20 12:02:55.491,428.8751503764064,1004
2024-09-20 12:02:55.500,428.8854550166329,95
2024-09-20 12:02:55.509,428.8069242003687,101
2024-09-20 12:02:55.602,428.8322496382621,1003
2024-09-20 12:02:55.627,428.931267575497,103
2024-09-20 12:02:55.734,428.8248915160797,5
2024-09-20 12:02:55.762,428.8693424938658,13
2024-09-20 12:02:55.785,428.813458538374,98
2024-09-20 12:02:55.957,428.7977636067168,95
2024-09-20 12:02:55.993,-428.864227884191,12
2024-09-20 12:02:56.774,428.93432821245744,104
2024-09-20 12:02:57.032,428.9367549177995,996
2024-09-20 12:02:57.172,428.9373595335153,1005
2024-09-20 12:02:57.205,428.9404343722691,100
2024-09-20 12:02:57.233,428.9417211099844,98
2024-09-20 12:02:57.394,428.9306292143322,1002
2024-09-20 12:02:57.395,428.9484690058648,11
2024-09-20 12:02:57.478,428.9417341541174,104
2024-09-20 12:02:57.544,428.9296937126912,105
2024-09-20 12:02:57.568,428.94483223076907,102
2024-09-20 12:02:57.589,428.9426324578458,1003
2024-09-20 12:02:57.703,428.9323730178377,98
2024-09-20 12:02:57.803,428.93292812262695,1001
2024-09-20 12:02:57.892,428.9493539267416,103
2024-09-20 12:02:57.949,428.9437633419441,105
2024-09-20 12:02:57.971,428.9351079008783,1004
2024-09-20 12:02:58.024,428.9387640242509,96
2024-09-20 12:02:58.055,428.93963884484936,1003
2024-09-20 12:02:58.062,428.9331205740231,9
2024-09-20 12:02:58.078,428.93000550116096,96
2024-09-20 12:02:58.078,428.9361069135789,998
2024-09-20 12:02:58.144,428.9385655257257,1004
2024-09-20 12:02:58.186,428.9206405833921,99
2024-09-20 12:02:58.237,428.9815367958682,12
2024-09-20 12:02:58.252,428.931238340343,995
2024-09-20 12:02:58.260,428.9269441124405,104
2024-09-20 12:02:58.266,428.9352877677984,1005
2024-09-20 12:02:58.398,428.9412021551518,13
2024-09-20 12:02:58.438,428.9600071031698,100
2024-09-20 12:02:58.456,428.94212367915753,1000
2024-09-20 12:02:58.464,,995
2024-09-20 12:02:58.494,428.9175138826273,1003
2024-09-20 12:02:58.534,428.933744493218,105
2024-09-20 12:02:58.539,428.9515144010188,15
2024-09-20 12:02:58.579,428.933385062615,1000
2024-09-20 12:02:58.705,428.9499468076121,997
2024-09-20 12:02:58.719,428.97595078188783,101
2024-09-20 12:02:58.789,428.96425160417,103
2024-09-20 12:02:58.868,428.91826251818543,103
2024-09-20 12:02:58.887,428.9350800108375,6
2024-09-20 12:02:58.904,428.9756992780235,998
2024-09-20 12:02:58.981,428.95739932699456,995
2024-09-20 12:02:59.015,428.9641360029962,999
2024-09-20 12:02:59.064,428.9938005707588,9
2024-09-20 12:02:59.183,429.0077433473643,14
2024-09-20 12:02:59.194,428.9880718901569,96
2024-09-20 12:02:59.204,429.0057889614352,11
2024-09-20 12:02:59.216,429.0035011795181,105
2024-09-20 12:02:59.217,428.9982285353711,15
2024-09-20 12:02:59.219,428.9503189428336,1002
2024-09-20 12:02:59.314,428.9978982136568,8
2024-09-20 12:02:59.392,428.9368358706063,11
2024-09-20 12:02:59.421,428.9550033378193,103
2024-09-20 12:02:59.437,429.0174155921246,6
2024-09-20 12:02:59.453,429.0121804200929,100
2024-09-20 12:02:59.508,-42.89759808838983,99
2024-09-20 12:02:59.538,429.007212860077,105
2024-09-20 12:02:59.556,428.9535174987197,96
2024-09-20 12:02:59.690,428.9865214326561,995
2024-09-20 12:02:59.718,429.0033181880178,10
2024-09-20 12:02:59.720,428.9910423337509,9
2024-09-20 12:02:59.739,428.9245952477431,97
2024-09-20 12:02:59.745,428.9278542242327,99
2024-09-20 12:02:59.754,429.00176991915,1004
2024-09-20 12:02:59.763,428.9361244768591,99
2024-09-20 12:02:59.783,429.0205548363783,1001
2024-09-20 12:02:59.820,428.999179057775,99
2024-09-20 12:02:59.825,428.9987350946849,1003
2024-09-20 12:02:59.930,428.9345276482563,998
2024-09-20 12:02:59.944,428.9704980496352,1001
2024-09-20 12:02:59.946,429.0185136692992,15
