Timestamp,Price,Size
2024-09-16 11:51:00.000,418.0057184365999,12
2024-09-16 11:51:00.093,417.9777254371937,98
2024-09-16 11:51:00.134,417.97007178278255,9
2024-09-16 11:51:00.219,417.9907082954192,100
2024-09-16 11:51:00.219,418.0038191187167,98
2024-09-16 11:51:00.245,418.0134112850257,7
2024-09-16 11:51:00.341,417.9904484425748,6
2024-09-16 11:51:00.388,418.001538566413,96
2024-09-16 11:51:00.430,417.9982175462232,96
2024-09-16 11:51:00.438,417.99315052412567,1002
2024-09-16 11:51:00.448,417.9785673842342,99
2024-09-16 11:51:00.465,417.98436565940045,102
2024-09-16 11:51:00.476,417.99412917575154,999
2024-09-16 11:51:00.486,417.9980440033706,1004
2024-09-16 11:51:00.532,417.979137010614,101
2024-09-16 11:51:00.593,417.9947820250919,1003
2024-09-16 11:51:00.664,418.0048710652369,998
2024-09-16 11:51:00.697,,5
2024-09-16 11:51:00.705,417.9838401102858,105
2024-09-16 11:51:00.714,417.9929589266265,11
2024-09-16 11:51:00.799,417.9868993331702,13
2024-09-16 11:51:00.802,418.0076107420767,6
2024-09-16 11:51:00.845,41.799439002424734,1002
2024-09-16 11:51:00.849,417.9788160551303,11
2024-09-16 11:51:00.852,417.99188234086193,1004
2024-09-16 11:51:00.887,417.9909029349929,12
2024-09-16 11:51:00.889,417.9867288746502,14
2024-09-16 11:51:00.929,417.99602649120783,98
2024-09-16 11:51:01.045,417.9930955668918,998
2024-09-16 11:51:01.050,417.9965781933833,7
2024-09-16 11:51:01.056,417.9804846245183,99
2024-09-16 11:51:01.063,417.95826387640807,98
2024-09-16 11:51:01.087,-418.02871292449,99
2024-09-16 11:51:01.099,417.97949664471264,7
2024-09-16 11:51:01.227,418.01035589175007,1003
2024-09-16 11:51:01.328,418.0206139545566,10
2024-09-16 11:51:01.362,418.00144530682,98
2024-09-16 11:51:01.572,417.994495148433,995
2024-09-16 11:51:01.638,417.9732173842004,95
2024-09-16 11:51:01.732,417.98327940695935,9
2024-09-16 11:51:01.736,417.9978770727322,1000
2024-09-16 11:51:01.775,417.99414140842833,1000
2024-09-16 11:51:01.896,418.0084677806951,14
2024-09-16 11:51:01.899,418.02587453151153,1000
2024-09-16 11:51:01.933,417.9825221416256,995
2024-09-16 11:51:01.986,417.9897055226567,98
2024-09-16 11:51:02.046,,100
2024-09-16 11:51:02.361,417.97298550161673,999
2024-09-16 11:51:03.226,417.9905111457611,104
2024-09-16 11:51:03.260,418.00705324463536,10
2024-09-16 11:51:03.373,417.99668949430384,1005
2024-09-16 11:51:03.637,417.9817514032076,13
2024-09-16 11:51:03.644,418.00126388008624,1005
2024-09-16 11:51:03.732,418.0153035648941,1000
2024-09-16 11:51:03.840,417.9928003112555,101
2024-09-16 11:51:04.035,417.9849625643798,7
2024-09-16 11:51:04.447,417.97306448123646,5
2024-09-16 11:51:04.461,418.01081552257006,104
2024-09-16 11:51:04.486,418.0018069708112,14
2024-09-16 11:51:04.513,418.0141533673906,1005
2024-09-16 11:51:04.546,417.9965987302846,98
2024-09-16 11:51:04.622,418.0044543732278,99
2024-09-16 11:51:05.091,418.0863248834541,996
2024-09-16 11:51:05.106,418.05230757701327,7
2024-09-16 11:51:05.206,418.1186171568132,9
2024-09-16 11:51:05.221,418.04936414195873,996
2024-09-16 11:51:05.231,418.0443157913031,9
2024-09-16 11:51:05.253,418.0461488194733,999
2024-09-16 11:51:05.270,418.0498908470345,11
2024-09-16 11:51:05.400,,9
2024-09-16 11:51:05.459,418.1196761465562,1000
2024-09-16 11:51:05.478,418.0496256039444,14
2024-09-16 11:51:05.527,418.0816246255794,12
2024-09-16 11:51:05.582,418.02821501285854,5
2024-09-16 11:51:05.608,418.1194011253702,1001
2024-09-16 11:51:05.648,418.0559854812524,10
2024-09-16 11:51:05.764,418.05438949041616,1004
2024-09-16 11:51:05.843,418.0663958273371,97
2024-09-16 11:51:05.878,418.0455717242607,13
2024-09-16 11:51:05.892,418.0932914045444,99
2024-09-16 11:51:05.917,418.05843620930347,997
2024-09-16 11:51:05.919,418.0763676416362,99
2024-09-16 11:51:05.933,418.0634818768356,995
2024-09-16 11:51:06.045,418.061907645299,15
2024-09-16 11:51:06.054,418.0924022904021,98
2024-09-16 11:51:06.056,418.0554872660418,998
2024-09-16 11:51:06.075,418.0928856846175,996
2024-09-16 11:51:06.093,41.806467236718674,7
2024-09-16 11:51:06.109,418.11779484556735,1001
2024-09-16 11:51:06.199,418.07632473486433,1000
2024-09-16 11:51:06.223,418.0526088147798,6
2024-09-16 11:51:06.350,418.0453553599717,15
2024-09-16 11:51:06.380,418.0680083520792,100
2024-09-16 11:51:06.453,-418.0689912407774,95
2024-09-16 11:51:06.458,418.0761503715786,103
2024-09-16 11:51:06.569,418.0846384325066,14
2024-09-16 11:51:06.652,418.0501977087637,995
2024-09-16 11:51:06.660,418.0634109893019,11
2024-09-16 11:51:06.711,418.07472256911547,15
2024-09-16 11:51:06.748,418.0957020541948,6
2024-09-16 11:51:06.755,418.0919868765035,6
2024-09-16 11:51:06.779,418.0852171262202,999
2024-09-16 11:51:06.782,418.0685200847336,6
2024-09-16 11:51:06.852,418.0747178974835,98
2024-09-16 11:51:06.899,418.0984053805084,15
2024-09-16 11:51:06.900,418.0718805965144,1001
2024-09-16 11:51:06.923,418.0984039203802,5
2024-09-16 11:51:06.974,418.0782178826277,1001
2024-09-16 11:51:07.018,-418.1056873338067,103
2024-09-16 11:51:07.042,418.0837919848332,1005
2024-09-16 11:51:07.056,418.0854544064493,99
2024-09-16 11:51:07.061,418.09912839735273,11
2024-09-16 11:51:07.094,418.0770267579698,102
2024-09-16 11:51:07.219,418.0859052228536,5
2024-09-16 11:51:07.276,418.05003166691455,105
2024-09-16 11:51:07.450,418.0453518649153,997
2024-09-16 11:51:07.482,418.0765122337364,1005
2024-09-16 11:51:07.566,418.0993780928772,7
2024-09-16 11:51:07.584,418.1078383553695,13
2024-09-16 11:51:07.584,418.0776391165645,11
2024-09-16 11:51:07.635,418.07874614066816,103
2024-09-16 11:51:07.667,418.08271966763937,998
2024-09-16 11:51:07.681,418.0698616442547,1004
2024-09-16 11:51:07.687,418.11883750870106,997
2024-09-16 11:51:07.802,418.0919466088149,9
2024-09-16 11:51:07.909,418.0824988675027,5
2024-09-16 11:51:07.973,418.093681386642,1001
2024-09-16 11:51:08.163,418.06358796291255,5
2024-09-16 11:51:08.282,418.0846475466784,9
2024-09-16 11:51:08.300,418.060665999885,995
2024-09-16 11:51:08.463,418.0606740670142,11
2024-09-16 11:51:08.545,418.0831812037191,8
2024-09-16 11:51:08.554,418.0661867442229,103
2024-09-16 11:51:08.623,418.082772868183,1005
2024-09-16 11:51:08.670,418.0708408005469,12
2024-09-16 11:51:08.704,418.0490375390863,102
2024-09-16 11:51:08.801,418.0692344289004,1002
2024-09-16 11:51:08.827,418.04886314879474,97
2024-09-16 11:51:08.840,418.05131416580673,998
2024-09-16 11:51:08.926,418.0851265385919,1004
2024-09-16 11:51:08.976,418.03618090148063,105
2024-09-16 11:51:09.307,418.0506827104589,5
2024-09-16 11:51:09.341,418.044658777063,98
2024-09-16 11:51:09.854,418.0492738753032,1004
2024-09-16 11:51:10.123,418.0612213209128,13
2024-09-16 11:51:10.130,418.0215158139457,996
2024-09-16 11:51:10.141,418.05604619702046,96
2024-09-16 11:51:10.190,418.0609602964444,9
2024-09-16 11:51:10.219,418.0489945224043,103
2024-09-16 11:51:10.263,418.0641057344027,15
2024-09-16 11:51:10.288,418.0449234511246,98
2024-09-16 11:51:10.426,418.0576631120576,999
2024-09-16 11:51:10.507,-418.0408873734523,12
2024-09-16 11:51:10.611,418.0464886936321,9
2024-09-16 11:51:10.643,418.0247700574681,99
2024-09-16 11:51:10.677,418.0472972314555,104
2024-09-16 11:51:10.685,418.0641596250636,998
2024-09-16 11:51:10.717,418.05850987366944,103
2024-09-16 11:51:10.734,418.06879378495614,105
2024-09-16 11:51:10.739,418.0397729600942,101
2024-09-16 11:51:10.826,418.0615359836786,6
2024-09-16 11:51:10.974,418.0354298381503,101
2024-09-16 11:51:11.016,418.04013570883154,1001
2024-09-16 11:51:11.157,418.05190169570994,6
2024-09-16 11:51:11.175,418.0383285201037,1000
2024-09-16 11:51:11.249,418.0407735459913,7
2024-09-16 11:51:11.256,41.80176227903888,8
2024-09-16 11:51:11.325,418.06053391995226,95
2024-09-16 11:51:11.431,41.803025504207135,1004
2024-09-16 11:51:11.463,418.04147216389725,104
2024-09-16 11:51:11.559,418.0550065397196,100
2024-09-16 11:51:11.588,418.0118472150795,97
2024-09-16 11:51:11.677,418.0310221481498,95
2024-09-16 11:51:11.761,418.0333282822828,1003
2024-09-16 11:51:11.824,418.0358275060849,10
2024-09-16 11:51:11.843,418.06533948214366,104
2024-09-16 11:51:11.868,418.0660031112463,100
2024-09-16 11:51:11.926,418.0474687980118,104
2024-09-16 11:51:11.950,418.0165263607768,1001
2024-09-16 11:51:11.955,418.0670869746516,12
2024-09-16 11:51:11.973,418.0671557957946,101
2024-09-16 11:51:11.989,418.070755337532,101
2024-09-16 11:51:12.155,418.034446253085,104
2024-09-16 11:51:12.331,418.0364134946892,1000
2024-09-16 11:51:13.047,418.0232670432412,103
2024-09-16 11:51:13.075,418.0186300777895,95
2024-09-16 11:51:13.127,418.0290072473225,95
2024-09-16 11:51:13.197,418.0410972187956,105
2024-09-16 11:51:13.261,418.0518541389,15
2024-09-16 11:51:13.274,418.0425870732041,102
2024-09-16 11:51:13.419,418.0334117862045,97
2024-09-16 11:51:13.523,418.06216807186905,996
2024-09-16 11:51:13.539,418.0269819784919,7
2024-09-16 11:51:13.721,41.80354689166689,7
2024-09-16 11:51:13.960,418.0614843729244,995
2024-09-16 11:51:13.975,418.0522015847659,1001
2024-09-16 11:51:14.090,417.9923119896364,1005
2024-09-16 11:51:14.109,418.01490285686265,13
2024-09-16 11:51:14.158,418.00190941492576,999
2024-09-16 11:51:14.176,418.00139170621935,1001
2024-09-16 11:51:14.262,417.9756526140677,99
2024-09-16 11:51:14.522,417.9915278536117,999
2024-09-16 11:51:14.711,417.99036889322736,14
2024-09-16 11:51:15.001,418.01235147073567,101
2024-09-16 11:51:15.008,418.0788105106711,1005
2024-09-16 11:51:15.026,418.0436397241975,11
2024-09-16 11:51:15.089,418.0933779234866,6
2024-09-16 11:51:15.176,418.0761281938885,999
2024-09-16 11:51:15.222,,6
2024-09-16 11:51:15.251,417.9892498503656,8
2024-09-16 11:51:15.275,418.01175626703787,1004
2024-09-16 11:51:15.301,418.0634941961569,100
2024-09-16 11:51:15.330,418.0873734133424,95
2024-09-16 11:51:15.408,418.0506504363358,98
2024-09-16 11:51:15.445,418.0271042769171,1001
2024-09-16 11:51:15.492,418.0252581491682,998
2024-09-16 11:51:15.496,418.0201180246849,102
2024-09-16 11:51:15.523,418.06919699903096,99
2024-09-16 11:51:15.631,418.0462428629736,1004
2024-09-16 11:51:15.658,418.0241268082267,996
2024-09-16 11:51:15.752,418.0685388799942,12
2024-09-16 11:51:15.823,418.038919953216,101
2024-09-16 11:51:15.853,417.9976674827347,95
2024-09-16 11:51:15.956,418.04349789598814,14
2024-09-16 11:51:15.970,418.04524363037154,14
2024-09-16 11:51:16.008,418.088357458512,997
2024-09-16 11:51:16.107,418.075980476441,1000
2024-09-16 11:51:16.112,,104
2024-09-16 11:51:16.234,418.08099196718695,104
2024-09-16 11:51:16.245,418.07352406819416,8
2024-09-16 11:51:16.269,418.0862180201072,1005
2024-09-16 11:51:16.280,418.08951056722304,999
2024-09-16 11:51:16.554,418.0558503421087,999
2024-09-16 11:51:16.700,418.089247486661,995
2024-09-16 11:51:16.763,418.0830654327904,10
2024-09-16 11:51:16.785,418.10226171506616,105
2024-09-16 11:51:16.905,418.05691183423096,97
2024-09-16 11:51:16.921,418.0775768739476,103
2024-09-16 11:51:16.922,418.0884382947148,100
2024-09-16 11:51:16.977,418.094705811338,96
2024-09-16 11:51:17.009,418.0748725433807,99
2024-09-16 11:51:17.016,418.116775314778,104
2024-09-16 11:51:17.042,418.0630479345882,100
2024-09-16 11:51:17.085,418.0902384727456,5
2024-09-16 11:51:17.141,418.0768497015053,1004
2024-09-16 11:51:17.383,418.070701244269,1005
2024-09-16 11:51:17.717,418.082316568179,100
2024-09-16 11:51:17.748,418.0781937833633,1002
2024-09-16 11:51:17.779,418.1112873478703,1000
2024-09-16 11:51:17.826,418.1171121439287,10
2024-09-16 11:51:17.837,418.0716585124724,13
2024-09-16 11:51:17.931,418.13145603823807,99
2024-09-16 11:51:18.085,418.0848758143616,997
2024-09-16 11:51:18.639,418.1143465577215,95
2024-09-16 11:51:19.076,418.11898683203833,104
2024-09-16 11:51:19.163,418.0731106848365,8
2024-09-16 11:51:19.260,418.1029318242251,10
2024-09-16 11:51:19.263,418.0952660983549,995
2024-09-16 11:51:19.289,418.0799909833763,10
2024-09-16 11:51:19.450,418.09405279235074,998
2024-09-16 11:51:19.553,418.1302944684152,13
2024-09-16 11:51:19.557,418.12724737800073,1001
2024-09-16 11:51:19.613,418.0913749146421,98
2024-09-16 11:51:19.665,418.1114705909324,1002
2024-09-16 11:51:19.748,418.1062635825897,105
2024-09-16 11:51:19.756,418.0674134590739,1004
2024-09-16 11:51:19.767,418.1117621487873,99
2024-09-16 11:51:19.832,418.09567396749446,997
2024-09-16 11:51:19.964,418.09004872472616,100
2024-09-16 11:51:20.161,418.1146467635556,7
2024-09-16 11:51:20.411,418.174282925724,996
2024-09-16 11:51:20.566,418.1831265123799,995
2024-09-16 11:51:20.606,418.1123866859991,97
2024-09-16 11:51:20.661,418.1454991726436,101
2024-09-16 11:51:20.746,418.12200321607526,1001
2024-09-16 11:51:20.805,418.1122662796347,11
2024-09-16 11:51:20.946,418.1130138836537,105
2024-09-16 11:51:21.041,418.1533869997237,97
2024-09-16 11:51:21.090,418.1407393892035,102
2024-09-16 11:51:21.094,418.06948409536506,11
2024-09-16 11:51:21.100,418.15952846103824,1003
2024-09-16 11:51:21.110,418.18385864856174,1005
2024-09-16 11:51:21.267,418.1377185738722,13
2024-09-16 11:51:21.339,418.17439093367466,97
2024-09-16 11:51:21.363,418.1605038772253,1001
2024-09-16 11:51:21.373,418.1429918542732,1002
2024-09-16 11:51:21.464,418.1569508886099,11
2024-09-16 11:51:21.465,,95
2024-09-16 11:51:21.484,418.16370407262457,1000
2024-09-16 11:51:21.547,418.0825527255746,11
2024-09-16 11:51:21.556,418.1487203392028,1002
2024-09-16 11:51:21.585,418.17957283945503,998
2024-09-16 11:51:21.599,418.1166860837163,1004
2024-09-16 11:51:21.651,418.1917143809056,13
2024-09-16 11:51:21.654,418.1480700018405,96
2024-09-16 11:51:21.695,418.10995201613775,99
2024-09-16 11:51:21.704,418.1557237087151,8
2024-09-16 11:51:21.705,418.17090504194647,5
2024-09-16 11:51:21.721,418.1684499805033,97
2024-09-16 11:51:21.736,418.1017359328446,96
2024-09-16 11:51:21.811,418.1493114911114,997
2024-09-16 11:51:21.828,418.1692492179676,99
2024-09-16 11:51:21.840,418.1422775277162,11
2024-09-16 11:51:21.953,418.0858135282074,99
2024-09-16 11:51:22.083,418.0675817202469,998
2024-09-16 11:51:22.084,418.0685770546855,995
2024-09-16 11:51:22.304,418.07271020710334,96
2024-09-16 11:51:22.309,418.08168274965584,97
2024-09-16 11:51:22.357,418.0654243711832,13
2024-09-16 11:51:22.386,418.0652242898289,7
2024-09-16 11:51:22.458,418.0506508330702,10
2024-09-16 11:51:22.563,418.0781773216516,12
2024-09-16 11:51:22.602,418.0392909452819,1000
2024-09-16 11:51:22.676,418.0802624073195,999
2024-09-16 11:51:22.839,418.0516081362001,100
2024-09-16 11:51:22.844,418.0823370173176,98
2024-09-16 11:51:22.923,418.05835061017706,6
2024-09-16 11:51:23.053,418.0416570234206,1004
2024-09-16 11:51:23.070,418.05859794457206,1000
2024-09-16 11:51:23.132,418.05712088283167,8
2024-09-16 11:51:23.170,418.06233371807457,5
2024-09-16 11:51:23.301,418.0416758388216,96
2024-09-16 11:51:23.388,418.03885988522353,13
2024-09-16 11:51:23.416,418.0453603522208,13
2024-09-16 11:51:23.801,418.05314005402346,998
2024-09-16 11:51:23.834,418.0517087209795,11
2024-09-16 11:51:23.846,418.0572914126193,95
2024-09-16 11:51:23.850,418.0471915906634,1005
2024-09-16 11:51:23.914,418.04951024180014,13
2024-09-16 11:51:24.010,418.0742588430237,8
2024-09-16 11:51:24.102,418.049072729713,1002
2024-09-16 11:51:24.116,418.0722596996409,12
2024-09-16 11:51:24.233,418.0333562173338,5
2024-09-16 11:51:24.254,418.0624082321641,13
2024-09-16 11:51:24.275,418.0493631024557,1000
2024-09-16 11:51:24.307,418.0882236122354,104
2024-09-16 11:51:24.358,418.0847624007192,102
2024-09-16 11:51:24.379,418.08560129522897,999
2024-09-16 11:51:24.413,418.0749036426632,98
2024-09-16 11:51:24.461,418.0645684892885,996
2024-09-16 11:51:24.512,418.04670996996566,102
2024-09-16 11:51:24.545,418.0646338945733,999
2024-09-16 11:51:24.684,418.0885819417061,1003
2024-09-16 11:51:24.709,418.0525828432211,105
2024-09-16 11:51:24.889,418.05692759276906,101
2024-09-16 11:51:24.897,418.03640039140345,6
2024-09-16 11:51:24.899,418.04345102516055,995
2024-09-16 11:51:24.924,418.0799567886739,96
2024-09-16 11:51:24.947,418.0805247212713,104
2024-09-16 11:51:25.103,418.12397050995736,15
2024-09-16 11:51:25.215,418.1439769724021,1003
2024-09-16 11:51:25.283,418.1300248070499,997
2024-09-16 11:51:25.319,-418.14834494602127,103
2024-09-16 11:51:25.345,418.133670289699,103
2024-09-16 11:51:25.368,418.1006712655516,101
2024-09-16 11:51:25.387,418.1116186467223,98
2024-09-16 11:51:25.409,418.0736944367317,7
2024-09-16 11:51:25.413,418.0758928208113,1005
2024-09-16 11:51:25.419,418.0957015114543,10
2024-09-16 11:51:25.420,418.0611267641361,97
2024-09-16 11:51:25.544,418.0875298344436,103
2024-09-16 11:51:25.569,418.1357184793068,5
2024-09-16 11:51:25.596,418.0597730442969,97
2024-09-16 11:51:25.613,418.0810494256663,5
2024-09-16 11:51:25.645,418.1190934029031,10
2024-09-16 11:51:25.664,,1003
2024-09-16 11:51:25.664,418.08689448428544,102
2024-09-16 11:51:25.803,418.10820314848,15
2024-09-16 11:51:25.851,418.065485147152,15
2024-09-16 11:51:25.879,418.0720474237334,98
2024-09-16 11:51:25.918,418.1111770548256,1003
2024-09-16 11:51:25.955,418.0520605524002,105
2024-09-16 11:51:25.985,418.08075961291377,996
2024-09-16 11:51:26.147,418.10997922904016,995
2024-09-16 11:51:26.543,418.0978677556143,12
2024-09-16 11:51:26.692,41.81002530230483,98
2024-09-16 11:51:26.708,418.0869145354929,105
2024-09-16 11:51:26.867,418.1018874720355,1002
2024-09-16 11:51:26.989,418.1050627395848,1004
2024-09-16 11:51:27.073,418.151430259359,13
2024-09-16 11:51:27.079,418.1460698331128,97
2024-09-16 11:51:27.084,418.1339683041124,96
2024-09-16 11:51:27.090,418.1281625604708,1002
2024-09-16 11:51:27.141,418.14037873557226,102
2024-09-16 11:51:27.243,418.1370617060346,105
2024-09-16 11:51:27.297,418.1299024669412,101
2024-09-16 11:51:27.331,418.1415489386701,996
2024-09-16 11:51:27.573,418.1625022889987,1004
2024-09-16 11:51:27.576,418.1342891022253,11
2024-09-16 11:51:27.603,418.1545645519708,96
2024-09-16 11:51:27.722,418.1484696882525,1001
2024-09-16 11:51:27.931,418.1594267358561,10
2024-09-16 11:51:27.983,418.1426456250223,14
2024-09-16 11:51:28.081,418.1745984399767,5
2024-09-16 11:51:28.359,418.1819743758458,102
2024-09-16 11:51:28.402,418.1605258372186,998
2024-09-16 11:51:28.757,418.1664547916105,1005
2024-09-16 11:51:28.846,418.1577091511663,101
2024-09-16 11:51:28.977,418.1537124446679,12
2024-09-16 11:51:29.528,418.1590316349826,7
2024-09-16 11:51:29.698,41.81661936419224,1001
2024-09-16 11:51:29.946,418.15770873049206,995
2024-09-16 11:51:29.956,418.1491425247075,997
2024-09-16 11:51:29.987,418.16766433003454,999
2024-09-16 11:51:30.956,418.16127039295776,7
2024-09-16 11:51:31.084,418.1807298001552,997
2024-09-16 11:51:31.256,418.1645114260901,102
2024-09-16 11:51:31.405,418.157816156268,996
2024-09-16 11:51:31.412,418.16220639717966,15
2024-09-16 11:51:31.594,418.17136457910846,98
2024-09-16 11:51:31.603,418.1832593417877,97
2024-09-16 11:51:31.655,418.18088917741,1005
2024-09-16 11:51:31.793,418.1918769372862,998
2024-09-16 11:51:32.013,418.1155013692404,997
2024-09-16 11:51:32.107,418.1114355337743,95
2024-09-16 11:51:32.134,418.0952796415208,996
2024-09-16 11:51:32.150,418.0849200599375,96
2024-09-16 11:51:32.210,418.1005199492989,995
2024-09-16 11:51:32.227,418.1448064893824,15
2024-09-16 11:51:32.262,418.1458077630348,96
2024-09-16 11:51:32.316,418.1338141827301,14
2024-09-16 11:51:32.319,418.0899083715442,9
2024-09-16 11:51:32.368,418.1111883062886,9
2024-09-16 11:51:32.435,418.1295969211514,5
2024-09-16 11:51:32.576,418.1117342009393,998
2024-09-16 11:51:32.593,418.1404069966628,102
2024-09-16 11:51:32.598,418.0896984973793,13
2024-09-16 11:51:32.652,418.1055933054405,1001
2024-09-16 11:51:32.671,418.1485911288756,1001
2024-09-16 11:51:32.787,418.1276070699888,1000
2024-09-16 11:51:32.839,418.1229100405381,1003
2024-09-16 11:51:32.875,418.1330322865382,1005
2024-09-16 11:51:32.935,418.116303866518,101
2024-09-16 11:51:32.965,418.11873223650224,8
2024-09-16 11:51:33.003,418.0434960392574,14
2024-09-16 11:51:33.044,418.0623806590756,105
2024-09-16 11:51:33.056,417.9920399379226,14
2024-09-16 11:51:33.075,418.0720262039469,1000
2024-09-16 11:51:33.088,418.09415767533335,1005
2024-09-16 11:51:33.096,418.046922554337,1004
2024-09-16 11:51:33.103,418.0582133493628,15
2024-09-16 11:51:33.110,418.07314485933216,105
2024-09-16 11:51:33.112,,11
2024-09-16 11:51:33.180,418.01592181834144,1003
2024-09-16 11:51:33.233,418.0284499720895,100
2024-09-16 11:51:33.262,418.0847958898219,1001
2024-09-16 11:51:33.315,418.03041422442107,6
2024-09-16 11:51:33.370,418.024843923749,1003
2024-09-16 11:51:33.473,418.0456688812118,995
2024-09-16 11:51:33.529,418.0724268171592,995
2024-09-16 11:51:33.534,418.0131972414325,6
2024-09-16 11:51:33.746,418.05776676619627,105
2024-09-16 11:51:33.749,418.05084469334594,97
2024-09-16 11:51:33.802,418.0284757521968,14
2024-09-16 11:51:33.806,418.11112857200936,10
2024-09-16 11:51:33.888,418.0529517369775,999
2024-09-16 11:51:34.075,418.0329378746437,1003
2024-09-16 11:51:34.098,417.9915164691504,101
2024-09-16 11:51:34.099,417.9932354011268,101
2024-09-16 11:51:34.274,418.03233835160046,1001
2024-09-16 11:51:34.284,418.02613357030697,100
2024-09-16 11:51:34.325,417.9984247264472,1000
2024-09-16 11:51:34.364,418.0367160725679,5
2024-09-16 11:51:34.391,418.0060855196319,10
2024-09-16 11:51:34.469,417.99847192279816,13
2024-09-16 11:51:34.551,417.9810157853945,5
2024-09-16 11:51:34.577,418.0319095479357,1003
2024-09-16 11:51:34.757,418.0115982016165,97
2024-09-16 11:51:34.760,418.0362468390108,104
2024-09-16 11:51:34.819,418.0200510381324,101
2024-09-16 11:51:34.842,418.0068006615746,1005
2024-09-16 11:51:34.859,417.9937623126184,11
2024-09-16 11:51:35.374,418.01267342636754,96
2024-09-16 11:51:35.450,417.99382781919024,15
2024-09-16 11:51:35.621,417.9593605756993,96
2024-09-16 11:51:35.816,417.9758469407317,95
2024-09-16 11:51:36.013,418.0069882304402,104
2024-09-16 11:51:36.340,417.9868919686275,997
2024-09-16 11:51:36.547,418.00836790116006,95
2024-09-16 11:51:36.665,417.98659972505897,102
2024-09-16 11:51:36.704,418.00200761748647,101
2024-09-16 11:51:36.722,418.0001283361864,6
2024-09-16 11:51:36.860,418.013407383412,7
2024-09-16 11:51:36.901,418.0070474056772,11
2024-09-16 11:51:36.945,417.9927613452588,97
2024-09-16 11:51:36.986,417.98755348526106,98
2024-09-16 11:51:38.087,418.055511754472,996
2024-09-16 11:51:38.195,418.0488114410894,96
2024-09-16 11:51:38.248,418.0449876774431,999
2024-09-16 11:51:38.298,418.04697102892686,1002
2024-09-16 11:51:38.332,418.0177050946034,1005
2024-09-16 11:51:38.377,41.80241618415452,97
2024-09-16 11:51:38.755,418.0138881432934,100
2024-09-16 11:51:38.914,418.0244620920815,102
2024-09-16 11:51:38.945,418.0696697750379,998
2024-09-16 11:51:39.100,418.0608699136285,15
2024-09-16 11:51:39.179,418.03434926564256,1000
2024-09-16 11:51:39.287,418.0425072438077,14
2024-09-16 11:51:39.351,418.04009483266094,7
2024-09-16 11:51:39.441,418.07681008529664,8
2024-09-16 11:51:39.589,418.0552853098022,6
2024-09-16 11:51:39.677,418.0532991436527,1003
2024-09-16 11:51:39.720,418.0348185245534,98
2024-09-16 11:51:39.789,41.80383014716331,999
2024-09-16 11:51:39.872,418.0528593091658,103
2024-09-16 11:51:40.084,418.0650086849859,995
2024-09-16 11:51:40.154,418.0326686122467,8
2024-09-16 11:51:40.244,418.0606495207815,1005
2024-09-16 11:51:40.308,417.9824603765152,13
2024-09-16 11:51:40.360,418.00733311774,7
2024-09-16 11:51:40.523,418.02705159615095,9
2024-09-16 11:51:40.523,417.9850268938125,997
2024-09-16 11:51:40.585,417.9865741111563,1004
2024-09-16 11:51:40.612,418.0018544901466,999
2024-09-16 11:51:40.701,417.989158269797,7
2024-09-16 11:51:40.726,418.0579641972837,1000
2024-09-16 11:51:40.773,418.0386724045143,997
2024-09-16 11:51:40.816,418.0048304231164,7
2024-09-16 11:51:40.844,418.0663820260304,7
2024-09-16 11:51:40.978,417.97914674576833,9
2024-09-16 11:51:41.113,417.9861212019933,8
2024-09-16 11:51:41.203,417.9889858621529,1005
2024-09-16 11:51:41.232,417.962835617821,13
2024-09-16 11:51:41.251,417.985190942506,999
2024-09-16 11:51:41.266,417.9917187486864,95
2024-09-16 11:51:41.303,417.9923098218929,7
2024-09-16 11:51:41.344,417.9325144502161,96
2024-09-16 11:51:41.642,417.92735256659233,7
2024-09-16 11:51:41.688,417.98810786848287,6
2024-09-16 11:51:41.764,417.97185228822326,998
2024-09-16 11:51:41.837,417.9815223214761,99
2024-09-16 11:51:41.857,417.9471543908354,11
2024-09-16 11:51:41.907,-417.9430874386546,997
2024-09-16 11:51:42.183,41.79569187349287,15
2024-09-16 11:51:42.186,417.9671291181298,1005
2024-09-16 11:51:42.259,417.9485958505567,96
2024-09-16 11:51:42.323,417.9307235560435,105
2024-09-16 11:51:42.662,-417.9539421370216,10
2024-09-16 11:51:42.704,417.9339043470488,95
2024-09-16 11:51:42.947,417.95518953524817,995
2024-09-16 11:51:43.008,417.9016581889298,102
2024-09-16 11:51:43.097,417.8120747654559,1003
2024-09-16 11:51:43.103,417.8816483158304,105
2024-09-16 11:51:43.119,417.83387742602207,101
2024-09-16 11:51:43.243,417.81348744102274,1000
2024-09-16 11:51:43.336,417.87023477852136,996
2024-09-16 11:51:43.347,417.82845476264106,95
2024-09-16 11:51:43.442,417.807542528607,105
2024-09-16 11:51:43.464,417.90590319046623,999
2024-09-16 11:51:43.478,417.8474972580841,97
2024-09-16 11:51:43.481,417.8671319471472,1004
2024-09-16 11:51:43.505,417.8361214566216,1005
2024-09-16 11:51:43.611,417.8080142908129,997
2024-09-16 11:51:43.657,417.8806597418949,96
2024-09-16 11:51:43.658,417.8852375996912,10
2024-09-16 11:51:43.710,417.8358560233563,1005
2024-09-16 11:51:43.714,417.8340372706789,996
2024-09-16 11:51:43.725,417.837337851703,97
2024-09-16 11:51:43.751,417.8212696914216,104
2024-09-16 11:51:43.756,417.8138096288057,998
2024-09-16 11:51:43.892,417.822875722484,6
2024-09-16 11:51:43.912,417.8732214293794,99
2024-09-16 11:51:43.916,417.8899054916912,1003
2024-09-16 11:51:44.038,417.8025009986121,13
2024-09-16 11:51:44.046,417.7940410154096,98
2024-09-16 11:51:44.070,417.760540932684,14
2024-09-16 11:51:44.157,417.7614611576431,8
2024-09-16 11:51:44.181,417.8080055671821,99
2024-09-16 11:51:44.202,417.803009900782,1004
2024-09-16 11:51:44.242,417.7525726506277,1001
2024-09-16 11:51:44.276,417.7932746954968,97
2024-09-16 11:51:44.378,417.7977524596535,997
2024-09-16 11:51:44.426,417.80475808553297,99
2024-09-16 11:51:44.486,417.79902609102027,99
2024-09-16 11:51:44.514,417.7870930909616,998
2024-09-16 11:51:44.593,417.76566870131023,1000
2024-09-16 11:51:44.838,417.79606105963137,6
2024-09-16 11:51:44.853,417.79797663359454,103
2024-09-16 11:51:44.995,417.7875911697566,9
2024-09-16 11:51:45.018,417.8099461186225,11
2024-09-16 11:51:45.020,417.7582836762076,6
2024-09-16 11:51:45.101,417.7810121748,97
2024-09-16 11:51:45.115,417.8214320765124,13
2024-09-16 11:51:45.164,417.8445419652843,999
2024-09-16 11:51:45.168,417.7388550195041,5
2024-09-16 11:51:45.244,417.82026655674514,95
2024-09-16 11:51:45.297,417.8014589249317,105
2024-09-16 11:51:45.303,417.7353494929292,104
2024-09-16 11:51:45.447,417.729992996321,1000
2024-09-16 11:51:45.465,417.7442706999845,13
2024-09-16 11:51:45.474,417.7317952410476,99
2024-09-16 11:51:45.490,417.7728727971602,101
2024-09-16 11:51:45.529,417.8725355127364,95
2024-09-16 11:51:45.536,417.7810183784811,6
2024-09-16 11:51:45.577,417.7407089504077,100
2024-09-16 11:51:45.580,417.8738001701136,996
2024-09-16 11:51:45.649,417.78151994299367,100
2024-09-16 11:51:45.664,417.8440706075352,996
2024-09-16 11:51:45.669,417.7357070868815,1000
2024-09-16 11:51:45.716,417.8154543688677,104
2024-09-16 11:51:45.743,417.7781727951258,14
2024-09-16 11:51:45.749,417.88674388152816,1003
2024-09-16 11:51:45.771,417.8727163011992,15
2024-09-16 11:51:46.034,417.9040004570234,10
2024-09-16 11:51:46.075,417.9093827926399,12
2024-09-16 11:51:46.144,417.93184919857407,100
2024-09-16 11:51:46.156,417.9333911817072,11
2024-09-16 11:51:46.191,417.8949740746779,101
2024-09-16 11:51:46.205,417.9329430179582,105
2024-09-16 11:51:46.227,417.9071930795904,96
2024-09-16 11:51:46.357,417.919223628646,11
2024-09-16 11:51:46.526,417.9355903823128,102
2024-09-16 11:51:46.590,417.8997035991053,8
2024-09-16 11:51:46.656,417.9462947167831,5
2024-09-16 11:51:46.724,417.9265362148389,6
2024-09-16 11:51:46.750,417.9223421976755,11
2024-09-16 11:51:46.800,417.9453876275519,995
2024-09-16 11:51:46.815,417.9410166953554,995
2024-09-16 11:51:46.894,417.9098400917478,104
2024-09-16 11:51:47.078,417.89632537580434,98
2024-09-16 11:51:47.305,417.87334706269,6
2024-09-16 11:51:47.388,417.9036758997431,1002
2024-09-16 11:51:47.436,417.9181934794341,995
2024-09-16 11:51:47.492,417.85626225979183,1000
2024-09-16 11:51:47.651,417.92697137026994,15
2024-09-16 11:51:47.688,417.9248492898113,8
2024-09-16 11:51:47.697,417.9079919439769,6
2024-09-16 11:51:47.720,417.92222252459766,104
2024-09-16 11:51:47.938,417.917695368675,7
2024-09-16 11:51:48.033,417.85281338488494,7
2024-09-16 11:51:48.060,417.6888409083182,95
2024-09-16 11:51:48.079,417.7565061756912,98
2024-09-16 11:51:48.098,417.856503050532,1001
2024-09-16 11:51:48.121,417.6477128321339,998
2024-09-16 11:51:48.128,417.8149673224357,9
2024-09-16 11:51:48.193,417.8128917987915,8
2024-09-16 11:51:48.260,417.8100171897193,97
2024-09-16 11:51:48.265,417.7787477708736,104
2024-09-16 11:51:48.343,417.7514553678563,14
2024-09-16 11:51:48.346,417.7395774934871,13
2024-09-16 11:51:48.415,417.7978541177153,97
2024-09-16 11:51:48.468,417.6948641760832,103
2024-09-16 11:51:48.641,417.7923149928212,1000
2024-09-16 11:51:48.665,417.7760093040006,1000
2024-09-16 11:51:48.665,417.8307922046585,10
2024-09-16 11:51:48.697,417.70801014945016,998
2024-09-16 11:51:48.698,417.76461418574513,1002
2024-09-16 11:51:48.772,417.6822313186703,999
2024-09-16 11:51:48.844,417.7620653213648,97
2024-09-16 11:51:48.940,417.7727606091189,7
2024-09-16 11:51:48.979,417.8322917427188,12
2024-09-16 11:51:49.170,417.6910369650902,11
2024-09-16 11:51:49.270,417.70330972389297,1001
2024-09-16 11:51:49.424,417.6789911987177,14
2024-09-16 11:51:49.434,417.6836484357903,97
2024-09-16 11:51:49.447,417.6749279348492,8
2024-09-16 11:51:49.448,417.68016243818255,9
2024-09-16 11:51:49.465,417.6768942549568,997
2024-09-16 11:51:49.614,417.6820457562396,11
2024-09-16 11:51:49.712,417.6492948388203,15
2024-09-16 11:51:49.732,417.6861864329374,14
2024-09-16 11:51:49.782,417.64734355670106,1001
2024-09-16 11:51:49.802,417.6893788609499,14
2024-09-16 11:51:49.808,417.6635562691545,1002
2024-09-16 11:51:49.847,417.6721721137064,10
2024-09-16 11:51:49.886,417.69674554799184,1003
2024-09-16 11:51:49.891,417.6960831166941,13
2024-09-16 11:51:50.035,417.7370568032535,997
2024-09-16 11:51:50.048,417.68529991232623,96
2024-09-16 11:51:50.057,417.6976391199045,10
2024-09-16 11:51:50.062,417.70010121543913,8
2024-09-16 11:51:50.081,417.72226602149937,5
2024-09-16 11:51:50.113,417.6794787726849,100
2024-09-16 11:51:50.148,417.7010546190229,8
2024-09-16 11:51:50.163,417.723859543728,8
2024-09-16 11:51:50.192,417.720154246628,1005
2024-09-16 11:51:50.230,417.7066490711852,15
2024-09-16 11:51:50.258,417.7240665671152,1002
2024-09-16 11:51:50.399,417.7080492977267,7
2024-09-16 11:51:50.407,417.70945526893,104
2024-09-16 11:51:50.417,417.69737065250257,998
2024-09-16 11:51:50.421,417.7326727902592,5
2024-09-16 11:51:50.481,417.7290231726057,96
2024-09-16 11:51:50.527,417.7536375622529,1003
2024-09-16 11:51:50.589,417.6886967528235,97
2024-09-16 11:51:50.599,417.7049070604172,999
2024-09-16 11:51:50.740,417.7373853696185,998
2024-09-16 11:51:50.763,417.7098661447851,99
2024-09-16 11:51:50.787,417.7256797679496,7
2024-09-16 11:51:50.791,417.7400696496708,1001
2024-09-16 11:51:50.842,417.70676502776354,999
2024-09-16 11:51:50.843,417.748119989689,1000
2024-09-16 11:51:50.893,417.699297273141,99
2024-09-16 11:51:50.930,417.7344689972686,997
2024-09-16 11:51:51.018,417.68692665234977,11
2024-09-16 11:51:51.028,417.68038678642927,96
2024-09-16 11:51:51.151,417.64397495474384,102
2024-09-16 11:51:51.176,417.6949977084191,105
2024-09-16 11:51:51.210,417.69046208344776,999
2024-09-16 11:51:51.228,417.6750790537625,1003
2024-09-16 11:51:51.294,417.6840670425872,997
2024-09-16 11:51:51.355,417.6695817011196,1001
2024-09-16 11:51:51.378,417.6934528279888,97
2024-09-16 11:51:51.394,417.6820848594712,13
2024-09-16 11:51:51.406,417.66413045902544,1003
2024-09-16 11:51:51.433,417.6550577789094,1001
2024-09-16 11:51:51.474,417.6786668494887,99
2024-09-16 11:51:51.532,417.64733597162507,996
2024-09-16 11:51:51.559,417.6747564856779,10
2024-09-16 11:51:51.642,417.696373614525,11
2024-09-16 11:51:51.651,417.6558504109717,998
2024-09-16 11:51:51.681,417.679397944027,9
2024-09-16 11:51:51.683,417.66855205791575,96
2024-09-16 11:51:51.762,417.6751412512337,11
2024-09-16 11:51:51.788,417.665274405675,13
2024-09-16 11:51:51.867,417.69373461894224,996
2024-09-16 11:51:51.930,417.71829721967856,1005
2024-09-16 11:51:51.939,417.66178295341626,14
2024-09-16 11:51:51.967,417.6730443631714,104
2024-09-16 11:51:52.004,417.7092216039172,11
2024-09-16 11:51:52.088,417.6780216282183,96
2024-09-16 11:51:52.237,417.6637183268225,996
2024-09-16 11:51:52.247,417.6243216602394,999
2024-09-16 11:51:52.335,417.62204225609577,999
2024-09-16 11:51:52.425,417.6708773241236,15
2024-09-16 11:51:52.507,417.7229248546346,995
2024-09-16 11:51:52.590,417.6235879272953,10
2024-09-16 11:51:52.714,417.7103281378808,995
2024-09-16 11:51:52.754,417.6498253638394,999
2024-09-16 11:51:52.819,417.6522534304915,14
2024-09-16 11:51:52.843,417.6324902939592,98
2024-09-16 11:51:52.965,417.70903088907926,999
2024-09-16 11:51:53.052,417.68410910607145,14
2024-09-16 11:51:53.097,417.70749935272346,95
2024-09-16 11:51:53.116,417.70403062923833,9
2024-09-16 11:51:53.118,417.7163962270649,1002
2024-09-16 11:51:53.222,417.7002350891776,97
2024-09-16 11:51:53.234,417.6904810718473,995
2024-09-16 11:51:53.329,417.66756699493175,7
2024-09-16 11:51:53.359,417.7170301304178,1000
2024-09-16 11:51:53.626,417.68455640165087,13
2024-09-16 11:51:53.636,417.6702437076036,100
2024-09-16 11:51:53.640,,9
2024-09-16 11:51:53.801,417.71812619965976,10
2024-09-16 11:51:53.823,417.6824688380471,102
2024-09-16 11:51:53.826,417.6809371614751,11
2024-09-16 11:51:53.876,417.7132603693957,99
2024-09-16 11:51:54.284,417.6946494156811,96
2024-09-16 11:51:54.319,417.6822298853969,14
2024-09-16 11:51:54.345,417.6915438726068,1005
2024-09-16 11:51:54.382,417.6990625065426,97
2024-09-16 11:51:54.491,417.6746065128816,10
2024-09-16 11:51:54.532,417.6871676263576,100
2024-09-16 11:51:54.581,417.7110355123934,5
2024-09-16 11:51:54.629,417.6891365535553,1000
2024-09-16 11:51:54.694,417.6841776744749,8
2024-09-16 11:51:54.738,417.70347795087406,995
2024-09-16 11:51:54.918,417.70930022252975,102
2024-09-16 11:51:54.925,417.6986211998585,10
2024-09-16 11:51:54.968,417.6790100862868,999
2024-09-16 11:51:55.063,417.6738811575837,104
2024-09-16 11:51:55.097,417.6926509156451,11
2024-09-16 11:51:55.135,417.6491409328501,15
2024-09-16 11:51:55.243,417.65991949354736,10
2024-09-16 11:51:55.392,417.6739020261651,999
2024-09-16 11:51:55.536,417.696498425517,7
2024-09-16 11:51:55.620,417.6691895442669,996
2024-09-16 11:51:55.672,417.664360654019,1000
2024-09-16 11:51:56.656,417.6293151424099,12
2024-09-16 11:51:56.723,417.6403376818244,15
2024-09-16 11:51:56.817,417.6283200739207,10
2024-09-16 11:51:57.033,417.5663652140965,996
2024-09-16 11:51:57.141,417.640314778699,105
2024-09-16 11:51:57.151,417.5867630977412,995
2024-09-16 11:51:57.167,417.6232034765693,6
2024-09-16 11:51:57.193,417.58113781997065,1000
2024-09-16 11:51:57.202,417.5954783324108,98
2024-09-16 11:51:57.207,417.6014642619055,995
2024-09-16 11:51:57.240,417.60470661778754,15
2024-09-16 11:51:57.357,417.6536010435018,1000
2024-09-16 11:51:57.366,417.57887605770594,5
2024-09-16 11:51:57.371,417.59377238320815,99
2024-09-16 11:51:57.462,417.6636202129649,95
2024-09-16 11:51:57.512,417.5859917491063,103
2024-09-16 11:51:57.529,417.5848455549004,15
2024-09-16 11:51:57.610,,998
2024-09-16 11:51:57.655,417.6512819806383,11
2024-09-16 11:51:57.708,417.66431806618647,7
2024-09-16 11:51:57.737,417.5819154236054,11
2024-09-16 11:51:57.801,417.6157023439309,98
2024-09-16 11:51:57.853,417.6101056137945,14
2024-09-16 11:51:57.908,417.65311496997606,6
2024-09-16 11:51:57.912,417.5569412080343,1003
2024-09-16 11:51:57.913,417.60328760697615,102
2024-09-16 11:51:57.953,417.6453723839382,999
2024-09-16 11:51:58.056,417.5073691498266,100
2024-09-16 11:51:58.091,417.5083209695368,99
2024-09-16 11:51:58.141,417.522088087788,997
2024-09-16 11:51:58.245,417.5745651694765,97
2024-09-16 11:51:58.257,417.5403685942944,7
2024-09-16 11:51:58.260,417.5353348249658,102
2024-09-16 11:51:58.262,417.48495459683386,102
2024-09-16 11:51:58.293,,11
2024-09-16 11:51:58.459,417.5002741354404,1001
2024-09-16 11:51:58.478,,9
2024-09-16 11:51:58.487,417.5498836377403,101
2024-09-16 11:51:58.507,417.5128121964325,1005
2024-09-16 11:51:58.601,417.5165222473144,101
2024-09-16 11:51:58.610,417.49965867686126,99
2024-09-16 11:51:58.745,417.4957978301915,13
2024-09-16 11:51:58.845,417.5572531841608,9
2024-09-16 11:51:58.863,417.5467396322841,95
2024-09-16 11:51:58.906,417.55227209383423,96
2024-09-16 11:51:58.919,417.5810253574343,1005
2024-09-16 11:51:58.920,417.4954902200109,10
2024-09-16 11:51:58.922,417.55811335393696,99
2024-09-16 11:51:58.994,417.5223456360338,5
2024-09-16 11:51:59.157,417.5148633963372,99
2024-09-16 11:51:59.157,417.5480738292388,15
2024-09-16 11:51:59.166,417.52760452904266,996
2024-09-16 11:51:59.316,,15
2024-09-16 11:51:59.533,417.5314636730501,998
2024-09-16 11:51:59.555,417.5434141864402,103
2024-09-16 11:51:59.639,417.5302087018995,8
2024-09-16 11:51:59.800,417.5286693947965,995
2024-09-16 11:51:59.948,417.5325487715035,14
2024-09-16 11:51:59.952,417.5434014219029,102
