Timestamp,Price,Size
2024-09-20 13:45:00.106,431.61141472865313,7
2024-09-20 13:45:00.387,431.6124235597739,1005
2024-09-20 13:45:00.393,431.6122815311039,8
2024-09-20 13:45:00.514,431.6181249881674,999
2024-09-20 13:45:00.773,431.5968265123743,95
2024-09-20 13:45:00.774,431.6201161017716,12
2024-09-20 13:45:00.951,431.6049894613298,1004
2024-09-20 13:45:00.971,431.5831376506166,102
2024-09-20 13:45:01.034,431.603541960004,1001
2024-09-20 13:45:01.088,431.5880967205279,997
2024-09-20 13:45:01.570,431.5854038082222,12
2024-09-20 13:45:01.587,431.61655985346647,999
2024-09-20 13:45:01.794,431.60026435298647,5
2024-09-20 13:45:02.026,431.6155026781472,996
2024-09-20 13:45:02.066,431.58190521141125,98
2024-09-20 13:45:02.087,431.6256350137061,11
2024-09-20 13:45:02.092,431.5960592629689,999
2024-09-20 13:45:02.121,431.61103312522494,12
2024-09-20 13:45:02.138,431.5968198721256,1000
2024-09-20 13:45:02.185,431.6056765488055,999
2024-09-20 13:45:02.192,431.58500889079176,1000
2024-09-20 13:45:02.235,431.60944866709065,99
2024-09-20 13:45:02.398,-431.606363996454,11
2024-09-20 13:45:02.531,431.6049104565521,6
2024-09-20 13:45:02.568,431.6322861592467,7
2024-09-20 13:45:02.580,431.6071755734596,1003
2024-09-20 13:45:02.687,431.5920925650619,997
2024-09-20 13:45:02.716,431.6091778968459,9
2024-09-20 13:45:02.755,431.6141956676904,9
2024-09-20 13:45:02.781,431.5784486059339,999
2024-09-20 13:45:02.938,431.6143632021979,99
2024-09-20 13:45:02.948,431.5876851076535,996
2024-09-20 13:45:02.999,431.6084818840959,997
2024-09-20 13:45:03.061,431.5873576094905,6
2024-09-20 13:45:03.096,431.5929436777641,97
2024-09-20 13:45:03.133,431.6110576173733,14
2024-09-20 13:45:03.221,431.60481219409513,102
2024-09-20 13:45:03.282,431.6049886798144,105
2024-09-20 13:45:03.346,431.6180758479955,8
2024-09-20 13:45:03.392,431.6006354834947,105
2024-09-20 13:45:03.717,431.5966463091944,995
2024-09-20 13:45:03.805,431.5967295715871,1001
2024-09-20 13:45:03.880,431.577820382658,997
2024-09-20 13:45:03.884,431.5819061054201,11
2024-09-20 13:45:03.934,431.5801867317745,1003
2024-09-20 13:45:03.943,431.60333892956527,999
2024-09-20 13:45:03.951,431.60170896068297,998
2024-09-20 13:45:03.954,431.623507577314,14
2024-09-20 13:45:03.963,431.5538718915567,8
2024-09-20 13:45:04.045,431.4853958531643,5
2024-09-20 13:45:04.075,431.5490391473991,100
2024-09-20 13:45:04.106,431.54564491299857,8
2024-09-20 13:45:04.108,431.4977046163484,95
2024-09-20 13:45:04.115,431.5095402233868,101
2024-09-20 13:45:04.176,431.5135504290437,100
2024-09-20 13:45:04.248,431.5123863750961,101
2024-09-20 13:45:04.288,431.5420418981427,14
2024-09-20 13:45:04.333,431.5066552973724,97
2024-09-20 13:45:04.393,431.5306499094731,1002
2024-09-20 13:45:04.397,431.5503506224105,13
2024-09-20 13:45:04.445,431.56156892568725,12
2024-09-20 13:45:04.528,431.55152695182215,13
2024-09-20 13:45:04.636,431.5225561579873,5
2024-09-20 13:45:04.644,43.14806391011126,15
2024-09-20 13:45:04.669,431.5043695174437,7
2024-09-20 13:45:04.782,431.5689198622213,1001
2024-09-20 13:45:04.788,431.5117172055544,1003
2024-09-20 13:45:04.820,431.4827283319144,99
2024-09-20 13:45:04.936,43.14879250755144,13
2024-09-20 13:45:04.936,431.5163227596128,11
2024-09-20 13:45:05.023,431.46116494154825,998
2024-09-20 13:45:05.212,431.4526749758134,15
2024-09-20 13:45:05.248,431.4542393925266,1002
2024-09-20 13:45:05.322,431.4599932430454,997
2024-09-20 13:45:05.338,431.4389613898944,99
2024-09-20 13:45:05.403,431.4729302010807,5
2024-09-20 13:45:05.456,431.4408531330218,14
2024-09-20 13:45:05.467,431.4630222617381,10
2024-09-20 13:45:05.504,431.4847170614547,1003
2024-09-20 13:45:05.527,431.4815670065915,105
2024-09-20 13:45:05.597,431.4305478395422,1000
2024-09-20 13:45:05.610,431.4658479260785,1002
2024-09-20 13:45:05.759,431.4345646043994,1001
2024-09-20 13:45:05.770,431.4829241305567,102
2024-09-20 13:45:05.801,431.4612933533911,6
2024-09-20 13:45:05.828,431.4765784914242,8
2024-09-20 13:45:05.841,431.4752250982759,102
2024-09-20 13:45:05.860,431.4877208450365,12
2024-09-20 13:45:05.890,431.49717774498527,5
2024-09-20 13:45:06.003,431.49350687840257,95
2024-09-20 13:45:06.019,431.4858023822478,1003
2024-09-20 13:45:06.079,431.4520708750507,12
2024-09-20 13:45:06.091,431.4377877980556,6
2024-09-20 13:45:06.165,431.4596457173285,11
2024-09-20 13:45:06.213,431.4380906312648,998
2024-09-20 13:45:06.230,431.4860453008095,995
2024-09-20 13:45:06.331,431.4973027108674,995
2024-09-20 13:45:06.359,431.4871371160303,1002
2024-09-20 13:45:06.369,431.4956702780374,7
2024-09-20 13:45:06.371,431.5055234342231,11
2024-09-20 13:45:06.381,,15
2024-09-20 13:45:06.592,431.45691872333975,998
2024-09-20 13:45:06.635,431.4493181650392,996
2024-09-20 13:45:06.652,431.4515630639896,999
2024-09-20 13:45:06.662,431.51092712061535,95
2024-09-20 13:45:06.683,431.4869087547668,7
2024-09-20 13:45:06.688,431.4894926766094,999
2024-09-20 13:45:06.737,431.4874949907085,100
2024-09-20 13:45:06.804,431.5100999291247,10
2024-09-20 13:45:06.821,431.51668316205377,1002
2024-09-20 13:45:06.928,431.5065691856932,996
2024-09-20 13:45:07.029,43.150059455178166,999
2024-09-20 13:45:07.030,431.5857768557742,8
2024-09-20 13:45:07.087,431.5444775223893,95
2024-09-20 13:45:07.182,431.4738669904385,14
2024-09-20 13:45:07.239,431.5187404194481,100
2024-09-20 13:45:07.269,431.53048270715135,995
2024-09-20 13:45:07.272,431.5475997329746,1001
2024-09-20 13:45:07.274,431.5382630904922,11
2024-09-20 13:45:07.287,431.548281709774,1001
2024-09-20 13:45:07.302,431.49532572223137,95
2024-09-20 13:45:07.326,431.6047850878577,102
2024-09-20 13:45:07.328,431.5283612597374,102
2024-09-20 13:45:07.379,43.15298084150803,1001
2024-09-20 13:45:07.437,431.4719998056784,99
2024-09-20 13:45:07.443,431.5790104465468,105
2024-09-20 13:45:07.455,431.5652163442859,105
2024-09-20 13:45:07.488,431.56262822275886,6
2024-09-20 13:45:07.540,431.4857572946746,105
2024-09-20 13:45:07.741,431.5740793413413,6
2024-09-20 13:45:07.750,431.5406132393418,1001
2024-09-20 13:45:07.793,431.5358362114932,105
2024-09-20 13:45:07.803,431.5488609454414,105
2024-09-20 13:45:07.839,,1001
2024-09-20 13:45:07.861,431.54617318602885,996
2024-09-20 13:45:07.930,431.4781764961178,6
2024-09-20 13:45:07.964,431.47870867164016,101
2024-09-20 13:45:07.985,431.5444377773011,14
2024-09-20 13:45:07.998,431.475658942884,1005
2024-09-20 13:45:07.999,431.47583184947774,1002
2024-09-20 13:45:08.110,431.59708117112655,7
2024-09-20 13:45:08.445,431.604151784776,8
2024-09-20 13:45:08.608,431.60697775350496,104
2024-09-20 13:45:08.638,431.6223046047744,15
2024-09-20 13:45:08.688,431.6183753899618,102
2024-09-20 13:45:08.922,431.6052085151191,1003
2024-09-20 13:45:09.069,431.67702958845786,97
2024-09-20 13:45:09.104,431.6445688923441,101
2024-09-20 13:45:09.121,431.6624710231568,14
2024-09-20 13:45:09.248,431.6966426032956,102
2024-09-20 13:45:09.266,431.6466985706712,998
2024-09-20 13:45:09.359,431.6554126606446,15
2024-09-20 13:45:09.390,431.6527481672015,8
2024-09-20 13:45:09.564,431.6988776426143,7
2024-09-20 13:45:09.718,431.6237623738755,100
2024-09-20 13:45:09.752,431.6552786021558,104
2024-09-20 13:45:09.823,431.62996319821696,997
2024-09-20 13:45:09.845,431.6539509016056,1000
2024-09-20 13:45:09.897,431.7096578756479,5
2024-09-20 13:45:09.939,431.671641000768,13
2024-09-20 13:45:09.999,431.7070505397359,103
2024-09-20 13:45:10.006,431.6954586872623,8
2024-09-20 13:45:10.062,431.7190835913638,1000
2024-09-20 13:45:10.067,431.666018832289,1004
2024-09-20 13:45:10.143,431.64027921936565,1001
2024-09-20 13:45:10.208,431.65190441574094,99
2024-09-20 13:45:10.294,431.6718660669577,998
2024-09-20 13:45:10.384,431.6475414697652,1000
2024-09-20 13:45:10.456,431.6622923609927,1001
2024-09-20 13:45:10.547,431.6718737513066,1004
2024-09-20 13:45:10.627,431.6523133854001,996
2024-09-20 13:45:10.707,431.66721884198057,99
2024-09-20 13:45:10.765,431.6442279271028,102
2024-09-20 13:45:10.859,431.66043742311166,99
2024-09-20 13:45:10.881,431.7042271468751,95
2024-09-20 13:45:10.899,431.65320085423,96
2024-09-20 13:45:10.932,431.6971863196529,9
2024-09-20 13:45:10.934,431.6707650085247,8
2024-09-20 13:45:10.971,43.16800977863053,13
2024-09-20 13:45:11.068,431.7020876276112,95
2024-09-20 13:45:11.168,431.6530430815784,998
2024-09-20 13:45:11.413,431.6607615662047,14
2024-09-20 13:45:11.800,431.6484103337378,103
2024-09-20 13:45:12.006,431.7040889776764,9
2024-09-20 13:45:12.018,431.6815622470079,5
2024-09-20 13:45:12.020,431.65444372253705,101
2024-09-20 13:45:12.040,431.6965488735699,98
2024-09-20 13:45:12.094,431.6631757222256,96
2024-09-20 13:45:12.112,431.7237938736801,995
2024-09-20 13:45:12.151,431.6769638305633,104
2024-09-20 13:45:12.205,431.6788268066293,9
2024-09-20 13:45:12.265,431.7081072217247,999
2024-09-20 13:45:12.302,431.6769796511393,1001
2024-09-20 13:45:12.346,431.7196911866714,99
2024-09-20 13:45:12.415,431.6719847992364,104
2024-09-20 13:45:12.614,431.7214448233859,1005
2024-09-20 13:45:12.619,431.678895594627,1003
2024-09-20 13:45:12.650,431.6760363930786,1005
2024-09-20 13:45:12.824,431.6847438021359,7
2024-09-20 13:45:12.832,431.6798882898984,1005
2024-09-20 13:45:12.862,431.7162997907651,1000
2024-09-20 13:45:12.863,431.69950753003513,8
2024-09-20 13:45:12.971,431.71951848908975,99
2024-09-20 13:45:13.066,431.66528750457286,997
2024-09-20 13:45:13.079,431.701436268678,1003
2024-09-20 13:45:13.185,431.6808078531629,995
2024-09-20 13:45:13.288,431.6928145285215,9
2024-09-20 13:45:13.293,431.6982905141401,997
2024-09-20 13:45:13.334,431.66556152871846,997
2024-09-20 13:45:13.336,431.6903375829048,15
2024-09-20 13:45:13.337,431.6827159586932,101
2024-09-20 13:45:13.361,431.7009408202353,100
2024-09-20 13:45:13.401,431.6839375716585,100
2024-09-20 13:45:13.532,431.688110327085,99
2024-09-20 13:45:13.549,431.6927360065538,97
2024-09-20 13:45:13.552,431.68218165672016,1005
2024-09-20 13:45:13.591,431.6747100230404,999
2024-09-20 13:45:13.603,431.7026438901343,12
2024-09-20 13:45:13.619,431.7067782867221,995
2024-09-20 13:45:13.689,431.6634811776679,6
2024-09-20 13:45:13.691,431.695191787334,99
2024-09-20 13:45:13.717,431.68240900664,1001
2024-09-20 13:45:13.739,431.6764967016602,1004
2024-09-20 13:45:13.806,-431.6656811270189,104
2024-09-20 13:45:13.832,431.68048074859433,6
2024-09-20 13:45:13.851,431.6943296504021,996
2024-09-20 13:45:13.852,431.6770514063928,96
2024-09-20 13:45:13.901,431.6993396063555,96
2024-09-20 13:45:13.924,431.6920554614811,1002
2024-09-20 13:45:14.011,431.7195609767021,8
2024-09-20 13:45:14.066,431.76223864284896,1005
2024-09-20 13:45:14.093,431.7597042488637,7
2024-09-20 13:45:14.095,431.7607745342649,5
2024-09-20 13:45:14.123,431.688426563359,1000
2024-09-20 13:45:14.279,-431.690021891413,15
2024-09-20 13:45:14.305,431.691957956194,13
2024-09-20 13:45:14.438,431.6697408898322,7
2024-09-20 13:45:14.446,431.78172362536407,10
2024-09-20 13:45:14.464,431.75830033982936,99
2024-09-20 13:45:14.574,431.74291448752894,996
2024-09-20 13:45:14.586,431.6926088067997,11
2024-09-20 13:45:14.645,431.7469443538493,9
2024-09-20 13:45:14.664,431.7739871933183,8
2024-09-20 13:45:14.886,431.763644591214,998
2024-09-20 13:45:14.923,431.6845356255503,999
2024-09-20 13:45:14.962,431.7600899232327,1002
2024-09-20 13:45:15.234,431.8126184605468,12
2024-09-20 13:45:15.479,431.8108740987094,104
2024-09-20 13:45:15.513,431.7554780814616,1005
2024-09-20 13:45:15.701,431.79972711122207,5
2024-09-20 13:45:15.723,431.7872960691739,15
2024-09-20 13:45:15.948,431.7666351913272,996
2024-09-20 13:45:16.105,431.8803905838983,103
2024-09-20 13:45:16.223,431.89611730094646,100
2024-09-20 13:45:16.229,431.8922548733655,1005
2024-09-20 13:45:16.246,431.80332369479936,8
2024-09-20 13:45:16.250,431.87135274661387,105
2024-09-20 13:45:16.250,431.8882765327052,11
2024-09-20 13:45:16.306,431.85342227075216,105
2024-09-20 13:45:16.377,431.7926726280846,1004
2024-09-20 13:45:16.388,431.7992560178655,12
2024-09-20 13:45:16.433,431.8821000856368,104
2024-09-20 13:45:16.513,431.82622391091337,995
2024-09-20 13:45:16.524,431.8940175111692,100
2024-09-20 13:45:16.528,431.8236365250727,8
2024-09-20 13:45:16.546,431.862995360217,7
2024-09-20 13:45:16.627,431.9067346342558,1001
2024-09-20 13:45:16.648,431.84899391331976,1001
2024-09-20 13:45:16.727,431.8790408534569,995
2024-09-20 13:45:16.742,431.8670473206985,1005
2024-09-20 13:45:16.752,431.84074191937873,995
2024-09-20 13:45:16.764,431.8188725791137,1003
2024-09-20 13:45:16.785,431.8452861510364,97
2024-09-20 13:45:16.813,431.8137449907086,997
2024-09-20 13:45:16.834,431.82419194827,1005
2024-09-20 13:45:16.892,431.8471703334288,96
2024-09-20 13:45:17.008,431.82303860659147,100
2024-09-20 13:45:17.018,431.8401350004028,12
2024-09-20 13:45:17.104,431.71718820727904,1003
2024-09-20 13:45:17.123,431.7378697452447,9
2024-09-20 13:45:17.139,431.7399746959748,1005
2024-09-20 13:45:17.227,431.7684605159343,103
2024-09-20 13:45:17.294,431.84673814534,103
2024-09-20 13:45:17.333,431.7597600455304,1003
2024-09-20 13:45:17.356,431.8636573331111,104
2024-09-20 13:45:17.496,431.82047447382587,11
2024-09-20 13:45:17.522,431.7298109689097,14
2024-09-20 13:45:17.523,431.7842163214282,15
2024-09-20 13:45:17.547,431.85009440761576,105
2024-09-20 13:45:17.558,431.85332707583154,10
2024-09-20 13:45:17.566,-431.7500235674464,997
2024-09-20 13:45:17.595,431.8088122841752,1005
2024-09-20 13:45:17.603,431.8486244663336,999
2024-09-20 13:45:17.640,431.72537011279786,1002
2024-09-20 13:45:17.706,431.7329066033446,13
2024-09-20 13:45:17.773,431.88632821955673,98
2024-09-20 13:45:17.794,431.8574515588792,98
2024-09-20 13:45:17.843,431.7584279079528,1000
2024-09-20 13:45:17.901,431.83334070496414,8
2024-09-20 13:45:17.941,431.8253354135176,15
2024-09-20 13:45:17.997,431.8304243926787,996
2024-09-20 13:45:18.098,431.7904501526765,103
2024-09-20 13:45:18.136,431.7570871891046,7
2024-09-20 13:45:18.181,431.7557143631472,103
2024-09-20 13:45:18.197,431.7684730643476,1001
2024-09-20 13:45:18.273,431.7700803159991,5
2024-09-20 13:45:18.293,431.75095587860335,14
2024-09-20 13:45:18.364,431.7702550939172,100
2024-09-20 13:45:18.369,431.75410676774806,9
2024-09-20 13:45:18.419,431.7526546265258,995
2024-09-20 13:45:18.435,431.7613160287456,103
2024-09-20 13:45:18.454,431.757088632432,97
2024-09-20 13:45:18.482,431.7793536069669,11
2024-09-20 13:45:18.487,431.7743576694031,101
2024-09-20 13:45:18.545,431.7663864926955,1002
2024-09-20 13:45:18.657,431.7577881355373,97
2024-09-20 13:45:18.734,431.7384198463494,10
2024-09-20 13:45:18.769,431.7783831496269,97
2024-09-20 13:45:18.781,431.7536635481593,103
2024-09-20 13:45:18.788,431.7749251622666,1000
2024-09-20 13:45:18.807,431.7379514818763,1005
2024-09-20 13:45:18.809,431.7482014250597,7
2024-09-20 13:45:18.917,431.7914730627349,1005
2024-09-20 13:45:18.982,431.7578953766504,13
2024-09-20 13:45:18.992,431.78413111956735,12
2024-09-20 13:45:19.093,431.7719409777882,13
2024-09-20 13:45:19.394,431.7708766010177,997
2024-09-20 13:45:19.784,431.765825450228,1001
2024-09-20 13:45:19.917,431.76670009018295,105
2024-09-20 13:45:20.070,431.7929433466069,5
2024-09-20 13:45:20.236,431.7952492163166,12
2024-09-20 13:45:20.422,431.7834500023612,6
2024-09-20 13:45:20.488,431.774941120027,99
2024-09-20 13:45:20.554,431.8053822934187,8
2024-09-20 13:45:20.667,431.7720333392788,1002
2024-09-20 13:45:20.690,431.7823664271864,13
2024-09-20 13:45:21.276,431.7565173819903,96
2024-09-20 13:45:21.327,431.74401582864266,104
2024-09-20 13:45:21.402,431.79328112228455,10
2024-09-20 13:45:21.435,431.7365658845519,102
2024-09-20 13:45:21.533,431.7540395778216,12
2024-09-20 13:45:21.573,431.72657876011465,96
2024-09-20 13:45:21.583,431.77185904105454,1003
2024-09-20 13:45:21.996,431.7504266808226,101
2024-09-20 13:45:22.001,431.7702330329762,995
2024-09-20 13:45:22.090,431.7519794480858,1002
2024-09-20 13:45:22.176,431.78894716483904,12
2024-09-20 13:45:22.195,431.73722167062766,10
2024-09-20 13:45:22.198,431.7307267571268,8
2024-09-20 13:45:22.337,431.7481364294771,105
2024-09-20 13:45:22.398,431.7566262780724,102
2024-09-20 13:45:22.453,431.752267729391,12
2024-09-20 13:45:22.476,431.79050004270937,1004
2024-09-20 13:45:22.502,,14
2024-09-20 13:45:22.510,431.78267412775415,1000
2024-09-20 13:45:22.589,431.7543168590621,1000
2024-09-20 13:45:22.621,431.8006577604839,1004
2024-09-20 13:45:22.674,431.7479465162888,13
2024-09-20 13:45:22.842,431.747997456005,12
2024-09-20 13:45:22.915,431.7519000053357,101
2024-09-20 13:45:22.960,431.7273071251097,1005
2024-09-20 13:45:22.964,431.7690631110559,10
2024-09-20 13:45:22.968,431.78203609457546,100
2024-09-20 13:45:22.978,431.7491075863535,996
2024-09-20 13:45:22.996,431.7455673135426,997
2024-09-20 13:45:23.006,431.8030767233344,1002
2024-09-20 13:45:23.052,,96
2024-09-20 13:45:23.077,431.81755645100105,103
2024-09-20 13:45:23.142,431.8026687763452,102
2024-09-20 13:45:23.158,431.8333164116689,13
2024-09-20 13:45:23.219,431.780311838958,995
2024-09-20 13:45:23.263,431.8130464118777,996
2024-09-20 13:45:23.269,431.8628179580882,10
2024-09-20 13:45:23.319,431.7713033103512,999
2024-09-20 13:45:23.360,431.8152951888088,103
2024-09-20 13:45:23.432,431.81220612343947,98
2024-09-20 13:45:23.432,431.8196622124558,95
2024-09-20 13:45:23.463,431.78874393218376,14
2024-09-20 13:45:23.528,431.817076744856,1001
2024-09-20 13:45:23.529,431.83813373646,996
2024-09-20 13:45:23.566,431.80068807581785,996
2024-09-20 13:45:23.634,431.8173343874772,105
2024-09-20 13:45:23.657,431.8136445516687,95
2024-09-20 13:45:23.734,431.8066768540572,7
2024-09-20 13:45:23.739,431.83058044645145,98
2024-09-20 13:45:23.795,431.81684416582686,8
2024-09-20 13:45:23.848,431.8127746953203,1003
2024-09-20 13:45:23.848,431.84499611754177,6
2024-09-20 13:45:23.891,431.8022694737946,104
2024-09-20 13:45:23.972,431.78972158133513,995
2024-09-20 13:45:23.986,431.8235531396178,1001
2024-09-20 13:45:23.995,431.7854816364911,103
2024-09-20 13:45:24.036,431.8103238637405,13
2024-09-20 13:45:24.227,431.7591975324015,101
2024-09-20 13:45:24.236,431.7429083612704,13
2024-09-20 13:45:24.274,431.8290903975455,10
2024-09-20 13:45:24.312,431.84056035552805,102
2024-09-20 13:45:24.359,431.8075135651257,995
2024-09-20 13:45:24.393,431.7671422100184,1003
2024-09-20 13:45:24.442,431.7804087293149,10
2024-09-20 13:45:24.457,431.8175509529841,96
2024-09-20 13:45:24.511,431.7955164374455,10
2024-09-20 13:45:24.511,431.826494327152,997
2024-09-20 13:45:24.561,431.8384370515721,12
2024-09-20 13:45:24.612,431.7652497264542,14
2024-09-20 13:45:24.648,431.8399320503282,1005
2024-09-20 13:45:24.727,431.8156595628226,13
2024-09-20 13:45:24.764,431.8253013070224,997
2024-09-20 13:45:24.942,431.83118118620536,10
2024-09-20 13:45:24.948,431.8067090827886,103
2024-09-20 13:45:24.996,431.770520939002,1001
2024-09-20 13:45:25.068,431.7338798805332,99
2024-09-20 13:45:25.423,431.7302063846754,15
2024-09-20 13:45:25.773,431.72402937201184,997
2024-09-20 13:45:26.241,431.7393098380159,96
2024-09-20 13:45:26.630,431.72508086720273,996
2024-09-20 13:45:27.195,431.72661821312965,1002
2024-09-20 13:45:27.405,431.73555246089234,8
2024-09-20 13:45:27.455,431.7135053274105,102
2024-09-20 13:45:27.668,431.7330629793696,8
2024-09-20 13:45:27.672,431.7146233659556,14
2024-09-20 13:45:27.673,431.6976535141648,995
2024-09-20 13:45:27.704,431.7244326810911,1002
2024-09-20 13:45:27.747,431.7253320979837,105
2024-09-20 13:45:27.747,431.7048317372775,104
2024-09-20 13:45:27.832,431.7408061246255,1005
2024-09-20 13:45:27.932,431.71387498945785,1002
2024-09-20 13:45:28.052,431.7183363347704,10
2024-09-20 13:45:28.187,431.719750227228,997
2024-09-20 13:45:28.360,431.7388599102731,100
2024-09-20 13:45:28.449,431.7384212915153,102
2024-09-20 13:45:28.536,431.7384200747016,11
2024-09-20 13:45:28.680,431.7421345550522,98
2024-09-20 13:45:28.797,431.742439460422,995
2024-09-20 13:45:28.814,431.7539687246693,995
2024-09-20 13:45:29.022,431.70730075399024,999
2024-09-20 13:45:29.046,431.74623806884114,7
2024-09-20 13:45:29.253,431.7173808522349,12
2024-09-20 13:45:29.450,431.7245321049674,8
2024-09-20 13:45:29.489,431.7135112419649,102
2024-09-20 13:45:29.498,431.7296556455037,7
2024-09-20 13:45:29.641,431.6906058685537,7
2024-09-20 13:45:29.659,431.7377983557837,98
2024-09-20 13:45:29.747,431.7050509227637,7
2024-09-20 13:45:30.166,431.6577243208183,10
2024-09-20 13:45:30.273,431.6683283273952,103
2024-09-20 13:45:30.586,431.6363600990968,95
2024-09-20 13:45:30.635,431.681642088042,9
2024-09-20 13:45:30.738,431.66169625304985,105
2024-09-20 13:45:30.813,431.664889790517,998
2024-09-20 13:45:30.833,431.67820176461913,996
2024-09-20 13:45:30.907,431.6383743599537,12
2024-09-20 13:45:30.914,431.6818502494341,1005
2024-09-20 13:45:30.950,431.6958545569853,99
2024-09-20 13:45:31.008,431.6630040428839,999
2024-09-20 13:45:31.123,431.6731570908548,1005
2024-09-20 13:45:31.216,431.6651666819855,997
2024-09-20 13:45:31.247,431.6376120773405,14
2024-09-20 13:45:31.319,431.6584321188095,1003
2024-09-20 13:45:31.436,431.6641644735691,97
2024-09-20 13:45:31.458,431.6438233102364,99
2024-09-20 13:45:31.666,431.6648057753508,98
2024-09-20 13:45:31.673,431.65505456955145,96
2024-09-20 13:45:31.735,431.6322499474385,995
2024-09-20 13:45:31.739,431.6706760470687,11
2024-09-20 13:45:31.779,431.6337283957322,10
2024-09-20 13:45:31.787,431.6777182793109,8
2024-09-20 13:45:31.801,431.6537685625577,105
2024-09-20 13:45:31.845,431.6730543290063,1001
2024-09-20 13:45:32.023,431.6751594543379,8
2024-09-20 13:45:32.050,431.64161306242215,97
2024-09-20 13:45:32.061,431.6523704791919,996
2024-09-20 13:45:32.074,431.664645970611,8
2024-09-20 13:45:32.085,431.6707263721104,105
2024-09-20 13:45:32.134,431.6478426647998,6
2024-09-20 13:45:32.172,431.6779104673203,98
2024-09-20 13:45:32.177,431.67392777894617,96
2024-09-20 13:45:32.204,431.65304637536366,995
2024-09-20 13:45:32.329,431.6558253286733,98
2024-09-20 13:45:32.332,43.166174292262426,9
2024-09-20 13:45:32.341,431.65550974705377,6
2024-09-20 13:45:32.378,431.65143425427897,99
2024-09-20 13:45:32.440,431.6655956497872,11
2024-09-20 13:45:32.463,431.669234659168,8
2024-09-20 13:45:32.475,431.6809980479904,15
2024-09-20 13:45:32.483,431.6770332063168,100
2024-09-20 13:45:32.561,431.6871436607723,995
2024-09-20 13:45:32.577,431.6743083886199,5
2024-09-20 13:45:32.634,431.6740025611806,1004
2024-09-20 13:45:32.667,431.677330103738,7
2024-09-20 13:45:32.679,431.6851156021735,104
2024-09-20 13:45:32.692,431.6714682091727,15
2024-09-20 13:45:32.761,431.65490619647176,1001
2024-09-20 13:45:32.778,-431.69153910627017,10
2024-09-20 13:45:32.883,431.6561154872601,10
2024-09-20 13:45:32.962,431.6346837705746,7
2024-09-20 13:45:32.963,431.66268728494754,995
2024-09-20 13:45:33.064,431.62189227910767,10
2024-09-20 13:45:33.064,431.6620304152872,103
2024-09-20 13:45:33.109,431.6857678094829,1003
2024-09-20 13:45:33.130,431.65125210938487,5
2024-09-20 13:45:33.154,431.6266493869496,7
2024-09-20 13:45:33.194,431.683792121278,1005
2024-09-20 13:45:33.246,431.6250723825895,103
2024-09-20 13:45:33.299,431.6532097273727,101
2024-09-20 13:45:33.315,431.6972757616654,999
2024-09-20 13:45:33.381,431.6219116309413,1001
2024-09-20 13:45:33.458,431.6402394208129,995
2024-09-20 13:45:33.468,431.6785098694446,7
2024-09-20 13:45:33.501,431.7019390534589,998
2024-09-20 13:45:33.555,431.63842668160567,97
2024-09-20 13:45:33.579,431.6361467796126,101
2024-09-20 13:45:33.581,431.65133346817504,9
2024-09-20 13:45:33.609,431.6416462643033,998
2024-09-20 13:45:33.637,431.6179696609,997
2024-09-20 13:45:33.648,431.6652408572477,14
2024-09-20 13:45:33.722,431.6522304158772,1003
2024-09-20 13:45:33.739,431.6503666793683,98
2024-09-20 13:45:33.748,431.6393758759404,1005
2024-09-20 13:45:33.748,431.6986667011663,104
2024-09-20 13:45:33.786,431.624090369248,103
2024-09-20 13:45:33.826,431.6578134800676,1001
2024-09-20 13:45:33.858,431.6355932014377,95
2024-09-20 13:45:33.927,431.64759519925497,12
2024-09-20 13:45:33.958,431.6727979720637,1002
2024-09-20 13:45:33.980,431.6419167024482,99
2024-09-20 13:45:33.998,431.6690054811343,12
2024-09-20 13:45:34.155,431.67823721447365,1002
2024-09-20 13:45:34.201,431.7066142174439,97
2024-09-20 13:45:34.410,431.6986945653004,101
2024-09-20 13:45:34.488,431.6984905507163,996
2024-09-20 13:45:34.504,431.6542182283861,1001
2024-09-20 13:45:34.544,431.6853754812478,105
2024-09-20 13:45:34.594,431.651149560264,6
2024-09-20 13:45:34.658,431.6836473958523,1005
2024-09-20 13:45:34.686,431.6411926823298,6
2024-09-20 13:45:34.794,431.6415533623583,1001
2024-09-20 13:45:35.007,,96
2024-09-20 13:45:35.058,431.6163138613445,1005
2024-09-20 13:45:35.061,431.6250848955404,11
2024-09-20 13:45:35.241,431.6420934959549,95
2024-09-20 13:45:35.266,431.6451465160775,15
2024-09-20 13:45:35.269,431.64899114611546,995
2024-09-20 13:45:35.273,431.65049800579806,13
2024-09-20 13:45:35.337,431.6168918827156,999
2024-09-20 13:45:35.366,431.6673703185704,104
2024-09-20 13:45:35.551,431.64387663562144,6
2024-09-20 13:45:35.557,431.6699801078087,1005
2024-09-20 13:45:35.574,431.64498647637873,1001
2024-09-20 13:45:35.671,431.6658546077554,101
2024-09-20 13:45:35.694,431.61633675075615,102
2024-09-20 13:45:35.740,431.6422100110236,101
2024-09-20 13:45:35.820,431.61579707400887,15
2024-09-20 13:45:35.934,431.6177953202287,5
2024-09-20 13:45:35.935,431.637326229223,1002
2024-09-20 13:45:35.935,431.6144076812122,100
2024-09-20 13:45:35.938,431.6256151903526,98
2024-09-20 13:45:36.081,431.59498396619983,997
2024-09-20 13:45:36.099,431.5941198927346,1001
2024-09-20 13:45:36.546,431.59701070701936,15
2024-09-20 13:45:36.671,431.5968964979646,10
2024-09-20 13:45:36.697,43.16157783570783,14
2024-09-20 13:45:36.775,431.5911261964813,100
2024-09-20 13:45:36.798,431.5827257866996,999
2024-09-20 13:45:37.093,431.6217261786557,10
2024-09-20 13:45:37.167,431.5896970904328,996
2024-09-20 13:45:37.206,431.6017010336161,10
2024-09-20 13:45:37.243,431.6038638539422,8
2024-09-20 13:45:37.330,431.6111574372138,12
2024-09-20 13:45:37.350,431.5975767918617,996
2024-09-20 13:45:37.399,431.6039391710982,95
2024-09-20 13:45:37.617,431.5826179528973,1003
2024-09-20 13:45:37.714,431.5938335603648,1002
2024-09-20 13:45:37.716,431.5987631923453,5
2024-09-20 13:45:37.793,431.594751776248,101
2024-09-20 13:45:37.795,431.60537659184587,8
2024-09-20 13:45:37.840,431.6188089756287,12
2024-09-20 13:45:38.732,431.6034245219517,15
2024-09-20 13:45:39.022,431.66375767233177,999
2024-09-20 13:45:39.131,431.65598020673946,105
2024-09-20 13:45:39.146,431.66409072820136,998
2024-09-20 13:45:39.173,431.62042490171103,97
2024-09-20 13:45:39.202,431.6655280557043,995
2024-09-20 13:45:39.205,431.65702704017474,8
2024-09-20 13:45:39.244,431.6622567100681,15
2024-09-20 13:45:39.298,431.6887628473837,1003
2024-09-20 13:45:39.303,431.65106271542805,1000
2024-09-20 13:45:39.349,431.6635849447483,12
2024-09-20 13:45:39.378,431.6845412225045,1000
2024-09-20 13:45:39.401,431.679523419976,13
2024-09-20 13:45:39.430,431.6623444503837,98
2024-09-20 13:45:39.452,431.6759637675754,8
2024-09-20 13:45:39.471,431.66556875700206,12
2024-09-20 13:45:39.522,431.67733502413535,997
2024-09-20 13:45:39.550,431.605614457868,12
2024-09-20 13:45:39.560,431.6667659200062,101
2024-09-20 13:45:39.579,431.65659799331263,1000
2024-09-20 13:45:39.628,431.6710811315364,14
2024-09-20 13:45:39.629,431.68545871852007,97
2024-09-20 13:45:39.722,431.675230039806,9
2024-09-20 13:45:39.726,431.66163728117806,6
2024-09-20 13:45:39.741,431.667656885196,95
2024-09-20 13:45:39.829,431.6322267749128,9
2024-09-20 13:45:39.845,431.6608894128209,11
2024-09-20 13:45:39.848,431.6852186465264,8
2024-09-20 13:45:39.885,431.67325048701946,997
2024-09-20 13:45:39.921,431.6773060226097,1004
2024-09-20 13:45:39.984,431.6465688016046,999
2024-09-20 13:45:40.518,431.6676577928346,12
2024-09-20 13:45:40.541,431.65312914849767,12
2024-09-20 13:45:40.627,431.6667767840896,1002
2024-09-20 13:45:41.048,431.6314356250421,105
2024-09-20 13:45:41.188,431.6569020370961,97
2024-09-20 13:45:41.259,431.63835680904526,1001
2024-09-20 13:45:41.298,431.617174540311,999
2024-09-20 13:45:41.389,431.660234036434,1003
2024-09-20 13:45:41.462,431.6268151639145,998
2024-09-20 13:45:41.480,431.6106065305506,98
2024-09-20 13:45:41.609,431.6377206759294,5
2024-09-20 13:45:41.769,431.6068154800692,97
2024-09-20 13:45:41.845,431.653984960494,995
2024-09-20 13:45:41.866,431.620780351309,99
2024-09-20 13:45:41.869,431.6572679342725,8
2024-09-20 13:45:41.886,431.615103056584,15
2024-09-20 13:45:41.944,431.61076089032144,6
2024-09-20 13:45:42.018,431.6423615616542,97
2024-09-20 13:45:42.039,431.6198006777182,996
2024-09-20 13:45:42.068,431.6091340439221,101
2024-09-20 13:45:42.206,431.6517494118552,13
2024-09-20 13:45:42.237,431.6342822337129,10
2024-09-20 13:45:42.375,431.653739697442,998
2024-09-20 13:45:42.433,431.6120199570225,1005
2024-09-20 13:45:42.472,431.5813154074051,97
2024-09-20 13:45:42.533,431.6552418952381,14
2024-09-20 13:45:42.539,431.6158419546231,6
2024-09-20 13:45:42.602,431.60601697804174,1001
2024-09-20 13:45:42.603,,104
2024-09-20 13:45:42.626,431.6271684059757,997
2024-09-20 13:45:42.634,431.5933438402969,999
2024-09-20 13:45:42.843,431.61038507505566,9
2024-09-20 13:45:42.926,431.6045900981171,10
2024-09-20 13:45:42.932,431.60764906357656,101
2024-09-20 13:45:43.012,431.64249171445374,10
2024-09-20 13:45:43.050,431.6401405568516,99
2024-09-20 13:45:43.128,431.6517016260558,1003
2024-09-20 13:45:43.302,431.6364172317452,104
2024-09-20 13:45:43.355,431.63895085160135,998
2024-09-20 13:45:43.381,431.6591287603263,12
2024-09-20 13:45:43.459,431.6415552215526,99
2024-09-20 13:45:43.615,431.65054435427993,1002
2024-09-20 13:45:43.698,431.65553020373335,995
2024-09-20 13:45:43.845,431.6554073564734,999
2024-09-20 13:45:44.043,431.5928568996072,103
2024-09-20 13:45:44.144,431.6210211734005,1005
2024-09-20 13:45:44.156,431.64868850420766,103
2024-09-20 13:45:44.183,431.60996559639375,1004
2024-09-20 13:45:44.215,431.5826041071983,10
2024-09-20 13:45:44.230,431.615646040001,8
2024-09-20 13:45:44.269,431.62545925707377,10
2024-09-20 13:45:44.299,431.6260102634907,1000
2024-09-20 13:45:44.348,431.5990720109244,1001
2024-09-20 13:45:44.411,431.59624773040633,105
2024-09-20 13:45:44.434,431.5925407955469,101
2024-09-20 13:45:44.548,431.6397141641589,9
2024-09-20 13:45:44.570,431.6325538303676,999
2024-09-20 13:45:44.596,431.59019875199664,13
2024-09-20 13:45:44.657,431.5990318967582,105
2024-09-20 13:45:44.688,431.6165916690416,10
2024-09-20 13:45:44.718,431.5927112006248,1002
2024-09-20 13:45:44.719,431.63078111656137,96
2024-09-20 13:45:44.724,431.60410752556345,6
2024-09-20 13:45:44.729,431.6329220889016,12
2024-09-20 13:45:44.807,431.6193605013445,12
2024-09-20 13:45:44.824,431.6425591016391,100
2024-09-20 13:45:44.850,431.6310514046762,997
2024-09-20 13:45:44.874,431.6491528998705,6
2024-09-20 13:45:44.950,431.6211839527885,101
2024-09-20 13:45:44.952,431.6433442004628,997
2024-09-20 13:45:45.004,431.61836896891737,9
2024-09-20 13:45:45.087,431.580831535598,95
2024-09-20 13:45:45.146,431.6078540336211,995
2024-09-20 13:45:45.149,431.6156204508266,12
2024-09-20 13:45:45.197,431.6200791409774,1002
2024-09-20 13:45:45.407,431.6231689333088,15
2024-09-20 13:45:45.459,431.5908057305742,7
2024-09-20 13:45:45.480,431.5997244712563,15
2024-09-20 13:45:45.532,431.6085504987042,1001
2024-09-20 13:45:45.540,431.61922562471767,101
2024-09-20 13:45:45.550,431.5965108853725,8
2024-09-20 13:45:45.591,431.61100477858025,5
2024-09-20 13:45:45.627,431.6211242972408,997
2024-09-20 13:45:45.641,431.6085568211735,105
2024-09-20 13:45:45.657,431.6091600264497,5
2024-09-20 13:45:45.793,431.5936286252967,998
2024-09-20 13:45:45.810,431.63196077141697,1004
2024-09-20 13:45:45.962,431.6410416648943,1002
2024-09-20 13:45:46.016,431.6243953935037,999
2024-09-20 13:45:46.103,431.63527177261216,104
2024-09-20 13:45:46.127,431.59716408012207,15
2024-09-20 13:45:46.180,431.6077801245246,998
2024-09-20 13:45:46.217,431.6153778321713,102
2024-09-20 13:45:46.234,431.62630106596725,97
2024-09-20 13:45:46.256,431.6079860593658,995
2024-09-20 13:45:46.269,43.160250080040456,96
2024-09-20 13:45:46.328,431.62832668677765,1001
2024-09-20 13:45:46.376,431.63446419746793,105
2024-09-20 13:45:46.546,431.6104541693374,1002
2024-09-20 13:45:46.564,431.6125290239575,996
2024-09-20 13:45:46.598,431.60375992317057,5
2024-09-20 13:45:46.679,431.6057493126728,996
2024-09-20 13:45:46.743,431.61982396675927,101
2024-09-20 13:45:46.814,431.6058578145913,97
2024-09-20 13:45:46.984,431.6223172037192,104
2024-09-20 13:45:47.318,431.6230186329253,98
2024-09-20 13:45:47.376,431.64559770034674,5
2024-09-20 13:45:47.411,431.6162169733798,97
2024-09-20 13:45:47.620,431.6238826975941,10
2024-09-20 13:45:47.631,431.5983483413209,998
2024-09-20 13:45:47.855,431.61994031645656,101
2024-09-20 13:45:47.916,431.62149309866334,95
2024-09-20 13:45:47.993,431.6297398647556,15
2024-09-20 13:45:48.092,431.59153383863816,101
2024-09-20 13:45:48.272,431.6079327703675,10
2024-09-20 13:45:48.286,431.6023688221198,95
2024-09-20 13:45:48.324,431.5828806063301,8
2024-09-20 13:45:48.345,431.6155082582531,998
2024-09-20 13:45:48.424,431.6178681116039,998
2024-09-20 13:45:48.455,431.57458276944817,104
2024-09-20 13:45:48.480,431.6197522592899,13
2024-09-20 13:45:48.481,431.6274956211854,103
2024-09-20 13:45:48.504,431.5920837407912,10
2024-09-20 13:45:48.546,431.6192299632222,96
2024-09-20 13:45:48.555,431.619190474142,12
2024-09-20 13:45:48.558,431.5892016544304,6
2024-09-20 13:45:48.559,431.5884897064778,5
2024-09-20 13:45:48.575,431.6082317255778,103
2024-09-20 13:45:48.598,431.5994393793588,996
2024-09-20 13:45:48.628,431.6173493861061,8
2024-09-20 13:45:48.701,431.6264393970046,104
2024-09-20 13:45:48.773,431.6042231651915,9
2024-09-20 13:45:48.777,431.6070796267588,96
2024-09-20 13:45:48.856,431.6136826004585,5
2024-09-20 13:45:48.858,431.6012865275309,12
2024-09-20 13:45:48.861,431.5919987205494,13
2024-09-20 13:45:48.978,431.5945878757996,15
2024-09-20 13:45:49.040,431.65353550503846,12
2024-09-20 13:45:49.098,431.6514293247808,96
2024-09-20 13:45:49.156,431.6411841145152,102
2024-09-20 13:45:49.257,431.6236705729296,99
2024-09-20 13:45:49.276,431.64015203456967,5
2024-09-20 13:45:49.277,431.6361723948062,97
2024-09-20 13:45:49.328,431.6744020796871,9
2024-09-20 13:45:49.332,431.62833590795,103
2024-09-20 13:45:49.339,431.66210516366255,995
2024-09-20 13:45:49.390,431.6229528307885,12
2024-09-20 13:45:49.410,431.64546501509005,13
2024-09-20 13:45:49.431,431.6741757132756,1002
2024-09-20 13:45:49.483,431.6799412057175,8
2024-09-20 13:45:49.569,431.66041664903776,7
2024-09-20 13:45:49.571,431.64061103622,11
2024-09-20 13:45:49.587,431.66736183993225,104
2024-09-20 13:45:49.595,431.6071791863761,995
2024-09-20 13:45:49.668,431.6622974410736,99
2024-09-20 13:45:49.744,431.6640963479495,11
2024-09-20 13:45:49.883,431.6437778951062,105
2024-09-20 13:45:49.933,431.60789095530185,1002
2024-09-20 13:45:50.003,431.6424939487516,7
2024-09-20 13:45:50.016,431.6471633050444,997
2024-09-20 13:45:50.019,431.6596867224358,103
2024-09-20 13:45:50.042,431.65456694428974,1000
2024-09-20 13:45:50.066,431.6729712746129,96
2024-09-20 13:45:50.202,431.6267852087549,99
2024-09-20 13:45:50.288,431.6007142289664,1001
2024-09-20 13:45:50.308,431.6211583043018,8
2024-09-20 13:45:50.350,431.6486452720426,997
2024-09-20 13:45:50.359,431.6276771650069,95
2024-09-20 13:45:50.416,431.6660231637396,102
2024-09-20 13:45:50.420,431.6655588065302,11
2024-09-20 13:45:50.422,431.6339642826765,11
2024-09-20 13:45:50.566,431.66368123532055,15
2024-09-20 13:45:50.590,431.65166718890913,105
2024-09-20 13:45:50.598,431.6362896597496,104
2024-09-20 13:45:50.618,431.6475224213827,9
2024-09-20 13:45:50.618,431.6215900865377,5
2024-09-20 13:45:50.680,431.6597819306852,5
2024-09-20 13:45:50.702,431.6516069820785,105
2024-09-20 13:45:50.716,431.6263092485097,1000
2024-09-20 13:45:50.724,431.6488605543852,1002
2024-09-20 13:45:50.764,431.6458782176418,1005
2024-09-20 13:45:50.857,431.6544950444133,996
2024-09-20 13:45:50.867,431.6506327588185,1003
2024-09-20 13:45:50.929,431.6486458570656,101
2024-09-20 13:45:50.975,431.6618166918401,14
2024-09-20 13:45:51.087,431.6513823582748,1003
2024-09-20 13:45:51.158,431.6274834202886,10
2024-09-20 13:45:51.174,431.635566410591,9
2024-09-20 13:45:51.229,431.6607763146874,1005
2024-09-20 13:45:51.234,431.6851605084718,10
2024-09-20 13:45:51.269,431.6633956356863,99
2024-09-20 13:45:51.320,431.66977283770126,9
2024-09-20 13:45:51.362,431.6401522243959,10
2024-09-20 13:45:51.377,431.6349168402144,101
2024-09-20 13:45:51.409,431.6650155031065,105
2024-09-20 13:45:51.450,431.6801123077586,1002
2024-09-20 13:45:51.482,431.635238258262,1001
2024-09-20 13:45:51.551,431.6659303761674,14
2024-09-20 13:45:51.552,431.6490863805232,999
2024-09-20 13:45:51.580,431.66463668839936,999
2024-09-20 13:45:51.621,431.63470426870623,13
2024-09-20 13:45:51.625,431.672685961596,1002
2024-09-20 13:45:51.643,431.64382253125285,15
2024-09-20 13:45:51.658,431.6528057876357,105
2024-09-20 13:45:51.856,431.6458305683567,99
2024-09-20 13:45:51.973,431.64054127050633,10
2024-09-20 13:45:51.982,431.6357542545222,10
2024-09-20 13:45:52.004,431.58803032966256,97
2024-09-20 13:45:52.021,431.6382698260058,103
2024-09-20 13:45:52.097,431.5871205698731,99
2024-09-20 13:45:52.107,431.6230834249197,97
2024-09-20 13:45:52.116,431.66737869182,1005
2024-09-20 13:45:52.217,431.5867247668738,105
2024-09-20 13:45:52.237,431.5946135875613,105
2024-09-20 13:45:52.278,431.6186754360392,102
2024-09-20 13:45:52.295,431.58703880875953,104
2024-09-20 13:45:52.354,431.5631565767284,102
2024-09-20 13:45:52.363,431.5759089935989,9
2024-09-20 13:45:52.425,431.5917990952184,105
2024-09-20 13:45:52.442,431.5563256419412,1002
2024-09-20 13:45:52.462,431.61891945260135,6
2024-09-20 13:45:52.466,431.57964344303855,1005
2024-09-20 13:45:52.497,431.6847913771006,1002
2024-09-20 13:45:52.533,431.6692478795603,104
2024-09-20 13:45:52.579,431.5839524310066,104
2024-09-20 13:45:52.582,431.6707265270471,11
2024-09-20 13:45:52.656,431.5677083736603,99
2024-09-20 13:45:52.736,431.5497440747449,997
2024-09-20 13:45:52.765,431.6334804282215,97
2024-09-20 13:45:52.771,431.65118673828187,104
2024-09-20 13:45:52.773,431.6602368489042,1000
2024-09-20 13:45:52.785,431.647058509515,104
2024-09-20 13:45:52.894,431.6469454826429,96
2024-09-20 13:45:52.914,431.61968738222384,11
2024-09-20 13:45:52.928,431.6568511329836,97
2024-09-20 13:45:52.977,431.5601768743741,95
2024-09-20 13:45:53.208,431.5596211242679,1002
2024-09-20 13:45:53.503,431.5598002199537,10
2024-09-20 13:45:53.709,431.5442024334671,98
2024-09-20 13:45:53.754,431.5734527527812,5
2024-09-20 13:45:54.018,431.6112814984981,5
2024-09-20 13:45:54.269,431.6027123557126,1000
2024-09-20 13:45:54.621,431.6215735504133,98
2024-09-20 13:45:54.646,431.6129627465646,11
2024-09-20 13:45:54.657,431.6304335820855,11
2024-09-20 13:45:54.681,431.6071996316927,97
2024-09-20 13:45:54.846,431.6087989185231,95
2024-09-20 13:45:54.860,43.16265783231589,995
2024-09-20 13:45:54.939,431.6230753392831,102
2024-09-20 13:45:55.017,431.5333814683208,1000
2024-09-20 13:45:55.056,431.5505554806589,96
2024-09-20 13:45:55.071,431.55586262145255,1001
2024-09-20 13:45:55.252,431.5679812939746,1004
2024-09-20 13:45:55.291,431.5394155639765,13
2024-09-20 13:45:55.345,431.53402754643486,6
2024-09-20 13:45:55.427,431.59432389977104,1004
2024-09-20 13:45:55.497,431.5494959433908,6
2024-09-20 13:45:55.544,431.5532809708436,999
2024-09-20 13:45:55.589,431.5402242881773,998
2024-09-20 13:45:55.624,431.5890755136736,1002
2024-09-20 13:45:55.707,431.5324988193408,995
2024-09-20 13:45:55.743,431.5655646209748,997
2024-09-20 13:45:55.813,431.536452796116,1005
2024-09-20 13:45:55.895,431.5762412290108,95
2024-09-20 13:45:55.974,431.55412438142525,97
2024-09-20 13:45:56.000,431.5730803729724,99
2024-09-20 13:45:56.023,431.5856077166008,103
2024-09-20 13:45:56.037,431.5578030534372,1003
2024-09-20 13:45:56.273,431.6015017982905,103
2024-09-20 13:45:56.308,431.5962893667408,102
2024-09-20 13:45:56.312,431.5792946395933,5
2024-09-20 13:45:56.325,431.6081089496253,96
2024-09-20 13:45:56.352,431.5704456934705,15
2024-09-20 13:45:56.361,431.5316682510804,5
2024-09-20 13:45:56.411,431.5385272896064,95
2024-09-20 13:45:56.418,431.6018339615242,95
2024-09-20 13:45:56.465,431.5713699462407,1000
2024-09-20 13:45:56.689,431.5968330432818,8
2024-09-20 13:45:56.700,431.5437944035608,11
2024-09-20 13:45:56.883,431.52514543503065,103
2024-09-20 13:45:56.917,431.54343510679536,13
2024-09-20 13:45:56.917,431.5834258306672,6
2024-09-20 13:45:56.928,431.5928704734818,999
2024-09-20 13:45:56.983,-431.59560780810193,99
2024-09-20 13:45:57.080,431.6133065956862,14
2024-09-20 13:45:57.284,431.5967369278948,8
2024-09-20 13:45:57.352,431.6427534424046,103
2024-09-20 13:45:57.444,431.62256147498266,11
2024-09-20 13:45:57.503,431.6071241372806,9
2024-09-20 13:45:57.507,431.6367627759395,105
2024-09-20 13:45:57.577,431.6344698211341,9
2024-09-20 13:45:57.734,431.6094213113524,998
2024-09-20 13:45:57.757,431.6226722779908,13
2024-09-20 13:45:57.851,431.6213842151577,13
2024-09-20 13:45:57.856,431.62203295885774,97
2024-09-20 13:45:57.937,431.6445367324209,103
2024-09-20 13:45:58.130,431.59440561473065,98
2024-09-20 13:45:58.475,431.6005822771197,7
2024-09-20 13:45:58.860,431.5874164802916,15
2024-09-20 13:45:59.032,431.55673638165314,105
2024-09-20 13:45:59.072,431.6332288876872,95
2024-09-20 13:45:59.089,431.62828023282736,1004
2024-09-20 13:45:59.113,431.6391278213519,1001
2024-09-20 13:45:59.174,431.64875289790496,102
2024-09-20 13:45:59.181,431.609055123999,1004
2024-09-20 13:45:59.190,431.6580987737382,100
2024-09-20 13:45:59.267,431.55322424570863,999
2024-09-20 13:45:59.320,431.6422747634979,10
2024-09-20 13:45:59.333,431.60965915162456,6
2024-09-20 13:45:59.377,431.5647997265528,8
2024-09-20 13:45:59.400,431.5987677744874,996
2024-09-20 13:45:59.452,431.6198461610731,5
2024-09-20 13:45:59.465,431.6268365973056,1002
2024-09-20 13:45:59.495,431.5699147432287,11
2024-09-20 13:45:59.561,431.5952853039615,997
2024-09-20 13:45:59.584,431.6268581810775,99
2024-09-20 13:45:59.634,431.6175784158962,999
2024-09-20 13:45:59.743,431.62331494300327,97
2024-09-20 13:45:59.787,431.63266911641495,13
2024-09-20 13:45:59.845,431.633085176409,1003
2024-09-20 13:45:59.882,431.6237044073656,6
2024-09-20 13:45:59.883,431.6538629074693,1001
2024-09-20 13:45:59.913,431.6145552533138,11
2024-09-20 13:45:59.923,431.5849741486825,103
2024-09-20 13:45:59.993,431.6220643400052,99
2024-09-20 13:45:59.995,431.6187388908178,1005
