Timestamp,Price,Size
2024-09-16 12:37:01.025,416.4400817692063,11
2024-09-16 12:37:01.042,416.4560347670033,1001
2024-09-16 12:37:01.050,416.452965139365,102
2024-09-16 12:37:01.056,416.4714399307499,1004
2024-09-16 12:37:01.083,416.4499202618544,9
2024-09-16 12:37:01.224,416.4770331014308,103
2024-09-16 12:37:01.246,-416.50266908855775,100
2024-09-16 12:37:01.248,,997
2024-09-16 12:37:01.479,416.4617604628658,101
2024-09-16 12:37:01.532,416.46542309971744,15
2024-09-16 12:37:01.542,416.52046846457887,997
2024-09-16 12:37:01.543,416.4416014224682,996
2024-09-16 12:37:01.550,416.455147138557,997
2024-09-16 12:37:01.590,416.4600496397746,10
2024-09-16 12:37:01.599,416.5155732114066,103
2024-09-16 12:37:01.603,416.4974486760502,100
2024-09-16 12:37:01.613,416.4521481550013,1003
2024-09-16 12:37:01.626,416.5015619157272,99
2024-09-16 12:37:01.646,416.4519086426111,1001
2024-09-16 12:37:01.673,416.4692434457077,97
2024-09-16 12:37:01.685,416.46839216050273,1005
2024-09-16 12:37:01.758,416.467528529043,100
2024-09-16 12:37:01.863,416.4610386268714,99
2024-09-16 12:37:01.880,,1001
2024-09-16 12:37:01.923,416.45203716613526,1004
2024-09-16 12:37:01.932,416.4566426345031,97
2024-09-16 12:37:02.171,416.4669146937443,96
2024-09-16 12:37:02.209,416.4815572081941,7
2024-09-16 12:37:02.279,416.4567159357833,1005
2024-09-16 12:37:02.311,,998
2024-09-16 12:37:02.377,416.493005471817,1003
2024-09-16 12:37:02.381,416.4629691129746,9
2024-09-16 12:37:02.511,416.4982039536047,105
2024-09-16 12:37:02.606,416.4663188075836,105
2024-09-16 12:37:02.702,416.4538972333242,999
2024-09-16 12:37:02.738,416.4540308805607,9
2024-09-16 12:37:02.787,416.4866149730488,95
2024-09-16 12:37:02.801,416.4722240114119,12
2024-09-16 12:37:02.821,416.4773309871538,96
2024-09-16 12:37:02.849,416.4695542298898,1001
2024-09-16 12:37:02.863,416.4643356912188,999
2024-09-16 12:37:02.880,416.50123306781376,1004
2024-09-16 12:37:02.918,416.46836675809607,1002
2024-09-16 12:37:02.925,416.47713075234856,1002
2024-09-16 12:37:02.987,416.4630752533093,1004
2024-09-16 12:37:03.060,416.511427612662,995
2024-09-16 12:37:03.146,416.5084262478336,1000
2024-09-16 12:37:03.282,416.5077711934868,1004
2024-09-16 12:37:03.408,416.5258747578937,1000
2024-09-16 12:37:04.086,,1004
2024-09-16 12:37:04.125,-416.5135385292498,103
2024-09-16 12:37:04.216,416.47611585763417,105
2024-09-16 12:37:04.340,416.4919962035697,102
2024-09-16 12:37:04.469,416.47347927796807,1000
2024-09-16 12:37:04.524,416.5035478638858,97
2024-09-16 12:37:04.730,416.4937767392558,98
2024-09-16 12:37:05.014,416.4562326437924,9
2024-09-16 12:37:05.364,416.4826823875802,7
2024-09-16 12:37:05.405,416.4502771631509,97
2024-09-16 12:37:05.503,416.4779427121332,105
2024-09-16 12:37:05.646,416.47473742886666,14
2024-09-16 12:37:05.679,416.4692491484981,999
2024-09-16 12:37:05.688,416.4841512477584,10
2024-09-16 12:37:05.692,416.4713852081374,1000
2024-09-16 12:37:05.911,416.4634556473946,14
2024-09-16 12:37:05.917,416.4381521506097,9
2024-09-16 12:37:05.967,416.4574727509128,101
2024-09-16 12:37:06.084,416.4571674778477,12
2024-09-16 12:37:07.043,416.4717731712863,102
2024-09-16 12:37:07.090,416.4606360290798,95
2024-09-16 12:37:07.094,416.45846465231136,95
2024-09-16 12:37:07.347,416.4848394698717,996
2024-09-16 12:37:07.546,416.45760221895847,97
2024-09-16 12:37:07.682,416.4918110921756,13
2024-09-16 12:37:07.695,416.440419583504,1004
2024-09-16 12:37:07.792,416.4589179857684,10
2024-09-16 12:37:07.905,416.43685477179486,1003
2024-09-16 12:37:07.917,416.45226412262815,95
2024-09-16 12:37:07.989,416.45574251657126,6
2024-09-16 12:37:08.062,,6
2024-09-16 12:37:08.307,416.4814702772721,100
2024-09-16 12:37:08.617,416.4797773561699,1004
2024-09-16 12:37:08.931,416.4938182330524,100
2024-09-16 12:37:09.001,416.43884046289,9
2024-09-16 12:37:09.008,416.4363309508497,99
2024-09-16 12:37:09.029,416.4440683703061,12
2024-09-16 12:37:09.157,416.45168761958337,1001
2024-09-16 12:37:09.180,416.4433830776821,99
2024-09-16 12:37:09.209,416.4305742336649,1004
2024-09-16 12:37:09.225,416.44103624095055,105
2024-09-16 12:37:09.297,416.4444145378852,15
2024-09-16 12:37:09.488,,996
2024-09-16 12:37:09.548,416.4519257465332,13
2024-09-16 12:37:09.586,416.4211977748612,105
2024-09-16 12:37:09.600,416.4447000486971,105
2024-09-16 12:37:09.628,41.64342602917328,13
2024-09-16 12:37:09.689,416.4388457798737,95
2024-09-16 12:37:09.720,416.4404837695651,100
2024-09-16 12:37:09.763,416.4269551783901,96
2024-09-16 12:37:09.764,416.4505257820637,996
2024-09-16 12:37:09.773,416.4246023430481,6
2024-09-16 12:37:09.799,416.4648084082949,9
2024-09-16 12:37:09.829,416.4443706646456,104
2024-09-16 12:37:09.847,416.4160220409592,102
2024-09-16 12:37:10.063,416.4101601838105,15
2024-09-16 12:37:10.127,416.42387408630304,5
2024-09-16 12:37:10.211,416.4277665029515,101
2024-09-16 12:37:10.874,416.4430236051487,1000
2024-09-16 12:37:11.049,416.51390002211866,96
2024-09-16 12:37:11.092,416.5289139488088,5
2024-09-16 12:37:11.098,416.51700072088414,1004
2024-09-16 12:37:11.127,416.51457214316446,996
2024-09-16 12:37:11.135,416.444185235758,10
2024-09-16 12:37:11.139,416.5246479003551,13
2024-09-16 12:37:11.146,416.5345894259307,97
2024-09-16 12:37:11.186,416.5195025549885,1005
2024-09-16 12:37:11.186,416.5200227263189,997
2024-09-16 12:37:11.189,416.5168628677048,996
2024-09-16 12:37:11.333,416.52049416925945,99
2024-09-16 12:37:11.355,416.4673490925279,11
2024-09-16 12:37:11.422,416.46043813881926,13
2024-09-16 12:37:11.422,416.5223342415596,97
2024-09-16 12:37:11.430,416.5260072597368,998
2024-09-16 12:37:11.438,416.4951176770671,995
2024-09-16 12:37:11.465,416.5231481819049,1002
2024-09-16 12:37:11.490,416.47074950473245,1005
2024-09-16 12:37:11.596,416.4338520950005,102
2024-09-16 12:37:11.617,416.4435959289371,1001
2024-09-16 12:37:11.633,416.5072213405717,1004
2024-09-16 12:37:11.639,416.5260870619603,95
2024-09-16 12:37:11.729,416.4529328182419,996
2024-09-16 12:37:11.779,416.51088292435946,999
2024-09-16 12:37:11.824,416.4808994053322,1001
2024-09-16 12:37:11.868,416.5254097477121,102
2024-09-16 12:37:11.899,416.5097373181106,1004
2024-09-16 12:37:11.900,416.5222022114343,1001
2024-09-16 12:37:11.904,416.5016319321619,99
2024-09-16 12:37:11.952,416.51953660551806,101
2024-09-16 12:37:12.114,416.4955228833021,96
2024-09-16 12:37:12.166,416.4896103967503,997
2024-09-16 12:37:12.173,416.50602116206113,12
2024-09-16 12:37:12.430,416.50697212693234,95
2024-09-16 12:37:12.503,416.4980304355972,999
2024-09-16 12:37:12.648,416.50265952117707,105
2024-09-16 12:37:12.652,416.484807553097,1001
2024-09-16 12:37:12.737,41.65078988781628,1001
2024-09-16 12:37:12.834,416.4997097805174,8
2024-09-16 12:37:12.883,416.48685628620007,11
2024-09-16 12:37:12.918,416.495794700806,1005
2024-09-16 12:37:13.082,-416.5133969415836,999
2024-09-16 12:37:13.316,416.5080963595088,104
2024-09-16 12:37:13.392,416.5166105115088,7
2024-09-16 12:37:13.693,416.5002404369901,995
2024-09-16 12:37:13.713,416.5106598369757,95
2024-09-16 12:37:13.722,416.5338504031292,104
2024-09-16 12:37:13.722,416.5114783559063,1005
2024-09-16 12:37:13.808,416.5124553956605,997
2024-09-16 12:37:14.037,416.4963441780271,1001
2024-09-16 12:37:14.174,416.5178404574979,1005
2024-09-16 12:37:14.345,416.5572209770131,1005
2024-09-16 12:37:14.366,416.54591582303465,9
2024-09-16 12:37:14.409,416.54605911522873,14
2024-09-16 12:37:14.574,416.5267058722059,15
2024-09-16 12:37:14.825,416.52630888531263,101
2024-09-16 12:37:14.877,416.53670201267295,1000
2024-09-16 12:37:14.892,416.54092363991714,1001
2024-09-16 12:37:16.006,416.526550961811,8
2024-09-16 12:37:16.031,416.54231686692185,103
2024-09-16 12:37:16.057,416.5209632030066,1002
2024-09-16 12:37:16.091,416.5711246209258,5
2024-09-16 12:37:16.129,416.5005427884299,5
2024-09-16 12:37:16.181,416.52625221015495,10
2024-09-16 12:37:16.185,416.5418030475203,995
2024-09-16 12:37:16.189,416.5211630517906,100
2024-09-16 12:37:16.261,416.5139746553726,1004
2024-09-16 12:37:16.406,416.5161822722905,1004
2024-09-16 12:37:16.422,416.5701890567448,998
2024-09-16 12:37:16.452,416.5579511368127,102
2024-09-16 12:37:16.489,416.5098206709567,1004
2024-09-16 12:37:16.528,416.5109555536998,996
2024-09-16 12:37:16.533,416.5096433718288,996
2024-09-16 12:37:16.558,416.5056374472997,6
2024-09-16 12:37:16.598,416.49583298869794,998
2024-09-16 12:37:16.630,416.5176367136199,103
2024-09-16 12:37:16.643,416.52379490439824,10
2024-09-16 12:37:16.669,416.56288800726185,1002
2024-09-16 12:37:16.684,416.5630014990848,999
2024-09-16 12:37:16.698,416.5359342376455,12
2024-09-16 12:37:16.799,416.51190124836535,13
2024-09-16 12:37:16.880,416.5571987075288,1004
2024-09-16 12:37:16.887,416.57076630334507,6
2024-09-16 12:37:16.911,416.5450044858931,998
2024-09-16 12:37:16.951,416.5214250530531,1003
2024-09-16 12:37:16.969,416.50886165374817,13
2024-09-16 12:37:16.989,416.5550036129152,7
2024-09-16 12:37:17.609,416.5896960292679,999
2024-09-16 12:37:17.923,416.5751876227266,99
2024-09-16 12:37:18.001,,100
2024-09-16 12:37:18.031,416.4810081847462,105
2024-09-16 12:37:18.037,416.4541541787955,98
2024-09-16 12:37:18.050,416.48888819528696,100
2024-09-16 12:37:18.094,416.53951122433386,999
2024-09-16 12:37:18.146,416.5860664198783,11
2024-09-16 12:37:18.146,416.4976040999783,1000
2024-09-16 12:37:18.187,416.601458765056,101
2024-09-16 12:37:18.216,416.5110315423399,98
2024-09-16 12:37:18.235,416.4722871305023,14
2024-09-16 12:37:18.328,416.525406979625,103
2024-09-16 12:37:18.354,416.5067583656869,6
2024-09-16 12:37:18.383,416.5005709308526,1002
2024-09-16 12:37:18.407,416.540240692872,12
2024-09-16 12:37:18.418,416.5951487977189,98
2024-09-16 12:37:18.480,416.5121133219255,12
2024-09-16 12:37:18.494,416.56788896141535,1001
2024-09-16 12:37:18.508,416.4857062725494,995
2024-09-16 12:37:18.544,416.5747752718128,996
2024-09-16 12:37:18.631,416.48990224800366,105
2024-09-16 12:37:18.671,416.5871823171127,1005
2024-09-16 12:37:18.702,416.5854442216316,1000
2024-09-16 12:37:18.764,416.5014970832576,999
2024-09-16 12:37:18.780,416.5146621530214,998
2024-09-16 12:37:18.813,416.4864428017506,15
2024-09-16 12:37:18.871,416.5798072868031,1000
2024-09-16 12:37:18.912,416.4796860984913,1004
2024-09-16 12:37:18.981,416.476020259093,101
2024-09-16 12:37:18.989,416.4758990900904,97
2024-09-16 12:37:19.039,416.513689533396,98
2024-09-16 12:37:19.044,416.4850611853527,101
2024-09-16 12:37:19.174,416.4823279415704,1002
2024-09-16 12:37:19.230,416.5204568491492,996
2024-09-16 12:37:19.268,416.52570594444336,103
2024-09-16 12:37:19.298,-416.5215856007968,998
2024-09-16 12:37:19.469,416.485693942442,995
2024-09-16 12:37:19.503,416.52177160110494,999
2024-09-16 12:37:19.776,416.51308103706657,1002
2024-09-16 12:37:19.784,416.4997955289226,9
2024-09-16 12:37:19.790,416.5256776672556,996
2024-09-16 12:37:19.841,416.4886290401265,11
2024-09-16 12:37:19.933,416.51473047322094,102
2024-09-16 12:37:19.940,416.5035880122519,998
2024-09-16 12:37:19.941,416.4859902623338,6
2024-09-16 12:37:19.946,416.5161598380032,14
2024-09-16 12:37:20.050,416.48782986583615,101
2024-09-16 12:37:20.124,416.4767853349608,105
2024-09-16 12:37:20.146,416.5282515256786,7
2024-09-16 12:37:20.395,416.4939214893236,5
2024-09-16 12:37:20.421,416.49861777895086,8
2024-09-16 12:37:20.525,416.50654282249394,996
2024-09-16 12:37:20.761,416.5040545756015,100
2024-09-16 12:37:20.798,416.5038041251516,98
2024-09-16 12:37:20.818,416.51603940726807,5
2024-09-16 12:37:20.831,416.50027355359305,102
2024-09-16 12:37:21.037,416.5087407064373,1001
2024-09-16 12:37:21.139,416.505446519709,95
2024-09-16 12:37:21.252,416.5370346402085,7
2024-09-16 12:37:21.291,416.5054117394659,98
2024-09-16 12:37:21.298,-416.5057502610605,8
2024-09-16 12:37:21.318,416.5200826763372,1004
2024-09-16 12:37:21.330,416.50641953453913,103
2024-09-16 12:37:21.352,,97
2024-09-16 12:37:21.357,416.5030882999454,11
2024-09-16 12:37:21.444,416.4881852095996,1003
2024-09-16 12:37:21.469,416.5070449196312,13
2024-09-16 12:37:21.483,416.5069604658987,1005
2024-09-16 12:37:21.545,416.51010281206936,6
2024-09-16 12:37:21.595,416.5288380029537,15
2024-09-16 12:37:21.679,416.4740572379262,14
2024-09-16 12:37:21.736,416.4891942850517,96
2024-09-16 12:37:21.763,416.5164387721195,1004
2024-09-16 12:37:21.812,416.4907411629948,1000
2024-09-16 12:37:21.827,416.48966060112815,1002
2024-09-16 12:37:21.828,416.5348555414575,10
2024-09-16 12:37:21.840,416.4835290080067,10
2024-09-16 12:37:21.881,416.4960805359895,998
2024-09-16 12:37:21.942,416.4943887032937,102
2024-09-16 12:37:21.947,416.5021450148273,1003
2024-09-16 12:37:21.961,416.48573054986673,999
2024-09-16 12:37:21.989,416.5153124904808,98
2024-09-16 12:37:21.994,416.49879991139136,14
2024-09-16 12:37:21.997,416.504836859843,97
2024-09-16 12:37:22.152,416.4799667584433,11
2024-09-16 12:37:22.798,416.4883180245199,13
2024-09-16 12:37:23.003,416.44427139906986,13
2024-09-16 12:37:23.018,416.4785930945842,8
2024-09-16 12:37:23.044,416.45810626288846,1004
2024-09-16 12:37:23.217,416.4518233862516,15
2024-09-16 12:37:23.351,416.4564542035952,13
2024-09-16 12:37:23.356,416.4692033342064,12
2024-09-16 12:37:23.358,,1004
2024-09-16 12:37:23.367,416.50599855743457,103
2024-09-16 12:37:23.376,416.46649858604616,8
2024-09-16 12:37:23.380,416.504260072273,96
2024-09-16 12:37:23.474,416.4716621090586,11
2024-09-16 12:37:23.501,416.46902074384656,9
2024-09-16 12:37:23.521,416.4884851487869,11
2024-09-16 12:37:23.526,416.4801605612553,103
2024-09-16 12:37:23.542,416.46947892583415,996
2024-09-16 12:37:23.581,416.48911889873,1005
2024-09-16 12:37:23.619,416.42641342959,1002
2024-09-16 12:37:23.661,416.4600248116847,102
2024-09-16 12:37:23.745,416.46153134413015,11
2024-09-16 12:37:23.815,416.4672268143317,1003
2024-09-16 12:37:23.821,416.4751135630407,7
2024-09-16 12:37:23.904,416.4940776510227,1003
2024-09-16 12:37:23.905,416.4365923184641,10
2024-09-16 12:37:23.924,416.46845310789695,101
2024-09-16 12:37:23.925,416.499250449379,9
2024-09-16 12:37:24.048,416.363892825992,95
2024-09-16 12:37:24.222,416.4639511435704,8
2024-09-16 12:37:24.230,416.3869075740853,6
2024-09-16 12:37:24.236,416.3719523197928,14
2024-09-16 12:37:24.255,416.46854200322855,15
2024-09-16 12:37:24.331,416.3792013133073,1002
2024-09-16 12:37:24.355,416.474602372745,105
2024-09-16 12:37:24.358,416.3777591398054,13
2024-09-16 12:37:24.376,416.3678855434828,997
2024-09-16 12:37:24.447,416.3540852009405,1005
2024-09-16 12:37:24.523,416.4749770476346,15
2024-09-16 12:37:24.532,416.39038343778697,14
2024-09-16 12:37:24.575,416.3626325533632,13
2024-09-16 12:37:24.622,416.36187148335466,1000
2024-09-16 12:37:24.717,416.42733283461473,100
2024-09-16 12:37:24.724,416.3595998274756,11
2024-09-16 12:37:24.744,416.374802739024,997
2024-09-16 12:37:24.800,416.3651848857776,96
2024-09-16 12:37:24.820,416.3609788775289,104
2024-09-16 12:37:24.843,416.374382783261,1002
2024-09-16 12:37:24.847,416.3569952310903,13
2024-09-16 12:37:24.893,416.4316062304879,14
2024-09-16 12:37:24.903,416.42495504311046,5
2024-09-16 12:37:24.941,416.380340266814,9
2024-09-16 12:37:25.037,416.367298489162,104
2024-09-16 12:37:25.064,416.360239100857,105
2024-09-16 12:37:25.067,416.3893315275608,6
2024-09-16 12:37:25.079,416.37768844923,12
2024-09-16 12:37:25.090,416.3649007748968,1005
2024-09-16 12:37:25.141,416.38865164017903,9
2024-09-16 12:37:25.257,416.3816043025142,5
2024-09-16 12:37:25.318,416.3683343785991,15
2024-09-16 12:37:25.366,416.3824203690487,15
2024-09-16 12:37:25.413,416.36103271785566,101
2024-09-16 12:37:25.467,416.35464144162574,998
2024-09-16 12:37:25.525,416.376467108647,95
2024-09-16 12:37:25.534,416.3908739711447,15
2024-09-16 12:37:25.630,416.3719124317627,105
2024-09-16 12:37:25.649,416.3677233698581,999
2024-09-16 12:37:25.652,416.3650000703848,6
2024-09-16 12:37:25.656,416.3742616139203,7
2024-09-16 12:37:25.676,416.3597081293125,1005
2024-09-16 12:37:25.684,416.3739800486408,9
2024-09-16 12:37:25.690,416.3932813929244,9
2024-09-16 12:37:25.693,416.3590990464164,1000
2024-09-16 12:37:25.704,416.3663966757952,15
2024-09-16 12:37:25.710,416.360486615988,98
2024-09-16 12:37:25.762,416.3704750266515,101
2024-09-16 12:37:25.889,416.3745538619331,101
2024-09-16 12:37:25.905,416.3669404421061,103
2024-09-16 12:37:25.955,416.3934861084379,1005
2024-09-16 12:37:25.974,416.3914591675773,996
2024-09-16 12:37:26.022,416.3605482066234,995
2024-09-16 12:37:26.061,416.3976119884787,1004
2024-09-16 12:37:26.067,416.34534995941135,97
2024-09-16 12:37:26.071,416.3882123626924,9
2024-09-16 12:37:26.189,416.3362322988001,1003
2024-09-16 12:37:26.197,416.3853642180514,5
2024-09-16 12:37:26.263,416.397007121222,11
2024-09-16 12:37:26.265,416.3705298011255,96
2024-09-16 12:37:26.310,416.4243419300535,101
2024-09-16 12:37:26.337,416.3429701045951,15
2024-09-16 12:37:26.356,-416.37554045465833,11
2024-09-16 12:37:26.359,416.39713936201247,1002
2024-09-16 12:37:26.437,416.4163410607141,8
2024-09-16 12:37:26.463,416.37921640607607,6
2024-09-16 12:37:26.598,416.4035855806857,105
2024-09-16 12:37:26.600,416.3857467826962,15
2024-09-16 12:37:26.643,416.3828568813559,8
2024-09-16 12:37:26.695,416.3419148382824,10
2024-09-16 12:37:26.702,416.3866538714352,996
2024-09-16 12:37:26.710,416.41671055866175,7
2024-09-16 12:37:26.727,416.3685866764442,99
2024-09-16 12:37:26.784,416.3988940712177,98
2024-09-16 12:37:26.817,416.3632230706778,102
2024-09-16 12:37:26.880,416.3634555580644,95
2024-09-16 12:37:26.891,416.4226321418907,14
2024-09-16 12:37:26.946,416.3835100370363,95
2024-09-16 12:37:26.954,416.4092002855217,97
2024-09-16 12:37:26.964,416.4211861991714,104
2024-09-16 12:37:26.979,416.4092897100614,996
2024-09-16 12:37:27.023,416.3804135173832,8
2024-09-16 12:37:27.128,416.4185475963968,12
2024-09-16 12:37:27.267,416.4134716576768,95
2024-09-16 12:37:27.368,416.4241231752882,1000
2024-09-16 12:37:27.444,416.379130406491,102
2024-09-16 12:37:27.462,416.37696728747954,996
2024-09-16 12:37:27.508,-416.41071602189743,1003
2024-09-16 12:37:27.645,416.38510289611,14
2024-09-16 12:37:28.056,416.34017332549695,11
2024-09-16 12:37:28.074,416.3497725417253,7
2024-09-16 12:37:28.165,416.3841374110479,100
2024-09-16 12:37:28.203,416.3563602660735,95
2024-09-16 12:37:28.227,416.3491623297029,996
2024-09-16 12:37:28.283,416.34879650532673,97
2024-09-16 12:37:28.335,416.33431000157606,99
2024-09-16 12:37:28.356,416.3514213664605,13
2024-09-16 12:37:28.395,416.3794433588324,1004
2024-09-16 12:37:28.475,416.384855249992,999
2024-09-16 12:37:28.492,416.3944174140402,97
2024-09-16 12:37:28.511,416.3396226219528,101
2024-09-16 12:37:28.554,416.3612527356307,5
2024-09-16 12:37:28.595,416.3238390952652,1001
2024-09-16 12:37:28.600,416.3529188454449,998
2024-09-16 12:37:28.623,416.3498699638446,5
2024-09-16 12:37:28.628,416.3524280908102,998
2024-09-16 12:37:28.717,416.39576976258815,996
2024-09-16 12:37:28.720,-416.3679958123811,998
2024-09-16 12:37:28.780,416.39985236802494,14
2024-09-16 12:37:28.859,416.3507137499083,103
2024-09-16 12:37:28.880,416.3588246065756,995
2024-09-16 12:37:28.887,416.3387194284587,98
2024-09-16 12:37:28.903,,12
2024-09-16 12:37:28.955,416.39826560563887,99
2024-09-16 12:37:29.840,416.33729001915503,97
2024-09-16 12:37:30.064,416.3687687139404,101
2024-09-16 12:37:30.191,416.4012734625527,10
2024-09-16 12:37:30.248,416.35281512976127,10
2024-09-16 12:37:30.301,416.4066039427584,104
2024-09-16 12:37:30.358,416.4075729559539,1003
2024-09-16 12:37:30.365,416.3862469266329,1002
2024-09-16 12:37:30.424,416.3919483413836,1000
2024-09-16 12:37:30.508,416.3937688078156,1002
2024-09-16 12:37:30.546,416.38349350221927,10
2024-09-16 12:37:30.556,416.33888490266986,103
2024-09-16 12:37:30.573,416.36575693254827,101
2024-09-16 12:37:30.584,416.3758520264734,102
2024-09-16 12:37:30.591,416.38386656048925,14
2024-09-16 12:37:30.613,416.3654394731476,9
2024-09-16 12:37:30.698,416.3519733206688,999
2024-09-16 12:37:30.772,416.38374046433466,1003
2024-09-16 12:37:30.793,416.3719551649259,104
2024-09-16 12:37:30.811,416.388991724215,998
2024-09-16 12:37:30.815,416.34665359819695,996
2024-09-16 12:37:30.834,416.33082885773047,101
2024-09-16 12:37:30.859,416.3426818255292,103
2024-09-16 12:37:30.873,416.3715245675679,1005
2024-09-16 12:37:30.876,416.3477792600556,1003
2024-09-16 12:37:30.922,416.38685060741886,5
2024-09-16 12:37:30.931,416.3814979827909,96
2024-09-16 12:37:30.964,416.3849019868727,5
2024-09-16 12:37:30.985,416.3578294080186,1001
2024-09-16 12:37:30.994,416.3864992704928,14
2024-09-16 12:37:31.457,416.3688858678896,1005
2024-09-16 12:37:31.643,416.3840422122264,997
2024-09-16 12:37:32.060,416.37047595625296,96
2024-09-16 12:37:32.072,416.4081810936787,103
2024-09-16 12:37:32.124,416.40968241903937,12
2024-09-16 12:37:32.259,416.42080091788233,14
2024-09-16 12:37:32.451,416.4014406552021,8
2024-09-16 12:37:32.510,416.37495256260496,101
2024-09-16 12:37:32.559,416.38852994798657,7
2024-09-16 12:37:32.673,416.410212972433,9
2024-09-16 12:37:32.703,416.4194906563677,105
2024-09-16 12:37:32.798,416.44460445505325,99
2024-09-16 12:37:32.959,416.413948980903,7
2024-09-16 12:37:32.964,416.4248656986481,995
2024-09-16 12:37:32.997,416.4353872287194,1001
2024-09-16 12:37:33.096,416.42311584733534,1000
2024-09-16 12:37:33.524,416.4309343030516,996
2024-09-16 12:37:33.995,416.4269187854499,999
2024-09-16 12:37:34.069,,999
2024-09-16 12:37:34.111,416.5348875150169,997
2024-09-16 12:37:34.118,416.4473235694182,11
2024-09-16 12:37:34.130,416.5539609586881,103
2024-09-16 12:37:34.184,416.5169515082589,10
2024-09-16 12:37:34.304,416.4170525992786,1003
2024-09-16 12:37:34.305,416.4161965406881,99
2024-09-16 12:37:34.354,416.4105574458855,7
2024-09-16 12:37:34.413,416.4533411593313,10
2024-09-16 12:37:34.423,416.4141615398438,11
2024-09-16 12:37:34.458,416.4207321930797,15
2024-09-16 12:37:34.476,416.5250042756314,8
2024-09-16 12:37:34.548,416.4150693458327,100
2024-09-16 12:37:34.617,416.5067722373882,103
2024-09-16 12:37:34.684,416.5669366761296,105
2024-09-16 12:37:34.697,416.4256771562856,14
2024-09-16 12:37:34.708,416.4969754656558,1005
2024-09-16 12:37:34.716,416.4929557902568,9
2024-09-16 12:37:34.724,416.521863969088,8
2024-09-16 12:37:34.742,416.4757879881801,996
2024-09-16 12:37:34.773,416.5513370077031,15
2024-09-16 12:37:34.814,416.4174140487672,998
2024-09-16 12:37:34.913,416.4159418502934,1005
2024-09-16 12:37:34.945,416.5381300326272,104
2024-09-16 12:37:35.071,416.4875175604394,12
2024-09-16 12:37:35.111,416.4646920784961,1002
2024-09-16 12:37:35.191,416.4580090598009,98
2024-09-16 12:37:35.203,416.4716313103898,99
2024-09-16 12:37:35.283,416.4755880014055,9
2024-09-16 12:37:35.444,416.476899481338,103
2024-09-16 12:37:35.549,416.450193823229,1004
2024-09-16 12:37:35.556,416.5023824018626,11
2024-09-16 12:37:35.657,416.4755000464544,1000
2024-09-16 12:37:35.672,416.4630170977008,96
2024-09-16 12:37:35.681,416.457261380466,98
2024-09-16 12:37:35.688,416.4806238557829,998
2024-09-16 12:37:35.718,416.4809226352818,8
2024-09-16 12:37:35.780,416.4617430840924,5
2024-09-16 12:37:35.798,416.459915707743,11
2024-09-16 12:37:35.835,416.47087384494256,6
2024-09-16 12:37:35.858,416.4678747361589,97
2024-09-16 12:37:35.991,416.4650083220316,1003
2024-09-16 12:37:36.045,416.4512625945495,15
2024-09-16 12:37:36.055,416.427298922103,97
2024-09-16 12:37:36.113,416.4585732470021,8
2024-09-16 12:37:36.255,416.4770392379705,15
2024-09-16 12:37:36.297,416.4487737024367,15
2024-09-16 12:37:36.330,416.43473194028496,9
2024-09-16 12:37:36.560,416.45346915369663,996
2024-09-16 12:37:36.691,416.4581460013145,98
2024-09-16 12:37:36.750,416.4475681927363,97
2024-09-16 12:37:36.760,416.46487188630704,101
2024-09-16 12:37:36.810,416.445301123194,999
2024-09-16 12:37:36.876,416.44944978302175,1002
2024-09-16 12:37:37.018,416.4483072805737,99
2024-09-16 12:37:37.416,416.44918160855457,99
2024-09-16 12:37:37.444,416.45612893936334,9
2024-09-16 12:37:37.680,416.438581553102,8
2024-09-16 12:37:37.924,416.44625696480006,99
2024-09-16 12:37:38.256,416.3950478140276,997
2024-09-16 12:37:38.340,-416.4367592132023,1000
2024-09-16 12:37:38.376,41.63858067463431,102
2024-09-16 12:37:38.503,416.41113826083694,95
2024-09-16 12:37:38.607,416.4289895084955,11
2024-09-16 12:37:38.694,416.4247398763283,95
2024-09-16 12:37:38.717,416.3902056262626,998
2024-09-16 12:37:38.764,416.4002537892741,999
2024-09-16 12:37:38.848,416.3945061606203,1001
2024-09-16 12:37:38.857,416.39707241176313,105
2024-09-16 12:37:38.948,416.4004946573277,1002
2024-09-16 12:37:39.495,-416.389952986042,13
2024-09-16 12:37:39.581,416.4128151287387,9
2024-09-16 12:37:40.026,416.4737960651348,1003
2024-09-16 12:37:40.062,416.4672343740299,15
2024-09-16 12:37:40.122,416.4791422011652,7
2024-09-16 12:37:40.125,416.3913110205005,998
2024-09-16 12:37:40.129,416.4692328938465,97
2024-09-16 12:37:40.168,416.4629975045716,1002
2024-09-16 12:37:40.248,416.4482375134486,11
2024-09-16 12:37:40.265,416.45069583745857,95
2024-09-16 12:37:40.292,416.4811664869889,998
2024-09-16 12:37:40.369,416.4467275777753,95
2024-09-16 12:37:40.390,416.3899426481309,102
2024-09-16 12:37:40.392,416.48118129773513,100
2024-09-16 12:37:40.502,416.468857631024,995
2024-09-16 12:37:40.527,416.4178570591014,96
2024-09-16 12:37:40.534,416.4563038475813,96
2024-09-16 12:37:40.609,416.4456821515295,96
2024-09-16 12:37:40.692,416.385742986708,100
2024-09-16 12:37:40.696,416.4013655429843,997
2024-09-16 12:37:40.749,416.44311681774064,12
2024-09-16 12:37:40.848,416.4360815410581,10
2024-09-16 12:37:40.919,416.4764720434831,98
2024-09-16 12:37:40.953,416.47310477530914,98
2024-09-16 12:37:41.107,416.5590274962789,1005
2024-09-16 12:37:41.153,41.65003482631331,1000
2024-09-16 12:37:41.209,416.47726984274624,999
2024-09-16 12:37:41.304,416.5395713021453,7
2024-09-16 12:37:41.323,416.4801149576202,7
2024-09-16 12:37:41.340,416.6001001914483,1004
2024-09-16 12:37:41.368,416.4921868270709,103
2024-09-16 12:37:41.373,416.4931178357773,102
2024-09-16 12:37:41.420,416.48269829756106,6
2024-09-16 12:37:41.468,416.4523136797234,15
2024-09-16 12:37:41.479,416.4613101881721,1001
2024-09-16 12:37:41.498,416.592318873498,1002
2024-09-16 12:37:41.653,416.5878932518909,8
2024-09-16 12:37:41.724,416.4503782434656,999
2024-09-16 12:37:41.767,416.5261889013176,10
2024-09-16 12:37:41.782,416.4657285818497,997
2024-09-16 12:37:41.791,416.5950332780364,13
2024-09-16 12:37:41.798,416.4660984923898,100
2024-09-16 12:37:41.823,416.46205083104337,95
2024-09-16 12:37:41.907,416.46000262621936,995
2024-09-16 12:37:41.915,416.48457068195086,101
2024-09-16 12:37:41.974,416.464728683986,996
2024-09-16 12:37:42.002,416.5497512047359,100
2024-09-16 12:37:42.021,416.538546495341,98
2024-09-16 12:37:42.113,416.5770700110875,995
2024-09-16 12:37:42.478,416.56282114816383,102
2024-09-16 12:37:42.563,416.5780658585082,95
2024-09-16 12:37:42.577,416.597382959511,101
2024-09-16 12:37:42.723,416.5364766955009,101
2024-09-16 12:37:42.724,416.56177277311485,1001
2024-09-16 12:37:43.878,416.5379609756179,5
2024-09-16 12:37:44.016,416.56151600083007,996
2024-09-16 12:37:44.025,416.5173221506549,14
2024-09-16 12:37:44.040,416.50602641784,8
2024-09-16 12:37:44.141,416.5470465552208,102
2024-09-16 12:37:44.161,416.55072844008254,104
2024-09-16 12:37:44.172,416.5049794791014,105
2024-09-16 12:37:44.263,416.5484444218456,6
2024-09-16 12:37:44.295,416.5490331675371,12
2024-09-16 12:37:44.320,416.5485023944062,13
2024-09-16 12:37:44.329,416.57828099124254,1000
2024-09-16 12:37:44.446,416.5491098365482,998
2024-09-16 12:37:44.457,416.5088812532826,8
2024-09-16 12:37:44.514,416.5154632003303,99
2024-09-16 12:37:44.554,416.5134444100091,999
2024-09-16 12:37:44.557,416.4938889596981,101
2024-09-16 12:37:44.634,416.5193544173934,1002
2024-09-16 12:37:44.638,416.5481383981567,1004
2024-09-16 12:37:44.681,416.5117735086171,97
2024-09-16 12:37:44.727,416.4994274473162,7
2024-09-16 12:37:44.754,416.5613158733309,1000
2024-09-16 12:37:44.778,416.5444930110405,1003
2024-09-16 12:37:44.820,416.5166135455535,100
2024-09-16 12:37:44.852,416.5390413317207,96
2024-09-16 12:37:44.899,416.5091046658417,7
2024-09-16 12:37:44.926,416.5046230399162,12
2024-09-16 12:37:44.948,416.5567677644235,100
2024-09-16 12:37:44.948,416.5137853604036,13
2024-09-16 12:37:44.972,416.5685657140414,5
2024-09-16 12:37:45.020,416.589409166952,101
2024-09-16 12:37:45.054,416.5942480486057,104
2024-09-16 12:37:45.062,416.6001423199514,998
2024-09-16 12:37:45.092,416.5833308079463,105
2024-09-16 12:37:45.096,416.57832439293634,7
2024-09-16 12:37:45.207,416.5940821027244,13
2024-09-16 12:37:45.299,416.5541598897717,96
2024-09-16 12:37:45.393,416.58304522394894,998
2024-09-16 12:37:45.534,416.5652366182507,12
2024-09-16 12:37:45.562,416.5653221295953,997
2024-09-16 12:37:45.583,416.5729670207873,10
2024-09-16 12:37:45.612,416.5252727089071,8
2024-09-16 12:37:45.634,416.56772002714695,1001
2024-09-16 12:37:45.698,416.5720688715919,997
2024-09-16 12:37:45.731,416.5669610806339,12
2024-09-16 12:37:45.814,416.5466014706464,9
2024-09-16 12:37:45.889,416.5783413046087,1001
2024-09-16 12:37:45.909,416.5628818235883,997
2024-09-16 12:37:45.923,416.54161702025846,1000
2024-09-16 12:37:45.956,416.5482509768026,97
2024-09-16 12:37:46.003,416.6626339664102,101
2024-09-16 12:37:46.132,416.655189314712,995
2024-09-16 12:37:46.344,416.6273707308288,13
2024-09-16 12:37:46.428,416.5749058836756,5
2024-09-16 12:37:46.659,416.6398624920106,1005
2024-09-16 12:37:46.786,416.6528983347943,100
2024-09-16 12:37:46.849,416.6037856389282,995
2024-09-16 12:37:46.889,416.6113029563004,105
2024-09-16 12:37:47.118,416.6564232090749,101
2024-09-16 12:37:47.138,416.68264035133166,7
2024-09-16 12:37:47.180,416.67130708072784,1004
2024-09-16 12:37:47.321,416.66329834992735,105
2024-09-16 12:37:47.447,416.659974710274,1002
2024-09-16 12:37:47.517,416.6759216483573,1002
2024-09-16 12:37:47.613,416.6566064763745,1005
2024-09-16 12:37:47.643,416.6657472750245,997
2024-09-16 12:37:47.867,416.6625855207256,997
2024-09-16 12:37:47.891,416.6482453872735,1002
2024-09-16 12:37:47.968,416.6712795870649,95
2024-09-16 12:37:48.008,416.6590941015177,105
2024-09-16 12:37:48.039,416.6551644375159,98
2024-09-16 12:37:48.040,416.6613503853493,1000
2024-09-16 12:37:48.149,416.6890431876252,997
2024-09-16 12:37:48.152,416.6464507090556,1004
2024-09-16 12:37:48.172,416.67267877146816,998
2024-09-16 12:37:48.192,416.6306388753588,102
2024-09-16 12:37:48.278,416.634730309741,5
2024-09-16 12:37:48.328,416.67069261184815,10
2024-09-16 12:37:48.337,416.67278290122704,9
2024-09-16 12:37:48.428,416.6161588788167,11
2024-09-16 12:37:48.456,416.67310536099455,105
2024-09-16 12:37:48.492,416.68118399844406,100
2024-09-16 12:37:48.520,416.67158026360784,97
2024-09-16 12:37:48.537,41.66730363661716,97
2024-09-16 12:37:48.559,416.6397409625828,105
2024-09-16 12:37:48.587,416.6529206317448,6
2024-09-16 12:37:48.593,416.70225546914367,99
2024-09-16 12:37:48.663,416.6852747675384,95
2024-09-16 12:37:48.684,416.6668157220354,104
2024-09-16 12:37:48.727,416.6584711632978,101
2024-09-16 12:37:48.763,416.6315730432146,7
2024-09-16 12:37:48.794,416.6634316486373,96
2024-09-16 12:37:48.839,416.6805395098008,7
2024-09-16 12:37:48.870,416.6716357972952,12
2024-09-16 12:37:48.873,416.6373812171392,97
2024-09-16 12:37:48.880,416.67457228012745,1003
2024-09-16 12:37:48.931,416.6311147830096,95
2024-09-16 12:37:48.986,416.6445517011248,11
2024-09-16 12:37:49.092,416.7326515126725,998
2024-09-16 12:37:49.138,416.6952136301274,995
2024-09-16 12:37:49.174,416.7353164505635,101
2024-09-16 12:37:49.390,416.7316693057555,101
2024-09-16 12:37:49.601,416.72900214870026,999
2024-09-16 12:37:49.617,416.70812204156186,995
2024-09-16 12:37:49.643,416.69050009347,102
2024-09-16 12:37:49.782,416.6937201836001,7
2024-09-16 12:37:49.799,416.70556330966247,1001
2024-09-16 12:37:49.824,416.7209597468559,996
2024-09-16 12:37:49.853,416.7062461601356,6
2024-09-16 12:37:50.146,416.7446645198348,996
2024-09-16 12:37:50.180,416.7135786137,101
2024-09-16 12:37:50.230,416.7183542765332,1002
2024-09-16 12:37:50.248,416.7452138225176,15
2024-09-16 12:37:50.254,416.75990704831673,1000
2024-09-16 12:37:50.325,,95
2024-09-16 12:37:50.359,416.7231515084294,102
2024-09-16 12:37:50.399,416.7399509651953,102
2024-09-16 12:37:50.423,416.7614641952004,1002
2024-09-16 12:37:50.502,416.7331078815436,1002
2024-09-16 12:37:50.517,416.7371593863356,1004
2024-09-16 12:37:50.610,416.6935440773115,998
2024-09-16 12:37:50.648,41.673719924709474,102
2024-09-16 12:37:50.902,416.7420830016448,100
2024-09-16 12:37:51.183,416.70339989621567,14
2024-09-16 12:37:52.070,416.78699520681215,1003
2024-09-16 12:37:52.106,416.77447410657214,105
2024-09-16 12:37:52.121,416.7534207333061,6
2024-09-16 12:37:52.139,416.7690293310381,96
2024-09-16 12:37:52.196,416.7806290567087,1004
2024-09-16 12:37:52.255,416.7384844833264,998
2024-09-16 12:37:52.414,-416.6895064586884,104
2024-09-16 12:37:52.419,416.6972863294272,9
2024-09-16 12:37:52.444,416.71988851615794,96
2024-09-16 12:37:52.468,416.7833074187433,1000
2024-09-16 12:37:52.643,416.7745084109211,100
2024-09-16 12:37:52.653,416.76263401014944,1001
2024-09-16 12:37:52.721,416.76560537234064,997
2024-09-16 12:37:52.743,416.74938107426055,998
2024-09-16 12:37:52.837,,10
2024-09-16 12:37:52.875,416.75352424575226,1003
2024-09-16 12:37:52.953,416.7615322223308,103
2024-09-16 12:37:53.288,41.67126020694413,99
2024-09-16 12:37:53.344,416.7583572514503,1002
2024-09-16 12:37:53.361,416.74008741660725,999
2024-09-16 12:37:53.378,416.718095288031,97
2024-09-16 12:37:53.438,416.7507610324541,996
2024-09-16 12:37:53.493,416.7328468664611,11
2024-09-16 12:37:53.509,416.7233908232901,1002
2024-09-16 12:37:53.630,416.7228785003144,995
2024-09-16 12:37:53.670,416.7317453551621,998
2024-09-16 12:37:53.679,416.7680321621569,1002
2024-09-16 12:37:53.910,-416.7273111138442,103
2024-09-16 12:37:53.984,416.7676563059696,105
2024-09-16 12:37:54.099,416.6084932084507,15
2024-09-16 12:37:54.144,416.6958305966521,5
2024-09-16 12:37:54.196,416.6811269354596,1005
2024-09-16 12:37:54.376,416.6347428415129,999
2024-09-16 12:37:54.430,41.669489990109646,1000
2024-09-16 12:37:54.505,416.5932785095625,999
2024-09-16 12:37:54.578,416.6031832728964,1002
2024-09-16 12:37:54.604,416.65762909918544,7
2024-09-16 12:37:54.613,416.6975637980365,102
2024-09-16 12:37:54.613,416.60239980776817,5
2024-09-16 12:37:54.677,416.6415337202564,103
2024-09-16 12:37:54.835,416.6159267310355,1000
2024-09-16 12:37:54.851,416.7030874752287,7
2024-09-16 12:37:55.169,,1002
2024-09-16 12:37:55.309,416.6053321644097,105
2024-09-16 12:37:55.774,416.63018553970153,1001
2024-09-16 12:37:55.830,416.61129871988624,104
2024-09-16 12:37:56.011,416.5567699988481,96
2024-09-16 12:37:56.041,416.4947685308696,15
2024-09-16 12:37:56.055,416.57932661802806,995
2024-09-16 12:37:56.224,416.51676999011073,96
2024-09-16 12:37:56.234,416.5432716683907,995
2024-09-16 12:37:56.268,416.5269715143271,15
2024-09-16 12:37:56.289,416.60321409866566,100
2024-09-16 12:37:56.321,416.59337494393486,9
2024-09-16 12:37:56.336,416.4925151847437,8
2024-09-16 12:37:56.351,416.52435202694977,995
2024-09-16 12:37:56.505,416.50207801318624,998
2024-09-16 12:37:56.534,416.5762045273575,1003
2024-09-16 12:37:56.542,416.5679216064874,98
2024-09-16 12:37:56.602,416.49326076310274,1001
2024-09-16 12:37:56.605,416.5377157080498,8
2024-09-16 12:37:56.633,416.5755496952472,6
2024-09-16 12:37:56.645,416.540397087038,95
2024-09-16 12:37:56.667,416.5215518440714,102
2024-09-16 12:37:56.679,416.51818438918446,98
2024-09-16 12:37:56.844,416.50055137267054,8
2024-09-16 12:37:56.849,416.5618925357803,1000
2024-09-16 12:37:56.890,416.5053334479719,15
2024-09-16 12:37:56.901,416.5368995043892,8
2024-09-16 12:37:56.942,416.5319094423757,105
2024-09-16 12:37:56.947,416.4965389869081,995
2024-09-16 12:37:57.090,416.507996937616,999
2024-09-16 12:37:57.216,416.5086363236378,11
2024-09-16 12:37:57.247,416.5120920056818,1000
2024-09-16 12:37:57.409,416.505199283781,97
2024-09-16 12:37:57.411,416.49778801871474,105
2024-09-16 12:37:57.440,416.4928038380375,10
2024-09-16 12:37:57.557,416.5017848623421,1005
2024-09-16 12:37:57.847,416.5215203542578,105
2024-09-16 12:37:57.891,416.4903603313501,9
2024-09-16 12:37:58.078,41.65312217130317,997
2024-09-16 12:37:58.178,416.5269709621501,1005
2024-09-16 12:37:58.198,416.52511182556384,105
2024-09-16 12:37:58.365,416.5291440149335,996
2024-09-16 12:37:58.419,416.52897076787247,7
2024-09-16 12:37:58.444,416.5440603590736,10
2024-09-16 12:37:58.477,416.5091341570016,1004
2024-09-16 12:37:58.560,416.5012903320206,95
2024-09-16 12:37:58.597,416.521474101603,7
2024-09-16 12:37:58.854,416.5076511351401,998
2024-09-16 12:37:58.917,416.54483053539377,103
2024-09-16 12:37:59.159,416.4443924821612,1001
2024-09-16 12:37:59.172,416.4847966184362,995
2024-09-16 12:37:59.274,416.45848382866006,98
2024-09-16 12:37:59.375,416.4392512395516,101
2024-09-16 12:37:59.384,416.4522981571833,100
2024-09-16 12:37:59.496,416.4566135818728,100
2024-09-16 12:37:59.521,416.5035308242437,1005
2024-09-16 12:37:59.664,416.4970320691818,996
2024-09-16 12:37:59.994,416.4666098943322,105
