Timestamp,Price,Size
2024-09-16 15:32:00.013,415.8178151424806,1002
2024-09-16 15:32:00.026,415.8272777787616,104
2024-09-16 15:32:00.051,415.7975444671016,995
2024-09-16 15:32:00.181,415.80785640823206,105
2024-09-16 15:32:00.206,415.835307168105,9
2024-09-16 15:32:00.214,415.8680476662663,997
2024-09-16 15:32:00.234,415.8589732047516,100
2024-09-16 15:32:00.240,415.8083811811223,14
2024-09-16 15:32:00.265,415.8142698903292,8
2024-09-16 15:32:00.295,415.8169104237024,13
2024-09-16 15:32:00.373,415.8140210978282,99
2024-09-16 15:32:00.393,415.8327292835792,997
2024-09-16 15:32:00.394,415.8255422897282,95
2024-09-16 15:32:00.422,415.867075970297,999
2024-09-16 15:32:00.430,,1004
2024-09-16 15:32:00.478,415.8336061784901,5
2024-09-16 15:32:00.496,415.8501060273964,102
2024-09-16 15:32:00.596,,1005
2024-09-16 15:32:00.734,415.8199513388236,102
2024-09-16 15:32:00.815,415.82212451320254,1004
2024-09-16 15:32:00.890,415.81453307545496,96
2024-09-16 15:32:00.900,415.7664812912557,15
2024-09-16 15:32:01.056,415.81042342555344,997
2024-09-16 15:32:01.061,415.864936030512,1001
2024-09-16 15:32:01.101,415.8611291762712,7
2024-09-16 15:32:01.137,415.8289065874558,999
2024-09-16 15:32:01.150,415.832275610961,104
2024-09-16 15:32:01.247,415.85703857236894,95
2024-09-16 15:32:01.303,415.7983934107749,1002
2024-09-16 15:32:01.308,415.87100797789344,8
2024-09-16 15:32:01.324,415.8326786136509,1005
2024-09-16 15:32:01.326,415.8839984016523,1001
2024-09-16 15:32:01.366,415.7990969944592,96
2024-09-16 15:32:01.399,415.8786287409001,102
2024-09-16 15:32:01.405,415.86453014637766,97
2024-09-16 15:32:01.408,415.85004834530673,5
2024-09-16 15:32:01.412,415.8004473717419,97
2024-09-16 15:32:01.541,415.8487584564406,5
2024-09-16 15:32:01.579,415.8077143148994,105
2024-09-16 15:32:01.591,415.8394067752016,12
2024-09-16 15:32:01.775,415.8484140615128,96
2024-09-16 15:32:01.843,415.8399530915756,100
2024-09-16 15:32:01.956,415.8369860378219,995
2024-09-16 15:32:01.959,415.8385522898196,101
2024-09-16 15:32:01.975,415.8480020929182,1005
2024-09-16 15:32:02.065,415.82382361192896,997
2024-09-16 15:32:02.099,415.78953195927033,995
2024-09-16 15:32:02.110,415.8041422399712,997
2024-09-16 15:32:02.114,415.78289752336485,103
2024-09-16 15:32:02.126,415.7609249165442,997
2024-09-16 15:32:02.134,415.7661009785903,100
2024-09-16 15:32:02.142,415.8414861371028,998
2024-09-16 15:32:02.158,415.7978278463029,102
2024-09-16 15:32:02.233,415.7441887151657,13
2024-09-16 15:32:02.243,415.7501557742661,97
2024-09-16 15:32:02.281,415.7874107313017,96
2024-09-16 15:32:02.281,415.75165704575534,10
2024-09-16 15:32:02.312,415.7970968748724,13
2024-09-16 15:32:02.340,415.7797995354399,1000
2024-09-16 15:32:02.468,415.7896962591022,7
2024-09-16 15:32:02.508,415.8257285940169,1004
2024-09-16 15:32:02.518,415.82111884708127,1005
2024-09-16 15:32:02.523,415.7970523306849,105
2024-09-16 15:32:02.538,415.84539856655135,997
2024-09-16 15:32:02.566,415.7946613243375,995
2024-09-16 15:32:02.581,,14
2024-09-16 15:32:02.643,415.7879884145766,1005
2024-09-16 15:32:02.673,41.57928811950816,8
2024-09-16 15:32:02.751,415.8292106028219,5
2024-09-16 15:32:02.785,415.7885709743727,104
2024-09-16 15:32:02.847,415.8383389629695,995
2024-09-16 15:32:02.882,415.80532918653313,11
2024-09-16 15:32:02.986,415.7830256720469,5
2024-09-16 15:32:03.042,415.7716668581703,7
2024-09-16 15:32:03.051,415.710533952621,12
2024-09-16 15:32:03.053,415.687191463322,104
2024-09-16 15:32:03.086,415.6931740963879,998
2024-09-16 15:32:03.143,-415.71321402205626,10
2024-09-16 15:32:03.152,415.71660062550313,98
2024-09-16 15:32:03.163,415.7128150820966,1000
2024-09-16 15:32:03.177,415.7075189243868,999
2024-09-16 15:32:03.178,415.64140950182593,101
2024-09-16 15:32:03.258,415.6945408278324,1002
2024-09-16 15:32:03.282,415.7124662440937,1005
2024-09-16 15:32:03.304,415.71001635016034,12
2024-09-16 15:32:03.375,415.61740599319785,104
2024-09-16 15:32:03.375,415.699143402237,1003
2024-09-16 15:32:03.389,415.68937563128014,95
2024-09-16 15:32:03.435,415.7268570645872,997
2024-09-16 15:32:03.480,415.7588160142587,1000
2024-09-16 15:32:03.481,415.7246775599049,105
2024-09-16 15:32:03.582,415.61815539828734,105
2024-09-16 15:32:03.726,415.6973373238632,101
2024-09-16 15:32:03.741,415.71398205221766,105
2024-09-16 15:32:03.844,415.7159740473359,7
2024-09-16 15:32:03.914,415.7816365911786,13
2024-09-16 15:32:03.929,415.71616747486615,7
2024-09-16 15:32:03.942,415.6907410092022,102
2024-09-16 15:32:03.943,415.6555128196409,12
2024-09-16 15:32:03.958,415.6915542773737,8
2024-09-16 15:32:03.959,415.6993930214997,95
2024-09-16 15:32:03.962,415.6936213284092,15
2024-09-16 15:32:03.965,415.7222471577045,99
2024-09-16 15:32:04.023,415.6191439161544,100
2024-09-16 15:32:04.058,415.6052636603955,5
2024-09-16 15:32:04.063,415.5918673799586,6
2024-09-16 15:32:04.118,415.5969470000998,101
2024-09-16 15:32:04.155,415.60658547577634,1000
2024-09-16 15:32:04.164,415.6208080347985,997
2024-09-16 15:32:04.171,415.59415979343134,6
2024-09-16 15:32:04.216,415.6194364630271,101
2024-09-16 15:32:04.245,415.6050451507484,995
2024-09-16 15:32:04.369,415.5999148961888,12
2024-09-16 15:32:04.387,415.6121280757346,5
2024-09-16 15:32:04.536,415.60084906599536,96
2024-09-16 15:32:04.582,,9
2024-09-16 15:32:04.637,415.60072218967406,1002
2024-09-16 15:32:04.647,415.5985782400437,6
2024-09-16 15:32:04.660,415.6090622381944,1005
2024-09-16 15:32:04.666,415.597979116948,1005
2024-09-16 15:32:04.696,415.6093370484791,1005
2024-09-16 15:32:04.703,415.5999113072772,96
2024-09-16 15:32:04.801,415.6174191743585,1003
2024-09-16 15:32:04.808,-41.56087219619712,1002
2024-09-16 15:32:04.808,415.5999761144726,1003
2024-09-16 15:32:04.841,415.5975165658476,7
2024-09-16 15:32:04.889,415.6120240184127,1002
2024-09-16 15:32:04.901,415.5997627630892,97
2024-09-16 15:32:04.958,415.5943491491141,97
2024-09-16 15:32:04.991,415.5871804254688,5
2024-09-16 15:32:05.032,415.6463816125471,99
2024-09-16 15:32:05.128,415.6351748027697,5
2024-09-16 15:32:05.239,415.6017000781948,1005
2024-09-16 15:32:05.325,415.6540816791245,8
2024-09-16 15:32:05.328,415.6355942934216,14
2024-09-16 15:32:05.352,415.6210773737493,104
2024-09-16 15:32:05.468,415.6267293469752,8
2024-09-16 15:32:05.550,415.616391569883,103
2024-09-16 15:32:05.583,415.6613050030346,99
2024-09-16 15:32:05.795,415.61719643834846,14
2024-09-16 15:32:05.810,415.61816888406446,96
2024-09-16 15:32:05.867,415.6267255728744,995
2024-09-16 15:32:05.884,415.64004278635537,14
2024-09-16 15:32:05.917,415.6538492876839,105
2024-09-16 15:32:05.929,415.615687624533,103
2024-09-16 15:32:06.007,415.6439075449912,104
2024-09-16 15:32:06.016,415.63490078615047,103
2024-09-16 15:32:06.032,415.6370833502757,1001
2024-09-16 15:32:06.208,415.6531713813171,1005
2024-09-16 15:32:06.281,415.637498002296,101
2024-09-16 15:32:06.300,415.65110962001353,95
2024-09-16 15:32:06.331,415.6301417877212,95
2024-09-16 15:32:06.341,415.6509230782984,11
2024-09-16 15:32:06.382,415.6333958572053,105
2024-09-16 15:32:06.407,415.63109316526766,9
2024-09-16 15:32:06.548,415.64628828585774,15
2024-09-16 15:32:06.594,415.6526011773489,103
2024-09-16 15:32:06.655,415.6330568992498,104
2024-09-16 15:32:06.666,415.6289401841812,102
2024-09-16 15:32:06.678,415.6563691897733,95
2024-09-16 15:32:06.743,415.65271970817867,13
2024-09-16 15:32:06.750,415.6334334436608,999
2024-09-16 15:32:06.796,415.6415679562029,7
2024-09-16 15:32:06.841,415.6308109976967,102
2024-09-16 15:32:06.910,415.6667121704531,13
2024-09-16 15:32:06.988,415.653159540181,8
2024-09-16 15:32:07.005,415.6379793708958,105
2024-09-16 15:32:07.008,415.6299334865527,995
2024-09-16 15:32:07.070,415.632819759969,995
2024-09-16 15:32:07.092,415.6825973470668,6
2024-09-16 15:32:07.131,415.59355280163845,9
2024-09-16 15:32:07.162,415.6346572528692,996
2024-09-16 15:32:07.238,415.6263717517268,98
2024-09-16 15:32:07.350,415.62556740407854,101
2024-09-16 15:32:07.429,415.5842952705175,102
2024-09-16 15:32:07.457,415.642630847823,1005
2024-09-16 15:32:07.478,415.589077755897,996
2024-09-16 15:32:07.522,415.6549478292328,97
2024-09-16 15:32:07.534,415.60746623443015,7
2024-09-16 15:32:07.574,415.6158616114049,8
2024-09-16 15:32:07.640,415.6555227480782,96
2024-09-16 15:32:07.640,415.6806205369103,1004
2024-09-16 15:32:07.805,415.6728269692829,99
2024-09-16 15:32:07.863,415.6059619586544,1001
2024-09-16 15:32:07.884,415.6183896105472,11
2024-09-16 15:32:07.986,415.63200484033047,5
2024-09-16 15:32:08.105,415.65709280708495,1003
2024-09-16 15:32:08.128,415.67079526141976,105
2024-09-16 15:32:08.220,,96
2024-09-16 15:32:08.263,415.6657748015488,95
2024-09-16 15:32:08.447,415.6807327051874,105
2024-09-16 15:32:08.564,415.67847898626536,999
2024-09-16 15:32:08.623,417.2270583272431,10
2024-09-16 15:32:08.632,415.6860959731628,13
2024-09-16 15:32:08.663,415.6714620648024,1003
2024-09-16 15:32:08.761,415.65251846880096,1004
2024-09-16 15:32:08.837,415.64399076957176,96
2024-09-16 15:32:08.855,415.6884503234091,104
2024-09-16 15:32:09.081,415.7033050046256,99
2024-09-16 15:32:09.188,415.6935647738493,15
2024-09-16 15:32:09.242,415.7541011693159,996
2024-09-16 15:32:09.248,415.69940742461125,96
2024-09-16 15:32:09.270,415.7873589493847,95
2024-09-16 15:32:09.329,415.7490737947813,1004
2024-09-16 15:32:09.358,415.7189298264969,8
2024-09-16 15:32:09.368,415.696281783685,7
2024-09-16 15:32:09.371,415.7077467436604,8
2024-09-16 15:32:09.472,415.70399388852695,1000
2024-09-16 15:32:09.473,415.74111849390806,1002
2024-09-16 15:32:09.615,,103
2024-09-16 15:32:09.697,415.73914765647,14
2024-09-16 15:32:09.723,415.7525000254884,8
2024-09-16 15:32:09.771,415.74575408762416,1001
2024-09-16 15:32:09.795,415.72144173252434,9
2024-09-16 15:32:09.961,415.7273358252368,15
2024-09-16 15:32:09.961,415.7834299837696,15
2024-09-16 15:32:09.995,415.7573816736698,100
2024-09-16 15:32:10.206,415.6938181365033,98
2024-09-16 15:32:10.287,415.6805829975103,11
2024-09-16 15:32:10.335,415.7067542914931,14
2024-09-16 15:32:10.375,415.660255740538,1004
2024-09-16 15:32:10.418,415.6921401787385,13
2024-09-16 15:32:10.433,415.6935809176542,8
2024-09-16 15:32:10.549,415.6813541997756,13
2024-09-16 15:32:10.626,415.6424952347712,10
2024-09-16 15:32:10.633,415.691320822995,8
2024-09-16 15:32:10.707,415.6797201533876,10
2024-09-16 15:32:10.849,415.64494792811394,1004
2024-09-16 15:32:10.854,415.6697238414601,7
2024-09-16 15:32:10.858,415.6563167612828,1000
2024-09-16 15:32:10.898,415.7073125593554,1003
2024-09-16 15:32:10.943,415.6582812494884,100
2024-09-16 15:32:10.957,415.70888959849685,99
2024-09-16 15:32:10.985,415.6572304154572,5
2024-09-16 15:32:11.883,41.567324693304585,8
2024-09-16 15:32:12.029,415.6898733133176,15
2024-09-16 15:32:12.063,415.64983841660666,1002
2024-09-16 15:32:12.067,415.7045572404789,14
2024-09-16 15:32:12.082,415.7103299596452,1001
2024-09-16 15:32:12.190,415.6811719619668,101
2024-09-16 15:32:12.212,415.6369585662979,13
2024-09-16 15:32:12.237,415.6881113056887,12
2024-09-16 15:32:12.253,415.67278349960026,1004
2024-09-16 15:32:12.402,415.682956494909,99
2024-09-16 15:32:12.411,415.70544623135766,11
2024-09-16 15:32:12.425,415.66143403802647,7
2024-09-16 15:32:12.516,415.6941017462087,997
2024-09-16 15:32:12.602,415.6991127892571,98
2024-09-16 15:32:12.653,415.7166176477546,14
2024-09-16 15:32:12.728,415.70896621068266,996
2024-09-16 15:32:12.741,415.6501386880435,1003
2024-09-16 15:32:12.742,415.6577886281103,9
2024-09-16 15:32:12.783,415.6936580773932,100
2024-09-16 15:32:12.819,415.68534713711057,6
2024-09-16 15:32:12.823,415.69370291488656,14
2024-09-16 15:32:12.832,415.7053490440383,100
2024-09-16 15:32:12.841,415.660099720875,996
2024-09-16 15:32:13.014,415.6350437891342,997
2024-09-16 15:32:13.049,415.6656244790769,99
2024-09-16 15:32:13.069,415.6778227304348,98
2024-09-16 15:32:13.075,415.6683455827578,13
2024-09-16 15:32:13.133,415.6361921930673,1001
2024-09-16 15:32:13.182,415.6462661231965,1004
2024-09-16 15:32:13.264,-415.659195402079,100
2024-09-16 15:32:13.334,415.6688003367235,9
2024-09-16 15:32:13.368,415.6397044480266,5
2024-09-16 15:32:13.569,415.653212156249,6
2024-09-16 15:32:13.579,415.6730986829439,8
2024-09-16 15:32:13.615,415.65795243550014,103
2024-09-16 15:32:13.632,415.64800341789726,13
2024-09-16 15:32:13.655,415.6325791736393,96
2024-09-16 15:32:13.672,415.6597128157799,102
2024-09-16 15:32:13.783,415.685176630363,104
2024-09-16 15:32:13.831,415.6651240349432,12
2024-09-16 15:32:13.839,415.6533311930115,8
2024-09-16 15:32:13.893,415.6296755500897,1002
2024-09-16 15:32:13.923,415.6319586486546,11
2024-09-16 15:32:14.040,415.5633470402301,996
2024-09-16 15:32:14.040,415.6151196430502,100
2024-09-16 15:32:14.043,415.5748082097575,12
2024-09-16 15:32:14.067,415.6240336183759,1004
2024-09-16 15:32:14.093,415.5934139609105,97
2024-09-16 15:32:14.131,415.57504109746617,10
2024-09-16 15:32:14.149,415.6243796527991,5
2024-09-16 15:32:14.159,415.5901071293909,1000
2024-09-16 15:32:14.180,415.5936110982374,14
2024-09-16 15:32:14.227,415.5899406803944,97
2024-09-16 15:32:14.231,415.6124724896213,1004
2024-09-16 15:32:14.246,415.5918738437247,6
2024-09-16 15:32:14.278,415.6059081865873,96
2024-09-16 15:32:14.305,415.58416622944105,1000
2024-09-16 15:32:14.321,415.6129272603381,97
2024-09-16 15:32:14.339,415.61171645388913,96
2024-09-16 15:32:14.411,415.5698991616688,100
2024-09-16 15:32:14.519,415.59566277197774,10
2024-09-16 15:32:14.547,415.5827110399688,7
2024-09-16 15:32:14.698,415.59378875773854,11
2024-09-16 15:32:14.961,415.587079984478,9
2024-09-16 15:32:15.026,415.5934549458502,11
2024-09-16 15:32:15.162,415.6056227223201,13
2024-09-16 15:32:15.247,415.586858366961,1001
2024-09-16 15:32:15.308,415.6044713651825,1003
2024-09-16 15:32:15.328,415.6000419435977,1003
2024-09-16 15:32:15.377,-415.59461941588535,104
2024-09-16 15:32:15.482,415.6047441656633,105
2024-09-16 15:32:15.491,415.588347825064,1005
2024-09-16 15:32:15.592,415.58370041228727,97
2024-09-16 15:32:15.718,415.56948870792417,102
2024-09-16 15:32:15.860,415.60908605430257,96
2024-09-16 15:32:15.917,417.2955559564485,998
2024-09-16 15:32:15.959,415.5852954474731,7
2024-09-16 15:32:16.019,415.5708434337363,11
2024-09-16 15:32:16.155,415.5535927868408,9
2024-09-16 15:32:16.334,415.4730237191269,998
2024-09-16 15:32:16.338,415.5663357953793,1004
2024-09-16 15:32:16.357,415.47418601297335,5
2024-09-16 15:32:16.365,415.5889806649958,998
2024-09-16 15:32:16.369,415.45078010948777,14
2024-09-16 15:32:16.374,415.5641812026496,96
2024-09-16 15:32:16.402,41.55677691606533,11
2024-09-16 15:32:16.424,,105
2024-09-16 15:32:16.441,415.5685002075959,1005
2024-09-16 15:32:16.470,415.5733629795791,13
2024-09-16 15:32:16.536,415.4469141741925,95
2024-09-16 15:32:16.556,415.44829157627146,105
2024-09-16 15:32:16.578,415.4613220376991,99
2024-09-16 15:32:16.615,415.51876585664513,6
2024-09-16 15:32:16.619,415.55602421353393,995
2024-09-16 15:32:16.633,415.57135589531526,1000
2024-09-16 15:32:16.683,415.47584744438257,997
2024-09-16 15:32:16.736,415.4808381711758,13
2024-09-16 15:32:16.811,415.47368378749616,1005
2024-09-16 15:32:16.843,415.5624707387798,5
2024-09-16 15:32:16.848,415.4246802764356,14
2024-09-16 15:32:16.944,415.5566446977075,1003
2024-09-16 15:32:16.969,415.442726759587,9
2024-09-16 15:32:16.997,415.5357848522129,9
2024-09-16 15:32:17.000,415.4232538564958,95
2024-09-16 15:32:17.041,415.4448834056108,11
2024-09-16 15:32:17.097,415.4301504472495,102
2024-09-16 15:32:17.097,415.45120322178366,101
2024-09-16 15:32:17.153,415.4371199710288,97
2024-09-16 15:32:17.388,415.4411789696704,1002
2024-09-16 15:32:17.420,415.4176007993348,1002
2024-09-16 15:32:17.438,415.4436070346775,96
2024-09-16 15:32:17.468,415.4384469742044,100
2024-09-16 15:32:17.562,415.4012156536396,103
2024-09-16 15:32:17.645,415.44754256095246,13
2024-09-16 15:32:17.700,415.42020735956,104
2024-09-16 15:32:17.753,415.4213221074955,1003
2024-09-16 15:32:17.772,415.43187988619,102
2024-09-16 15:32:17.791,415.4272152502241,101
2024-09-16 15:32:17.822,415.44035998928166,998
2024-09-16 15:32:18.019,415.5231192282836,1002
2024-09-16 15:32:18.037,415.4505319106213,95
2024-09-16 15:32:18.069,415.4544027919816,1002
2024-09-16 15:32:18.124,415.4492088658617,15
2024-09-16 15:32:18.153,,998
2024-09-16 15:32:18.230,415.4417078051307,9
2024-09-16 15:32:18.348,415.47245400228667,12
2024-09-16 15:32:18.419,415.4589993837264,100
2024-09-16 15:32:18.452,415.447772156941,1003
2024-09-16 15:32:18.485,415.4732451501352,15
2024-09-16 15:32:18.537,415.4386107595121,103
2024-09-16 15:32:18.721,415.51507038556247,1004
2024-09-16 15:32:18.749,415.51616991009615,104
2024-09-16 15:32:18.764,415.4483497601096,996
2024-09-16 15:32:18.807,415.44958667126167,15
2024-09-16 15:32:18.849,415.4419757589455,1001
2024-09-16 15:32:19.141,415.4950903880901,9
2024-09-16 15:32:19.165,415.4871873709887,104
2024-09-16 15:32:19.360,415.5173627002294,11
2024-09-16 15:32:19.472,415.51307857155984,10
2024-09-16 15:32:19.488,415.5352191479117,996
2024-09-16 15:32:19.535,415.4994828678681,9
2024-09-16 15:32:19.626,415.5104079284487,97
2024-09-16 15:32:19.724,415.4988117414551,97
2024-09-16 15:32:19.766,415.4892069821987,105
2024-09-16 15:32:19.859,415.5210443451851,102
2024-09-16 15:32:19.872,415.5052889470416,8
2024-09-16 15:32:19.885,415.4987669398788,100
2024-09-16 15:32:19.925,415.51250132617,103
2024-09-16 15:32:19.928,415.5167936724404,999
2024-09-16 15:32:19.952,415.52324809129607,1005
2024-09-16 15:32:20.010,415.5130243768592,1001
2024-09-16 15:32:20.043,415.443515703532,100
2024-09-16 15:32:20.229,415.5135520795534,995
2024-09-16 15:32:20.254,415.5030005640243,99
2024-09-16 15:32:20.284,415.5240158606995,9
2024-09-16 15:32:20.353,415.4934368612715,10
2024-09-16 15:32:20.390,415.509985057,104
2024-09-16 15:32:20.485,415.49347133311466,996
2024-09-16 15:32:20.561,415.50963856178487,14
2024-09-16 15:32:20.561,41.55294519690007,998
2024-09-16 15:32:20.565,415.4862998157834,1002
2024-09-16 15:32:20.568,415.5119880043632,99
2024-09-16 15:32:20.583,415.5182350498328,1004
2024-09-16 15:32:20.669,415.45466362095857,1002
2024-09-16 15:32:20.770,,8
2024-09-16 15:32:20.868,415.4585328299231,1002
2024-09-16 15:32:20.883,415.5191072678065,5
2024-09-16 15:32:20.972,415.44837724781615,95
2024-09-16 15:32:20.975,415.4375752930463,999
2024-09-16 15:32:20.992,415.4256382791338,998
2024-09-16 15:32:21.008,415.3878532630486,1002
2024-09-16 15:32:21.042,415.3817415948653,95
2024-09-16 15:32:21.237,415.3904488593248,997
2024-09-16 15:32:21.325,415.3733260799095,11
2024-09-16 15:32:21.374,415.3810720894219,97
2024-09-16 15:32:21.381,415.382744826868,999
2024-09-16 15:32:21.382,417.1694002873827,95
2024-09-16 15:32:21.442,415.3901373126926,95
2024-09-16 15:32:21.449,-415.42870760482833,998
2024-09-16 15:32:21.510,415.3891434190473,102
2024-09-16 15:32:21.557,41.540764499674594,99
2024-09-16 15:32:21.658,415.3887022509438,1002
2024-09-16 15:32:21.765,415.3706779125756,98
2024-09-16 15:32:21.873,415.3882591868353,9
2024-09-16 15:32:21.919,415.4386112132768,95
2024-09-16 15:32:21.961,415.3650568785824,11
2024-09-16 15:32:21.981,415.4492351393388,15
2024-09-16 15:32:22.096,415.3893892260968,97
2024-09-16 15:32:22.133,415.3894840350557,95
2024-09-16 15:32:22.189,415.3853950921516,15
2024-09-16 15:32:22.382,415.4030510671923,997
2024-09-16 15:32:22.693,415.393158044816,101
2024-09-16 15:32:22.901,415.4047814314895,98
2024-09-16 15:32:22.910,415.3903975550917,998
2024-09-16 15:32:23.036,415.454584192202,1005
2024-09-16 15:32:23.072,415.4535913962768,7
2024-09-16 15:32:23.092,415.4689234290456,1004
2024-09-16 15:32:23.103,415.46232281974585,12
2024-09-16 15:32:23.105,415.4672491731902,9
2024-09-16 15:32:23.113,415.4606905321096,1001
2024-09-16 15:32:23.182,415.47509068073424,98
2024-09-16 15:32:23.208,415.4201073394801,96
2024-09-16 15:32:23.215,415.4707759244228,7
2024-09-16 15:32:23.232,415.45466199341496,100
2024-09-16 15:32:23.278,415.3883529877814,7
2024-09-16 15:32:23.313,415.4491899767113,995
2024-09-16 15:32:23.344,415.4283735325832,7
2024-09-16 15:32:23.348,415.4310948193734,1001
2024-09-16 15:32:23.373,415.4581861317673,1002
2024-09-16 15:32:23.411,415.4392610365842,13
2024-09-16 15:32:23.570,415.4893411235297,100
2024-09-16 15:32:23.580,415.4789201144909,6
2024-09-16 15:32:23.580,415.44659245599337,11
2024-09-16 15:32:23.597,415.4051378720136,1000
2024-09-16 15:32:23.606,415.4674908043448,997
2024-09-16 15:32:23.763,415.4333771938878,96
2024-09-16 15:32:23.792,415.4149479693166,101
2024-09-16 15:32:23.806,415.46493261541,6
2024-09-16 15:32:23.826,415.43827846171337,1004
2024-09-16 15:32:23.863,415.44290682644953,104
2024-09-16 15:32:23.908,415.4619658487604,99
2024-09-16 15:32:23.912,415.4796851389543,14
2024-09-16 15:32:23.976,415.46555094473126,8
2024-09-16 15:32:24.039,415.391084843269,6
2024-09-16 15:32:24.066,415.4205495094757,101
2024-09-16 15:32:24.113,415.380035243229,7
2024-09-16 15:32:24.163,415.3914363661953,1002
2024-09-16 15:32:24.164,415.4233151402737,1005
2024-09-16 15:32:24.212,415.3810493638518,104
2024-09-16 15:32:24.212,415.3670679375407,98
2024-09-16 15:32:24.263,415.4153946385942,100
2024-09-16 15:32:24.308,-415.4176876228118,12
2024-09-16 15:32:24.314,415.37952234214856,12
2024-09-16 15:32:24.315,415.4373638704651,102
2024-09-16 15:32:24.329,415.4181190782568,997
2024-09-16 15:32:24.516,415.3984656818848,14
2024-09-16 15:32:24.520,415.42354022942567,13
2024-09-16 15:32:24.536,415.3928534186288,10
2024-09-16 15:32:24.625,415.4049976365329,104
2024-09-16 15:32:24.634,415.3788331668353,11
2024-09-16 15:32:24.643,415.438615811605,1005
2024-09-16 15:32:24.647,415.414409323729,95
2024-09-16 15:32:24.660,415.4140315400352,97
2024-09-16 15:32:24.678,415.3876297921454,999
2024-09-16 15:32:24.701,415.393001971016,13
2024-09-16 15:32:24.805,415.3903202032408,13
2024-09-16 15:32:24.809,415.37209380797873,1003
2024-09-16 15:32:24.814,415.4085985755592,6
2024-09-16 15:32:24.823,415.39054597997176,1001
2024-09-16 15:32:24.849,415.370009404767,95
2024-09-16 15:32:24.858,415.4050306176078,10
2024-09-16 15:32:24.940,415.3993950450707,1004
2024-09-16 15:32:24.951,415.4404086348836,98
2024-09-16 15:32:24.973,417.2495467747054,11
2024-09-16 15:32:25.070,415.415153032882,998
2024-09-16 15:32:25.866,415.4105810263964,101
2024-09-16 15:32:26.001,415.4266678430911,998
2024-09-16 15:32:26.018,415.4117956857485,999
2024-09-16 15:32:26.074,415.45321775809487,1004
2024-09-16 15:32:26.127,415.4491165664225,1003
2024-09-16 15:32:26.145,415.4498121512423,101
2024-09-16 15:32:26.283,417.0720702850287,1002
2024-09-16 15:32:26.316,415.4249157986338,997
2024-09-16 15:32:26.374,415.4153446091013,9
2024-09-16 15:32:26.392,415.4246098023324,5
2024-09-16 15:32:26.428,415.42754339970537,8
2024-09-16 15:32:26.486,415.4247900995613,999
2024-09-16 15:32:26.512,41.54492201143755,15
2024-09-16 15:32:26.640,415.4421829425701,97
2024-09-16 15:32:26.654,415.4255648609084,97
2024-09-16 15:32:26.661,417.0311787516444,105
2024-09-16 15:32:26.698,415.4435072123626,7
2024-09-16 15:32:26.774,415.4438824760184,1001
2024-09-16 15:32:27.019,415.4409177780679,996
2024-09-16 15:32:27.023,415.4541828148288,11
2024-09-16 15:32:27.026,415.4245409584845,101
2024-09-16 15:32:27.039,415.3974187650858,10
2024-09-16 15:32:27.201,415.3832124311646,13
2024-09-16 15:32:27.238,415.401358061445,15
2024-09-16 15:32:27.240,415.4231440039015,99
2024-09-16 15:32:27.301,415.3968325410369,5
2024-09-16 15:32:27.319,415.4213882920969,11
2024-09-16 15:32:27.366,-415.43061215777016,1005
2024-09-16 15:32:27.380,415.4128086070095,997
2024-09-16 15:32:27.425,415.4283513189061,98
2024-09-16 15:32:27.426,415.40616583897554,12
2024-09-16 15:32:27.464,415.4101427292695,997
2024-09-16 15:32:27.559,415.42458667387297,1004
2024-09-16 15:32:27.560,415.440551366296,999
2024-09-16 15:32:27.572,415.42135316535314,99
2024-09-16 15:32:27.578,415.4308227693045,105
2024-09-16 15:32:27.589,415.41085017783496,96
2024-09-16 15:32:27.695,415.4652156007048,1000
2024-09-16 15:32:27.720,415.44957221765793,1004
2024-09-16 15:32:27.752,415.400623204586,12
2024-09-16 15:32:27.754,415.39947285089545,1003
2024-09-16 15:32:27.766,415.4333321822026,96
2024-09-16 15:32:27.821,415.4227033315516,15
2024-09-16 15:32:27.856,415.4140526448006,97
2024-09-16 15:32:27.935,415.4044438419689,996
2024-09-16 15:32:27.943,415.4346134338377,996
2024-09-16 15:32:28.150,415.486509182344,95
2024-09-16 15:32:28.162,415.4216700068699,1003
2024-09-16 15:32:28.268,415.4244167576391,98
2024-09-16 15:32:28.348,415.476211284843,15
2024-09-16 15:32:28.401,415.4046994626538,15
2024-09-16 15:32:28.420,415.4150370785779,13
2024-09-16 15:32:28.451,415.4084085964727,10
2024-09-16 15:32:28.525,415.4129992779248,7
2024-09-16 15:32:28.691,415.3996252384948,101
2024-09-16 15:32:28.721,415.4056155252175,13
2024-09-16 15:32:28.797,415.4522333132217,1000
2024-09-16 15:32:28.844,415.43260836651547,8
2024-09-16 15:32:28.854,415.4511800694046,101
2024-09-16 15:32:28.871,415.4544403367965,95
2024-09-16 15:32:28.968,415.3954793697709,97
2024-09-16 15:32:28.987,415.41801340971887,11
2024-09-16 15:32:28.995,415.4044960694924,13
2024-09-16 15:32:29.015,415.5410307891637,15
2024-09-16 15:32:29.054,415.5378244339905,6
2024-09-16 15:32:29.062,415.5373110238746,1002
2024-09-16 15:32:29.172,415.4994762754083,7
2024-09-16 15:32:29.196,415.5244154622609,1002
2024-09-16 15:32:29.251,415.5397115291497,11
2024-09-16 15:32:29.263,415.5500531335816,6
2024-09-16 15:32:29.323,415.5182396635696,6
2024-09-16 15:32:29.350,415.5147310294823,98
2024-09-16 15:32:29.439,415.5191112892143,995
2024-09-16 15:32:29.497,415.5400875099248,998
2024-09-16 15:32:29.593,415.5150649358004,97
2024-09-16 15:32:29.629,415.5292118795402,995
2024-09-16 15:32:29.644,415.49083416642895,14
2024-09-16 15:32:29.733,415.5009576355865,13
2024-09-16 15:32:29.801,415.4996183142723,1000
2024-09-16 15:32:29.802,415.53840540127567,995
2024-09-16 15:32:29.808,415.5411960749058,996
2024-09-16 15:32:29.826,415.5138587517442,1003
2024-09-16 15:32:29.848,415.5231496883775,15
2024-09-16 15:32:29.865,415.5427315809963,7
2024-09-16 15:32:29.888,41.55078458957061,15
2024-09-16 15:32:29.938,415.5159461320874,12
2024-09-16 15:32:29.945,415.54298705228246,99
2024-09-16 15:32:29.959,415.5227086025824,5
2024-09-16 15:32:30.074,415.5540830669827,105
2024-09-16 15:32:30.092,415.5390643532018,1000
2024-09-16 15:32:30.110,415.5478318642826,6
2024-09-16 15:32:30.151,415.5419120801992,996
2024-09-16 15:32:30.183,415.536436485485,1003
2024-09-16 15:32:30.197,415.5650810412572,95
2024-09-16 15:32:30.211,415.5679422994269,6
2024-09-16 15:32:30.211,415.5647263591405,13
2024-09-16 15:32:30.221,415.5306451869094,96
2024-09-16 15:32:30.331,415.5274916974068,995
2024-09-16 15:32:30.384,415.563135130931,100
2024-09-16 15:32:30.401,415.5628431912043,102
2024-09-16 15:32:30.432,415.5468245450695,1002
2024-09-16 15:32:30.459,415.5708053469597,6
2024-09-16 15:32:30.466,415.5534036256896,1003
2024-09-16 15:32:30.631,415.5560878081678,1002
2024-09-16 15:32:30.660,415.5408781939558,13
2024-09-16 15:32:30.721,415.5431646947303,95
2024-09-16 15:32:30.763,415.55843338528814,1005
2024-09-16 15:32:30.868,415.54240252974296,12
2024-09-16 15:32:30.877,415.5702865586946,103
2024-09-16 15:32:30.912,415.56583174285015,97
2024-09-16 15:32:30.984,415.5268010119258,96
2024-09-16 15:32:30.996,415.5497840618354,11
2024-09-16 15:32:30.996,415.5498377827657,996
2024-09-16 15:32:31.182,415.55379616028256,1001
2024-09-16 15:32:31.325,,1001
2024-09-16 15:32:31.423,415.5593187420637,999
2024-09-16 15:32:31.443,415.5932190902647,101
2024-09-16 15:32:31.473,415.5938503710454,9
2024-09-16 15:32:31.508,415.5581294831337,999
2024-09-16 15:32:31.576,415.5769054585261,998
2024-09-16 15:32:31.631,415.6551642927762,101
2024-09-16 15:32:31.662,415.5428940906183,5
2024-09-16 15:32:31.686,41.55419733441757,1002
2024-09-16 15:32:31.698,415.6026592835527,9
2024-09-16 15:32:31.710,415.6739241296446,999
2024-09-16 15:32:31.750,415.584976651736,1003
2024-09-16 15:32:31.753,415.64079457547047,15
2024-09-16 15:32:31.834,415.5991609522232,996
2024-09-16 15:32:31.838,415.56749485930106,7
2024-09-16 15:32:31.841,415.6586155102952,10
2024-09-16 15:32:31.852,415.553694839055,99
2024-09-16 15:32:31.855,416.9614511915656,1005
2024-09-16 15:32:31.911,415.5678816474204,104
2024-09-16 15:32:31.942,415.59073732706287,1004
2024-09-16 15:32:31.959,415.5857609007661,104
2024-09-16 15:32:32.396,415.6728108304959,104
2024-09-16 15:32:32.400,415.6845837631191,95
2024-09-16 15:32:32.433,415.6640017076289,102
2024-09-16 15:32:32.647,415.69630005803975,14
2024-09-16 15:32:32.812,415.6843611328547,1005
2024-09-16 15:32:33.073,415.6872008968943,5
2024-09-16 15:32:33.075,415.7614404500077,997
2024-09-16 15:32:33.084,415.7668059266312,97
2024-09-16 15:32:33.084,415.7526327750357,95
2024-09-16 15:32:33.147,415.7394768978343,14
2024-09-16 15:32:33.167,415.7498311536153,102
2024-09-16 15:32:33.266,415.7504378478715,995
2024-09-16 15:32:33.360,415.7400151196172,12
2024-09-16 15:32:33.401,415.7563237636908,14
2024-09-16 15:32:33.478,415.7672705456328,8
2024-09-16 15:32:33.489,415.718013715407,102
2024-09-16 15:32:33.521,415.78211263068727,9
2024-09-16 15:32:33.548,415.7452160259078,998
2024-09-16 15:32:33.625,415.7318439019516,11
2024-09-16 15:32:33.632,415.7489591605565,1001
2024-09-16 15:32:33.655,415.7500715107986,101
2024-09-16 15:32:33.660,415.7723364026149,12
2024-09-16 15:32:33.704,415.7593448842176,101
2024-09-16 15:32:33.716,415.7551259228664,101
2024-09-16 15:32:33.754,415.75621374583415,98
2024-09-16 15:32:33.757,415.7468549569831,1001
2024-09-16 15:32:33.759,415.7431319204944,7
2024-09-16 15:32:33.793,415.7482645989214,97
2024-09-16 15:32:33.821,415.7687981971969,1001
2024-09-16 15:32:33.943,415.7400048565914,12
2024-09-16 15:32:33.959,415.7745426504903,12
2024-09-16 15:32:34.050,415.7679945352509,11
2024-09-16 15:32:34.205,417.00338583900384,11
2024-09-16 15:32:34.437,415.7693875212731,95
2024-09-16 15:32:34.472,41.57622285966521,999
2024-09-16 15:32:34.485,415.7877670543685,1004
2024-09-16 15:32:34.808,415.75400287004425,1003
2024-09-16 15:32:34.915,415.7999810019752,6
2024-09-16 15:32:34.971,415.7676764116895,100
2024-09-16 15:32:35.010,415.7492015022709,14
2024-09-16 15:32:35.203,415.6987631539976,1002
2024-09-16 15:32:35.274,415.7820969249449,98
2024-09-16 15:32:35.293,415.7610153502479,999
2024-09-16 15:32:35.349,415.70783694059287,101
2024-09-16 15:32:35.430,415.7002814405246,1001
2024-09-16 15:32:35.450,415.6820591602905,97
2024-09-16 15:32:35.450,415.6635574943506,10
2024-09-16 15:32:35.541,415.6643393517217,103
2024-09-16 15:32:35.563,415.7227673538205,999
2024-09-16 15:32:35.592,415.7300260516465,1002
2024-09-16 15:32:35.634,415.72688998288,995
2024-09-16 15:32:35.700,415.675400397624,97
2024-09-16 15:32:35.776,415.6579575072363,996
2024-09-16 15:32:35.779,415.67999078770737,102
2024-09-16 15:32:35.804,415.7473704415337,100
2024-09-16 15:32:35.831,415.7463252583256,99
2024-09-16 15:32:35.892,415.6859547007029,99
2024-09-16 15:32:35.896,415.7490799337574,7
2024-09-16 15:32:35.956,415.7568603331559,98
2024-09-16 15:32:35.988,415.7510063851757,6
2024-09-16 15:32:36.002,,11
2024-09-16 15:32:36.016,415.6957211577675,1003
2024-09-16 15:32:36.029,415.70423188840726,9
2024-09-16 15:32:36.030,415.7396240676919,9
2024-09-16 15:32:36.035,415.7974126018241,5
2024-09-16 15:32:36.053,415.6998987387415,95
2024-09-16 15:32:36.066,415.7402895838517,14
2024-09-16 15:32:36.132,415.6974417264103,996
2024-09-16 15:32:36.191,415.7181567550183,10
2024-09-16 15:32:36.238,415.76815254370985,15
2024-09-16 15:32:36.244,415.8020865173877,102
2024-09-16 15:32:36.294,415.7911597827615,95
2024-09-16 15:32:36.358,415.7511356070528,999
2024-09-16 15:32:36.421,415.7557746567668,999
2024-09-16 15:32:36.455,415.8068320302559,105
2024-09-16 15:32:36.460,415.756374246622,1004
2024-09-16 15:32:36.542,415.6841264299885,99
2024-09-16 15:32:36.579,415.74469512809367,7
2024-09-16 15:32:36.589,415.7303008757572,997
2024-09-16 15:32:36.595,415.74298653349547,101
2024-09-16 15:32:36.650,415.7507786644485,1003
2024-09-16 15:32:36.655,415.7891879260847,1002
2024-09-16 15:32:36.671,415.798697552395,103
2024-09-16 15:32:36.674,415.8028214217542,5
2024-09-16 15:32:36.681,415.8037052196352,96
2024-09-16 15:32:36.699,415.70805309396144,98
2024-09-16 15:32:36.721,415.75944575431146,6
2024-09-16 15:32:36.878,415.7177787405217,99
2024-09-16 15:32:37.029,415.8234482236161,100
2024-09-16 15:32:37.090,415.816848967278,1002
2024-09-16 15:32:37.153,41.58152863840927,13
2024-09-16 15:32:37.171,415.81517132160815,1003
2024-09-16 15:32:37.208,415.819305455539,1001
2024-09-16 15:32:37.211,415.8493716636378,1001
2024-09-16 15:32:37.211,415.81122095968817,98
2024-09-16 15:32:37.282,415.8497119662907,5
2024-09-16 15:32:37.293,415.8483627072381,6
2024-09-16 15:32:37.374,415.8448840420045,1004
2024-09-16 15:32:37.408,415.8161267310841,6
2024-09-16 15:32:37.448,415.8465223471532,14
2024-09-16 15:32:37.453,415.8339205643806,1005
2024-09-16 15:32:37.562,415.85457284783183,14
2024-09-16 15:32:37.564,415.8387198500765,9
2024-09-16 15:32:37.574,415.83205482572725,997
2024-09-16 15:32:37.638,415.8464529108768,1004
2024-09-16 15:32:37.677,415.8300049752555,5
2024-09-16 15:32:37.695,415.8558566669053,1001
2024-09-16 15:32:37.739,415.8140098722504,9
2024-09-16 15:32:37.745,415.8446763299751,8
2024-09-16 15:32:37.826,415.8138006994568,999
2024-09-16 15:32:37.830,415.827910836316,13
2024-09-16 15:32:37.878,415.8391457592587,9
2024-09-16 15:32:37.940,415.8171250597173,14
2024-09-16 15:32:38.000,415.8853230408639,99
2024-09-16 15:32:38.046,415.8856343607977,1002
2024-09-16 15:32:38.138,415.9004051514221,103
2024-09-16 15:32:38.327,415.8711841367885,14
2024-09-16 15:32:38.341,41.58943918426673,1000
2024-09-16 15:32:38.563,415.9140537744317,97
2024-09-16 15:32:38.569,415.8790292288162,1005
2024-09-16 15:32:38.582,41.59118560601081,10
2024-09-16 15:32:38.663,415.89588021552345,99
2024-09-16 15:32:38.667,415.8977785116424,12
2024-09-16 15:32:38.671,415.9003335958777,7
2024-09-16 15:32:38.885,415.88880751036976,1001
2024-09-16 15:32:39.089,415.89542512847805,996
2024-09-16 15:32:39.122,415.8937860530027,9
2024-09-16 15:32:39.321,41.590862122648325,996
2024-09-16 15:32:39.372,415.93547452534,1002
2024-09-16 15:32:39.501,415.9432170152552,1002
2024-09-16 15:32:39.725,41.59486156570006,105
2024-09-16 15:32:39.954,415.9091427452901,995
2024-09-16 15:32:40.067,415.9095537374788,97
2024-09-16 15:32:40.123,415.9409478725144,96
2024-09-16 15:32:40.256,415.9189299724701,14
2024-09-16 15:32:40.277,415.8952732759348,10
2024-09-16 15:32:40.310,415.8989315137436,11
2024-09-16 15:32:40.322,415.8915864538231,105
2024-09-16 15:32:40.336,415.9327716598272,9
2024-09-16 15:32:40.410,415.9033349670524,97
2024-09-16 15:32:40.415,415.9113395277505,1002
2024-09-16 15:32:40.492,415.8934821246278,6
2024-09-16 15:32:40.511,415.89252673675657,95
2024-09-16 15:32:40.648,415.88901729569,105
2024-09-16 15:32:40.787,415.8986489920162,13
2024-09-16 15:32:40.826,415.9092133695943,104
2024-09-16 15:32:40.854,415.9161351473687,13
2024-09-16 15:32:40.894,415.9181432621551,14
2024-09-16 15:32:40.919,415.9003166910388,999
2024-09-16 15:32:40.996,415.91326915417255,104
2024-09-16 15:32:41.016,415.8664995854592,997
2024-09-16 15:32:41.129,415.8529757943257,7
2024-09-16 15:32:41.349,415.9061627678126,98
2024-09-16 15:32:41.495,415.8693095925592,100
2024-09-16 15:32:41.695,415.86647533459774,5
2024-09-16 15:32:42.039,,1000
2024-09-16 15:32:42.101,-415.9558004218098,97
2024-09-16 15:32:42.242,415.916622427263,1000
2024-09-16 15:32:42.247,415.9471839096871,105
2024-09-16 15:32:42.320,415.884339537782,1004
2024-09-16 15:32:42.342,415.86202735866914,5
2024-09-16 15:32:42.346,415.88565662480494,100
2024-09-16 15:32:42.371,415.8778487239745,97
2024-09-16 15:32:42.476,415.8385210359473,100
2024-09-16 15:32:42.530,415.8790185504191,1005
2024-09-16 15:32:42.545,415.8781808416995,99
2024-09-16 15:32:42.550,415.8655270599534,95
2024-09-16 15:32:42.598,,6
2024-09-16 15:32:42.661,415.88543281050585,98
2024-09-16 15:32:42.696,415.83721892665545,998
2024-09-16 15:32:42.730,415.9456176518465,5
2024-09-16 15:32:42.759,415.8306838488123,95
2024-09-16 15:32:42.778,415.86261405340207,100
2024-09-16 15:32:42.790,415.8285310806456,6
2024-09-16 15:32:42.801,41.59152657166027,95
2024-09-16 15:32:42.829,415.8635094753012,10
2024-09-16 15:32:42.951,415.9782921856738,13
2024-09-16 15:32:42.963,415.8477177323069,9
2024-09-16 15:32:42.980,,998
2024-09-16 15:32:42.982,415.85485876388486,5
2024-09-16 15:32:42.995,415.9550285481341,95
2024-09-16 15:32:42.997,415.8965501438656,102
2024-09-16 15:32:43.008,415.88400730153376,103
2024-09-16 15:32:43.025,415.9214747629924,14
2024-09-16 15:32:43.160,415.9374982454729,9
2024-09-16 15:32:43.197,415.9701337492318,10
2024-09-16 15:32:43.276,415.9195507932839,101
2024-09-16 15:32:43.284,415.9907996249856,97
2024-09-16 15:32:43.291,415.8883306301539,1001
2024-09-16 15:32:43.294,415.94224751114285,1000
2024-09-16 15:32:43.433,415.9989109594964,96
2024-09-16 15:32:43.476,415.8904712561324,104
2024-09-16 15:32:43.517,415.9209795442856,1001
2024-09-16 15:32:43.530,415.90996365682577,1005
2024-09-16 15:32:43.560,415.99464040809926,9
2024-09-16 15:32:43.633,415.9823531379811,95
2024-09-16 15:32:43.722,415.9175133839526,1001
2024-09-16 15:32:43.789,415.9868623609627,105
2024-09-16 15:32:43.794,,1003
2024-09-16 15:32:43.830,415.9854799994757,98
2024-09-16 15:32:43.841,415.97686067743234,15
2024-09-16 15:32:43.878,415.9420538992196,995
2024-09-16 15:32:43.882,415.9126617255706,95
2024-09-16 15:32:43.984,415.8970397458641,12
2024-09-16 15:32:44.044,415.9797488220439,8
2024-09-16 15:32:44.064,415.97245870144894,100
2024-09-16 15:32:44.190,415.9353552954989,98
2024-09-16 15:32:44.299,415.9597448681379,1003
2024-09-16 15:32:44.423,415.96529597192256,1003
2024-09-16 15:32:44.423,415.9513991427435,11
2024-09-16 15:32:44.725,415.9704715833545,999
2024-09-16 15:32:44.744,415.9732097242889,104
2024-09-16 15:32:44.767,415.9653095984871,5
2024-09-16 15:32:44.805,415.9413470955103,995
2024-09-16 15:32:44.817,415.96768544464334,996
2024-09-16 15:32:44.818,415.9864258495957,1003
2024-09-16 15:32:44.867,415.9664824036629,104
2024-09-16 15:32:44.942,415.94337847550776,999
2024-09-16 15:32:45.006,415.96556268515945,995
2024-09-16 15:32:45.424,415.9651577594361,14
2024-09-16 15:32:45.440,416.00174239466537,105
2024-09-16 15:32:45.450,415.9847065371711,1002
2024-09-16 15:32:45.713,415.998822616724,999
2024-09-16 15:32:45.726,415.9776110963567,997
2024-09-16 15:32:45.843,415.9922327290213,97
2024-09-16 15:32:45.909,416.0071993870072,13
2024-09-16 15:32:45.914,416.0111787246935,14
2024-09-16 15:32:46.001,415.9661679194529,98
2024-09-16 15:32:46.053,415.9480350504968,999
2024-09-16 15:32:46.055,415.9765236921564,8
2024-09-16 15:32:46.055,416.0079163515628,1002
2024-09-16 15:32:46.148,415.9838807531179,10
2024-09-16 15:32:46.179,416.0014882338555,997
2024-09-16 15:32:46.193,416.0014178065401,1000
2024-09-16 15:32:46.201,415.9852656361941,7
2024-09-16 15:32:46.295,415.97846105878426,100
2024-09-16 15:32:46.320,415.98382751432126,997
2024-09-16 15:32:46.397,415.9459412358317,104
2024-09-16 15:32:46.411,415.96403570472575,997
2024-09-16 15:32:46.497,415.9425486722002,6
2024-09-16 15:32:46.525,415.9390947455556,9
2024-09-16 15:32:46.536,415.9946217205451,15
2024-09-16 15:32:46.562,415.9788170323154,96
2024-09-16 15:32:46.565,415.9866171880728,6
2024-09-16 15:32:46.651,415.9547119017354,104
2024-09-16 15:32:46.654,415.91718247846177,5
2024-09-16 15:32:46.657,415.9964321090794,1003
2024-09-16 15:32:46.718,-415.99292626506326,105
2024-09-16 15:32:46.828,415.9843219458077,98
2024-09-16 15:32:46.829,415.9462155447461,101
2024-09-16 15:32:46.871,415.9986553346942,103
2024-09-16 15:32:46.924,415.96458441155295,103
2024-09-16 15:32:46.974,415.94743499332174,996
2024-09-16 15:32:47.016,416.07195720755993,98
2024-09-16 15:32:47.049,416.0750267488555,995
2024-09-16 15:32:47.072,416.0014203057566,95
2024-09-16 15:32:47.188,416.0635881335268,1004
2024-09-16 15:32:47.283,416.07049776806014,1003
2024-09-16 15:32:47.406,416.0349253330569,104
2024-09-16 15:32:47.461,416.0454395220248,1000
2024-09-16 15:32:47.511,416.051427696133,104
2024-09-16 15:32:47.549,416.0827263510206,102
2024-09-16 15:32:47.552,41.607313812817225,95
2024-09-16 15:32:47.631,416.064433744677,7
2024-09-16 15:32:47.732,416.0528451109092,105
2024-09-16 15:32:47.808,416.0621711366961,999
2024-09-16 15:32:47.981,416.0838789847145,1003
2024-09-16 15:32:47.997,416.0824039422688,97
2024-09-16 15:32:49.062,416.03748237534137,100
2024-09-16 15:32:49.190,416.0310623323441,1004
2024-09-16 15:32:49.367,416.02906299011033,13
2024-09-16 15:32:49.443,416.0259370082495,95
2024-09-16 15:32:49.522,416.01280439318975,998
2024-09-16 15:32:49.610,417.247909317673,998
2024-09-16 15:32:49.862,416.0380328911035,96
2024-09-16 15:32:50.002,,8
2024-09-16 15:32:50.005,415.9562920592252,104
2024-09-16 15:32:50.028,415.9816736750126,998
2024-09-16 15:32:50.037,415.976829641511,8
2024-09-16 15:32:50.070,415.9830510281544,998
2024-09-16 15:32:50.083,415.9649013135564,103
2024-09-16 15:32:50.086,415.987852833894,105
2024-09-16 15:32:50.135,415.9793412371661,1005
2024-09-16 15:32:50.221,416.0266217739409,96
2024-09-16 15:32:50.372,415.99676924259774,11
2024-09-16 15:32:50.480,415.9976664728628,1003
2024-09-16 15:32:50.513,415.984042387046,96
2024-09-16 15:32:50.516,415.9604161108122,997
2024-09-16 15:32:50.556,416.02077381392655,5
2024-09-16 15:32:50.582,415.954651694297,1001
2024-09-16 15:32:50.642,415.9554602890156,102
2024-09-16 15:32:50.730,416.00412716996186,100
2024-09-16 15:32:50.771,416.0141278377253,1002
2024-09-16 15:32:50.779,415.98030945123855,101
2024-09-16 15:32:50.782,415.9733456183512,101
2024-09-16 15:32:50.814,415.99977122935496,14
2024-09-16 15:32:50.864,415.9861132065358,11
2024-09-16 15:32:50.888,415.9816009194284,7
2024-09-16 15:32:50.907,415.9743158463703,1002
2024-09-16 15:32:50.911,415.93812808684817,13
2024-09-16 15:32:50.967,416.0035644522293,1002
2024-09-16 15:32:50.979,415.9772284541488,995
2024-09-16 15:32:50.998,415.9872594690098,5
2024-09-16 15:32:51.028,415.9830410104376,103
2024-09-16 15:32:51.048,415.9836343445165,13
2024-09-16 15:32:51.069,415.9735966176369,1003
2024-09-16 15:32:51.117,415.96542561714097,13
2024-09-16 15:32:51.120,41.59897929982961,104
2024-09-16 15:32:51.283,416.0048267607618,7
2024-09-16 15:32:51.311,415.977466340189,996
2024-09-16 15:32:51.313,415.94437920933655,999
2024-09-16 15:32:51.337,415.98457141702966,103
2024-09-16 15:32:51.350,415.96750136652577,12
2024-09-16 15:32:51.401,415.98358525100167,1000
2024-09-16 15:32:51.453,415.9565575056328,997
2024-09-16 15:32:51.482,415.9691735737048,6
2024-09-16 15:32:51.537,415.970131555567,996
2024-09-16 15:32:51.581,415.9570346076461,999
2024-09-16 15:32:51.596,415.9526700092572,997
2024-09-16 15:32:51.709,415.9871276167983,98
2024-09-16 15:32:51.735,415.98416805346864,98
2024-09-16 15:32:51.742,415.9767794792653,5
2024-09-16 15:32:51.793,415.9689580176461,96
2024-09-16 15:32:51.837,415.9579907759995,997
2024-09-16 15:32:51.838,415.9604716898663,12
2024-09-16 15:32:51.888,416.0027399950033,13
2024-09-16 15:32:51.911,415.9966135975738,104
2024-09-16 15:32:51.916,415.9770592866462,1005
2024-09-16 15:32:51.928,415.9783484642552,8
2024-09-16 15:32:52.024,416.0808723783131,6
2024-09-16 15:32:52.024,416.0004839671811,1005
2024-09-16 15:32:52.294,416.03854056045554,1004
2024-09-16 15:32:52.398,416.05542392080525,11
2024-09-16 15:32:52.548,416.08836364374525,11
2024-09-16 15:32:52.608,416.0820520294087,11
2024-09-16 15:32:52.626,416.0574627458364,14
2024-09-16 15:32:52.715,415.9837334922425,1001
2024-09-16 15:32:52.723,416.07665594946576,98
2024-09-16 15:32:52.724,415.978922826435,5
2024-09-16 15:32:52.845,416.0021585124444,6
2024-09-16 15:32:52.852,417.2221378646776,6
2024-09-16 15:32:52.881,416.06026819464415,104
2024-09-16 15:32:53.538,416.0999057556114,12
2024-09-16 15:32:53.920,416.0975297073613,998
2024-09-16 15:32:54.036,416.1137364496444,13
2024-09-16 15:32:54.087,416.13880122122265,1005
2024-09-16 15:32:54.105,416.1293210053829,996
2024-09-16 15:32:54.109,416.1257520363812,996
2024-09-16 15:32:54.113,416.10952881528846,11
2024-09-16 15:32:54.308,416.1255317031671,999
2024-09-16 15:32:54.309,416.1315149891751,102
2024-09-16 15:32:54.344,416.1265064464072,98
2024-09-16 15:32:54.384,416.1152642875944,97
2024-09-16 15:32:54.631,416.1281237633944,8
2024-09-16 15:32:54.649,416.1301307830389,7
2024-09-16 15:32:54.660,416.11248731214994,1004
2024-09-16 15:32:54.688,416.11525934502913,998
2024-09-16 15:32:54.732,416.1150430985714,6
2024-09-16 15:32:54.765,416.12105247956674,103
2024-09-16 15:32:54.767,416.1274984314368,104
2024-09-16 15:32:54.802,416.1148056568419,1002
2024-09-16 15:32:54.921,416.1275955839921,95
2024-09-16 15:32:55.026,416.1508139416716,9
2024-09-16 15:32:55.052,416.139835449457,997
2024-09-16 15:32:55.067,416.1615136215869,1003
2024-09-16 15:32:55.199,416.123478202256,100
2024-09-16 15:32:55.259,416.12317074319895,7
2024-09-16 15:32:55.296,416.1108675852291,998
2024-09-16 15:32:55.303,417.30645829646863,12
2024-09-16 15:32:55.359,416.11903410449935,100
2024-09-16 15:32:55.443,416.1465261629847,105
2024-09-16 15:32:55.503,416.11336833518857,96
2024-09-16 15:32:55.529,416.1086474451455,100
2024-09-16 15:32:55.724,416.14692471340135,15
2024-09-16 15:32:55.741,416.1501758340455,1000
2024-09-16 15:32:55.751,416.1651829776172,1001
2024-09-16 15:32:55.811,417.2833974157127,101
2024-09-16 15:32:55.942,416.095378751161,9
2024-09-16 15:32:56.164,416.1404767685853,5
2024-09-16 15:32:56.316,416.1135572140536,99
2024-09-16 15:32:56.652,416.1062085424426,999
2024-09-16 15:32:56.753,416.12895944878,100
2024-09-16 15:32:57.046,416.1715941172368,1003
2024-09-16 15:32:57.049,416.0772501841167,15
2024-09-16 15:32:57.070,416.0744884928062,5
2024-09-16 15:32:57.079,416.0785421783263,98
2024-09-16 15:32:57.086,416.1262258354576,1001
2024-09-16 15:32:57.103,416.1396551007664,6
2024-09-16 15:32:57.117,416.08723607814505,996
2024-09-16 15:32:57.134,416.1407648473249,997
2024-09-16 15:32:57.167,416.1051072063139,6
2024-09-16 15:32:57.190,416.1098409799136,101
2024-09-16 15:32:57.194,416.0772817037148,995
2024-09-16 15:32:57.218,416.13222416662165,99
2024-09-16 15:32:57.311,416.107488490005,15
2024-09-16 15:32:57.354,416.0933395844036,6
2024-09-16 15:32:57.404,416.12619197766656,1000
2024-09-16 15:32:57.572,416.1144748785643,8
2024-09-16 15:32:57.640,416.1350101429488,1000
2024-09-16 15:32:57.644,416.1497066214415,1002
2024-09-16 15:32:57.650,416.1630799287592,1002
2024-09-16 15:32:57.666,416.12639971090346,98
2024-09-16 15:32:57.681,416.11914606759245,100
2024-09-16 15:32:57.684,416.1170738694817,12
2024-09-16 15:32:57.684,416.0644848299326,97
2024-09-16 15:32:57.720,416.1401601684977,1000
2024-09-16 15:32:57.821,416.1241070978518,12
2024-09-16 15:32:57.854,416.0706290485893,7
2024-09-16 15:32:57.854,-416.1302353346851,10
2024-09-16 15:32:57.892,416.0719218450328,996
2024-09-16 15:32:57.910,,1001
2024-09-16 15:32:57.946,416.0821464364503,8
2024-09-16 15:32:58.074,416.1467268438568,10
2024-09-16 15:32:58.227,416.1202995446017,9
2024-09-16 15:32:58.412,416.1138693151518,98
2024-09-16 15:32:58.508,416.1221493291524,999
2024-09-16 15:32:58.521,,1001
2024-09-16 15:32:58.721,416.1247299740707,1005
2024-09-16 15:32:58.767,416.1196436377634,99
2024-09-16 15:32:58.879,416.1261581992083,104
2024-09-16 15:32:58.931,416.1286538126792,10
2024-09-16 15:32:58.934,416.12051232484106,95
2024-09-16 15:32:59.007,416.153945881576,10
2024-09-16 15:32:59.045,416.21263075730445,11
2024-09-16 15:32:59.057,416.1895514929007,1002
2024-09-16 15:32:59.058,416.140769223871,95
2024-09-16 15:32:59.182,416.1492572189412,103
2024-09-16 15:32:59.269,416.1915254568247,97
2024-09-16 15:32:59.320,416.18263740625525,13
2024-09-16 15:32:59.343,416.21605730916303,13
2024-09-16 15:32:59.380,416.1948937964445,995
2024-09-16 15:32:59.494,-416.19007339595447,999
2024-09-16 15:32:59.553,416.21372837352976,103
2024-09-16 15:32:59.569,416.1936489858828,1003
2024-09-16 15:32:59.609,416.1922327285175,13
2024-09-16 15:32:59.618,416.1932871467525,103
2024-09-16 15:32:59.693,416.1989531703544,13
2024-09-16 15:32:59.701,416.1837233279717,96
2024-09-16 15:32:59.756,416.2188640220912,104
2024-09-16 15:32:59.784,416.2113372264108,96
2024-09-16 15:32:59.901,416.18506199174135,13
2024-09-16 15:32:59.984,416.2095563126663,104
2024-09-16 15:32:59.997,416.14787278892766,1000
