Timestamp,Price,Size
2024-09-20 15:19:00.066,429.9317125707853,14
2024-09-20 15:19:00.083,429.9487318871139,1002
2024-09-20 15:19:00.142,429.9571299097814,1002
2024-09-20 15:19:00.165,429.94123799710593,14
2024-09-20 15:19:00.174,429.91782524792586,997
2024-09-20 15:19:00.199,429.9070091465388,99
2024-09-20 15:19:00.272,429.9341730853016,104
2024-09-20 15:19:00.344,429.9141317208994,105
2024-09-20 15:19:00.422,429.9302343312029,101
2024-09-20 15:19:00.438,429.9452992912075,101
2024-09-20 15:19:00.455,429.9302899243846,97
2024-09-20 15:19:00.666,429.943846065624,103
2024-09-20 15:19:00.684,429.9114239862735,99
2024-09-20 15:19:00.980,429.90711147002463,1005
2024-09-20 15:19:01.017,429.9599602336663,104
2024-09-20 15:19:01.101,429.971088850349,100
2024-09-20 15:19:01.137,429.9781240380229,96
2024-09-20 15:19:01.208,429.9827184294947,6
2024-09-20 15:19:01.212,429.966015117112,1005
2024-09-20 15:19:01.259,429.9600321345829,999
2024-09-20 15:19:01.277,429.9692084157018,1002
2024-09-20 15:19:01.697,429.9514467504078,103
2024-09-20 15:19:01.785,429.9837423938698,9
2024-09-20 15:19:01.999,429.96987401410047,104
2024-09-20 15:19:02.025,429.9895127210151,103
2024-09-20 15:19:02.026,429.9870154251553,1005
2024-09-20 15:19:02.128,429.97613508409046,1001
2024-09-20 15:19:02.142,429.9708353516704,103
2024-09-20 15:19:02.192,429.9342863547017,14
2024-09-20 15:19:02.229,430.01173919871314,96
2024-09-20 15:19:02.247,429.98789399456746,14
2024-09-20 15:19:02.263,430.00948923250775,11
2024-09-20 15:19:02.306,429.9752854286524,103
2024-09-20 15:19:02.329,429.9455541433943,97
2024-09-20 15:19:02.335,430.00626804123016,95
2024-09-20 15:19:02.343,429.9329490997858,1005
2024-09-20 15:19:02.355,429.9609372457606,12
2024-09-20 15:19:02.389,429.9374748743055,96
2024-09-20 15:19:02.410,429.9899245020895,9
2024-09-20 15:19:02.468,430.00019686644606,1004
2024-09-20 15:19:02.540,429.9515462429202,1002
2024-09-20 15:19:02.616,-429.9980153523101,9
2024-09-20 15:19:02.640,429.9980707511765,1000
2024-09-20 15:19:02.667,429.9361444989086,998
2024-09-20 15:19:02.726,429.9792315801051,9
2024-09-20 15:19:02.791,429.9239786638143,105
2024-09-20 15:19:02.932,429.9687376626303,5
2024-09-20 15:19:02.966,429.9829080555003,12
2024-09-20 15:19:03.092,429.92944301296336,9
2024-09-20 15:19:03.093,429.9775736769081,6
2024-09-20 15:19:03.438,429.9513165165892,101
2024-09-20 15:19:03.757,429.9737767579763,9
2024-09-20 15:19:03.809,429.9500959583205,6
2024-09-20 15:19:03.887,429.9608319179444,100
2024-09-20 15:19:04.066,429.9629860926382,997
2024-09-20 15:19:04.083,429.96737354924016,12
2024-09-20 15:19:04.130,429.9296277619404,98
2024-09-20 15:19:04.167,429.9524473406989,998
2024-09-20 15:19:04.167,429.951165374633,6
2024-09-20 15:19:04.193,429.9269840947688,98
2024-09-20 15:19:04.215,429.9345860781381,14
2024-09-20 15:19:04.358,429.9506247166228,999
2024-09-20 15:19:04.572,429.9729642825835,1002
2024-09-20 15:19:04.583,429.9620334853861,996
2024-09-20 15:19:04.671,429.9416103424034,15
2024-09-20 15:19:04.765,429.9579257765495,103
2024-09-20 15:19:04.785,429.9332361770345,5
2024-09-20 15:19:04.830,429.9392998661473,95
2024-09-20 15:19:04.848,429.9398005104118,104
2024-09-20 15:19:05.453,429.9420764974472,996
2024-09-20 15:19:05.706,429.9273419916893,997
2024-09-20 15:19:06.004,429.8611349542998,9
2024-09-20 15:19:06.086,429.9285502114777,96
2024-09-20 15:19:06.094,429.8188925750805,9
2024-09-20 15:19:06.107,429.8891246674597,13
2024-09-20 15:19:06.135,429.8387026631436,1000
2024-09-20 15:19:06.182,429.8503184651232,1005
2024-09-20 15:19:06.223,429.89646691474206,1004
2024-09-20 15:19:06.295,429.8441279766524,103
2024-09-20 15:19:06.363,429.858336664344,105
2024-09-20 15:19:06.365,429.92195462497415,99
2024-09-20 15:19:06.520,429.9402656051113,104
2024-09-20 15:19:06.522,429.8851350527424,100
2024-09-20 15:19:06.535,429.9371044885059,102
2024-09-20 15:19:06.575,429.9369274458314,101
2024-09-20 15:19:06.708,429.8917400149396,105
2024-09-20 15:19:06.714,429.8412581448244,5
2024-09-20 15:19:06.790,429.8392955544702,1002
2024-09-20 15:19:06.839,429.871891542811,6
2024-09-20 15:19:06.861,429.93675945032015,995
2024-09-20 15:19:06.948,429.9392143727192,10
2024-09-20 15:19:06.953,429.8538282054478,104
2024-09-20 15:19:06.997,429.8412244953204,999
2024-09-20 15:19:07.005,42.98603533477063,1001
2024-09-20 15:19:07.036,429.8650442347492,102
2024-09-20 15:19:07.101,429.86038552736767,105
2024-09-20 15:19:07.118,42.98288195073313,1003
2024-09-20 15:19:07.248,429.8443220187756,100
2024-09-20 15:19:07.272,429.8501080796456,8
2024-09-20 15:19:07.313,429.8147011410058,14
2024-09-20 15:19:07.364,429.8320430913129,102
2024-09-20 15:19:07.689,429.81902382091147,6
2024-09-20 15:19:07.841,429.85179307767737,6
2024-09-20 15:19:07.974,429.8245158340493,999
2024-09-20 15:19:08.021,429.809289718682,12
2024-09-20 15:19:08.106,429.8326209033931,1005
2024-09-20 15:19:08.130,,6
2024-09-20 15:19:08.173,429.8156476459637,10
2024-09-20 15:19:08.197,429.7958312185892,1005
2024-09-20 15:19:08.212,429.8091282859168,5
2024-09-20 15:19:08.231,429.8083315005316,1001
2024-09-20 15:19:08.276,429.8104557284662,1003
2024-09-20 15:19:08.319,429.8043060141611,1001
2024-09-20 15:19:08.444,429.8238248900811,14
2024-09-20 15:19:08.447,429.83411403780167,9
2024-09-20 15:19:08.466,429.8109852918619,97
2024-09-20 15:19:08.556,429.8324331125369,103
2024-09-20 15:19:08.596,429.80653534898295,998
2024-09-20 15:19:08.603,429.8195920906022,97
2024-09-20 15:19:08.628,429.80871867397553,11
2024-09-20 15:19:08.775,429.8140397871032,1001
2024-09-20 15:19:08.822,429.8201039483279,12
2024-09-20 15:19:08.825,429.8324791906649,101
2024-09-20 15:19:08.885,429.8044638822803,12
2024-09-20 15:19:08.966,429.8329170396082,11
2024-09-20 15:19:08.977,429.8068058233515,104
2024-09-20 15:19:08.980,429.84048875751233,12
2024-09-20 15:19:09.007,429.8515694856452,997
2024-09-20 15:19:09.123,429.8372533318461,105
2024-09-20 15:19:09.131,429.8006775213301,1002
2024-09-20 15:19:09.158,429.8262930823699,999
2024-09-20 15:19:09.264,429.85977815961394,96
2024-09-20 15:19:09.308,429.8382084178251,1005
2024-09-20 15:19:09.370,429.8351125856341,10
2024-09-20 15:19:09.393,429.84850187893335,1002
2024-09-20 15:19:09.418,429.80121600244286,100
2024-09-20 15:19:09.596,429.8612725583829,9
2024-09-20 15:19:09.730,429.8010532210127,98
2024-09-20 15:19:09.822,429.7899961054025,998
2024-09-20 15:19:09.902,429.8169345789432,11
2024-09-20 15:19:09.956,429.8311705250463,97
2024-09-20 15:19:10.050,429.8991914700539,10
2024-09-20 15:19:10.093,429.88151461821735,96
2024-09-20 15:19:10.177,429.8738060593646,1005
2024-09-20 15:19:10.177,424.0278611435709,104
2024-09-20 15:19:10.190,429.9270206936136,1001
2024-09-20 15:19:10.200,429.8755079944737,995
2024-09-20 15:19:10.268,429.9052485186434,7
2024-09-20 15:19:10.275,429.8871063090162,100
2024-09-20 15:19:10.351,429.8487400934432,997
2024-09-20 15:19:10.370,429.8396348725624,5
2024-09-20 15:19:10.371,429.87433488630194,12
2024-09-20 15:19:10.428,429.8348877949156,1000
2024-09-20 15:19:10.564,429.86636557638894,12
2024-09-20 15:19:10.627,429.8931674339569,14
2024-09-20 15:19:10.648,429.91444686549806,14
2024-09-20 15:19:10.746,429.90117368846313,104
2024-09-20 15:19:10.835,429.8367207782005,999
2024-09-20 15:19:10.886,429.87204413351736,1001
2024-09-20 15:19:10.965,429.8882443866142,8
2024-09-20 15:19:10.976,429.859572146845,11
2024-09-20 15:19:11.053,429.9066764899141,105
2024-09-20 15:19:11.063,429.8909578906325,6
2024-09-20 15:19:11.124,429.89944619053625,1001
2024-09-20 15:19:11.126,429.910856270541,102
2024-09-20 15:19:11.147,429.8789699864589,9
2024-09-20 15:19:11.232,429.9047249137671,95
2024-09-20 15:19:11.263,429.90780334090726,7
2024-09-20 15:19:11.263,429.9059781560743,104
2024-09-20 15:19:11.265,429.8818245713419,95
2024-09-20 15:19:11.308,429.8850729386808,1004
2024-09-20 15:19:11.498,429.90408555286206,95
2024-09-20 15:19:11.537,429.9324802219586,101
2024-09-20 15:19:11.591,429.9159578672716,1000
2024-09-20 15:19:11.606,429.8892236713933,105
2024-09-20 15:19:11.680,429.9392303648984,100
2024-09-20 15:19:11.717,429.9197825660666,102
2024-09-20 15:19:11.737,429.8948406661031,1005
2024-09-20 15:19:11.758,429.89310121301287,1002
2024-09-20 15:19:11.935,424.0306692512309,998
2024-09-20 15:19:12.464,429.9300032376359,100
2024-09-20 15:19:13.050,429.9547862609379,1000
2024-09-20 15:19:13.121,429.9560027728155,6
2024-09-20 15:19:13.161,429.9206874415487,104
2024-09-20 15:19:13.173,429.9614914869899,8
2024-09-20 15:19:13.179,429.90344674840816,13
2024-09-20 15:19:13.186,429.8735822858405,97
2024-09-20 15:19:13.198,429.938525489046,102
2024-09-20 15:19:13.229,429.94869056308266,98
2024-09-20 15:19:13.244,429.916761599599,10
2024-09-20 15:19:13.370,429.8983489668062,15
2024-09-20 15:19:13.374,429.93640092697126,1003
2024-09-20 15:19:13.536,429.9471549231207,99
2024-09-20 15:19:13.582,429.9105740897388,103
2024-09-20 15:19:13.586,429.92435221918566,101
2024-09-20 15:19:13.592,429.95565007644575,1005
2024-09-20 15:19:13.611,429.9217522098121,1000
2024-09-20 15:19:13.699,429.9247278044596,1004
2024-09-20 15:19:13.755,429.9396488509584,103
2024-09-20 15:19:13.839,429.94741777703615,97
2024-09-20 15:19:13.854,429.9106365711632,99
2024-09-20 15:19:13.889,429.9296807821549,996
2024-09-20 15:19:13.917,429.943095663334,103
2024-09-20 15:19:13.925,429.927677311897,7
2024-09-20 15:19:13.929,429.9619191523853,999
2024-09-20 15:19:13.940,429.9333055433602,99
2024-09-20 15:19:13.971,429.9246039720508,11
2024-09-20 15:19:13.974,429.9402503840103,999
2024-09-20 15:19:14.018,429.9322842349396,14
2024-09-20 15:19:14.304,429.9729981570309,100
2024-09-20 15:19:14.375,429.9524683417106,97
2024-09-20 15:19:14.407,429.945395507835,9
2024-09-20 15:19:14.470,429.9322936289816,5
2024-09-20 15:19:14.668,429.9642250802982,11
2024-09-20 15:19:14.841,-429.9404439732613,101
2024-09-20 15:19:15.084,429.96580931565256,15
2024-09-20 15:19:15.167,429.9716204784024,105
2024-09-20 15:19:15.172,429.97431750586986,15
2024-09-20 15:19:15.215,429.9626736286704,1002
2024-09-20 15:19:15.274,429.9778154242362,97
2024-09-20 15:19:15.296,429.96229243876417,1000
2024-09-20 15:19:15.360,429.9719597403136,999
2024-09-20 15:19:15.381,429.984093874903,99
2024-09-20 15:19:15.469,,7
2024-09-20 15:19:15.503,429.9865167990862,996
2024-09-20 15:19:15.643,429.9834769339892,96
2024-09-20 15:19:15.743,429.97101250255554,13
2024-09-20 15:19:15.819,429.9625546727371,98
2024-09-20 15:19:15.846,429.9719788563175,5
2024-09-20 15:19:15.850,429.9633647995368,1005
2024-09-20 15:19:15.887,429.98881380615336,10
2024-09-20 15:19:15.909,429.9830772327199,999
2024-09-20 15:19:15.926,429.9746560324497,11
2024-09-20 15:19:16.011,429.9756029574076,11
2024-09-20 15:19:16.071,430.0290475387869,6
2024-09-20 15:19:16.160,429.9783829728192,13
2024-09-20 15:19:16.191,429.97531954125,97
2024-09-20 15:19:16.208,430.0155231377825,1005
2024-09-20 15:19:16.413,429.9948654314258,99
2024-09-20 15:19:16.424,430.0210308349757,101
2024-09-20 15:19:16.534,430.019859212606,999
2024-09-20 15:19:16.545,430.0128276947131,10
2024-09-20 15:19:16.557,430.03891454600085,5
2024-09-20 15:19:16.606,429.98632512488416,999
2024-09-20 15:19:16.633,429.9683616479444,1004
2024-09-20 15:19:16.663,-429.9664722538775,100
2024-09-20 15:19:16.695,430.0020594334642,1003
2024-09-20 15:19:16.743,429.98651517550303,999
2024-09-20 15:19:16.768,429.9901116645152,14
2024-09-20 15:19:16.785,429.9674645296743,995
2024-09-20 15:19:16.875,430.0359953219767,98
2024-09-20 15:19:16.922,429.9827896792348,104
2024-09-20 15:19:16.923,429.9668370322241,8
2024-09-20 15:19:16.942,430.036042443613,15
2024-09-20 15:19:16.957,424.1481190872274,103
2024-09-20 15:19:16.963,429.98930585160656,104
2024-09-20 15:19:17.001,430.1248649846201,97
2024-09-20 15:19:17.284,430.0984872004053,97
2024-09-20 15:19:17.378,430.1105824828585,1003
2024-09-20 15:19:17.421,430.09792906526826,7
2024-09-20 15:19:17.534,430.09498095021365,8
2024-09-20 15:19:17.605,,102
2024-09-20 15:19:17.673,430.1268353656095,98
2024-09-20 15:19:17.724,430.1069380112342,13
2024-09-20 15:19:17.987,430.0929386263512,1004
2024-09-20 15:19:17.998,430.0897854236986,1003
2024-09-20 15:19:18.054,430.09571107150566,96
2024-09-20 15:19:18.113,430.1260399302361,103
2024-09-20 15:19:18.142,430.12324793311245,999
2024-09-20 15:19:18.159,430.1469951605255,998
2024-09-20 15:19:18.169,430.1566325455533,12
2024-09-20 15:19:18.195,430.11920644087695,14
2024-09-20 15:19:18.235,430.1352499247798,9
2024-09-20 15:19:18.267,430.1581163865803,8
2024-09-20 15:19:18.290,430.1052628564357,97
2024-09-20 15:19:18.291,430.1308140875955,101
2024-09-20 15:19:18.348,430.14717994219626,100
2024-09-20 15:19:18.360,430.1406452338555,14
2024-09-20 15:19:18.377,430.1302517182691,996
2024-09-20 15:19:18.390,430.1092253125874,997
2024-09-20 15:19:18.404,430.1660207777249,1002
2024-09-20 15:19:18.482,430.1430939494768,98
2024-09-20 15:19:18.488,430.09738393995445,95
2024-09-20 15:19:18.531,430.1165209857807,15
2024-09-20 15:19:18.535,430.08990015836713,8
2024-09-20 15:19:18.569,430.07790056604455,14
2024-09-20 15:19:18.608,430.1127432539549,7
2024-09-20 15:19:18.617,430.0742113236199,999
2024-09-20 15:19:18.622,430.0653178209011,98
2024-09-20 15:19:18.764,430.0965555933013,10
2024-09-20 15:19:18.820,430.1320216796805,11
2024-09-20 15:19:18.884,430.127697157109,98
2024-09-20 15:19:19.004,430.117947761104,1002
2024-09-20 15:19:19.120,430.1167777660522,97
2024-09-20 15:19:19.122,430.13261508591233,9
2024-09-20 15:19:19.243,430.1232385692393,10
2024-09-20 15:19:19.321,430.1199206139278,1005
2024-09-20 15:19:19.384,430.1124609439311,15
2024-09-20 15:19:19.396,430.110058850157,100
2024-09-20 15:19:19.601,430.13188503777326,102
2024-09-20 15:19:19.630,430.1138588246886,998
2024-09-20 15:19:19.933,430.1284011409629,1003
2024-09-20 15:19:20.759,430.1390429347759,1003
2024-09-20 15:19:21.067,424.0562506942179,996
2024-09-20 15:19:21.311,430.1394753043914,96
2024-09-20 15:19:21.595,430.14401344860426,8
2024-09-20 15:19:21.635,430.1194838643062,7
2024-09-20 15:19:21.852,430.1309827216677,11
2024-09-20 15:19:22.085,430.12219764039935,1004
2024-09-20 15:19:22.222,430.099408927018,101
2024-09-20 15:19:22.375,430.1190076139854,1002
2024-09-20 15:19:22.447,430.1290735033813,6
2024-09-20 15:19:23.017,430.0893733840971,98
2024-09-20 15:19:23.033,430.0618313911374,96
2024-09-20 15:19:23.050,430.0784785678031,1001
2024-09-20 15:19:23.056,430.0937897210926,99
2024-09-20 15:19:23.172,430.0991560571836,1001
2024-09-20 15:19:23.204,430.10671938634334,997
2024-09-20 15:19:23.214,430.055262375722,996
2024-09-20 15:19:23.267,,14
2024-09-20 15:19:23.356,430.0789724947468,102
2024-09-20 15:19:23.479,430.0555278004956,13
2024-09-20 15:19:23.482,430.1066152586261,97
2024-09-20 15:19:23.508,430.1158129122208,100
2024-09-20 15:19:23.543,430.1180786230476,10
2024-09-20 15:19:23.564,430.062265721685,102
2024-09-20 15:19:23.566,430.05304401315817,102
2024-09-20 15:19:23.588,430.1014311581333,1001
2024-09-20 15:19:23.656,430.0935070241271,1002
2024-09-20 15:19:23.657,430.0975669255343,103
2024-09-20 15:19:23.679,430.05998971558375,13
2024-09-20 15:19:23.699,430.0621512121738,10
2024-09-20 15:19:23.722,430.0972595135696,999
2024-09-20 15:19:23.906,430.10716406930896,98
2024-09-20 15:19:23.911,430.06732960409744,13
2024-09-20 15:19:24.047,430.055279724194,999
2024-09-20 15:19:24.181,430.0280148307412,102
2024-09-20 15:19:24.207,430.02413608524336,103
2024-09-20 15:19:24.237,430.0952601294933,997
2024-09-20 15:19:24.282,430.0609403979284,105
2024-09-20 15:19:24.289,430.0422526702276,13
2024-09-20 15:19:24.290,430.08879223068726,995
2024-09-20 15:19:24.298,430.0430104503168,996
2024-09-20 15:19:24.341,430.06932143636055,998
2024-09-20 15:19:24.378,-430.0496696500015,6
2024-09-20 15:19:24.420,430.038698786284,99
2024-09-20 15:19:24.433,430.071157145117,1002
2024-09-20 15:19:24.523,430.09746339436,999
2024-09-20 15:19:24.578,430.0505152309864,12
2024-09-20 15:19:24.605,430.0900250012394,11
2024-09-20 15:19:24.606,430.0290912574312,13
2024-09-20 15:19:24.624,430.0456555943602,5
2024-09-20 15:19:24.683,430.0816931193555,1001
2024-09-20 15:19:24.702,430.0595695720725,8
2024-09-20 15:19:24.729,430.05438509141857,8
2024-09-20 15:19:24.835,430.0560554696701,100
2024-09-20 15:19:24.848,430.0349662124639,95
2024-09-20 15:19:24.901,430.0378617598016,996
2024-09-20 15:19:25.047,430.09387197017935,105
2024-09-20 15:19:25.211,430.1331029270983,95
2024-09-20 15:19:25.226,430.0508459369148,15
2024-09-20 15:19:25.229,430.04569227954073,95
2024-09-20 15:19:25.235,430.0813029462757,100
2024-09-20 15:19:25.259,430.0706600037612,1002
2024-09-20 15:19:25.274,430.0774315772097,7
2024-09-20 15:19:25.372,430.13185146044606,97
2024-09-20 15:19:25.382,430.0527268697995,995
2024-09-20 15:19:25.405,430.0730944298538,102
2024-09-20 15:19:25.408,430.1122915845434,1005
2024-09-20 15:19:25.422,430.0737095734116,12
2024-09-20 15:19:25.439,430.04140369185177,101
2024-09-20 15:19:25.446,430.1198347238499,995
2024-09-20 15:19:25.471,430.0846764413559,1002
2024-09-20 15:19:25.627,430.096149099705,1005
2024-09-20 15:19:25.767,430.0882521231801,1004
2024-09-20 15:19:25.786,430.100080876501,95
2024-09-20 15:19:25.802,430.0882830322234,12
2024-09-20 15:19:25.842,430.10237843560526,1005
2024-09-20 15:19:25.856,430.04717642864006,99
2024-09-20 15:19:25.883,430.0772017721372,99
2024-09-20 15:19:25.927,430.0487722578716,6
2024-09-20 15:19:26.006,430.07644258706586,1004
2024-09-20 15:19:26.135,430.0745563876873,101
2024-09-20 15:19:26.493,430.1255032550548,105
2024-09-20 15:19:26.595,430.0817921361183,14
2024-09-20 15:19:26.680,430.11011347888206,95
2024-09-20 15:19:26.695,430.13739064230447,1001
2024-09-20 15:19:26.712,430.0843811998676,99
2024-09-20 15:19:26.780,430.1256115312972,97
2024-09-20 15:19:26.860,430.05133685011,1001
2024-09-20 15:19:27.110,430.0758980192678,12
2024-09-20 15:19:28.054,430.0203501403408,103
2024-09-20 15:19:28.092,430.01512874324754,101
2024-09-20 15:19:28.219,430.0445065022552,1003
2024-09-20 15:19:28.250,430.05692186926046,995
2024-09-20 15:19:28.295,430.0081231163856,998
2024-09-20 15:19:28.386,430.01519513524704,1000
2024-09-20 15:19:28.473,430.0041248829872,1003
2024-09-20 15:19:28.597,430.0268398566954,98
2024-09-20 15:19:28.601,430.0096894853813,96
2024-09-20 15:19:28.687,430.0466936773328,95
2024-09-20 15:19:28.810,430.0058752338954,97
2024-09-20 15:19:28.904,430.039240693758,13
2024-09-20 15:19:28.940,430.0102567449512,1003
2024-09-20 15:19:28.955,430.01026130346014,13
2024-09-20 15:19:29.004,430.0336087160191,102
2024-09-20 15:19:29.069,43.00358933255381,97
2024-09-20 15:19:29.078,430.04904487744415,100
2024-09-20 15:19:29.092,430.0075357944384,14
2024-09-20 15:19:29.093,423.8879503283204,95
2024-09-20 15:19:29.145,429.982218449722,12
2024-09-20 15:19:29.163,429.9955975571562,1004
2024-09-20 15:19:29.165,430.0014495759848,995
2024-09-20 15:19:29.169,430.01761303502406,7
2024-09-20 15:19:29.398,429.99623227243,1004
2024-09-20 15:19:29.401,429.9988314945824,105
2024-09-20 15:19:29.518,430.0122122287072,5
2024-09-20 15:19:29.547,430.03904010582966,995
2024-09-20 15:19:29.573,430.0398252826108,105
2024-09-20 15:19:29.677,429.97921571531,1001
2024-09-20 15:19:29.745,429.9748468825197,11
2024-09-20 15:19:29.873,430.03705694130144,5
2024-09-20 15:19:29.909,429.9894460009868,100
2024-09-20 15:19:30.191,430.0601164690856,1005
2024-09-20 15:19:30.374,430.05760629802165,105
2024-09-20 15:19:30.489,430.062643249512,13
2024-09-20 15:19:30.499,430.0580147557609,97
2024-09-20 15:19:30.624,430.06335951711367,96
2024-09-20 15:19:30.746,423.89759518610936,7
2024-09-20 15:19:30.752,430.044159175522,1001
2024-09-20 15:19:30.780,430.0231080726894,102
2024-09-20 15:19:30.809,430.03541200065854,13
2024-09-20 15:19:30.830,430.0559777771835,96
2024-09-20 15:19:30.895,430.0728008102277,999
2024-09-20 15:19:30.911,430.0628871355613,14
2024-09-20 15:19:31.114,430.0559089048589,7
2024-09-20 15:19:31.126,430.06708922915817,11
2024-09-20 15:19:31.208,430.0419661533677,1000
2024-09-20 15:19:31.210,430.0479756185817,105
2024-09-20 15:19:31.242,430.0638980125225,105
2024-09-20 15:19:31.357,430.04570819497263,9
2024-09-20 15:19:31.433,430.03410739104,1004
2024-09-20 15:19:31.535,430.0796693577318,9
2024-09-20 15:19:31.675,430.0724963804173,96
2024-09-20 15:19:32.586,430.05776069485154,1005
2024-09-20 15:19:32.717,430.0626472404096,97
2024-09-20 15:19:32.745,430.0667206587128,104
2024-09-20 15:19:32.880,430.0740336753798,6
2024-09-20 15:19:32.950,430.0623432818813,5
2024-09-20 15:19:32.992,430.0647034508601,96
2024-09-20 15:19:33.007,430.0678059169806,100
2024-09-20 15:19:33.133,430.0664433873568,9
2024-09-20 15:19:33.133,430.045834563714,14
2024-09-20 15:19:33.267,430.0742397949097,99
2024-09-20 15:19:33.268,430.0283197319281,97
2024-09-20 15:19:33.302,430.0928173075505,99
2024-09-20 15:19:33.344,430.0737364204658,996
2024-09-20 15:19:33.384,430.051528788325,1002
2024-09-20 15:19:33.513,430.067917860393,98
2024-09-20 15:19:33.694,430.0450329394178,14
2024-09-20 15:19:33.705,430.05645838798506,8
2024-09-20 15:19:33.834,430.0512926236565,105
2024-09-20 15:19:33.857,430.0241566062351,997
2024-09-20 15:19:33.895,430.0343220228513,996
2024-09-20 15:19:34.045,430.06145219067406,997
2024-09-20 15:19:34.049,-423.90118904396326,99
2024-09-20 15:19:34.111,430.0749273718125,13
2024-09-20 15:19:34.165,430.08394458832447,12
2024-09-20 15:19:34.169,430.0326992863583,104
2024-09-20 15:19:34.177,430.05783781885606,99
2024-09-20 15:19:34.180,430.0834537018043,102
2024-09-20 15:19:34.184,430.0815243613503,14
2024-09-20 15:19:34.216,430.09445099004427,996
2024-09-20 15:19:34.557,430.0739581779247,998
2024-09-20 15:19:34.656,430.0881355471654,5
2024-09-20 15:19:34.666,430.05026982081546,1003
2024-09-20 15:19:34.716,430.0731245438559,100
2024-09-20 15:19:34.821,430.051744980337,1004
2024-09-20 15:19:34.986,430.0418330590747,9
2024-09-20 15:19:35.002,430.08249781324105,995
2024-09-20 15:19:35.103,430.0788925807233,104
2024-09-20 15:19:35.263,430.0712808492041,999
2024-09-20 15:19:35.346,430.0668491743981,8
2024-09-20 15:19:35.393,430.0846530580432,10
2024-09-20 15:19:35.467,430.0793493979073,1000
2024-09-20 15:19:35.583,430.0779120639313,996
2024-09-20 15:19:35.672,430.0734687051834,7
2024-09-20 15:19:35.860,430.0711549339061,7
2024-09-20 15:19:35.889,430.0674988390783,15
2024-09-20 15:19:35.907,430.0741487627959,11
2024-09-20 15:19:36.004,430.06436397636656,9
2024-09-20 15:19:36.014,430.0568124787566,98
2024-09-20 15:19:36.016,430.0311497454736,103
2024-09-20 15:19:36.230,430.0187213103968,1005
2024-09-20 15:19:36.242,430.0055565466416,1002
2024-09-20 15:19:36.250,430.0079109651048,103
2024-09-20 15:19:36.293,430.0138620431394,102
2024-09-20 15:19:36.320,430.0195560416816,97
2024-09-20 15:19:36.327,430.0406166956103,105
2024-09-20 15:19:36.331,430.0234930374426,95
2024-09-20 15:19:36.362,430.087457814041,101
2024-09-20 15:19:36.370,430.018948329417,6
2024-09-20 15:19:36.428,430.0824916951512,996
2024-09-20 15:19:36.452,430.0038990552724,995
2024-09-20 15:19:36.486,430.0175804527819,9
2024-09-20 15:19:36.488,430.0732013617838,5
2024-09-20 15:19:36.501,430.095417253526,15
2024-09-20 15:19:36.613,430.0153884087581,1001
2024-09-20 15:19:36.614,430.0372044036261,100
2024-09-20 15:19:36.683,430.01828430299406,998
2024-09-20 15:19:36.693,430.0422086404001,1001
2024-09-20 15:19:36.695,430.0729572507105,1003
2024-09-20 15:19:36.735,430.01253064442113,998
2024-09-20 15:19:36.754,430.0574997598136,7
2024-09-20 15:19:36.781,430.04091006108126,96
2024-09-20 15:19:36.823,430.0698185051032,1004
2024-09-20 15:19:36.904,430.0350016186557,6
2024-09-20 15:19:36.944,430.0370818286968,1002
2024-09-20 15:19:37.015,430.0932826827903,1002
2024-09-20 15:19:37.022,430.1060655717218,999
2024-09-20 15:19:37.051,430.1131069462203,7
2024-09-20 15:19:37.098,430.1087897341012,1003
2024-09-20 15:19:37.158,430.1121986727319,13
2024-09-20 15:19:37.171,430.11933382765216,103
2024-09-20 15:19:37.171,430.1232857519395,101
2024-09-20 15:19:37.222,430.1174731667751,11
2024-09-20 15:19:37.248,430.0997502287002,104
2024-09-20 15:19:37.264,430.1193349498409,10
2024-09-20 15:19:37.267,430.1095986176166,5
2024-09-20 15:19:37.277,430.1274979969877,8
2024-09-20 15:19:37.290,430.10852562386776,98
2024-09-20 15:19:37.316,430.1091532075704,6
2024-09-20 15:19:37.494,430.11667348366746,95
2024-09-20 15:19:37.540,430.1107755048071,997
2024-09-20 15:19:37.558,430.1075396625011,7
2024-09-20 15:19:37.607,430.1295703506485,13
2024-09-20 15:19:37.635,430.12034272629217,13
2024-09-20 15:19:37.683,430.1251770492663,101
2024-09-20 15:19:37.683,430.09155742592185,102
2024-09-20 15:19:37.710,430.13223433267007,1004
2024-09-20 15:19:37.714,430.1045095558853,101
2024-09-20 15:19:37.761,430.13167373686736,103
2024-09-20 15:19:37.770,430.1009994618244,1003
2024-09-20 15:19:37.788,430.1226028578032,995
2024-09-20 15:19:37.864,430.1025955163429,12
2024-09-20 15:19:37.940,430.0900165393408,102
2024-09-20 15:19:38.007,430.0597272529114,14
2024-09-20 15:19:38.026,430.0952477375204,1005
2024-09-20 15:19:38.073,430.1148784713608,96
2024-09-20 15:19:38.104,430.0969146179999,8
2024-09-20 15:19:38.125,430.08985837024096,8
2024-09-20 15:19:38.173,430.0993843498785,997
2024-09-20 15:19:38.213,430.0974640662761,5
2024-09-20 15:19:38.272,430.1189286933323,1002
2024-09-20 15:19:38.295,430.0716561333357,15
2024-09-20 15:19:38.443,430.1044782139909,1005
2024-09-20 15:19:38.563,430.0952160994562,998
2024-09-20 15:19:38.591,430.086060916791,95
2024-09-20 15:19:38.623,430.1126913377152,98
2024-09-20 15:19:38.633,430.0729859656671,99
2024-09-20 15:19:38.683,430.107686686434,1004
2024-09-20 15:19:38.687,430.0785413020653,9
2024-09-20 15:19:38.768,430.090997080205,15
2024-09-20 15:19:38.789,430.05871774300624,99
2024-09-20 15:19:38.898,430.09877815555166,102
2024-09-20 15:19:39.022,430.0751613035664,101
2024-09-20 15:19:39.101,430.0745040009849,98
2024-09-20 15:19:39.207,430.08231674675255,14
2024-09-20 15:19:39.369,,6
2024-09-20 15:19:39.428,430.0750798145945,6
2024-09-20 15:19:39.441,430.0817654766864,103
2024-09-20 15:19:39.452,-430.0799215142909,997
2024-09-20 15:19:39.473,43.00934140073504,96
2024-09-20 15:19:39.533,430.0824548277735,1003
2024-09-20 15:19:39.581,430.07302438774445,1001
2024-09-20 15:19:39.667,430.0885908342464,10
2024-09-20 15:19:39.806,430.0770638880585,1000
2024-09-20 15:19:39.834,-430.0842772820277,95
2024-09-20 15:19:39.943,430.0706102210903,1005
2024-09-20 15:19:40.884,430.066832032781,1002
2024-09-20 15:19:40.896,430.0509296339273,99
2024-09-20 15:19:41.027,430.0828369361113,995
2024-09-20 15:19:41.102,430.0724888707071,15
2024-09-20 15:19:41.356,430.07741785929466,98
2024-09-20 15:19:41.367,430.0530815448341,13
2024-09-20 15:19:41.507,430.0778718656633,1004
2024-09-20 15:19:41.510,430.0893157012424,6
2024-09-20 15:19:41.550,430.0767552298578,11
2024-09-20 15:19:41.651,430.0690901420919,13
2024-09-20 15:19:41.666,430.0817659165921,996
2024-09-20 15:19:41.674,430.0873756143064,1005
2024-09-20 15:19:41.693,430.0758921970144,12
2024-09-20 15:19:41.716,430.0955008546,15
2024-09-20 15:19:41.737,430.0741693718799,1001
2024-09-20 15:19:41.747,430.08039425423215,9
2024-09-20 15:19:41.903,430.07077132202727,999
2024-09-20 15:19:42.000,430.128621089061,11
2024-09-20 15:19:42.169,430.0991823565436,996
2024-09-20 15:19:42.178,430.1337772342674,101
2024-09-20 15:19:42.200,430.06348385654826,5
2024-09-20 15:19:42.210,430.1377754620669,105
2024-09-20 15:19:42.217,430.0950086128921,13
2024-09-20 15:19:42.282,430.1018470975159,105
2024-09-20 15:19:42.296,430.1141039243296,1002
2024-09-20 15:19:42.300,430.1309232803096,1002
2024-09-20 15:19:42.303,430.0900291315341,1004
2024-09-20 15:19:42.351,430.060276197391,1004
2024-09-20 15:19:42.386,430.1014138976929,11
2024-09-20 15:19:42.411,430.0957741895253,15
2024-09-20 15:19:42.454,430.1216137596702,95
2024-09-20 15:19:42.457,430.0873880113649,997
2024-09-20 15:19:42.500,430.0936993602407,9
2024-09-20 15:19:42.551,430.1307745019762,12
2024-09-20 15:19:42.585,430.1200477041891,1005
2024-09-20 15:19:42.659,430.1122238203294,5
2024-09-20 15:19:42.673,-430.079406478634,103
2024-09-20 15:19:42.719,430.0818130320203,1005
2024-09-20 15:19:42.737,430.08919407466135,996
2024-09-20 15:19:42.753,430.1042061754974,1001
2024-09-20 15:19:42.755,430.0885349657317,1003
2024-09-20 15:19:42.775,430.1499243936118,11
2024-09-20 15:19:42.785,430.139585232195,101
2024-09-20 15:19:42.824,430.1114629194217,97
2024-09-20 15:19:42.892,430.13255179475897,13
2024-09-20 15:19:43.072,430.0990406479456,1003
2024-09-20 15:19:43.086,430.0721409870813,995
2024-09-20 15:19:43.215,430.1202516166875,101
2024-09-20 15:19:43.260,430.1220737499236,5
2024-09-20 15:19:43.293,430.0812226017051,11
2024-09-20 15:19:43.350,430.1279929799807,996
2024-09-20 15:19:43.357,430.06326668056,102
2024-09-20 15:19:43.400,430.1202788002692,995
2024-09-20 15:19:43.483,430.1294939060762,103
2024-09-20 15:19:43.504,430.130500022049,995
2024-09-20 15:19:43.552,430.06813151658986,8
2024-09-20 15:19:43.610,430.118974776716,995
2024-09-20 15:19:43.696,430.07133921431495,15
2024-09-20 15:19:43.717,430.0836439438401,9
2024-09-20 15:19:43.765,430.1198944060447,97
2024-09-20 15:19:43.827,430.0804039651432,1003
2024-09-20 15:19:43.848,430.0639847739083,102
2024-09-20 15:19:43.916,430.1306972630739,104
2024-09-20 15:19:44.077,430.12491604512127,996
2024-09-20 15:19:44.211,430.12710629115895,13
2024-09-20 15:19:44.639,430.1254506956651,95
2024-09-20 15:19:44.644,430.1409765843405,9
2024-09-20 15:19:44.703,430.1209294492654,13
2024-09-20 15:19:44.837,430.1254106916446,100
2024-09-20 15:19:44.916,423.9866076625847,8
2024-09-20 15:19:45.062,430.1522393091426,97
2024-09-20 15:19:45.066,430.14752455230166,96
2024-09-20 15:19:45.080,430.1507050890216,12
2024-09-20 15:19:45.146,430.14045512177546,1001
2024-09-20 15:19:45.222,430.1154105271944,6
2024-09-20 15:19:45.230,430.15776419684266,7
2024-09-20 15:19:45.268,430.1606047314043,15
2024-09-20 15:19:45.312,430.1629767810824,97
2024-09-20 15:19:45.326,430.1477308906611,12
2024-09-20 15:19:45.592,430.1496314304102,104
2024-09-20 15:19:45.631,430.1288563216513,10
2024-09-20 15:19:45.634,430.1365158661242,96
2024-09-20 15:19:45.725,430.1395348574569,8
2024-09-20 15:19:45.900,430.1431048991201,101
2024-09-20 15:19:45.928,430.12752119308647,13
2024-09-20 15:19:46.212,430.1480890702126,1001
2024-09-20 15:19:46.504,,102
2024-09-20 15:19:46.639,430.1479445238445,104
2024-09-20 15:19:47.081,430.1575695151178,12
2024-09-20 15:19:47.186,430.15342952444826,1001
2024-09-20 15:19:47.196,430.1581685684412,98
2024-09-20 15:19:47.225,430.136940410414,1004
2024-09-20 15:19:47.365,430.1660418864552,98
2024-09-20 15:19:47.369,430.1393732890072,95
2024-09-20 15:19:47.453,430.1374070583827,103
2024-09-20 15:19:47.528,430.1507981221926,15
2024-09-20 15:19:47.537,43.013087051495695,104
2024-09-20 15:19:47.621,430.1403313523285,995
2024-09-20 15:19:47.707,430.1677069530909,12
2024-09-20 15:19:47.716,430.1551209255221,1002
2024-09-20 15:19:47.830,430.1770684989745,98
2024-09-20 15:19:47.854,430.1335861708604,98
2024-09-20 15:19:47.918,430.1404723341743,9
2024-09-20 15:19:47.919,430.1595082492065,11
2024-09-20 15:19:47.948,430.14260816063126,11
2024-09-20 15:19:47.955,430.14815661937945,11
2024-09-20 15:19:47.959,430.1306986063433,98
2024-09-20 15:19:47.983,430.1382515468413,995
2024-09-20 15:19:47.999,430.1458591230584,1005
2024-09-20 15:19:48.032,430.16844541896415,1004
2024-09-20 15:19:48.113,430.1053385598942,14
2024-09-20 15:19:48.144,430.1255009937223,999
2024-09-20 15:19:48.204,430.10185827655744,1002
2024-09-20 15:19:48.442,430.1412217590372,101
2024-09-20 15:19:48.512,430.1513051148417,14
2024-09-20 15:19:48.516,430.16014334732535,997
2024-09-20 15:19:48.551,430.10332608924847,15
2024-09-20 15:19:48.634,430.1455357249158,103
2024-09-20 15:19:48.819,430.12645997455786,1000
2024-09-20 15:19:48.822,430.1754759848768,98
2024-09-20 15:19:48.838,430.1650302829916,1005
2024-09-20 15:19:48.864,430.0989237224535,104
2024-09-20 15:19:48.930,430.1680580099041,996
2024-09-20 15:19:49.038,430.0590596443179,102
2024-09-20 15:19:49.258,430.0732430847655,1003
2024-09-20 15:19:49.388,430.0510341976891,1003
2024-09-20 15:19:49.676,430.0586545569566,13
2024-09-20 15:19:49.707,430.0474071568408,6
2024-09-20 15:19:49.854,430.1056728871137,15
2024-09-20 15:19:49.884,430.0602287505347,1000
2024-09-20 15:19:49.933,430.0344571814381,6
2024-09-20 15:19:50.076,430.0390138139508,12
2024-09-20 15:19:50.102,430.0251098314704,14
2024-09-20 15:19:50.161,430.0347470489156,1004
2024-09-20 15:19:50.164,430.03270168559897,7
2024-09-20 15:19:50.192,430.0575138075334,6
2024-09-20 15:19:50.317,430.0341928492431,9
2024-09-20 15:19:50.352,430.0545925361704,102
2024-09-20 15:19:50.394,429.9693655987167,8
2024-09-20 15:19:50.400,430.0241560057679,1003
2024-09-20 15:19:50.421,429.9764072428552,1003
2024-09-20 15:19:50.477,429.9555734688378,7
2024-09-20 15:19:50.502,430.0109687753554,1003
2024-09-20 15:19:50.504,,5
2024-09-20 15:19:50.506,430.0569779727941,13
2024-09-20 15:19:50.543,430.0046477594819,97
2024-09-20 15:19:50.561,430.0290585052727,1002
2024-09-20 15:19:50.643,429.9805358106215,102
2024-09-20 15:19:50.708,430.02232757944034,6
2024-09-20 15:19:50.789,430.0370796942743,105
2024-09-20 15:19:50.832,430.0204057631001,5
2024-09-20 15:19:50.834,430.0255847980081,9
2024-09-20 15:19:50.916,430.03341796383967,104
2024-09-20 15:19:50.917,430.03821140325545,103
2024-09-20 15:19:50.936,429.9986961954269,95
2024-09-20 15:19:50.979,430.0480778676526,101
2024-09-20 15:19:50.988,430.0480077167196,1000
2024-09-20 15:19:50.998,430.0369878662333,104
2024-09-20 15:19:51.014,430.0141104900831,998
2024-09-20 15:19:51.042,429.9959599846183,996
2024-09-20 15:19:51.046,424.0541213624864,99
2024-09-20 15:19:51.078,429.9987070427399,10
2024-09-20 15:19:51.085,430.0021885863848,95
2024-09-20 15:19:51.085,429.9987886179285,97
2024-09-20 15:19:51.131,430.02401327706855,995
2024-09-20 15:19:51.187,430.00700868455607,1000
2024-09-20 15:19:51.255,424.0689817838272,5
2024-09-20 15:19:51.280,429.97727899669735,1003
2024-09-20 15:19:51.287,429.98771686663696,15
2024-09-20 15:19:51.718,430.00260250631504,100
2024-09-20 15:19:51.726,429.986732563021,997
2024-09-20 15:19:51.755,430.0120016079604,996
2024-09-20 15:19:51.789,430.00153184944566,14
2024-09-20 15:19:51.800,429.995693654254,5
2024-09-20 15:19:51.867,430.021560902379,102
2024-09-20 15:19:51.901,430.00676853908175,9
2024-09-20 15:19:53.255,430.00014018700926,11
2024-09-20 15:19:53.923,424.1831259712996,99
2024-09-20 15:19:54.050,429.9551403505295,101
2024-09-20 15:19:54.280,429.9514596790665,101
2024-09-20 15:19:54.629,429.9903703798698,99
2024-09-20 15:19:54.698,429.97562764355257,14
2024-09-20 15:19:54.783,429.9899610435557,11
2024-09-20 15:19:54.946,429.9242849005285,7
2024-09-20 15:19:55.053,429.9100853168101,10
2024-09-20 15:19:55.058,429.9163912426856,12
2024-09-20 15:19:55.079,429.9480451969361,9
2024-09-20 15:19:55.107,429.9098848486355,105
2024-09-20 15:19:55.171,429.90141344499153,14
2024-09-20 15:19:55.194,429.9974654855774,104
2024-09-20 15:19:55.249,429.9131862011045,11
2024-09-20 15:19:55.252,430.02043427299407,995
2024-09-20 15:19:55.387,429.9928423734529,14
2024-09-20 15:19:55.397,429.9415675672769,98
2024-09-20 15:19:55.437,429.91969700305935,99
2024-09-20 15:19:55.456,429.9991011139356,13
2024-09-20 15:19:55.510,429.985625024996,98
2024-09-20 15:19:55.525,429.9964335971302,995
2024-09-20 15:19:55.603,430.0073809922189,1005
2024-09-20 15:19:55.620,429.9017084592359,11
2024-09-20 15:19:55.623,429.8960192123501,999
2024-09-20 15:19:55.645,429.9821766030293,996
2024-09-20 15:19:55.686,429.9668609278519,15
2024-09-20 15:19:55.839,429.9255014255917,101
2024-09-20 15:19:55.988,429.9803322198914,11
2024-09-20 15:19:55.998,429.9055191120658,997
2024-09-20 15:19:56.028,429.9397531921621,14
2024-09-20 15:19:56.043,429.91861879046087,999
2024-09-20 15:19:56.061,429.9317523875968,996
2024-09-20 15:19:56.110,429.8878102233911,105
2024-09-20 15:19:56.110,429.8795628321346,1004
2024-09-20 15:19:56.179,429.9185048061353,14
2024-09-20 15:19:56.184,,100
2024-09-20 15:19:56.248,429.8483107631063,97
2024-09-20 15:19:56.260,429.8617005420879,5
2024-09-20 15:19:56.271,429.9824596467165,999
2024-09-20 15:19:56.281,-429.8614758797734,995
2024-09-20 15:19:56.353,429.8848333310846,100
2024-09-20 15:19:56.391,429.8418575706261,996
2024-09-20 15:19:56.433,429.8791498616328,98
2024-09-20 15:19:56.463,429.8868853239373,1000
2024-09-20 15:19:56.528,,95
2024-09-20 15:19:56.605,429.8847379234788,9
2024-09-20 15:19:56.627,429.9373019646599,104
2024-09-20 15:19:56.629,429.92660837087385,104
2024-09-20 15:19:56.673,429.8918725683095,999
2024-09-20 15:19:56.748,429.9113658263345,102
2024-09-20 15:19:56.748,429.89314255889786,1005
2024-09-20 15:19:56.757,429.86437381562087,11
2024-09-20 15:19:56.805,429.8648117443536,103
2024-09-20 15:19:56.829,429.9040123505342,1001
2024-09-20 15:19:56.830,429.8615286200971,104
2024-09-20 15:19:56.862,429.9786592596418,105
2024-09-20 15:19:56.910,429.9069934454801,11
2024-09-20 15:19:56.914,429.894667211643,105
2024-09-20 15:19:56.934,429.9562880455825,996
2024-09-20 15:19:57.074,424.5424784444681,98
2024-09-20 15:19:57.178,429.89242739764734,105
2024-09-20 15:19:57.271,42.99739046722395,104
2024-09-20 15:19:57.289,424.5055073205856,97
2024-09-20 15:19:57.318,429.94526538668754,7
2024-09-20 15:19:57.340,429.946842211516,101
2024-09-20 15:19:57.342,429.91999874667135,998
2024-09-20 15:19:57.400,429.916373427176,101
2024-09-20 15:19:57.497,429.9225310014643,98
2024-09-20 15:19:57.541,429.90684276984615,11
2024-09-20 15:19:57.700,429.9586858344936,1004
2024-09-20 15:19:57.711,429.934858786466,95
2024-09-20 15:19:57.836,429.9595966269285,102
2024-09-20 15:19:57.898,429.8856253903351,996
2024-09-20 15:19:58.188,429.9382522380269,103
2024-09-20 15:19:58.664,429.92012583957006,104
2024-09-20 15:19:58.709,429.94467908391,100
2024-09-20 15:19:58.812,429.9163989003836,105
2024-09-20 15:19:59.024,429.926676928591,999
2024-09-20 15:19:59.385,429.9252923196333,13
2024-09-20 15:19:59.403,,997
