Timestamp,Price,Size
2024-09-18 10:46:00.042,413.130532411246,5
2024-09-18 10:46:00.206,413.1989449749795,998
2024-09-18 10:46:00.243,413.2200238232543,5
2024-09-18 10:46:00.253,413.220344359682,1001
2024-09-18 10:46:00.290,413.2187896605689,15
2024-09-18 10:46:00.355,413.1757872057814,998
2024-09-18 10:46:00.410,413.13497434416615,998
2024-09-18 10:46:00.431,413.1508923434297,14
2024-09-18 10:46:00.471,413.1366024333036,96
2024-09-18 10:46:00.500,413.2124170296308,13
2024-09-18 10:46:00.578,413.2131756385242,15
2024-09-18 10:46:00.589,413.1789280550479,104
2024-09-18 10:46:00.616,413.1346601456467,97
2024-09-18 10:46:00.624,413.1865392424431,13
2024-09-18 10:46:00.646,413.2271152465698,105
2024-09-18 10:46:00.652,413.1261624861183,12
2024-09-18 10:46:00.710,413.1405104538745,5
2024-09-18 10:46:00.730,413.137821189644,99
2024-09-18 10:46:00.749,413.1651984215692,104
2024-09-18 10:46:00.782,413.2235271225084,995
2024-09-18 10:46:00.938,413.1313221044472,5
2024-09-18 10:46:01.024,413.0349800750366,1005
2024-09-18 10:46:01.036,413.1085373452064,105
2024-09-18 10:46:01.040,413.0425014283298,1001
2024-09-18 10:46:01.056,413.0946622130609,1005
2024-09-18 10:46:01.073,413.11910162277184,1003
2024-09-18 10:46:01.084,413.05511103156215,995
2024-09-18 10:46:01.106,413.0585686080243,100
2024-09-18 10:46:01.110,413.0606209858371,999
2024-09-18 10:46:01.116,413.05044172536,997
2024-09-18 10:46:01.207,413.06502491795686,98
2024-09-18 10:46:01.244,,998
2024-09-18 10:46:01.328,413.1107055405347,997
2024-09-18 10:46:01.401,413.0997332544524,996
2024-09-18 10:46:01.414,,1005
2024-09-18 10:46:01.515,413.1020969715058,11
2024-09-18 10:46:01.548,413.0450511021481,996
2024-09-18 10:46:01.667,413.0453116971999,14
2024-09-18 10:46:01.719,413.039739400807,1004
2024-09-18 10:46:01.816,413.1111078701636,104
2024-09-18 10:46:01.883,413.0996025990807,97
2024-09-18 10:46:01.899,413.06044795010393,6
2024-09-18 10:46:01.903,413.1289416730712,5
2024-09-18 10:46:01.938,413.0572946929796,15
2024-09-18 10:46:02.079,413.0935692314948,95
2024-09-18 10:46:02.119,413.0369630588596,104
2024-09-18 10:46:02.134,413.0714367259533,999
2024-09-18 10:46:02.266,413.05943304789633,104
2024-09-18 10:46:02.315,413.08545973121295,1002
2024-09-18 10:46:02.336,413.05124947054696,102
2024-09-18 10:46:02.389,413.0988210284369,13
2024-09-18 10:46:02.473,413.0843375003316,996
2024-09-18 10:46:02.592,413.1018458027004,13
2024-09-18 10:46:02.688,413.073162422441,1000
2024-09-18 10:46:02.688,413.0634772076471,104
2024-09-18 10:46:02.702,413.0991803086391,997
2024-09-18 10:46:02.852,413.0540013508424,98
2024-09-18 10:46:02.892,413.08240789041145,998
2024-09-18 10:46:02.974,,105
2024-09-18 10:46:03.091,413.0928491959032,995
2024-09-18 10:46:03.098,413.0870577545888,104
2024-09-18 10:46:03.120,413.0564017326303,103
2024-09-18 10:46:03.133,413.087314374479,15
2024-09-18 10:46:03.148,413.0762895091359,99
2024-09-18 10:46:03.292,413.0677099926546,999
2024-09-18 10:46:03.293,413.0946219917196,14
2024-09-18 10:46:03.426,413.07203607003066,99
2024-09-18 10:46:03.463,413.0943159596735,998
2024-09-18 10:46:03.499,413.0448954593268,15
2024-09-18 10:46:03.505,413.0986682653732,12
2024-09-18 10:46:03.578,413.0685489305301,105
2024-09-18 10:46:03.634,413.08772673731454,1004
2024-09-18 10:46:03.643,413.080611926322,999
2024-09-18 10:46:03.664,413.0614793406353,105
2024-09-18 10:46:03.756,413.0648837809315,14
2024-09-18 10:46:03.779,413.0734997101002,13
2024-09-18 10:46:03.782,413.070354250752,5
2024-09-18 10:46:03.839,413.0811031628214,104
2024-09-18 10:46:03.961,413.0793075995626,15
2024-09-18 10:46:03.978,413.0583287678044,999
2024-09-18 10:46:04.013,413.1393833693991,105
2024-09-18 10:46:04.102,413.1425313523451,1001
2024-09-18 10:46:04.160,413.1026260135165,11
2024-09-18 10:46:04.589,413.12927126762366,1003
2024-09-18 10:46:04.601,413.14348121244507,1002
2024-09-18 10:46:05.066,413.0831793295506,999
2024-09-18 10:46:05.100,413.06942649119406,96
2024-09-18 10:46:05.128,-413.11031085285737,103
2024-09-18 10:46:05.186,413.1142005332077,12
2024-09-18 10:46:05.199,413.10632622788665,1002
2024-09-18 10:46:05.200,413.102348173753,1001
2024-09-18 10:46:05.227,413.107437347542,998
2024-09-18 10:46:05.286,413.07671513410907,8
2024-09-18 10:46:05.353,413.0931491878183,1004
2024-09-18 10:46:05.417,413.0560919412808,999
2024-09-18 10:46:05.433,413.0840884698442,9
2024-09-18 10:46:05.453,413.076187394512,96
2024-09-18 10:46:05.459,413.0883019564327,13
2024-09-18 10:46:05.491,413.0868881213297,7
2024-09-18 10:46:05.599,413.1039192719328,104
2024-09-18 10:46:05.802,413.10907255062807,998
2024-09-18 10:46:05.853,413.1236922577168,96
2024-09-18 10:46:06.389,413.0801217914429,1004
2024-09-18 10:46:06.403,413.0791081169322,101
2024-09-18 10:46:06.552,413.05674139969005,9
2024-09-18 10:46:06.597,413.08908697857214,96
2024-09-18 10:46:06.740,413.10829287551314,100
2024-09-18 10:46:06.786,413.0892127676533,1001
2024-09-18 10:46:07.354,413.0811548211555,105
2024-09-18 10:46:08.073,413.0854522324991,1004
2024-09-18 10:46:08.109,413.0825832143621,1004
2024-09-18 10:46:08.170,413.0820624216464,13
2024-09-18 10:46:08.398,413.06996464051497,12
2024-09-18 10:46:08.742,413.0708557245783,14
2024-09-18 10:46:08.812,413.0846499825877,999
2024-09-18 10:46:08.843,413.0563956897927,10
2024-09-18 10:46:08.847,413.0556873438614,15
2024-09-18 10:46:08.863,413.0685442912434,1005
2024-09-18 10:46:08.881,413.0835069488944,14
2024-09-18 10:46:08.883,413.05626148575743,105
2024-09-18 10:46:08.966,413.0848481933854,101
2024-09-18 10:46:09.003,413.0680430314437,6
2024-09-18 10:46:09.094,413.0212136611779,999
2024-09-18 10:46:09.128,413.0538831822342,1001
2024-09-18 10:46:09.144,413.03939512799457,1000
2024-09-18 10:46:09.203,413.0673182466012,1003
2024-09-18 10:46:09.229,413.0517780173024,997
2024-09-18 10:46:09.403,413.02814896447205,998
2024-09-18 10:46:09.461,413.0487403449688,101
2024-09-18 10:46:09.487,413.07177108216166,995
2024-09-18 10:46:09.490,413.0184836625752,12
2024-09-18 10:46:09.518,413.060386493444,103
2024-09-18 10:46:09.576,413.0553784373539,12
2024-09-18 10:46:09.620,413.048371963402,1001
2024-09-18 10:46:09.634,413.0449587164293,98
2024-09-18 10:46:09.641,413.047159886064,5
2024-09-18 10:46:09.689,413.07229797911725,13
2024-09-18 10:46:09.704,413.08165344704537,5
2024-09-18 10:46:09.704,413.03439922911593,9
2024-09-18 10:46:09.709,413.0380332024817,99
2024-09-18 10:46:09.750,413.0486995415953,997
2024-09-18 10:46:09.824,413.0540015167754,98
2024-09-18 10:46:09.982,413.0618264606715,996
2024-09-18 10:46:10.036,413.0396913218854,999
2024-09-18 10:46:10.065,413.0639791812332,10
2024-09-18 10:46:10.079,413.05062431674656,100
2024-09-18 10:46:10.179,413.0598277413085,6
2024-09-18 10:46:10.395,413.0320215293108,99
2024-09-18 10:46:10.700,413.0355531558985,96
2024-09-18 10:46:10.961,413.0343930891274,1003
2024-09-18 10:46:11.276,413.02929791138223,99
2024-09-18 10:46:11.327,413.0286589772178,12
2024-09-18 10:46:11.386,413.0367785191655,15
2024-09-18 10:46:11.463,413.0317435201748,102
2024-09-18 10:46:11.646,413.0414995613715,101
2024-09-18 10:46:11.767,413.0331533598375,99
2024-09-18 10:46:11.791,413.0293639075121,1005
2024-09-18 10:46:11.898,413.0281199422192,11
2024-09-18 10:46:11.959,413.04010217347246,6
2024-09-18 10:46:11.962,413.03041557381545,1002
2024-09-18 10:46:11.967,413.0269915754308,1002
2024-09-18 10:46:13.159,413.0155659772555,1001
2024-09-18 10:46:13.169,413.015761537221,97
2024-09-18 10:46:13.202,413.0167088306094,5
2024-09-18 10:46:13.270,413.02813695438834,103
2024-09-18 10:46:13.529,413.00040281616185,97
2024-09-18 10:46:13.622,413.0016339407967,1002
2024-09-18 10:46:13.636,413.0195720110688,1000
2024-09-18 10:46:13.796,413.033683241585,12
2024-09-18 10:46:14.080,412.9659860264832,995
2024-09-18 10:46:14.110,413.01357947227103,997
2024-09-18 10:46:14.233,412.99485555598886,100
2024-09-18 10:46:14.331,412.9523114841814,1004
2024-09-18 10:46:14.345,412.9909043036413,7
2024-09-18 10:46:14.453,412.9902741064546,999
2024-09-18 10:46:14.468,412.953720990105,8
2024-09-18 10:46:15.180,412.9837247130283,1005
2024-09-18 10:46:15.198,412.9475270595922,105
2024-09-18 10:46:15.268,412.9754475004054,95
2024-09-18 10:46:15.419,412.9926990813233,6
2024-09-18 10:46:15.453,412.9808843094109,1004
2024-09-18 10:46:15.577,412.97604761958087,995
2024-09-18 10:46:15.609,412.9891553305556,996
2024-09-18 10:46:15.881,412.9995203425101,13
2024-09-18 10:46:16.106,,8
2024-09-18 10:46:16.149,412.988723547109,1003
2024-09-18 10:46:16.261,412.9973166802489,100
2024-09-18 10:46:16.529,412.9996844551681,1004
2024-09-18 10:46:17.059,412.97011028627,102
2024-09-18 10:46:17.110,412.9873347486912,13
2024-09-18 10:46:17.186,412.98066944193226,7
2024-09-18 10:46:17.197,412.9532507387193,104
2024-09-18 10:46:17.226,412.9811798819705,12
2024-09-18 10:46:17.383,412.9985918649798,999
2024-09-18 10:46:17.454,412.9987610630802,997
2024-09-18 10:46:17.463,413.0130068558573,1003
2024-09-18 10:46:17.624,413.0279151894325,14
2024-09-18 10:46:17.962,413.0027479877699,97
2024-09-18 10:46:17.979,412.9807700268939,14
2024-09-18 10:46:17.991,412.9650787959944,8
2024-09-18 10:46:18.008,412.9933416490256,98
2024-09-18 10:46:18.298,412.9784986447692,1002
2024-09-18 10:46:18.308,413.0307086874192,15
2024-09-18 10:46:18.502,413.0517690532987,97
2024-09-18 10:46:18.555,413.002239619639,96
2024-09-18 10:46:18.636,413.0598202342493,101
2024-09-18 10:46:18.703,41.29784797539132,105
2024-09-18 10:46:18.709,413.0609589144526,1003
2024-09-18 10:46:18.745,413.0500759074864,1001
2024-09-18 10:46:18.753,413.05061726228325,999
2024-09-18 10:46:18.801,413.04407467570167,9
2024-09-18 10:46:18.835,413.03685335779295,9
2024-09-18 10:46:18.894,413.0196927660759,102
2024-09-18 10:46:19.398,412.9771132584442,14
2024-09-18 10:46:19.566,413.0020513008095,10
2024-09-18 10:46:19.985,413.0111067003421,1003
2024-09-18 10:46:20.018,413.0377810234649,96
2024-09-18 10:46:20.145,413.0157460378372,105
2024-09-18 10:46:20.152,413.0279011477174,1004
2024-09-18 10:46:20.184,413.0137173054448,9
2024-09-18 10:46:20.223,412.97940524416265,101
2024-09-18 10:46:20.381,412.94952142477337,98
2024-09-18 10:46:20.447,413.0068572055362,10
2024-09-18 10:46:20.749,412.9667979006306,100
2024-09-18 10:46:20.776,412.94167109465815,96
2024-09-18 10:46:20.782,412.954561460051,97
2024-09-18 10:46:20.827,413.0239670258513,6
2024-09-18 10:46:20.850,412.9501611862251,1005
2024-09-18 10:46:20.855,412.9802250533666,1004
2024-09-18 10:46:20.866,412.94145184869694,15
2024-09-18 10:46:20.890,412.9985797814944,12
2024-09-18 10:46:21.080,412.98061515096725,997
2024-09-18 10:46:21.458,412.95800379632647,98
2024-09-18 10:46:21.545,412.9455101091518,12
2024-09-18 10:46:21.670,412.9725763965769,1004
2024-09-18 10:46:21.865,412.99182966175687,6
2024-09-18 10:46:21.941,,1003
2024-09-18 10:46:21.945,412.9377685281147,101
2024-09-18 10:46:22.025,413.0203613899305,102
2024-09-18 10:46:22.044,412.9920361803044,12
2024-09-18 10:46:22.112,412.98284063862906,9
2024-09-18 10:46:22.113,413.0093399828567,5
2024-09-18 10:46:22.204,413.0252576786293,102
2024-09-18 10:46:22.206,413.037900201212,98
2024-09-18 10:46:22.212,413.0136907797372,7
2024-09-18 10:46:22.222,413.0321877664198,98
2024-09-18 10:46:22.254,413.0252901370929,13
2024-09-18 10:46:22.259,412.9969854599906,14
2024-09-18 10:46:22.268,413.0222329932396,1003
2024-09-18 10:46:22.302,,9
2024-09-18 10:46:22.319,413.0086585139324,13
2024-09-18 10:46:22.353,413.0340175079649,102
2024-09-18 10:46:22.370,413.0273253879287,101
2024-09-18 10:46:22.469,413.03578094071935,9
2024-09-18 10:46:22.490,41.30009314796192,95
2024-09-18 10:46:22.514,413.0106249658704,101
2024-09-18 10:46:22.559,413.00780101956633,998
2024-09-18 10:46:22.570,413.0360790388127,15
2024-09-18 10:46:22.695,,11
2024-09-18 10:46:22.703,412.9968194611107,103
2024-09-18 10:46:22.721,412.99445115589634,98
2024-09-18 10:46:22.735,413.0203184674826,998
2024-09-18 10:46:22.744,-413.0386530926225,15
2024-09-18 10:46:22.785,-413.0180206701736,1002
2024-09-18 10:46:22.792,413.0413091478012,6
2024-09-18 10:46:22.840,413.026972946691,95
2024-09-18 10:46:22.959,413.0209630342648,10
2024-09-18 10:46:23.014,413.0347281270229,9
2024-09-18 10:46:23.165,413.0171394813904,96
2024-09-18 10:46:23.170,413.017162972016,14
2024-09-18 10:46:23.184,413.018884508244,14
2024-09-18 10:46:23.217,413.01681407007095,1000
2024-09-18 10:46:23.236,413.01097118984393,1002
2024-09-18 10:46:23.374,413.0113686026047,101
2024-09-18 10:46:23.387,413.0187590132449,99
2024-09-18 10:46:23.412,413.043996515372,1003
2024-09-18 10:46:23.500,413.0066723406374,1004
2024-09-18 10:46:23.500,412.9935452481801,14
2024-09-18 10:46:23.573,413.0275975226475,9
2024-09-18 10:46:23.659,413.0097935788541,1004
2024-09-18 10:46:23.679,413.0319250471673,997
2024-09-18 10:46:23.715,413.0094260352673,995
2024-09-18 10:46:23.773,413.0243661598758,998
2024-09-18 10:46:23.823,413.02847956973255,5
2024-09-18 10:46:23.834,413.02478328403424,996
2024-09-18 10:46:23.933,413.0125536359124,95
2024-09-18 10:46:24.009,412.9436260577569,998
2024-09-18 10:46:24.024,412.9898751944591,95
2024-09-18 10:46:24.227,412.90786759488094,15
2024-09-18 10:46:24.299,412.9631441231024,10
2024-09-18 10:46:24.328,412.99647473368776,15
2024-09-18 10:46:24.331,412.9706204639927,1003
2024-09-18 10:46:24.444,412.9958109162997,6
2024-09-18 10:46:24.455,412.9975921545694,6
2024-09-18 10:46:24.631,412.9196365829287,103
2024-09-18 10:46:24.790,412.9171537850129,6
2024-09-18 10:46:24.868,412.96905123404713,103
2024-09-18 10:46:24.879,412.9937686727552,105
2024-09-18 10:46:24.908,412.9283953577888,102
2024-09-18 10:46:24.958,412.9899227912603,1005
2024-09-18 10:46:25.108,412.934630093109,13
2024-09-18 10:46:25.133,412.9630246790836,1004
2024-09-18 10:46:25.215,412.9417176940972,99
2024-09-18 10:46:25.254,412.948903465251,997
2024-09-18 10:46:25.369,412.9472285373921,6
2024-09-18 10:46:25.477,412.9403341928771,97
2024-09-18 10:46:25.610,412.9494729944611,995
2024-09-18 10:46:25.623,412.94338546687646,1004
2024-09-18 10:46:25.708,412.9400903337165,8
2024-09-18 10:46:25.783,412.94500118031846,997
2024-09-18 10:46:25.802,412.9622090891731,1001
2024-09-18 10:46:25.846,412.95692445716855,1001
2024-09-18 10:46:25.880,412.9403742283209,5
2024-09-18 10:46:25.883,412.9556936050326,9
2024-09-18 10:46:25.887,412.9377462012064,9
2024-09-18 10:46:25.910,412.9010165698404,1003
2024-09-18 10:46:25.925,412.9400745958554,99
2024-09-18 10:46:25.971,412.9101107840902,101
2024-09-18 10:46:25.991,412.9681000720402,102
2024-09-18 10:46:26.301,412.90376196566126,1005
2024-09-18 10:46:26.338,412.9108310724165,10
2024-09-18 10:46:26.615,412.9045146891738,1003
2024-09-18 10:46:27.636,412.9251255945192,995
2024-09-18 10:46:28.093,412.8238456924992,1003
2024-09-18 10:46:28.133,412.82527336029045,995
2024-09-18 10:46:28.217,412.88867082393614,13
2024-09-18 10:46:28.248,412.8184391941944,95
2024-09-18 10:46:28.266,412.892886799651,1003
2024-09-18 10:46:28.279,412.9200613352005,97
2024-09-18 10:46:28.293,412.8490213513937,996
2024-09-18 10:46:28.294,412.8604752967746,103
2024-09-18 10:46:28.328,412.8773228334051,5
2024-09-18 10:46:28.412,412.8544494872138,10
2024-09-18 10:46:28.511,412.8450250911509,999
2024-09-18 10:46:28.525,412.83652020022,99
2024-09-18 10:46:28.537,412.9498630033805,997
2024-09-18 10:46:28.594,412.8097851530072,14
2024-09-18 10:46:28.601,412.870621880213,8
2024-09-18 10:46:28.614,412.81460309084594,102
2024-09-18 10:46:28.627,412.865931839934,9
2024-09-18 10:46:28.646,412.8546819649768,1005
2024-09-18 10:46:28.687,412.9324921755981,5
2024-09-18 10:46:28.745,412.8549465302784,103
2024-09-18 10:46:28.758,412.8279660547168,14
2024-09-18 10:46:28.789,412.9646943162352,1001
2024-09-18 10:46:28.806,412.8792500498696,1005
2024-09-18 10:46:28.823,412.8579852925169,10
2024-09-18 10:46:28.840,412.86677770468873,998
2024-09-18 10:46:28.957,412.8214720171419,6
2024-09-18 10:46:28.983,412.897456015605,99
2024-09-18 10:46:29.017,412.826837137804,105
2024-09-18 10:46:29.048,412.8292027621041,995
2024-09-18 10:46:29.067,412.8382571951941,96
2024-09-18 10:46:29.115,412.8769722025395,14
2024-09-18 10:46:29.243,412.858145981831,100
2024-09-18 10:46:29.244,412.8614784599751,1004
2024-09-18 10:46:29.360,412.87679269048215,98
2024-09-18 10:46:29.409,412.876330216736,1005
2024-09-18 10:46:29.441,412.8312950689522,1000
2024-09-18 10:46:29.442,412.8228025694417,996
2024-09-18 10:46:29.465,412.8107450817104,1003
2024-09-18 10:46:29.574,41.28111406228683,100
2024-09-18 10:46:29.586,412.8511205371336,1002
2024-09-18 10:46:29.636,412.8165449322733,1002
2024-09-18 10:46:29.682,412.8521913033369,103
2024-09-18 10:46:29.708,412.8432323504682,8
2024-09-18 10:46:29.755,412.8331611325204,1001
2024-09-18 10:46:29.793,412.8428289484504,15
2024-09-18 10:46:29.817,412.8189426089853,105
2024-09-18 10:46:29.825,412.8488404834982,5
2024-09-18 10:46:29.837,412.8585684425223,1002
2024-09-18 10:46:29.852,412.867579198722,1004
2024-09-18 10:46:29.858,,95
2024-09-18 10:46:29.930,412.8408307245375,996
2024-09-18 10:46:29.940,412.8511313478145,98
2024-09-18 10:46:29.984,412.8340964278669,999
2024-09-18 10:46:30.100,412.8313716058593,97
2024-09-18 10:46:30.425,412.82665319653296,13
2024-09-18 10:46:30.452,412.8519248163635,1000
2024-09-18 10:46:30.511,412.8595313761521,7
2024-09-18 10:46:30.636,412.84666202978326,1004
2024-09-18 10:46:30.639,412.8387109484623,9
2024-09-18 10:46:30.641,412.85798657090646,105
2024-09-18 10:46:30.671,412.83032253598645,1001
2024-09-18 10:46:30.793,412.84474759011664,104
2024-09-18 10:46:30.813,412.819970490057,995
2024-09-18 10:46:30.990,412.83502453109406,7
2024-09-18 10:46:30.999,412.83517162489386,15
2024-09-18 10:46:31.514,412.8332886462611,104
2024-09-18 10:46:31.624,412.8344462791951,11
2024-09-18 10:46:31.947,412.8365126773916,8
2024-09-18 10:46:32.154,412.8782008491543,99
2024-09-18 10:46:32.218,412.82031306955935,5
2024-09-18 10:46:32.287,412.8441174680605,998
2024-09-18 10:46:32.321,412.8737826201434,1001
2024-09-18 10:46:32.333,412.8673757905253,1000
2024-09-18 10:46:32.455,412.8668868747792,1004
2024-09-18 10:46:32.475,412.8311804019434,103
2024-09-18 10:46:32.527,412.84918462217126,103
2024-09-18 10:46:32.599,412.85509325556296,96
2024-09-18 10:46:32.647,412.86551427728654,1005
2024-09-18 10:46:32.709,412.82920107988207,95
2024-09-18 10:46:32.790,412.8206272458997,1000
2024-09-18 10:46:32.817,412.87132537754667,104
2024-09-18 10:46:32.863,412.8232463347118,1003
2024-09-18 10:46:32.877,412.8717156407945,105
2024-09-18 10:46:32.968,412.86936422487,104
2024-09-18 10:46:32.974,412.8706175812459,996
2024-09-18 10:46:33.035,412.8589358080596,13
2024-09-18 10:46:33.035,412.85880324362114,96
2024-09-18 10:46:33.038,412.8813103225647,102
2024-09-18 10:46:33.092,412.8487382633987,105
2024-09-18 10:46:33.120,412.8737208795093,999
2024-09-18 10:46:33.220,412.84312959017984,1004
2024-09-18 10:46:33.309,412.8742413386908,100
2024-09-18 10:46:33.377,412.8781980598732,15
2024-09-18 10:46:33.478,412.8830480619065,98
2024-09-18 10:46:33.590,412.8947494301768,101
2024-09-18 10:46:33.602,412.8922381422352,997
2024-09-18 10:46:33.621,412.8814855520262,998
2024-09-18 10:46:33.669,412.8705974873346,13
2024-09-18 10:46:33.669,412.8752272557444,998
2024-09-18 10:46:33.717,412.8590717010902,999
2024-09-18 10:46:33.718,412.86656549912186,1002
2024-09-18 10:46:33.752,412.8722657121282,103
2024-09-18 10:46:33.795,412.8654753330865,6
2024-09-18 10:46:33.827,412.8750725660565,98
2024-09-18 10:46:33.863,412.86713579456,105
2024-09-18 10:46:33.891,412.89130509918976,101
2024-09-18 10:46:33.961,412.8708717202316,1004
2024-09-18 10:46:34.053,412.8445529040641,996
2024-09-18 10:46:34.132,412.8487847787398,97
2024-09-18 10:46:34.372,412.9015836880285,1000
2024-09-18 10:46:34.381,412.8920937439511,100
2024-09-18 10:46:34.405,412.85515159130216,997
2024-09-18 10:46:34.412,412.8970810707331,5
2024-09-18 10:46:34.417,412.8915546848192,995
2024-09-18 10:46:34.451,412.9008446981123,6
2024-09-18 10:46:34.521,412.8564447904013,99
2024-09-18 10:46:34.532,412.8646226400707,101
2024-09-18 10:46:34.540,-412.8389288776186,100
2024-09-18 10:46:34.569,412.8760557675039,996
2024-09-18 10:46:34.781,412.8925994225431,14
2024-09-18 10:46:34.789,412.850012174673,103
2024-09-18 10:46:34.831,412.89173403323497,1005
2024-09-18 10:46:35.007,412.9396914417605,9
2024-09-18 10:46:35.080,41.28932442975381,1002
2024-09-18 10:46:35.147,412.91695606997087,104
2024-09-18 10:46:35.210,412.8979380312573,6
2024-09-18 10:46:35.222,412.8853857419191,1002
2024-09-18 10:46:35.242,412.8810342639428,9
2024-09-18 10:46:35.246,412.88369073236953,1003
2024-09-18 10:46:35.268,412.9519692216279,1001
2024-09-18 10:46:35.310,412.8856458890188,997
2024-09-18 10:46:35.325,412.92862151636194,1004
2024-09-18 10:46:35.353,412.8968971997643,1004
2024-09-18 10:46:35.408,412.9172000926668,6
2024-09-18 10:46:35.523,,995
2024-09-18 10:46:35.527,412.87565338057016,14
2024-09-18 10:46:35.537,412.893594054178,8
2024-09-18 10:46:35.686,412.9171055729598,9
2024-09-18 10:46:35.790,412.9271714108767,96
2024-09-18 10:46:35.846,412.9140373791162,6
2024-09-18 10:46:35.882,412.90694323218366,97
2024-09-18 10:46:35.925,412.9012474076581,7
2024-09-18 10:46:35.929,412.9053141561379,12
2024-09-18 10:46:35.954,412.89430868551096,1000
2024-09-18 10:46:36.009,412.8901250890371,12
2024-09-18 10:46:36.016,412.8843795111295,101
2024-09-18 10:46:36.082,412.9177803476329,999
2024-09-18 10:46:36.143,412.9023969280715,11
2024-09-18 10:46:36.168,412.9215309527101,7
2024-09-18 10:46:36.176,412.9199256723772,1002
2024-09-18 10:46:36.191,412.8976031302778,104
2024-09-18 10:46:36.233,412.8878338025608,102
2024-09-18 10:46:36.331,412.9356141374429,7
2024-09-18 10:46:36.366,412.9125686608159,98
2024-09-18 10:46:36.387,412.9294621874244,6
2024-09-18 10:46:36.432,412.9227331097342,996
2024-09-18 10:46:36.488,412.889723693507,996
2024-09-18 10:46:36.545,412.94727685872687,95
2024-09-18 10:46:36.615,412.8904920542896,1005
2024-09-18 10:46:36.685,412.8831162935018,12
2024-09-18 10:46:36.749,412.9013555032831,97
2024-09-18 10:46:36.793,412.88551029086665,14
2024-09-18 10:46:36.807,412.9153041968567,1002
2024-09-18 10:46:36.814,412.9285072017793,10
2024-09-18 10:46:36.814,41.28913622958616,1004
2024-09-18 10:46:36.861,412.8826931457919,96
2024-09-18 10:46:36.884,412.94487137504353,99
2024-09-18 10:46:36.904,412.931683033599,1003
2024-09-18 10:46:36.910,412.931049677938,7
2024-09-18 10:46:36.914,412.8886155381508,9
2024-09-18 10:46:37.200,412.9566846628636,1002
2024-09-18 10:46:37.243,412.9759511224973,97
2024-09-18 10:46:37.299,412.94427247135786,8
2024-09-18 10:46:37.461,412.9314379788075,8
2024-09-18 10:46:37.538,412.94693240293697,999
2024-09-18 10:46:37.772,412.9552176981634,8
2024-09-18 10:46:37.852,412.9612151288554,103
2024-09-18 10:46:37.933,412.9431495170654,9
2024-09-18 10:46:37.979,412.9421192356196,97
2024-09-18 10:46:38.610,412.94688694632816,101
2024-09-18 10:46:39.046,412.9858411913667,995
2024-09-18 10:46:39.079,412.9899542835226,13
2024-09-18 10:46:39.145,412.97397082384384,98
2024-09-18 10:46:39.266,412.9787928892218,12
2024-09-18 10:46:39.318,412.9876337641497,102
2024-09-18 10:46:39.477,412.9465344724509,1004
2024-09-18 10:46:39.494,412.9511917210411,998
2024-09-18 10:46:39.506,412.9712224840249,1003
2024-09-18 10:46:39.754,412.974673951322,13
2024-09-18 10:46:39.757,412.945685971197,5
2024-09-18 10:46:39.904,412.9612485012179,98
2024-09-18 10:46:39.963,412.9545727363233,999
2024-09-18 10:46:39.998,412.96822583157245,996
2024-09-18 10:46:40.470,412.97118912662097,997
2024-09-18 10:46:41.055,412.9807439844262,15
2024-09-18 10:46:41.107,412.96154060430086,7
2024-09-18 10:46:41.124,412.8716060797996,14
2024-09-18 10:46:41.127,412.97399373949366,98
2024-09-18 10:46:41.129,412.8534323795141,997
2024-09-18 10:46:41.400,412.91613100660265,101
2024-09-18 10:46:41.486,412.9808644165054,105
2024-09-18 10:46:41.656,412.9633063919754,99
2024-09-18 10:46:41.669,412.8799535980285,12
2024-09-18 10:46:41.685,-412.8969141356251,102
2024-09-18 10:46:41.694,412.9272429902155,1004
2024-09-18 10:46:41.756,412.8507840252564,95
2024-09-18 10:46:41.830,412.99984096452937,10
2024-09-18 10:46:41.856,412.9974337643631,8
2024-09-18 10:46:41.893,412.9556153632182,1003
2024-09-18 10:46:41.921,412.9376841180049,14
2024-09-18 10:46:43.039,412.86633453759526,96
2024-09-18 10:46:43.077,412.8716656759729,105
2024-09-18 10:46:43.096,412.8921631293779,15
2024-09-18 10:46:43.134,412.8846836461842,10
2024-09-18 10:46:43.187,412.90064437860514,997
2024-09-18 10:46:43.311,412.87562218489,1004
2024-09-18 10:46:43.383,412.8650510446523,14
2024-09-18 10:46:43.692,412.86682412394094,104
2024-09-18 10:46:43.784,412.8714780759641,5
2024-09-18 10:46:43.803,41.28524796694813,999
2024-09-18 10:46:43.944,412.87745298130034,1002
2024-09-18 10:46:43.959,412.8958465847185,996
2024-09-18 10:46:44.085,412.87197829543726,101
2024-09-18 10:46:44.166,412.8920498509312,8
2024-09-18 10:46:44.487,412.8856687336595,7
2024-09-18 10:46:44.535,412.87777290142526,1001
2024-09-18 10:46:44.659,412.872640282235,101
2024-09-18 10:46:45.031,412.8432735250848,14
2024-09-18 10:46:45.064,41.28302645212416,995
2024-09-18 10:46:45.233,412.83594780096655,102
2024-09-18 10:46:45.242,412.8593760867068,1000
2024-09-18 10:46:45.262,412.85923826036,99
2024-09-18 10:46:45.276,412.8232038513618,103
2024-09-18 10:46:45.298,412.8293730285445,11
2024-09-18 10:46:45.305,412.8442231490673,15
2024-09-18 10:46:45.393,412.8552350517654,14
2024-09-18 10:46:45.404,412.8202424960864,995
2024-09-18 10:46:45.420,412.87053267711786,98
2024-09-18 10:46:45.442,412.8549224859146,11
2024-09-18 10:46:45.608,412.8312919814284,10
2024-09-18 10:46:45.651,412.8336181246544,104
2024-09-18 10:46:45.742,412.84371670164353,7
2024-09-18 10:46:45.756,412.87133114075846,105
2024-09-18 10:46:45.773,412.8258465861777,95
2024-09-18 10:46:45.784,412.85132240067634,999
2024-09-18 10:46:45.866,412.8590361866185,99
2024-09-18 10:46:45.939,412.85685685685297,1003
2024-09-18 10:46:45.980,412.8341209827576,7
2024-09-18 10:46:46.003,412.8178523710871,101
2024-09-18 10:46:46.209,412.8297631054012,997
2024-09-18 10:46:46.243,412.8573797420203,104
2024-09-18 10:46:46.374,412.82737500077576,5
2024-09-18 10:46:46.405,412.83436129336746,11
2024-09-18 10:46:46.450,412.8400345043376,101
2024-09-18 10:46:46.570,412.808482633392,7
2024-09-18 10:46:46.622,412.8376743336353,100
2024-09-18 10:46:46.667,412.84419279436713,1000
2024-09-18 10:46:46.712,412.85503825347297,13
2024-09-18 10:46:46.744,412.8184124911055,995
2024-09-18 10:46:46.873,412.8457649748849,13
2024-09-18 10:46:46.882,412.8640355262897,1004
2024-09-18 10:46:46.903,412.84094340354295,995
2024-09-18 10:46:46.973,412.8338932988505,1002
2024-09-18 10:46:46.985,412.8160634753296,97
2024-09-18 10:46:47.085,412.8246759741736,5
2024-09-18 10:46:47.115,412.8417996498728,103
2024-09-18 10:46:47.186,412.8207846545941,995
2024-09-18 10:46:47.209,412.8464156538945,100
2024-09-18 10:46:47.209,412.8359793685459,103
2024-09-18 10:46:47.214,412.7994703896826,98
2024-09-18 10:46:47.231,412.8094759695464,999
2024-09-18 10:46:47.256,412.8293406622218,9
2024-09-18 10:46:47.342,412.8084798207988,996
2024-09-18 10:46:47.348,412.8469197867328,10
2024-09-18 10:46:47.371,412.8263663821728,105
2024-09-18 10:46:47.389,412.83214259243647,10
2024-09-18 10:46:47.421,412.8148752761922,1000
2024-09-18 10:46:47.491,412.82378551625067,1004
2024-09-18 10:46:47.495,412.8008975002506,104
2024-09-18 10:46:47.578,412.854636296957,6
2024-09-18 10:46:47.654,412.84427323552535,1003
2024-09-18 10:46:47.660,412.83976747825176,12
2024-09-18 10:46:47.697,412.8476675383195,1000
2024-09-18 10:46:47.741,412.8083112182747,998
2024-09-18 10:46:47.810,412.8330511694207,995
2024-09-18 10:46:47.812,412.8236625499431,99
2024-09-18 10:46:47.878,412.8237749868079,99
2024-09-18 10:46:47.884,412.8491640018618,98
2024-09-18 10:46:47.926,412.8423551389302,11
2024-09-18 10:46:47.928,412.8221363086655,97
2024-09-18 10:46:48.010,412.8310919059532,997
2024-09-18 10:46:48.047,412.8607416057032,96
2024-09-18 10:46:48.070,412.8635979262472,1005
2024-09-18 10:46:48.076,412.8760003215976,98
2024-09-18 10:46:48.143,412.85805924762695,13
2024-09-18 10:46:48.208,412.839584690804,998
2024-09-18 10:46:48.251,412.8332048475877,1000
2024-09-18 10:46:48.299,412.81424733010647,995
2024-09-18 10:46:48.362,412.82596958360114,6
2024-09-18 10:46:48.374,412.8047340383648,103
2024-09-18 10:46:48.528,412.82769176779647,102
2024-09-18 10:46:48.549,412.80792083422256,5
2024-09-18 10:46:48.565,412.8555221681535,98
2024-09-18 10:46:48.831,412.8046923200874,10
2024-09-18 10:46:48.968,412.8224430515272,9
2024-09-18 10:46:49.025,412.93375765639695,98
2024-09-18 10:46:49.245,412.9429716305128,996
2024-09-18 10:46:49.250,412.94299304210085,102
2024-09-18 10:46:49.299,412.9541770859293,1001
2024-09-18 10:46:49.318,412.975181391535,1001
2024-09-18 10:46:49.334,412.9128834975163,103
2024-09-18 10:46:49.349,412.89419822540833,96
2024-09-18 10:46:49.380,412.9054683630094,998
2024-09-18 10:46:49.390,41.29434075943246,1004
2024-09-18 10:46:49.425,412.9437840330168,104
2024-09-18 10:46:49.432,412.8963901113103,1003
2024-09-18 10:46:49.485,412.9674389428929,995
2024-09-18 10:46:49.501,412.963748456934,14
2024-09-18 10:46:49.509,412.9549380639597,15
2024-09-18 10:46:49.601,412.8966153311571,98
2024-09-18 10:46:49.607,412.9467880514528,102
2024-09-18 10:46:49.613,412.9663733691042,10
2024-09-18 10:46:49.707,412.98226989184656,10
2024-09-18 10:46:49.883,-412.896439842861,1004
2024-09-18 10:46:49.949,412.890646216664,101
2024-09-18 10:46:49.982,412.9550176153813,102
2024-09-18 10:46:50.184,412.92304421216977,15
2024-09-18 10:46:50.435,412.92569275209127,104
2024-09-18 10:46:50.462,412.918037090686,102
2024-09-18 10:46:50.469,-412.9184021991314,101
2024-09-18 10:46:50.583,412.9014451935075,99
2024-09-18 10:46:50.645,412.9086510310562,105
2024-09-18 10:46:50.823,412.9247057654455,998
2024-09-18 10:46:50.905,412.92030371851087,100
2024-09-18 10:46:50.927,412.93801600519,98
2024-09-18 10:46:50.983,412.9136429739808,7
2024-09-18 10:46:51.026,412.9685436503325,1003
2024-09-18 10:46:51.124,412.9374389588675,998
2024-09-18 10:46:51.428,412.9437291561061,9
2024-09-18 10:46:51.618,412.958799859326,999
2024-09-18 10:46:51.911,412.9493571743034,5
2024-09-18 10:46:52.131,412.9470422378842,995
2024-09-18 10:46:52.138,412.947726914042,13
2024-09-18 10:46:52.222,412.9425848805973,99
2024-09-18 10:46:52.273,412.9273149389134,1002
2024-09-18 10:46:52.275,412.9638408268411,1004
2024-09-18 10:46:52.323,412.97398356558506,1002
2024-09-18 10:46:52.339,412.9439549243498,100
2024-09-18 10:46:52.373,-412.9498086411647,8
2024-09-18 10:46:52.427,412.9351303354204,100
2024-09-18 10:46:52.471,41.29421854480671,11
2024-09-18 10:46:52.524,412.93498896405134,95
2024-09-18 10:46:52.528,412.9517774785427,11
2024-09-18 10:46:52.584,412.9564191930687,6
2024-09-18 10:46:52.717,412.9372304071711,99
2024-09-18 10:46:52.852,412.9509956044735,12
2024-09-18 10:46:52.896,412.9480690232182,999
2024-09-18 10:46:52.951,412.9490416621189,1001
2024-09-18 10:46:52.987,412.9539378043957,5
2024-09-18 10:46:52.998,412.95606824355445,1004
2024-09-18 10:46:53.088,412.9332945615133,7
2024-09-18 10:46:53.823,412.9371172181374,7
2024-09-18 10:46:54.096,412.9077149012994,14
2024-09-18 10:46:54.115,412.91503649352353,9
2024-09-18 10:46:54.160,412.927914569675,105
2024-09-18 10:46:54.199,412.9140460830123,95
2024-09-18 10:46:54.217,412.9503959163253,997
2024-09-18 10:46:54.261,412.9387632824319,13
2024-09-18 10:46:54.376,412.922797584677,1005
2024-09-18 10:46:54.442,412.9331734063236,1002
2024-09-18 10:46:54.648,412.943543024717,1005
2024-09-18 10:46:54.672,412.9548274668117,9
2024-09-18 10:46:54.840,412.9322733831713,8
2024-09-18 10:46:54.872,412.9174188012468,1004
2024-09-18 10:46:54.889,412.9479869547407,5
2024-09-18 10:46:55.050,412.9225734429884,1002
2024-09-18 10:46:55.070,412.9194973648632,1002
2024-09-18 10:46:55.093,412.9204273561674,99
2024-09-18 10:46:55.118,412.9398730032997,9
2024-09-18 10:46:55.124,412.9220786639256,105
2024-09-18 10:46:55.208,412.93716390444223,101
2024-09-18 10:46:55.253,412.9651735276952,102
2024-09-18 10:46:55.311,412.9006208382351,98
2024-09-18 10:46:55.332,412.93320102256735,9
2024-09-18 10:46:55.349,412.8958329128545,1003
2024-09-18 10:46:55.353,412.9288826928791,999
2024-09-18 10:46:55.367,412.9420799811946,995
2024-09-18 10:46:55.380,412.9022512769436,998
2024-09-18 10:46:55.407,412.896663219947,7
2024-09-18 10:46:55.451,412.9578328937292,1001
2024-09-18 10:46:55.508,412.9046389177364,1002
2024-09-18 10:46:55.517,412.9265827190507,10
2024-09-18 10:46:55.547,412.92550035428434,10
2024-09-18 10:46:55.609,412.9372264355223,8
2024-09-18 10:46:55.632,412.9218447665074,1004
2024-09-18 10:46:55.858,412.918300278474,12
2024-09-18 10:46:55.897,412.9324505319142,9
2024-09-18 10:46:55.945,412.8894990681088,1001
2024-09-18 10:46:55.948,412.9048904715414,98
2024-09-18 10:46:56.291,412.989604830572,12
2024-09-18 10:46:56.376,412.9895454626414,15
2024-09-18 10:46:56.382,412.9727833076572,96
2024-09-18 10:46:56.532,41.29843611146104,1005
2024-09-18 10:46:56.592,412.9946545411435,96
2024-09-18 10:46:57.036,412.95439633432295,999
2024-09-18 10:46:57.049,413.007968492883,96
2024-09-18 10:46:57.065,412.96141540606607,12
2024-09-18 10:46:57.121,413.0078584951127,104
2024-09-18 10:46:57.193,412.9712290820567,14
2024-09-18 10:46:57.227,412.9662616309124,1004
2024-09-18 10:46:57.255,412.9764568134936,14
2024-09-18 10:46:57.370,412.9554104692488,1004
2024-09-18 10:46:57.410,412.9689381983409,5
2024-09-18 10:46:57.589,413.0116804689684,15
2024-09-18 10:46:57.593,412.98625553103255,995
2024-09-18 10:46:57.676,413.0142100277041,100
2024-09-18 10:46:57.795,412.9955338450872,996
2024-09-18 10:46:57.844,412.9875169111507,99
2024-09-18 10:46:57.910,413.0007803214005,7
2024-09-18 10:46:57.988,412.968099236246,102
2024-09-18 10:46:58.344,412.9541147391585,6
2024-09-18 10:46:58.631,412.9772337502278,997
2024-09-18 10:46:59.060,413.02592714695,14
2024-09-18 10:46:59.133,413.00236786010703,13
2024-09-18 10:46:59.139,413.0331298171232,1003
2024-09-18 10:46:59.174,413.0519123700285,996
2024-09-18 10:46:59.205,413.0188340401303,1001
2024-09-18 10:46:59.211,413.0242687004292,97
2024-09-18 10:46:59.215,413.0443933663657,100
2024-09-18 10:46:59.220,413.048994747941,1000
2024-09-18 10:46:59.311,-412.9857030375554,12
2024-09-18 10:46:59.566,413.01313932470094,1000
2024-09-18 10:46:59.652,413.0327064305994,996
2024-09-18 10:46:59.772,413.0108493629139,101
2024-09-18 10:46:59.877,413.0419232410241,1002
2024-09-18 10:46:59.908,413.0223797091006,1004
2024-09-18 10:46:59.944,413.04207472264574,1001
