Timestamp,Price,Size
2024-09-16 11:55:00.014,417.4108513745792,997
2024-09-16 11:55:00.088,417.3943654277567,99
2024-09-16 11:55:00.122,417.4103906970075,997
2024-09-16 11:55:00.166,417.3969397800888,98
2024-09-16 11:55:00.423,417.4066149641865,1001
2024-09-16 11:55:00.520,417.400124826244,5
2024-09-16 11:55:00.542,417.4045251204192,998
2024-09-16 11:55:00.617,417.39569647075496,105
2024-09-16 11:55:00.618,417.4211904560032,10
2024-09-16 11:55:00.630,417.4001874154899,1000
2024-09-16 11:55:00.679,417.4246162124884,10
2024-09-16 11:55:00.688,417.3893364658708,15
2024-09-16 11:55:00.702,417.395724034029,998
2024-09-16 11:55:00.740,417.4016435350375,1000
2024-09-16 11:55:00.880,417.3920936477176,998
2024-09-16 11:55:00.912,417.38998952346617,105
2024-09-16 11:55:01.014,417.4094222052513,101
2024-09-16 11:55:01.063,417.3982105739152,1002
2024-09-16 11:55:01.089,417.39763885438896,1001
2024-09-16 11:55:01.108,417.4068441257001,10
2024-09-16 11:55:01.222,417.3790759536492,103
2024-09-16 11:55:01.260,41.73959683594487,96
2024-09-16 11:55:01.300,417.40099255126864,1002
2024-09-16 11:55:01.326,417.3926712297352,15
2024-09-16 11:55:01.329,417.41859265510914,1005
2024-09-16 11:55:01.431,417.3856020692008,8
2024-09-16 11:55:01.648,417.391171101187,99
2024-09-16 11:55:01.686,417.3890413697882,105
2024-09-16 11:55:01.687,417.3951810649083,97
2024-09-16 11:55:01.749,417.4020822606836,1004
2024-09-16 11:55:01.750,417.390199883309,103
2024-09-16 11:55:01.787,417.4098870374586,5
2024-09-16 11:55:01.798,417.4077691198264,14
2024-09-16 11:55:01.887,417.4162575752307,105
2024-09-16 11:55:01.933,417.39207587776895,96
2024-09-16 11:55:01.940,417.3843916802158,100
2024-09-16 11:55:01.948,417.41954928362,96
2024-09-16 11:55:01.975,417.4154495270503,1003
2024-09-16 11:55:02.025,417.5406616091776,103
2024-09-16 11:55:02.173,417.5198843028083,12
2024-09-16 11:55:02.223,417.5099169830259,12
2024-09-16 11:55:02.369,417.5039659871664,105
2024-09-16 11:55:02.382,417.5164768083832,1001
2024-09-16 11:55:02.409,417.4578853922171,98
2024-09-16 11:55:02.413,417.54716034968425,9
2024-09-16 11:55:02.540,417.5119241805872,11
2024-09-16 11:55:02.597,417.5377760042839,1002
2024-09-16 11:55:02.603,417.5255349268951,8
2024-09-16 11:55:02.620,417.5615059964817,9
2024-09-16 11:55:02.682,417.4237786230922,104
2024-09-16 11:55:02.753,41.74521600230109,996
2024-09-16 11:55:02.766,417.5058260511244,95
2024-09-16 11:55:02.834,417.4148779644317,100
2024-09-16 11:55:02.855,417.5486544051521,96
2024-09-16 11:55:02.896,417.46277756148254,100
2024-09-16 11:55:02.922,-417.47356007918086,7
2024-09-16 11:55:02.940,417.4284087930527,11
2024-09-16 11:55:03.172,417.5463195204778,105
2024-09-16 11:55:03.409,417.5529889571614,6
2024-09-16 11:55:03.832,41.75706416385536,5
2024-09-16 11:55:03.966,417.5505296363708,13
2024-09-16 11:55:04.060,417.5933037687765,999
2024-09-16 11:55:04.086,417.5926675604418,5
2024-09-16 11:55:04.122,417.6012350023194,997
2024-09-16 11:55:04.231,417.6234240627478,11
2024-09-16 11:55:04.297,417.5996753659667,100
2024-09-16 11:55:04.321,417.5886640735847,13
2024-09-16 11:55:04.360,417.59629024550526,95
2024-09-16 11:55:04.522,41.75832022321384,99
2024-09-16 11:55:04.538,417.5937097538302,1001
2024-09-16 11:55:04.551,417.5806218200629,1000
2024-09-16 11:55:04.629,417.5788285796108,9
2024-09-16 11:55:04.639,417.5971979628459,99
2024-09-16 11:55:04.640,417.5933484546598,8
2024-09-16 11:55:04.693,417.5760335099055,14
2024-09-16 11:55:04.710,417.5726170928608,995
2024-09-16 11:55:04.716,41.75957162639008,1002
2024-09-16 11:55:04.858,417.5980049234049,97
2024-09-16 11:55:04.868,417.60180698019263,998
2024-09-16 11:55:04.909,417.5868947717068,100
2024-09-16 11:55:04.958,417.5764327848017,10
2024-09-16 11:55:04.962,417.60862751533847,102
2024-09-16 11:55:05.028,417.6313344131309,1001
2024-09-16 11:55:05.117,417.6500613442832,996
2024-09-16 11:55:05.127,417.6220341183338,999
2024-09-16 11:55:05.141,417.63911581522206,999
2024-09-16 11:55:05.147,417.6277217217462,999
2024-09-16 11:55:05.239,417.6507063992262,103
2024-09-16 11:55:05.313,417.61922536262193,102
2024-09-16 11:55:05.355,417.65823789569686,995
2024-09-16 11:55:05.424,417.64221355706087,1001
2024-09-16 11:55:05.537,417.6397522723627,999
2024-09-16 11:55:05.548,417.621244837972,98
2024-09-16 11:55:05.611,417.6518790139161,15
2024-09-16 11:55:05.625,417.64044321359177,102
2024-09-16 11:55:05.661,417.6256987279208,95
2024-09-16 11:55:05.694,417.6182841573111,1001
2024-09-16 11:55:05.737,417.6322509474021,98
2024-09-16 11:55:05.779,417.6206114886498,1004
2024-09-16 11:55:05.925,417.6124023934887,104
2024-09-16 11:55:05.953,-417.6281333538153,104
2024-09-16 11:55:05.977,417.6449650075383,99
2024-09-16 11:55:06.015,417.73233487567614,105
2024-09-16 11:55:06.075,417.6716223184426,1002
2024-09-16 11:55:06.124,417.6658075838786,998
2024-09-16 11:55:06.138,417.7390864708167,7
2024-09-16 11:55:06.152,417.73030821619295,99
2024-09-16 11:55:06.202,417.6595976571821,997
2024-09-16 11:55:06.248,417.6998567416696,9
2024-09-16 11:55:06.265,417.6515135678582,997
2024-09-16 11:55:06.277,417.651433684458,102
2024-09-16 11:55:06.310,417.7113079021613,1002
2024-09-16 11:55:06.319,417.69249348698384,14
2024-09-16 11:55:06.355,,14
2024-09-16 11:55:06.426,417.7197873110888,97
2024-09-16 11:55:06.474,417.6641034721863,7
2024-09-16 11:55:06.536,417.6624377005671,103
2024-09-16 11:55:06.619,417.7328967700299,999
2024-09-16 11:55:06.700,417.6620122368245,9
2024-09-16 11:55:06.755,417.69547260652473,11
2024-09-16 11:55:06.785,417.6740656642348,12
2024-09-16 11:55:06.822,417.7385198563117,97
2024-09-16 11:55:06.849,417.6926547980577,105
2024-09-16 11:55:06.932,417.6578264797151,97
2024-09-16 11:55:06.933,417.6706277699364,12
2024-09-16 11:55:06.934,417.6728368373165,1005
2024-09-16 11:55:06.956,417.672924341368,6
2024-09-16 11:55:06.962,417.7256722592261,995
2024-09-16 11:55:06.964,417.67259787733735,100
2024-09-16 11:55:07.122,417.7113537584958,1000
2024-09-16 11:55:07.138,417.7120704633908,11
2024-09-16 11:55:07.171,417.7011454066006,1004
2024-09-16 11:55:07.173,417.7359687147188,101
2024-09-16 11:55:07.193,417.721760962763,10
2024-09-16 11:55:07.310,417.7013734391449,95
2024-09-16 11:55:07.334,417.6955078459799,1003
2024-09-16 11:55:07.334,417.71155537997487,15
2024-09-16 11:55:07.453,417.707239438305,101
2024-09-16 11:55:07.611,417.7361961525207,103
2024-09-16 11:55:07.667,417.725225856076,97
2024-09-16 11:55:07.709,417.71035828086985,14
2024-09-16 11:55:07.756,417.7306410461168,8
2024-09-16 11:55:07.784,417.7204450477599,105
2024-09-16 11:55:07.922,417.72398269555646,1001
2024-09-16 11:55:07.962,417.7274525974245,6
2024-09-16 11:55:08.030,,1005
2024-09-16 11:55:08.039,417.6575453380074,7
2024-09-16 11:55:08.064,417.6361188934738,9
2024-09-16 11:55:08.179,417.6526684239362,1005
2024-09-16 11:55:08.211,417.6315255877376,1005
2024-09-16 11:55:08.244,417.6580945859131,12
2024-09-16 11:55:08.278,417.6522265327974,1004
2024-09-16 11:55:08.285,417.6306128195628,1004
2024-09-16 11:55:08.308,417.6421763041939,1005
2024-09-16 11:55:08.327,417.6336293917202,98
2024-09-16 11:55:08.368,417.72261795448657,1004
2024-09-16 11:55:08.426,417.645965039924,1000
2024-09-16 11:55:08.477,417.69948361348366,1002
2024-09-16 11:55:08.491,417.660516677708,14
2024-09-16 11:55:08.586,417.6566980595231,1004
2024-09-16 11:55:08.676,417.64634597951937,14
2024-09-16 11:55:08.708,417.651388803464,10
2024-09-16 11:55:08.709,417.64593198356926,998
2024-09-16 11:55:08.720,417.63174911901626,9
2024-09-16 11:55:08.749,417.631119123099,999
2024-09-16 11:55:08.761,417.6533461744862,10
2024-09-16 11:55:08.816,417.6468505307877,100
2024-09-16 11:55:08.876,417.6575777963885,96
2024-09-16 11:55:08.891,417.6474928324408,9
2024-09-16 11:55:08.896,417.6451433907532,105
2024-09-16 11:55:08.934,417.6377182172798,103
2024-09-16 11:55:08.982,417.64342730118847,996
2024-09-16 11:55:09.016,417.6606656303738,100
2024-09-16 11:55:09.046,417.63428439653353,10
2024-09-16 11:55:09.055,417.6423420545641,103
2024-09-16 11:55:09.099,417.6473493343065,11
2024-09-16 11:55:09.118,,99
2024-09-16 11:55:09.302,417.6464771001419,998
2024-09-16 11:55:09.389,417.634464837051,997
2024-09-16 11:55:09.822,41.76384566426472,1003
2024-09-16 11:55:10.046,417.6332703657407,998
2024-09-16 11:55:11.055,417.6431620738039,8
2024-09-16 11:55:11.073,417.634361568171,1002
2024-09-16 11:55:11.135,417.6475087683901,9
2024-09-16 11:55:11.138,417.572090873065,1003
2024-09-16 11:55:11.152,417.593549435727,103
2024-09-16 11:55:11.178,417.57197284274713,11
2024-09-16 11:55:11.207,417.6105929621527,15
2024-09-16 11:55:11.208,417.59679394627926,7
2024-09-16 11:55:11.320,417.6475922426039,996
2024-09-16 11:55:11.326,417.65559615321774,101
2024-09-16 11:55:11.459,417.62326104981577,997
2024-09-16 11:55:11.493,417.576832868324,998
2024-09-16 11:55:11.539,417.6238828358528,99
2024-09-16 11:55:11.542,417.6411938778691,5
2024-09-16 11:55:11.577,417.6261027957315,999
2024-09-16 11:55:11.692,417.6258819042271,5
2024-09-16 11:55:11.730,417.62911578470585,15
2024-09-16 11:55:11.762,417.6517605527161,1005
2024-09-16 11:55:11.803,,98
2024-09-16 11:55:11.855,417.59755869917575,13
2024-09-16 11:55:11.928,417.64040315292726,105
2024-09-16 11:55:11.930,417.5820103202416,998
2024-09-16 11:55:11.932,417.6301655905597,104
2024-09-16 11:55:12.003,417.6327915655132,998
2024-09-16 11:55:12.059,417.6523630377086,10
2024-09-16 11:55:12.077,417.6103381553525,8
2024-09-16 11:55:12.163,417.6182427116106,1001
2024-09-16 11:55:12.165,417.5912055235326,999
2024-09-16 11:55:12.214,417.6184877882778,10
2024-09-16 11:55:12.275,41.757936732892986,1004
2024-09-16 11:55:12.392,417.6238524364202,997
2024-09-16 11:55:12.439,417.6411993679967,1001
2024-09-16 11:55:12.492,417.6036815169056,997
2024-09-16 11:55:12.519,417.6331072805135,6
2024-09-16 11:55:12.588,417.5822461134572,6
2024-09-16 11:55:12.623,41.76349233781952,102
2024-09-16 11:55:12.628,417.5979566181828,7
2024-09-16 11:55:12.686,417.6362119892439,5
2024-09-16 11:55:12.691,417.58364693370913,1005
2024-09-16 11:55:12.702,417.6093387078452,999
2024-09-16 11:55:12.707,417.611897009337,1001
2024-09-16 11:55:12.835,417.6115664311273,11
2024-09-16 11:55:12.867,417.58123550482543,995
2024-09-16 11:55:12.868,417.58975086749183,1003
2024-09-16 11:55:12.875,417.6086198119151,15
2024-09-16 11:55:12.934,417.59225740857534,5
2024-09-16 11:55:12.950,417.60570931724783,12
2024-09-16 11:55:12.963,417.5805360344113,97
2024-09-16 11:55:13.089,417.5189553825399,101
2024-09-16 11:55:13.341,417.5251335579449,1000
2024-09-16 11:55:13.349,417.5710040239549,1003
2024-09-16 11:55:13.557,417.5316106076143,98
2024-09-16 11:55:13.591,417.5692494480351,102
2024-09-16 11:55:13.606,417.56076514063386,14
2024-09-16 11:55:13.633,417.5400417081193,1004
2024-09-16 11:55:13.641,417.57025333211817,105
2024-09-16 11:55:13.644,417.55326369597447,15
2024-09-16 11:55:13.689,417.552551413164,8
2024-09-16 11:55:13.741,417.505279202897,98
2024-09-16 11:55:13.752,417.5382922933157,6
2024-09-16 11:55:13.778,417.5600971465686,9
2024-09-16 11:55:13.876,417.5343679899377,6
2024-09-16 11:55:13.901,-417.5198322327436,95
2024-09-16 11:55:13.910,417.5476137269931,6
2024-09-16 11:55:13.979,417.5534008421548,13
2024-09-16 11:55:14.038,417.5290995987241,8
2024-09-16 11:55:14.377,417.5210958826421,998
2024-09-16 11:55:14.493,417.5348416738407,7
2024-09-16 11:55:14.520,417.5024150847226,99
2024-09-16 11:55:14.567,417.52667706447625,13
2024-09-16 11:55:14.775,417.5129809514757,96
2024-09-16 11:55:14.836,417.5263253365561,14
2024-09-16 11:55:14.954,417.4783742299797,9
2024-09-16 11:55:15.215,417.456576445454,8
2024-09-16 11:55:15.383,417.4544732814601,997
2024-09-16 11:55:15.438,417.4666438068912,10
2024-09-16 11:55:15.667,417.46656512994,97
2024-09-16 11:55:15.975,417.4677445897237,997
2024-09-16 11:55:16.039,417.4840152799226,105
2024-09-16 11:55:16.250,417.4542234226896,95
2024-09-16 11:55:16.318,417.4561201997856,103
2024-09-16 11:55:16.403,,7
2024-09-16 11:55:16.444,417.4774980542323,12
2024-09-16 11:55:16.510,-417.4397120296247,15
2024-09-16 11:55:16.563,417.4486111531492,999
2024-09-16 11:55:16.822,417.43848017727896,102
2024-09-16 11:55:16.843,417.48168642062,13
2024-09-16 11:55:16.843,417.4458644432098,99
2024-09-16 11:55:17.004,417.4843300988083,12
2024-09-16 11:55:17.046,417.5406534722376,14
2024-09-16 11:55:17.221,417.4858140115071,998
2024-09-16 11:55:17.286,417.5151347955249,12
2024-09-16 11:55:17.289,417.4872765629093,104
2024-09-16 11:55:17.314,417.4765616173507,13
2024-09-16 11:55:17.374,417.5126887948933,5
2024-09-16 11:55:17.400,417.5210796488576,13
2024-09-16 11:55:17.409,417.4708544667336,96
2024-09-16 11:55:17.447,417.5135360033013,8
2024-09-16 11:55:17.460,417.5073617064411,1001
2024-09-16 11:55:17.486,417.5101248564082,1001
2024-09-16 11:55:17.519,417.48948019935074,97
2024-09-16 11:55:17.540,417.5245208616278,12
2024-09-16 11:55:17.566,417.4915809830302,103
2024-09-16 11:55:17.639,417.5165917836625,15
2024-09-16 11:55:17.703,417.4977765436068,104
2024-09-16 11:55:17.741,417.5305934478877,996
2024-09-16 11:55:17.872,417.5173004343002,104
2024-09-16 11:55:17.904,417.5065499770027,105
2024-09-16 11:55:17.913,417.5326230274703,9
2024-09-16 11:55:17.914,417.4993089067039,100
2024-09-16 11:55:17.922,417.4876870833301,5
2024-09-16 11:55:17.988,417.5274742373143,13
2024-09-16 11:55:18.051,417.5008681859444,104
2024-09-16 11:55:18.143,417.5049344668311,12
2024-09-16 11:55:18.215,417.5089887116611,105
2024-09-16 11:55:18.238,417.52549188908426,96
2024-09-16 11:55:18.245,417.5014419911227,96
2024-09-16 11:55:18.269,,14
2024-09-16 11:55:18.284,417.5082603107248,7
2024-09-16 11:55:18.296,41.752205450427454,104
2024-09-16 11:55:18.348,417.48593291085024,1001
2024-09-16 11:55:18.391,417.51415066552966,1005
2024-09-16 11:55:18.394,417.5352403976897,102
2024-09-16 11:55:18.405,417.50716312675513,97
2024-09-16 11:55:18.408,417.49556448529023,1002
2024-09-16 11:55:18.428,417.54633697976175,1004
2024-09-16 11:55:18.460,417.53287211876574,998
2024-09-16 11:55:18.493,417.5126164032383,102
2024-09-16 11:55:18.521,417.5381339760728,1000
2024-09-16 11:55:18.524,417.5255039625597,96
2024-09-16 11:55:18.535,417.52847298004417,1001
2024-09-16 11:55:18.561,-417.4883727704951,98
2024-09-16 11:55:18.570,417.5173384627583,96
2024-09-16 11:55:18.573,417.4892045335658,14
2024-09-16 11:55:18.573,417.5079025066917,99
2024-09-16 11:55:18.658,417.52901697435885,9
2024-09-16 11:55:18.752,417.4848919646462,12
2024-09-16 11:55:18.858,417.5083073083495,11
2024-09-16 11:55:18.904,417.4950645142524,11
2024-09-16 11:55:19.242,417.4921136018239,5
2024-09-16 11:55:19.305,417.5003858434977,8
2024-09-16 11:55:19.490,417.510360577966,103
2024-09-16 11:55:19.541,417.4861850319222,998
2024-09-16 11:55:19.586,417.5174164094329,997
2024-09-16 11:55:20.129,417.4942123204745,101
2024-09-16 11:55:20.417,417.5012227550744,10
2024-09-16 11:55:20.487,417.50787246448186,102
2024-09-16 11:55:20.618,417.5200730309748,999
2024-09-16 11:55:20.819,417.48538268594217,13
2024-09-16 11:55:21.012,417.5197683659063,104
2024-09-16 11:55:21.170,417.55400297954816,996
2024-09-16 11:55:21.240,417.5529789860087,997
2024-09-16 11:55:21.349,417.57737190512097,99
2024-09-16 11:55:21.378,417.5690322778458,1000
2024-09-16 11:55:21.391,41.75612443270025,99
2024-09-16 11:55:21.468,417.5602568536353,997
2024-09-16 11:55:21.547,417.5249155746045,1002
2024-09-16 11:55:21.772,417.5291524292562,1005
2024-09-16 11:55:21.774,417.5529077629117,11
2024-09-16 11:55:21.910,417.516954826327,13
2024-09-16 11:55:21.930,417.5427009465408,10
2024-09-16 11:55:22.128,417.5901564519697,99
2024-09-16 11:55:22.166,417.5704094265016,1002
2024-09-16 11:55:22.270,417.5843367625444,999
2024-09-16 11:55:22.489,417.58994910905056,101
2024-09-16 11:55:22.506,417.5372111372094,1003
2024-09-16 11:55:22.573,417.5767930341148,11
2024-09-16 11:55:22.587,417.56247694849526,96
2024-09-16 11:55:22.605,417.6104760083317,14
2024-09-16 11:55:22.658,417.5883942509452,1001
2024-09-16 11:55:22.816,417.5593120866613,998
2024-09-16 11:55:23.010,417.61252762083,10
2024-09-16 11:55:23.061,417.5910965172633,103
2024-09-16 11:55:23.151,417.5558814814567,105
2024-09-16 11:55:23.218,417.5972567394603,11
2024-09-16 11:55:23.246,417.5648991650879,998
2024-09-16 11:55:23.284,417.5839509327007,99
2024-09-16 11:55:23.347,417.6101264433966,1000
2024-09-16 11:55:23.484,417.57793651049786,1003
2024-09-16 11:55:23.743,417.6176579375478,102
2024-09-16 11:55:23.874,417.6041226833033,103
2024-09-16 11:55:23.876,417.5637919870055,98
2024-09-16 11:55:23.912,417.5636064574336,1000
2024-09-16 11:55:23.936,417.5778409061197,96
2024-09-16 11:55:24.260,41.76139224165786,102
2024-09-16 11:55:25.113,417.6279259757578,9
2024-09-16 11:55:25.429,417.6152758010754,104
2024-09-16 11:55:25.489,417.59192826333776,1003
2024-09-16 11:55:25.631,417.610226836191,7
2024-09-16 11:55:25.750,417.62031656849945,104
2024-09-16 11:55:25.786,417.6024606137755,1002
2024-09-16 11:55:25.887,417.5861539224791,10
2024-09-16 11:55:26.633,417.6180318442189,96
2024-09-16 11:55:26.731,417.6109167485354,102
2024-09-16 11:55:27.091,41.766605302525306,102
2024-09-16 11:55:27.167,417.7280436900306,996
2024-09-16 11:55:27.187,417.6347791426437,995
2024-09-16 11:55:27.215,417.6980407769805,102
2024-09-16 11:55:27.304,417.6593964394862,95
2024-09-16 11:55:27.341,,6
2024-09-16 11:55:27.442,417.7049854455941,95
2024-09-16 11:55:27.458,417.6906984879719,103
2024-09-16 11:55:27.501,417.70144826796536,10
2024-09-16 11:55:27.565,417.7151337313483,15
2024-09-16 11:55:27.666,417.671775768276,13
2024-09-16 11:55:27.675,417.68454747406383,96
2024-09-16 11:55:27.676,417.7005780202844,99
2024-09-16 11:55:27.808,417.6787231644175,100
2024-09-16 11:55:27.814,417.7014396738769,8
2024-09-16 11:55:27.881,417.6170692225928,13
2024-09-16 11:55:27.902,417.6596310870356,98
2024-09-16 11:55:27.919,417.70997658715606,996
2024-09-16 11:55:27.940,417.6219325756768,101
2024-09-16 11:55:27.950,417.5980644514456,997
2024-09-16 11:55:27.952,417.6686426616299,95
2024-09-16 11:55:28.055,417.7428642535209,102
2024-09-16 11:55:28.095,417.7333323377372,97
2024-09-16 11:55:28.105,417.7131306952356,9
2024-09-16 11:55:28.268,417.71791927050646,1001
2024-09-16 11:55:28.281,417.7011327077448,10
2024-09-16 11:55:28.345,417.7500424768992,11
2024-09-16 11:55:28.471,417.71674935575663,1000
2024-09-16 11:55:28.480,417.722284734925,998
2024-09-16 11:55:28.484,417.7005422771607,14
2024-09-16 11:55:28.551,417.73481432420624,10
2024-09-16 11:55:28.569,417.73793488266415,997
2024-09-16 11:55:28.582,417.7034428038966,13
2024-09-16 11:55:28.604,417.7330732645729,5
2024-09-16 11:55:28.626,417.7214793948129,1005
2024-09-16 11:55:28.656,417.7264526669807,7
2024-09-16 11:55:28.743,417.7258681501159,1000
2024-09-16 11:55:28.759,417.7300662426981,101
2024-09-16 11:55:28.823,417.72328677983376,15
2024-09-16 11:55:28.828,417.72116239064127,1004
2024-09-16 11:55:28.915,41.7706828352475,103
2024-09-16 11:55:29.894,417.7427374857252,104
2024-09-16 11:55:29.959,417.737715679893,10
2024-09-16 11:55:31.055,417.78036049339977,14
2024-09-16 11:55:31.160,417.76137899826807,997
2024-09-16 11:55:31.174,417.7770508656918,5
2024-09-16 11:55:31.230,417.7722211948436,97
2024-09-16 11:55:31.314,417.7815123473604,1005
2024-09-16 11:55:31.358,417.7737244640177,997
2024-09-16 11:55:31.362,417.7770901106734,105
2024-09-16 11:55:31.403,417.77423521632784,12
2024-09-16 11:55:31.445,417.77742602776345,1003
2024-09-16 11:55:31.453,417.7559183769455,11
2024-09-16 11:55:31.610,417.7711452500992,14
2024-09-16 11:55:31.639,417.8159097185911,101
2024-09-16 11:55:31.651,417.76333089691616,100
2024-09-16 11:55:31.655,417.7723850367472,995
2024-09-16 11:55:31.656,417.7873007515869,1004
2024-09-16 11:55:31.710,417.7569212274873,14
2024-09-16 11:55:31.754,417.77290045325503,12
2024-09-16 11:55:31.832,417.77649942668825,8
2024-09-16 11:55:31.841,417.7637555289277,998
2024-09-16 11:55:31.926,417.78391598703575,15
2024-09-16 11:55:31.937,417.7758125138651,1004
2024-09-16 11:55:31.938,417.76389667559965,97
2024-09-16 11:55:31.967,417.7799020453844,99
2024-09-16 11:55:32.063,417.7452408429684,997
2024-09-16 11:55:32.064,417.76324402680336,996
2024-09-16 11:55:32.226,417.7948268370717,14
2024-09-16 11:55:32.264,417.7370337086332,997
2024-09-16 11:55:32.307,417.7565810729263,7
2024-09-16 11:55:32.379,417.7758534452726,8
2024-09-16 11:55:32.386,417.7687480415953,1005
2024-09-16 11:55:32.398,417.782550846768,5
2024-09-16 11:55:32.473,417.749858165389,995
2024-09-16 11:55:32.479,417.7895194931163,995
2024-09-16 11:55:32.545,417.7807656599587,5
2024-09-16 11:55:32.609,417.7761354475106,1001
2024-09-16 11:55:32.712,417.77037430432455,999
2024-09-16 11:55:32.727,417.7534387204964,8
2024-09-16 11:55:32.752,417.8123998590034,100
2024-09-16 11:55:32.815,,996
2024-09-16 11:55:32.854,417.7940148231723,105
2024-09-16 11:55:32.949,417.7566363298973,8
2024-09-16 11:55:33.194,417.7722261625767,998
2024-09-16 11:55:33.213,417.7824788092747,12
2024-09-16 11:55:33.217,-417.7701513743129,997
2024-09-16 11:55:33.229,417.7855551110445,13
2024-09-16 11:55:33.261,417.77202454064064,998
2024-09-16 11:55:33.405,417.7783112156217,97
2024-09-16 11:55:33.567,417.80559468225465,5
2024-09-16 11:55:33.586,417.8065624958209,95
2024-09-16 11:55:33.589,417.77477483259497,101
2024-09-16 11:55:33.602,417.8074180336256,1005
2024-09-16 11:55:33.602,417.7971517985951,100
2024-09-16 11:55:33.615,417.80797466622187,15
2024-09-16 11:55:33.769,417.7735956677335,105
2024-09-16 11:55:33.786,417.8087157726479,15
2024-09-16 11:55:33.884,417.77016054814544,1001
2024-09-16 11:55:33.930,417.7882592960158,5
2024-09-16 11:55:33.986,,995
2024-09-16 11:55:34.087,417.808311026834,11
2024-09-16 11:55:34.094,417.8076173166498,1002
2024-09-16 11:55:34.228,417.86362743219377,15
2024-09-16 11:55:34.240,417.8282398666401,8
2024-09-16 11:55:34.414,417.8357983410776,13
2024-09-16 11:55:34.479,417.8219670298376,7
2024-09-16 11:55:34.525,417.8099234320505,14
2024-09-16 11:55:34.570,417.80856947816943,999
2024-09-16 11:55:34.598,417.8132205853269,99
2024-09-16 11:55:34.605,417.7937609255141,997
2024-09-16 11:55:34.643,417.7972557694742,6
2024-09-16 11:55:34.813,417.827703734482,8
2024-09-16 11:55:34.823,417.8161238280153,100
2024-09-16 11:55:34.832,417.851756130674,9
2024-09-16 11:55:34.971,417.7977465475468,12
2024-09-16 11:55:34.971,417.7922002997868,1002
2024-09-16 11:55:35.042,417.88470923847154,9
2024-09-16 11:55:35.055,417.9360790361543,13
2024-09-16 11:55:35.172,,999
2024-09-16 11:55:35.247,417.8959276984753,8
2024-09-16 11:55:35.292,417.901321166443,14
2024-09-16 11:55:35.340,417.90132764573,102
2024-09-16 11:55:35.399,417.8761244606391,995
2024-09-16 11:55:35.457,417.90218774265225,99
2024-09-16 11:55:35.468,417.84648624441553,103
2024-09-16 11:55:35.532,417.9164047509855,997
2024-09-16 11:55:35.546,417.949010740866,998
2024-09-16 11:55:35.547,417.9344345248344,97
2024-09-16 11:55:35.593,417.89904065077786,996
2024-09-16 11:55:35.749,,12
2024-09-16 11:55:35.820,417.9218416835421,103
2024-09-16 11:55:35.839,417.9231638977072,103
2024-09-16 11:55:35.953,417.90860259854935,997
2024-09-16 11:55:35.966,417.91068721369305,104
2024-09-16 11:55:35.966,417.8652278563259,7
2024-09-16 11:55:36.013,417.9556570083868,1002
2024-09-16 11:55:36.076,418.0064100668355,999
2024-09-16 11:55:36.098,417.9613934489954,13
2024-09-16 11:55:36.113,417.9748568513072,98
2024-09-16 11:55:36.120,417.9679285615224,103
2024-09-16 11:55:36.128,417.9802125348488,1003
2024-09-16 11:55:36.220,417.9700857959646,101
2024-09-16 11:55:36.227,417.9771593279804,10
2024-09-16 11:55:36.261,417.9701989650623,104
2024-09-16 11:55:36.325,417.9529119229746,1005
2024-09-16 11:55:36.520,418.014803081278,996
2024-09-16 11:55:36.558,417.9974883682044,5
2024-09-16 11:55:36.592,417.99693920640016,97
2024-09-16 11:55:36.640,417.96648715952807,9
2024-09-16 11:55:36.666,417.9887587180418,1001
2024-09-16 11:55:36.679,417.9819713855367,995
2024-09-16 11:55:36.681,417.9788247899904,995
2024-09-16 11:55:36.708,417.9703807568504,15
2024-09-16 11:55:36.776,417.9976285872301,95
2024-09-16 11:55:36.839,417.9581019443789,6
2024-09-16 11:55:36.843,417.99978336732624,6
2024-09-16 11:55:36.896,417.9627194268451,5
2024-09-16 11:55:36.902,418.0139386360586,10
2024-09-16 11:55:36.910,417.9870927979943,10
2024-09-16 11:55:36.938,417.9563233398631,9
2024-09-16 11:55:36.972,417.9921524383095,1005
2024-09-16 11:55:36.995,417.9958543016909,98
2024-09-16 11:55:37.039,418.0684265324503,14
2024-09-16 11:55:37.098,418.028569274105,105
2024-09-16 11:55:37.109,418.0193746248558,98
2024-09-16 11:55:37.198,418.0045914254916,103
2024-09-16 11:55:37.258,418.0156417040157,1004
2024-09-16 11:55:37.273,418.0238782616802,95
2024-09-16 11:55:37.285,418.03637957821184,100
2024-09-16 11:55:37.310,418.017042132529,15
2024-09-16 11:55:37.346,418.029236806796,14
2024-09-16 11:55:37.383,418.0355292288514,15
2024-09-16 11:55:37.419,418.0246510085011,100
2024-09-16 11:55:37.494,41.79881762209444,100
2024-09-16 11:55:37.519,418.0424863344996,998
2024-09-16 11:55:37.571,418.0240715921455,1004
2024-09-16 11:55:37.625,418.00183729280354,95
2024-09-16 11:55:37.690,417.9915640382303,9
2024-09-16 11:55:37.767,418.0167962621805,96
2024-09-16 11:55:37.807,418.0486379707864,1003
2024-09-16 11:55:37.843,418.0192079573335,13
2024-09-16 11:55:37.870,417.9992900639545,104
2024-09-16 11:55:37.903,418.0062790199645,996
2024-09-16 11:55:37.916,417.9838360442955,105
2024-09-16 11:55:37.933,418.037489400682,103
2024-09-16 11:55:38.002,418.0828414779635,100
2024-09-16 11:55:38.082,418.0975404768298,103
2024-09-16 11:55:38.146,418.0866612753646,10
2024-09-16 11:55:38.280,418.1209677767148,11
2024-09-16 11:55:38.347,418.0878670874016,100
2024-09-16 11:55:38.362,418.0780460758751,1001
2024-09-16 11:55:38.554,418.0763561720778,10
2024-09-16 11:55:38.734,418.1061800861961,998
2024-09-16 11:55:38.788,418.0978526747812,9
2024-09-16 11:55:38.875,418.1072925029096,1001
2024-09-16 11:55:38.963,418.0886674369215,105
2024-09-16 11:55:39.732,418.1121356661478,995
2024-09-16 11:55:39.752,418.1330388189925,999
2024-09-16 11:55:40.011,418.1141451491428,101
2024-09-16 11:55:40.015,418.1382908094336,9
2024-09-16 11:55:40.092,418.09880904351326,105
2024-09-16 11:55:40.181,418.0933567130982,104
2024-09-16 11:55:40.258,418.10788163899,104
2024-09-16 11:55:40.314,418.12827724163816,999
2024-09-16 11:55:40.319,418.1056506696054,99
2024-09-16 11:55:40.355,41.81184387745007,8
2024-09-16 11:55:40.380,418.0972022920173,102
2024-09-16 11:55:40.404,418.1116170750544,7
2024-09-16 11:55:40.449,418.10740224324695,1004
2024-09-16 11:55:40.555,418.1046616462581,999
2024-09-16 11:55:40.612,418.1257418431624,101
2024-09-16 11:55:40.638,418.1058346023744,1005
2024-09-16 11:55:40.750,418.12912645042087,96
2024-09-16 11:55:40.755,418.0930540435573,99
2024-09-16 11:55:40.761,418.0917131124616,15
2024-09-16 11:55:40.784,418.0973646165131,995
2024-09-16 11:55:40.820,418.0922801519822,12
2024-09-16 11:55:40.835,418.1496005072672,5
2024-09-16 11:55:40.846,418.0890988218005,10
2024-09-16 11:55:40.858,418.08401318481896,101
2024-09-16 11:55:40.876,418.1115650921713,996
2024-09-16 11:55:40.878,418.1236351538986,995
2024-09-16 11:55:40.885,418.08378199052686,999
2024-09-16 11:55:40.907,418.10669943278407,1003
2024-09-16 11:55:40.958,418.1252258426464,104
2024-09-16 11:55:40.993,418.1383097383501,997
2024-09-16 11:55:40.996,418.1271292533664,97
2024-09-16 11:55:42.314,418.1077144508339,95
2024-09-16 11:55:42.529,418.0780009646629,96
2024-09-16 11:55:42.969,418.0988792582806,999
2024-09-16 11:55:43.024,418.0549224453679,5
2024-09-16 11:55:43.040,418.0753984670548,13
2024-09-16 11:55:43.097,418.0623810659115,99
2024-09-16 11:55:43.258,418.0541012790099,1005
2024-09-16 11:55:43.266,418.04568819803967,1003
2024-09-16 11:55:43.323,418.0711930922077,8
2024-09-16 11:55:43.387,418.03569286484907,95
2024-09-16 11:55:43.457,418.0562140713801,9
2024-09-16 11:55:43.503,418.0649744643866,9
2024-09-16 11:55:43.517,418.05496706900215,996
2024-09-16 11:55:43.518,418.01686075484986,100
2024-09-16 11:55:43.532,418.0545126858146,99
2024-09-16 11:55:43.534,418.0389038828105,98
2024-09-16 11:55:43.541,418.0466346904148,999
2024-09-16 11:55:43.635,418.0607328412109,15
2024-09-16 11:55:43.637,418.0643324077773,102
2024-09-16 11:55:43.676,418.0534979538485,13
2024-09-16 11:55:43.710,418.05316446715256,8
2024-09-16 11:55:43.784,418.0640613347971,1000
2024-09-16 11:55:43.821,418.0486190956355,5
2024-09-16 11:55:43.842,418.0550740230252,14
2024-09-16 11:55:43.918,418.02448452382697,5
2024-09-16 11:55:43.927,418.05813327977,13
2024-09-16 11:55:43.956,418.048290218419,9
2024-09-16 11:55:44.012,418.079551283492,95
2024-09-16 11:55:44.027,418.0836031727644,96
2024-09-16 11:55:44.111,418.0698775329274,1001
2024-09-16 11:55:44.136,418.09549739756335,14
2024-09-16 11:55:44.176,418.0678922431517,104
2024-09-16 11:55:44.259,418.0676132172115,995
2024-09-16 11:55:44.319,418.0926136413738,98
2024-09-16 11:55:44.369,418.0731702004858,8
2024-09-16 11:55:44.393,418.0724929633747,99
2024-09-16 11:55:44.810,41.80762014425656,102
2024-09-16 11:55:44.894,418.0844579174008,102
2024-09-16 11:55:44.942,418.08656352844713,8
2024-09-16 11:55:45.186,418.1062648774282,14
2024-09-16 11:55:45.269,418.1136510755816,104
2024-09-16 11:55:45.351,418.11849209520926,15
2024-09-16 11:55:45.362,418.1119528544205,9
2024-09-16 11:55:45.421,418.0818384751554,14
2024-09-16 11:55:45.457,418.1088653672078,8
2024-09-16 11:55:45.464,418.1225331400754,12
2024-09-16 11:55:45.565,418.0983813818032,102
2024-09-16 11:55:45.799,418.0862464575579,103
2024-09-16 11:55:45.820,418.0733361345088,10
2024-09-16 11:55:45.884,418.0941625040758,103
2024-09-16 11:55:45.886,41.81039148600416,105
2024-09-16 11:55:45.887,418.07559388446816,9
2024-09-16 11:55:45.913,418.104126320186,105
2024-09-16 11:55:45.939,418.08269328638886,105
2024-09-16 11:55:45.966,418.1122669890093,9
2024-09-16 11:55:46.039,418.1811255937626,996
2024-09-16 11:55:46.040,418.11375789568143,105
2024-09-16 11:55:46.043,418.1494232953564,7
2024-09-16 11:55:46.062,418.1599167478583,8
2024-09-16 11:55:46.138,418.1662847891721,1002
2024-09-16 11:55:46.192,418.1216491771185,103
2024-09-16 11:55:46.210,418.15711393835375,98
2024-09-16 11:55:46.229,418.1622574709969,14
2024-09-16 11:55:46.302,418.1556779972254,99
2024-09-16 11:55:46.318,41.82056056577949,8
2024-09-16 11:55:46.378,418.1736403212787,102
2024-09-16 11:55:46.393,418.1120232786329,1002
2024-09-16 11:55:46.425,418.1662605157572,6
2024-09-16 11:55:46.433,418.14126516569775,998
2024-09-16 11:55:46.435,418.1008607238575,997
2024-09-16 11:55:46.447,418.11030950493,998
2024-09-16 11:55:46.544,418.1204584998022,8
2024-09-16 11:55:46.586,418.2119211072993,15
2024-09-16 11:55:46.603,,105
2024-09-16 11:55:46.645,418.1244841501278,1000
2024-09-16 11:55:46.663,418.1686075379275,996
2024-09-16 11:55:46.670,418.1682484652676,98
2024-09-16 11:55:46.847,418.17437363402297,102
2024-09-16 11:55:46.862,418.1631159783986,99
2024-09-16 11:55:46.977,418.1506409268461,105
2024-09-16 11:55:46.986,418.1072048798005,996
2024-09-16 11:55:47.012,418.2192769673549,1001
2024-09-16 11:55:47.035,418.1647107777507,996
2024-09-16 11:55:47.056,418.1503580685196,10
2024-09-16 11:55:47.072,418.11369006680286,97
2024-09-16 11:55:47.173,418.1911723962002,997
2024-09-16 11:55:47.198,418.13716065646616,104
2024-09-16 11:55:47.216,418.1472916366727,8
2024-09-16 11:55:47.293,418.2060951313977,996
2024-09-16 11:55:47.294,418.1237390484671,12
2024-09-16 11:55:47.323,418.18196248116266,999
2024-09-16 11:55:47.374,418.13472110676975,1002
2024-09-16 11:55:47.385,418.1329425888082,995
2024-09-16 11:55:47.408,418.1896132572267,996
2024-09-16 11:55:47.517,418.1779828539752,14
2024-09-16 11:55:47.528,418.1844974674671,105
2024-09-16 11:55:47.529,418.1415906385828,15
2024-09-16 11:55:47.540,418.1352711719895,7
2024-09-16 11:55:47.589,418.13952673509226,15
2024-09-16 11:55:47.615,418.2091272372333,97
2024-09-16 11:55:47.643,418.1323400507428,1000
2024-09-16 11:55:47.681,418.20684446964106,14
2024-09-16 11:55:47.703,418.1930117339477,8
2024-09-16 11:55:47.730,418.140071001672,1001
2024-09-16 11:55:47.818,418.1483255652576,999
2024-09-16 11:55:47.894,418.1523161644277,14
2024-09-16 11:55:47.937,418.13445439574,97
2024-09-16 11:55:47.956,418.13848607477297,12
2024-09-16 11:55:47.974,418.1242551381035,5
2024-09-16 11:55:47.983,,7
2024-09-16 11:55:48.007,418.1312445004356,996
2024-09-16 11:55:48.086,418.12868941493326,1003
2024-09-16 11:55:48.151,418.1061539373368,1001
2024-09-16 11:55:48.182,418.1272513719053,8
2024-09-16 11:55:48.283,418.1395167308927,1003
2024-09-16 11:55:48.327,418.11134113571296,104
2024-09-16 11:55:48.391,418.0951661950195,10
2024-09-16 11:55:48.504,418.1213272039905,8
2024-09-16 11:55:48.515,418.11634635767945,6
2024-09-16 11:55:48.737,418.1205597480904,998
2024-09-16 11:55:49.960,418.0836574103074,14
2024-09-16 11:55:50.025,418.1163350475984,6
2024-09-16 11:55:50.079,418.09476589097375,13
2024-09-16 11:55:50.121,418.1076208078976,6
2024-09-16 11:55:50.163,418.1146396644335,8
2024-09-16 11:55:50.172,41.8134674889828,102
2024-09-16 11:55:50.181,418.1087662325165,98
2024-09-16 11:55:50.273,418.1019843125807,1003
2024-09-16 11:55:50.311,418.10726095050126,98
2024-09-16 11:55:50.407,418.1400917768218,995
2024-09-16 11:55:50.435,418.1119658327669,8
2024-09-16 11:55:50.556,418.1000106839526,103
2024-09-16 11:55:50.587,418.12861449173,1003
2024-09-16 11:55:50.660,418.1352126473938,7
2024-09-16 11:55:50.710,418.1432805151703,14
2024-09-16 11:55:50.798,418.11344979047175,8
2024-09-16 11:55:50.805,418.11815593858506,102
2024-09-16 11:55:50.828,418.1390004309886,14
2024-09-16 11:55:50.830,418.1011598570311,15
2024-09-16 11:55:50.841,418.1143629210754,13
2024-09-16 11:55:50.846,418.11111432536137,998
2024-09-16 11:55:50.857,418.1094781351519,1002
2024-09-16 11:55:50.875,418.09243537214206,1004
2024-09-16 11:55:50.894,418.1205562427628,13
2024-09-16 11:55:50.919,418.1343318263419,998
2024-09-16 11:55:51.115,418.1760306270954,100
2024-09-16 11:55:51.173,418.1167717791861,997
2024-09-16 11:55:51.288,418.1493727287692,997
2024-09-16 11:55:51.305,418.1637146291518,1000
2024-09-16 11:55:51.316,418.189460459435,101
2024-09-16 11:55:51.366,418.1318358981087,97
2024-09-16 11:55:51.389,418.134155021344,98
2024-09-16 11:55:51.404,418.1440787008344,99
2024-09-16 11:55:51.413,418.1697017482978,100
2024-09-16 11:55:51.631,418.2010970176172,104
2024-09-16 11:55:51.648,418.1855054046098,96
2024-09-16 11:55:51.763,418.19668408853215,15
2024-09-16 11:55:51.916,418.1556297024432,99
2024-09-16 11:55:51.949,418.11721367759753,100
2024-09-16 11:55:51.959,418.1476213634848,99
2024-09-16 11:55:52.049,418.1759193835842,5
2024-09-16 11:55:53.002,418.2052939939211,100
2024-09-16 11:55:53.027,418.20460234873696,5
2024-09-16 11:55:53.073,418.21173711707706,1001
2024-09-16 11:55:53.127,418.19152849317874,996
2024-09-16 11:55:53.143,418.2277182477599,5
2024-09-16 11:55:53.150,418.2182639917797,1004
2024-09-16 11:55:53.151,418.2190121592405,998
2024-09-16 11:55:53.280,418.21339994846505,1004
2024-09-16 11:55:53.334,418.2120043792844,6
2024-09-16 11:55:53.401,418.1961537466758,105
2024-09-16 11:55:53.462,418.226136269278,1003
2024-09-16 11:55:53.526,418.218668916676,7
2024-09-16 11:55:53.566,418.1879772357976,11
2024-09-16 11:55:53.582,418.2182056572867,5
2024-09-16 11:55:53.596,418.2150774555582,14
2024-09-16 11:55:53.602,418.21765070414216,1001
2024-09-16 11:55:53.635,418.2291289259394,995
2024-09-16 11:55:53.636,418.20176432978616,99
2024-09-16 11:55:53.708,418.1917325093305,101
2024-09-16 11:55:53.741,418.2236451238034,104
2024-09-16 11:55:53.751,418.2140996479116,13
2024-09-16 11:55:53.761,418.19755145682535,102
2024-09-16 11:55:53.804,418.204333125868,995
2024-09-16 11:55:53.840,-418.1998577954037,101
2024-09-16 11:55:53.856,418.2073910984069,999
2024-09-16 11:55:53.869,418.2089331499718,101
2024-09-16 11:55:53.870,418.2066214266922,105
2024-09-16 11:55:53.888,418.2254312021397,103
2024-09-16 11:55:54.099,418.2971146571172,996
2024-09-16 11:55:54.105,418.2770182344643,105
2024-09-16 11:55:54.172,418.3180093520818,1000
2024-09-16 11:55:54.224,418.3064506421659,105
2024-09-16 11:55:54.367,418.35918111897854,8
2024-09-16 11:55:54.405,418.3048323100477,105
2024-09-16 11:55:54.427,418.2909857681034,995
2024-09-16 11:55:54.496,418.211517804292,1003
2024-09-16 11:55:54.589,418.2099916304333,12
2024-09-16 11:55:54.596,418.2899906517351,105
2024-09-16 11:55:54.634,418.2981855702109,98
2024-09-16 11:55:54.719,418.3475048758854,9
2024-09-16 11:55:54.788,41.8299353942672,95
2024-09-16 11:55:54.798,418.2663375435387,10
2024-09-16 11:55:54.800,418.3134314000092,997
2024-09-16 11:55:54.956,418.31474405971744,14
2024-09-16 11:55:54.990,418.3131809950672,101
2024-09-16 11:55:54.990,418.2532790876078,11
2024-09-16 11:55:55.036,,14
2024-09-16 11:55:55.093,418.35663625993936,105
2024-09-16 11:55:55.138,418.34529127765256,7
2024-09-16 11:55:55.238,418.4209720928575,100
2024-09-16 11:55:55.244,418.3992671376655,99
2024-09-16 11:55:55.251,418.3364512756011,996
2024-09-16 11:55:55.267,418.391194992596,999
2024-09-16 11:55:55.301,418.3668058782493,1001
2024-09-16 11:55:55.312,418.3471562644368,995
2024-09-16 11:55:55.374,418.34818961687233,996
2024-09-16 11:55:55.419,418.3679183499559,999
2024-09-16 11:55:55.420,418.3919152891976,999
2024-09-16 11:55:55.534,418.3260457418367,101
2024-09-16 11:55:55.548,418.3181313780441,103
2024-09-16 11:55:55.555,418.3761050170597,14
2024-09-16 11:55:55.579,418.3723407389205,99
2024-09-16 11:55:55.655,418.3512163678395,1004
2024-09-16 11:55:55.726,418.3127936219749,1004
2024-09-16 11:55:55.729,418.4055670993091,997
2024-09-16 11:55:55.735,418.3342086544696,12
2024-09-16 11:55:55.755,418.3241519500136,105
2024-09-16 11:55:55.864,418.3285012604096,96
2024-09-16 11:55:56.031,418.222178687985,999
2024-09-16 11:55:56.106,418.31299282317264,95
2024-09-16 11:55:56.124,418.2964096803353,997
2024-09-16 11:55:56.295,418.2475170739224,997
2024-09-16 11:55:56.299,418.2789315156218,9
2024-09-16 11:55:56.497,418.229525228918,100
2024-09-16 11:55:56.517,418.25931375446345,100
2024-09-16 11:55:56.518,418.2471826303412,1003
2024-09-16 11:55:56.530,418.2993931518069,995
2024-09-16 11:55:56.622,418.2359442889597,14
2024-09-16 11:55:56.665,418.2921641493419,96
2024-09-16 11:55:56.689,418.26337318217134,95
2024-09-16 11:55:56.723,418.2611249433159,104
2024-09-16 11:55:56.730,418.2842378794152,104
2024-09-16 11:55:56.816,418.2891664181212,1000
2024-09-16 11:55:56.904,418.27921793089,1002
2024-09-16 11:55:56.927,418.2682281319015,996
2024-09-16 11:55:56.966,418.2346047856398,95
2024-09-16 11:55:57.010,418.2331250166493,96
2024-09-16 11:55:57.034,418.275910815703,13
2024-09-16 11:55:57.051,418.2867310782941,996
2024-09-16 11:55:57.066,418.1923253260193,1001
2024-09-16 11:55:57.081,418.24556806354167,996
2024-09-16 11:55:57.117,418.2222044776611,1003
2024-09-16 11:55:57.146,418.2272422209362,6
2024-09-16 11:55:57.209,418.2899446863945,8
2024-09-16 11:55:57.235,418.2419076548042,14
2024-09-16 11:55:57.247,418.22200391960007,105
2024-09-16 11:55:57.298,418.2242370705001,5
2024-09-16 11:55:57.335,418.24266689870296,15
2024-09-16 11:55:57.343,418.2768783210818,1003
2024-09-16 11:55:57.403,418.23149280874566,9
2024-09-16 11:55:57.584,418.2232100945475,995
2024-09-16 11:55:57.592,418.2148553954478,99
2024-09-16 11:55:57.615,418.2433798275126,7
2024-09-16 11:55:57.626,418.2334776841998,15
2024-09-16 11:55:57.762,418.2707920294509,1000
2024-09-16 11:55:57.815,418.2325813640781,7
2024-09-16 11:55:57.820,418.23423287857736,8
2024-09-16 11:55:57.841,418.2058776455749,7
2024-09-16 11:55:57.949,418.2447365137056,7
2024-09-16 11:55:57.983,418.23999241170856,98
2024-09-16 11:55:58.034,-418.22632869138414,5
2024-09-16 11:55:58.105,418.2299884571297,7
2024-09-16 11:55:58.364,418.23700155105774,1005
2024-09-16 11:55:58.382,418.2422522497242,1004
2024-09-16 11:55:58.382,418.2098501746561,1004
2024-09-16 11:55:58.393,418.2145086741562,103
2024-09-16 11:55:58.531,418.23867150933256,6
2024-09-16 11:55:58.579,418.247880525194,6
2024-09-16 11:55:58.641,418.2097760034916,104
2024-09-16 11:55:58.753,41.824705976595645,11
2024-09-16 11:55:58.812,418.2563052840701,97
2024-09-16 11:55:58.885,418.2292492077954,997
2024-09-16 11:55:58.922,418.2442883767509,104
2024-09-16 11:55:58.956,418.227464027875,100
2024-09-16 11:55:59.018,418.29141284747607,1005
2024-09-16 11:55:59.037,418.27186422491513,96
2024-09-16 11:55:59.090,418.2522284916622,8
2024-09-16 11:55:59.114,418.2773981973559,5
2024-09-16 11:55:59.145,41.827066817078354,1003
2024-09-16 11:55:59.222,-418.2246635890858,99
2024-09-16 11:55:59.248,418.21998543585255,104
2024-09-16 11:55:59.339,418.2536235833631,7
2024-09-16 11:55:59.356,418.2310270344679,15
2024-09-16 11:55:59.368,418.2198515819081,105
2024-09-16 11:55:59.437,418.274241403985,11
2024-09-16 11:55:59.488,418.283718782431,1000
2024-09-16 11:55:59.580,418.2582459640663,103
2024-09-16 11:55:59.592,418.2277443881479,15
2024-09-16 11:55:59.619,418.2232757146585,104
2024-09-16 11:55:59.698,418.2203553598844,10
2024-09-16 11:55:59.776,418.2927173398433,95
2024-09-16 11:55:59.836,418.2785447433509,1005
2024-09-16 11:55:59.878,418.29801271273993,96
2024-09-16 11:55:59.890,418.2589173313893,12
2024-09-16 11:55:59.913,418.2640451206163,998
