Timestamp,Price,Size
2024-09-19 14:56:00.190,420.0713713014208,100
2024-09-19 14:56:00.209,420.0781147565478,999
2024-09-19 14:56:00.260,420.116538445791,101
2024-09-19 14:56:00.454,420.0848971912352,1005
2024-09-19 14:56:00.498,420.08876504588943,999
2024-09-19 14:56:00.712,420.070131030913,14
2024-09-19 14:56:00.731,415.9220606333275,104
2024-09-19 14:56:00.794,420.0735055463926,100
2024-09-19 14:56:00.795,420.0669335840304,7
2024-09-19 14:56:00.844,420.05411326977446,101
2024-09-19 14:56:00.871,420.0965642861249,14
2024-09-19 14:56:01.029,420.06689354979136,15
2024-09-19 14:56:01.040,420.0864923308039,1002
2024-09-19 14:56:01.042,420.0819188871599,1005
2024-09-19 14:56:01.483,420.0848336435562,102
2024-09-19 14:56:01.499,420.09386646032647,100
2024-09-19 14:56:01.524,420.10595887720353,100
2024-09-19 14:56:01.748,420.0814119321028,998
2024-09-19 14:56:01.750,420.08132459061983,7
2024-09-19 14:56:01.766,420.1033818810559,996
2024-09-19 14:56:02.006,419.96749075205065,995
2024-09-19 14:56:02.022,420.0008307076442,97
2024-09-19 14:56:02.024,419.9980934875777,100
2024-09-19 14:56:02.024,419.9389888664669,11
2024-09-19 14:56:02.096,420.05625371725137,996
2024-09-19 14:56:02.127,419.9711969391757,1000
2024-09-19 14:56:02.165,420.0801556013613,98
2024-09-19 14:56:02.175,420.0253616571991,102
2024-09-19 14:56:02.178,419.962285958687,14
2024-09-19 14:56:02.225,420.0061982093418,997
2024-09-19 14:56:02.240,420.0097117873625,1000
2024-09-19 14:56:02.260,419.9701564566811,95
2024-09-19 14:56:02.264,419.9471291345068,103
2024-09-19 14:56:02.281,419.9967815022112,7
2024-09-19 14:56:02.304,419.95399016459993,102
2024-09-19 14:56:02.306,419.95159017132994,97
2024-09-19 14:56:02.322,420.01576632687687,8
2024-09-19 14:56:02.405,419.977967414753,103
2024-09-19 14:56:02.455,420.0082509368537,14
2024-09-19 14:56:02.509,420.0333383675708,996
2024-09-19 14:56:02.544,420.004218295044,13
2024-09-19 14:56:02.568,420.0103969487191,1001
2024-09-19 14:56:02.600,420.0115841920696,997
2024-09-19 14:56:02.678,420.01213451227306,5
2024-09-19 14:56:02.808,419.96984257038014,104
2024-09-19 14:56:02.813,420.05878095598456,1003
2024-09-19 14:56:02.820,419.9411633214009,6
2024-09-19 14:56:02.961,420.0056563731542,97
2024-09-19 14:56:02.965,420.0216213562849,101
2024-09-19 14:56:03.005,419.9693972631028,6
2024-09-19 14:56:03.261,420.0024902237752,1002
2024-09-19 14:56:03.451,419.9971460371493,11
2024-09-19 14:56:03.538,419.96885821195485,5
2024-09-19 14:56:03.589,419.9779289731659,104
2024-09-19 14:56:03.616,420.0088161072712,8
2024-09-19 14:56:03.621,419.96189659470014,13
2024-09-19 14:56:03.757,419.9576345647656,13
2024-09-19 14:56:03.792,419.9770093701496,101
2024-09-19 14:56:04.028,420.0151436241145,996
2024-09-19 14:56:04.077,419.9983900711561,95
2024-09-19 14:56:04.140,420.052349921088,1002
2024-09-19 14:56:04.147,420.0012747769276,6
2024-09-19 14:56:04.257,420.0140823967821,996
2024-09-19 14:56:04.259,420.0764899864267,998
2024-09-19 14:56:04.414,420.0015280604728,105
2024-09-19 14:56:04.530,420.03044508774906,9
2024-09-19 14:56:04.611,420.0254357543788,1003
2024-09-19 14:56:04.774,420.0617645631813,11
2024-09-19 14:56:04.804,420.0040048675161,996
2024-09-19 14:56:04.948,420.0643165861454,1004
2024-09-19 14:56:05.106,420.0561656385192,10
2024-09-19 14:56:05.171,420.05061172763976,101
2024-09-19 14:56:05.464,-420.0585301162718,996
2024-09-19 14:56:05.815,420.0646418359516,95
2024-09-19 14:56:06.016,420.01922120595793,996
2024-09-19 14:56:06.019,419.9970860670872,11
2024-09-19 14:56:06.028,419.9814757749454,105
2024-09-19 14:56:06.051,419.9691897273205,6
2024-09-19 14:56:06.124,419.98188844247744,13
2024-09-19 14:56:06.242,419.98857870518896,100
2024-09-19 14:56:06.247,419.9798049987206,6
2024-09-19 14:56:06.253,419.9939723141521,95
2024-09-19 14:56:06.265,419.98179452704926,1005
2024-09-19 14:56:06.311,419.99228642726206,15
2024-09-19 14:56:06.411,419.9982842649344,103
2024-09-19 14:56:06.411,419.9882688134942,998
2024-09-19 14:56:06.419,419.9741883712935,996
2024-09-19 14:56:06.452,419.9979496650818,13
2024-09-19 14:56:06.481,419.946246080903,998
2024-09-19 14:56:06.488,419.9803890866106,100
2024-09-19 14:56:06.502,41.99982574221991,996
2024-09-19 14:56:06.547,420.042232301305,997
2024-09-19 14:56:06.553,,99
2024-09-19 14:56:06.553,420.0204114577728,7
2024-09-19 14:56:06.598,419.9990699382036,96
2024-09-19 14:56:06.784,419.9671033479046,1001
2024-09-19 14:56:06.795,419.9901130943095,997
2024-09-19 14:56:06.827,419.987842149168,997
2024-09-19 14:56:06.856,419.9790878779942,101
2024-09-19 14:56:06.911,419.97710279795854,995
2024-09-19 14:56:07.053,419.8788850115771,104
2024-09-19 14:56:07.072,419.886675338253,96
2024-09-19 14:56:07.138,419.8705855712764,996
2024-09-19 14:56:07.141,419.8827025100754,99
2024-09-19 14:56:07.175,419.8898649413406,1001
2024-09-19 14:56:07.277,419.88711935397663,6
2024-09-19 14:56:07.315,419.8868247941622,95
2024-09-19 14:56:07.326,419.88540928581006,103
2024-09-19 14:56:07.355,419.8921004165363,11
2024-09-19 14:56:07.452,419.8722210692692,102
2024-09-19 14:56:07.468,416.09812177139816,1002
2024-09-19 14:56:07.512,419.8776641439719,9
2024-09-19 14:56:07.516,419.8749911790768,1005
2024-09-19 14:56:07.546,419.8754603688474,97
2024-09-19 14:56:07.598,419.8789856635315,1001
2024-09-19 14:56:07.676,419.9235711140026,999
2024-09-19 14:56:07.707,419.89922636299536,102
2024-09-19 14:56:07.747,419.8843175942098,99
2024-09-19 14:56:07.844,419.8843573076256,6
2024-09-19 14:56:07.896,419.865083653456,7
2024-09-19 14:56:07.944,419.88113125060505,104
2024-09-19 14:56:07.987,419.8906161056352,11
2024-09-19 14:56:08.071,419.90930055744377,1002
2024-09-19 14:56:08.484,419.901499386504,105
2024-09-19 14:56:08.553,419.8882626017189,11
2024-09-19 14:56:08.582,419.90689130548526,996
2024-09-19 14:56:08.583,419.8972716912826,6
2024-09-19 14:56:08.605,419.89106299149074,996
2024-09-19 14:56:08.785,419.91402019182505,9
2024-09-19 14:56:09.113,41.99244361284395,102
2024-09-19 14:56:09.124,419.8827626377649,10
2024-09-19 14:56:09.142,419.9120918696464,12
2024-09-19 14:56:09.151,419.887725472437,8
2024-09-19 14:56:09.191,419.8780291288868,103
2024-09-19 14:56:09.466,419.87378787900553,8
2024-09-19 14:56:09.561,419.9297795822821,1002
2024-09-19 14:56:09.590,419.88010079911487,1002
2024-09-19 14:56:09.866,419.877412531113,996
2024-09-19 14:56:10.010,419.8866334365159,103
2024-09-19 14:56:10.158,419.88906648219626,99
2024-09-19 14:56:10.617,419.8809304065061,103
2024-09-19 14:56:10.665,419.87430832323656,1000
2024-09-19 14:56:10.828,419.8854210356722,11
2024-09-19 14:56:11.063,419.9063275755005,11
2024-09-19 14:56:11.329,419.921191355902,5
2024-09-19 14:56:11.394,419.9103297370546,97
2024-09-19 14:56:11.532,419.9064287081859,105
2024-09-19 14:56:11.560,419.9346466244785,1000
2024-09-19 14:56:11.706,419.89840973891546,11
2024-09-19 14:56:11.747,419.9136470771884,6
2024-09-19 14:56:11.926,419.92718416484377,1004
2024-09-19 14:56:11.940,419.9526493065999,7
2024-09-19 14:56:11.967,419.9107831218223,1003
2024-09-19 14:56:12.357,419.930056120204,100
2024-09-19 14:56:12.440,419.9344305227674,102
2024-09-19 14:56:12.666,419.9372054858033,1005
2024-09-19 14:56:13.755,419.9350718630838,1000
2024-09-19 14:56:14.050,419.9414572493242,14
2024-09-19 14:56:14.194,419.944558806659,97
2024-09-19 14:56:14.595,419.9630537624792,9
2024-09-19 14:56:14.647,419.95848322692905,96
2024-09-19 14:56:14.710,419.9789785705575,104
2024-09-19 14:56:15.018,419.96205162901776,9
2024-09-19 14:56:15.043,419.9474702433191,999
2024-09-19 14:56:15.224,419.95944768063214,1000
2024-09-19 14:56:15.326,419.9612747259679,999
2024-09-19 14:56:15.396,419.94459305680687,996
2024-09-19 14:56:15.458,-419.9755710227905,104
2024-09-19 14:56:15.647,419.9690541219617,103
2024-09-19 14:56:15.676,419.9392678734501,5
2024-09-19 14:56:15.754,419.9578378092167,1005
2024-09-19 14:56:15.843,41.99408470160162,1002
2024-09-19 14:56:15.921,419.9699388195692,999
2024-09-19 14:56:15.935,419.95718277865257,11
2024-09-19 14:56:16.005,419.9928448313535,1001
2024-09-19 14:56:16.008,419.9595971409306,9
2024-09-19 14:56:16.011,420.0184350367581,102
2024-09-19 14:56:16.015,420.03183970120426,5
2024-09-19 14:56:16.075,420.0127356289696,13
2024-09-19 14:56:16.102,419.9669131191641,1005
2024-09-19 14:56:16.139,420.0352144358854,13
2024-09-19 14:56:16.193,420.03053727552447,14
2024-09-19 14:56:16.231,420.0221537410866,6
2024-09-19 14:56:16.261,420.0458126166284,99
2024-09-19 14:56:16.282,42.00360268113153,101
2024-09-19 14:56:16.299,420.02930806476,998
2024-09-19 14:56:16.371,419.9689927122364,13
2024-09-19 14:56:16.407,420.0130774315848,103
2024-09-19 14:56:16.438,420.0198262409048,102
2024-09-19 14:56:16.441,420.06219807205184,102
2024-09-19 14:56:16.460,420.0319505634833,12
2024-09-19 14:56:16.632,420.03930071364726,8
2024-09-19 14:56:16.637,420.0584058513412,995
2024-09-19 14:56:16.651,420.0098566246923,15
2024-09-19 14:56:16.655,420.0298408217984,1003
2024-09-19 14:56:16.741,,1004
2024-09-19 14:56:16.742,420.0254670085426,6
2024-09-19 14:56:16.744,420.0093309264154,99
2024-09-19 14:56:16.795,420.01769007684334,998
2024-09-19 14:56:16.927,420.01529433475895,999
2024-09-19 14:56:16.966,419.9555741581274,996
2024-09-19 14:56:16.976,420.0183890513487,1003
2024-09-19 14:56:17.003,420.0758462655854,997
2024-09-19 14:56:17.021,420.1542980057677,103
2024-09-19 14:56:17.050,420.0454735573875,13
2024-09-19 14:56:17.091,420.11790960441016,95
2024-09-19 14:56:17.414,420.0387318916359,10
2024-09-19 14:56:17.515,420.07825960553714,997
2024-09-19 14:56:17.530,420.1344824483775,997
2024-09-19 14:56:17.596,420.1391116511729,10
2024-09-19 14:56:17.931,420.1166536321768,9
2024-09-19 14:56:17.953,420.0965344007127,1000
2024-09-19 14:56:17.974,420.0765170200264,97
2024-09-19 14:56:18.008,420.2562399971445,1002
2024-09-19 14:56:18.018,420.2066346182067,5
2024-09-19 14:56:18.055,420.29926392214105,95
2024-09-19 14:56:18.065,420.1877235372408,1005
2024-09-19 14:56:18.084,420.22547018600136,102
2024-09-19 14:56:18.425,42.02137984427099,96
2024-09-19 14:56:18.466,420.2151076302936,1005
2024-09-19 14:56:18.511,420.2068498785328,1004
2024-09-19 14:56:18.670,420.22372498884647,996
2024-09-19 14:56:18.683,420.3117309685831,13
2024-09-19 14:56:18.706,420.1628805111615,7
2024-09-19 14:56:18.905,420.2905438385687,98
2024-09-19 14:56:18.951,420.2228453027616,105
2024-09-19 14:56:19.016,420.27324298594925,1005
2024-09-19 14:56:19.021,420.3007411885893,103
2024-09-19 14:56:19.051,420.25421155082375,13
2024-09-19 14:56:19.061,420.2826418323407,1005
2024-09-19 14:56:19.085,420.190478045947,8
2024-09-19 14:56:19.095,420.2590288636629,13
2024-09-19 14:56:19.097,420.2817217095745,100
2024-09-19 14:56:19.156,420.29333354453377,12
2024-09-19 14:56:19.222,420.185418965439,5
2024-09-19 14:56:19.235,420.2281327570798,1002
2024-09-19 14:56:19.293,420.2586525660769,104
2024-09-19 14:56:19.380,420.3033592522015,12
2024-09-19 14:56:19.387,420.2475623376558,95
2024-09-19 14:56:19.506,420.2847388448703,101
2024-09-19 14:56:19.537,420.25979234055296,15
2024-09-19 14:56:19.556,420.262483801659,1001
2024-09-19 14:56:19.562,420.3019048958882,996
2024-09-19 14:56:19.604,42.032550989302905,103
2024-09-19 14:56:19.700,420.3142364498728,8
2024-09-19 14:56:19.717,420.3036560217939,996
2024-09-19 14:56:19.731,420.300968270607,105
2024-09-19 14:56:19.766,420.25511419869486,7
2024-09-19 14:56:19.803,420.3090204604161,1002
2024-09-19 14:56:19.821,420.1866047906645,103
2024-09-19 14:56:19.886,420.3088185869245,9
2024-09-19 14:56:19.894,420.1715463338922,1003
2024-09-19 14:56:19.902,420.2886223453366,13
2024-09-19 14:56:19.935,420.3003989227709,95
2024-09-19 14:56:19.938,420.1954250444693,997
2024-09-19 14:56:20.231,420.1559564916546,103
2024-09-19 14:56:20.240,420.17945620054536,998
2024-09-19 14:56:20.286,420.150685121993,1000
2024-09-19 14:56:20.296,420.1509703267176,1004
2024-09-19 14:56:20.304,420.1546780388638,13
2024-09-19 14:56:20.376,420.1788408808601,1003
2024-09-19 14:56:20.384,420.1503959019142,9
2024-09-19 14:56:20.387,420.1813636601422,998
2024-09-19 14:56:20.432,420.19448693698746,14
2024-09-19 14:56:20.473,420.20082280258384,101
2024-09-19 14:56:20.549,420.16643763561376,999
2024-09-19 14:56:20.558,420.1649775261906,5
2024-09-19 14:56:20.573,420.1988608194732,1005
2024-09-19 14:56:20.643,420.1672040016588,6
2024-09-19 14:56:20.697,420.18718753820735,1004
2024-09-19 14:56:20.776,420.1631490565558,104
2024-09-19 14:56:20.788,420.1694804943747,11
2024-09-19 14:56:20.839,420.1931629179495,95
2024-09-19 14:56:20.888,420.16872256790407,9
2024-09-19 14:56:20.918,420.1565822657843,98
2024-09-19 14:56:20.935,420.1587065735212,104
2024-09-19 14:56:20.957,420.15534083508646,98
2024-09-19 14:56:20.962,-420.1666959048848,100
2024-09-19 14:56:20.989,420.176287420653,8
2024-09-19 14:56:21.268,420.1711039635328,5
2024-09-19 14:56:21.508,420.16776020176826,96
2024-09-19 14:56:21.569,420.18607333826986,97
2024-09-19 14:56:21.614,420.1819228017975,13
2024-09-19 14:56:21.843,420.1643590946063,7
2024-09-19 14:56:21.853,420.17625340008647,5
2024-09-19 14:56:21.889,420.1727112927967,995
2024-09-19 14:56:22.163,420.193559753894,995
2024-09-19 14:56:22.595,420.1954194275226,102
2024-09-19 14:56:23.372,420.1960045948605,104
2024-09-19 14:56:23.599,420.1796221589263,104
2024-09-19 14:56:23.773,420.2184266150127,98
2024-09-19 14:56:23.941,420.21496591519457,105
2024-09-19 14:56:24.029,420.254186461361,997
2024-09-19 14:56:24.059,420.24868985049807,995
2024-09-19 14:56:24.079,420.2673196988241,997
2024-09-19 14:56:24.113,420.249607282548,103
2024-09-19 14:56:24.160,420.2579565723952,99
2024-09-19 14:56:24.226,420.2525915772384,99
2024-09-19 14:56:24.261,420.2356294870092,96
2024-09-19 14:56:24.290,420.2455948801476,13
2024-09-19 14:56:24.346,420.2461611396016,13
2024-09-19 14:56:24.416,420.26281727051054,8
2024-09-19 14:56:24.491,420.2650607325819,96
2024-09-19 14:56:24.614,420.2445400759456,105
2024-09-19 14:56:24.616,420.2506346341029,98
2024-09-19 14:56:24.728,420.2733175550517,99
2024-09-19 14:56:24.747,420.26548933724666,14
2024-09-19 14:56:24.805,420.2543068726876,15
2024-09-19 14:56:24.838,420.2252736470232,12
2024-09-19 14:56:24.841,420.2530269441951,8
2024-09-19 14:56:24.865,420.25984859377024,101
2024-09-19 14:56:24.866,420.2696802380876,6
2024-09-19 14:56:24.949,420.2496878618632,8
2024-09-19 14:56:25.125,420.2818987055576,103
2024-09-19 14:56:25.138,420.28705971285,100
2024-09-19 14:56:25.268,420.2820396887005,998
2024-09-19 14:56:25.639,420.2880045980185,13
2024-09-19 14:56:25.697,420.299038208507,96
2024-09-19 14:56:25.702,416.2176885553259,103
2024-09-19 14:56:25.999,42.029151329066494,97
2024-09-19 14:56:26.005,420.25500608649406,98
2024-09-19 14:56:26.211,420.2819374130527,10
2024-09-19 14:56:26.340,420.2907472436854,97
2024-09-19 14:56:26.412,420.2840880198414,10
2024-09-19 14:56:26.425,420.3114338111207,998
2024-09-19 14:56:26.447,420.2901623957861,1002
2024-09-19 14:56:26.463,420.2581022444956,11
2024-09-19 14:56:26.493,420.2681844715452,998
2024-09-19 14:56:26.652,420.2549037877341,99
2024-09-19 14:56:26.758,420.2690877011781,997
2024-09-19 14:56:26.805,420.295462201523,104
2024-09-19 14:56:26.826,420.2938769272736,103
2024-09-19 14:56:26.882,420.262781725362,9
2024-09-19 14:56:26.885,420.30494388128807,95
2024-09-19 14:56:26.921,420.2946285443584,997
2024-09-19 14:56:26.989,420.2492528227497,1005
2024-09-19 14:56:27.450,420.2607440655411,11
2024-09-19 14:56:27.714,-420.25906263511615,98
2024-09-19 14:56:27.773,420.25528986519663,6
2024-09-19 14:56:27.776,420.2650982333132,7
2024-09-19 14:56:27.955,420.2608839719813,11
2024-09-19 14:56:28.048,420.208732580266,1004
2024-09-19 14:56:28.114,420.18429886666274,1000
2024-09-19 14:56:28.136,,101
2024-09-19 14:56:28.143,420.2237713599751,7
2024-09-19 14:56:28.176,420.1827387880796,10
2024-09-19 14:56:28.192,420.2507940187516,97
2024-09-19 14:56:28.434,420.2335545291203,1005
2024-09-19 14:56:28.548,420.2273158083556,101
2024-09-19 14:56:28.609,420.20653331793073,1004
2024-09-19 14:56:28.651,420.1999381556065,9
2024-09-19 14:56:28.651,420.247828612282,1003
2024-09-19 14:56:28.767,420.2019355218111,1005
2024-09-19 14:56:28.779,420.19264872383593,1005
2024-09-19 14:56:28.872,420.20822021177736,6
2024-09-19 14:56:28.965,420.202739524137,7
2024-09-19 14:56:28.967,420.2554568803927,102
2024-09-19 14:56:28.974,420.18711255963154,13
2024-09-19 14:56:29.203,420.2083183414061,105
2024-09-19 14:56:29.631,420.18836935867705,97
2024-09-19 14:56:29.654,420.1944681716137,99
2024-09-19 14:56:29.784,420.17893298186925,105
2024-09-19 14:56:29.874,420.196020851252,1000
2024-09-19 14:56:29.888,420.1755136218701,1005
2024-09-19 14:56:29.995,420.2512493763829,7
2024-09-19 14:56:30.046,420.2646373282954,95
2024-09-19 14:56:30.086,420.23889903139815,96
2024-09-19 14:56:30.376,420.2403286381788,1001
2024-09-19 14:56:30.541,42.02706040667079,100
2024-09-19 14:56:30.623,420.2399633223396,1005
2024-09-19 14:56:30.839,420.2838327577031,1001
2024-09-19 14:56:31.541,416.3952381517413,6
2024-09-19 14:56:31.653,420.2990052395253,1000
2024-09-19 14:56:32.097,420.3323459888521,13
2024-09-19 14:56:32.116,420.3447582350992,103
2024-09-19 14:56:32.430,420.3190661763709,12
2024-09-19 14:56:33.035,420.3132928825806,995
2024-09-19 14:56:33.035,420.32118629157816,14
2024-09-19 14:56:33.081,420.3312610672307,99
2024-09-19 14:56:33.142,420.3445442267121,102
2024-09-19 14:56:33.159,420.2971149781028,13
2024-09-19 14:56:33.289,420.3363767119018,100
2024-09-19 14:56:33.326,420.3220755683493,95
2024-09-19 14:56:33.438,420.34870884755145,999
2024-09-19 14:56:33.517,416.35987863782896,995
2024-09-19 14:56:33.599,420.334751582677,1000
2024-09-19 14:56:33.689,420.36142646398287,996
2024-09-19 14:56:33.707,420.352879341949,1003
2024-09-19 14:56:33.707,420.31790713342366,7
2024-09-19 14:56:33.709,420.3401777696567,998
2024-09-19 14:56:33.754,42.0339176870524,997
2024-09-19 14:56:33.795,420.3504295159549,9
2024-09-19 14:56:33.800,420.3713684655907,102
2024-09-19 14:56:33.832,420.3649458255135,95
2024-09-19 14:56:33.866,420.3463437947378,101
2024-09-19 14:56:33.869,420.35227994802153,13
2024-09-19 14:56:33.932,420.3401262316793,1004
2024-09-19 14:56:33.944,420.366858451,105
2024-09-19 14:56:33.974,420.3467912125636,8
2024-09-19 14:56:34.067,420.3597273467099,995
2024-09-19 14:56:34.143,420.377833813526,100
2024-09-19 14:56:34.163,420.3741308260412,96
2024-09-19 14:56:34.221,,101
2024-09-19 14:56:34.380,420.35770553018,101
2024-09-19 14:56:34.545,420.3779327288858,999
2024-09-19 14:56:34.642,420.3735557549248,998
2024-09-19 14:56:34.719,420.348989511256,5
2024-09-19 14:56:35.071,420.386254912613,100
2024-09-19 14:56:35.100,420.3654419449064,5
2024-09-19 14:56:35.215,420.376871452958,96
2024-09-19 14:56:35.355,420.3838647119917,98
2024-09-19 14:56:35.430,420.3777032224148,7
2024-09-19 14:56:35.588,420.3829338848686,1000
2024-09-19 14:56:35.624,420.3684209381161,95
2024-09-19 14:56:35.652,420.3889598495366,7
2024-09-19 14:56:35.698,420.3799331489781,999
2024-09-19 14:56:35.711,420.3742980979525,103
2024-09-19 14:56:35.786,420.37024905615874,9
2024-09-19 14:56:35.817,420.3717538395237,104
2024-09-19 14:56:35.859,420.3756159997892,997
2024-09-19 14:56:35.907,420.40386034155495,996
2024-09-19 14:56:35.978,420.4025108095185,997
2024-09-19 14:56:36.027,420.35944840642463,105
2024-09-19 14:56:36.087,420.3658170341222,5
2024-09-19 14:56:36.198,420.3704122651117,96
2024-09-19 14:56:36.218,420.3598083715775,15
2024-09-19 14:56:36.281,,1003
2024-09-19 14:56:36.302,420.34431715308114,95
2024-09-19 14:56:36.330,420.3298550798372,12
2024-09-19 14:56:36.332,420.351188904508,5
2024-09-19 14:56:36.465,420.4011154381927,6
2024-09-19 14:56:36.532,420.4213619335108,995
2024-09-19 14:56:36.567,420.3431195128082,13
2024-09-19 14:56:36.637,420.3771844735588,97
2024-09-19 14:56:36.646,420.3694377542493,5
2024-09-19 14:56:36.696,420.3473884443565,996
2024-09-19 14:56:36.752,420.3556100182989,97
2024-09-19 14:56:36.798,420.3514814893469,100
2024-09-19 14:56:36.848,420.3646543803271,11
2024-09-19 14:56:36.890,420.3959793149616,1005
2024-09-19 14:56:37.033,420.3784626658837,1004
2024-09-19 14:56:37.169,420.3882670764033,15
2024-09-19 14:56:37.169,420.3834900573944,98
2024-09-19 14:56:37.238,420.36402030236445,98
2024-09-19 14:56:37.381,420.4091639716168,14
2024-09-19 14:56:37.691,420.36101169922745,6
2024-09-19 14:56:37.891,420.36544274831,97
2024-09-19 14:56:37.919,420.4026678711144,998
2024-09-19 14:56:37.996,420.3600910328815,1002
2024-09-19 14:56:38.037,420.3354692824553,999
2024-09-19 14:56:38.086,420.3583937382804,1004
2024-09-19 14:56:38.091,420.2751945125552,102
2024-09-19 14:56:38.116,420.2774376204619,1005
2024-09-19 14:56:38.126,420.3671605689045,14
2024-09-19 14:56:38.146,420.36256532338496,9
2024-09-19 14:56:38.155,420.3384588235947,9
2024-09-19 14:56:38.173,420.2455575034543,105
2024-09-19 14:56:38.206,420.2524717875625,101
2024-09-19 14:56:38.266,420.3397601938823,999
2024-09-19 14:56:38.275,420.3892421488747,1005
2024-09-19 14:56:38.375,420.3354330225615,8
2024-09-19 14:56:38.493,420.3288180980838,1002
2024-09-19 14:56:38.513,420.3895641156938,101
2024-09-19 14:56:38.531,420.3341836909456,98
2024-09-19 14:56:38.629,420.34539658337707,13
2024-09-19 14:56:38.693,420.34330279698304,1004
2024-09-19 14:56:38.710,420.3451384006902,100
2024-09-19 14:56:38.748,420.3472846440381,12
2024-09-19 14:56:38.781,420.3195249819589,104
2024-09-19 14:56:38.787,420.329545561738,10
2024-09-19 14:56:38.801,420.2801819439855,11
2024-09-19 14:56:38.875,420.2677831671439,1000
2024-09-19 14:56:38.877,420.2449930634557,101
2024-09-19 14:56:38.925,420.37074105332334,1004
2024-09-19 14:56:38.985,416.3144953422195,104
2024-09-19 14:56:39.066,420.267355553618,98
2024-09-19 14:56:39.165,416.2529658224529,15
2024-09-19 14:56:39.195,420.2738771083806,996
2024-09-19 14:56:39.206,420.2506504570241,9
2024-09-19 14:56:39.592,420.2720191128751,95
2024-09-19 14:56:39.686,420.2527521082074,99
2024-09-19 14:56:39.690,420.26798990141776,7
2024-09-19 14:56:39.923,420.2655247877406,100
2024-09-19 14:56:40.001,420.3281273241293,1000
2024-09-19 14:56:40.008,420.3014458263607,15
2024-09-19 14:56:40.011,420.3505032741072,14
2024-09-19 14:56:40.013,420.37039396236486,11
2024-09-19 14:56:40.097,420.2805639179022,995
2024-09-19 14:56:40.116,420.3335898812871,96
2024-09-19 14:56:40.142,42.041728670561454,995
2024-09-19 14:56:40.160,420.3832708463005,995
2024-09-19 14:56:40.210,420.29014439641344,8
2024-09-19 14:56:40.223,420.2671506293832,105
2024-09-19 14:56:40.248,420.3942914951151,98
2024-09-19 14:56:40.351,420.4136647442522,95
2024-09-19 14:56:40.473,420.3434060281782,5
2024-09-19 14:56:40.509,420.3770657153984,98
2024-09-19 14:56:40.524,420.2786191617869,8
2024-09-19 14:56:40.539,420.2882772393141,98
2024-09-19 14:56:40.546,420.3900452647688,1003
2024-09-19 14:56:40.619,420.27751135096673,9
2024-09-19 14:56:40.622,420.35909549558215,10
2024-09-19 14:56:40.636,420.3427586309768,99
2024-09-19 14:56:40.761,420.3353474521802,5
2024-09-19 14:56:40.807,420.3597415177101,1002
2024-09-19 14:56:40.821,420.3535676079129,102
2024-09-19 14:56:40.845,420.2813836973656,1005
2024-09-19 14:56:40.875,420.3147480237498,5
2024-09-19 14:56:40.881,420.38157950569337,13
2024-09-19 14:56:40.926,420.3632771223308,10
2024-09-19 14:56:40.992,420.4072772137897,10
2024-09-19 14:56:41.163,420.4167546719618,997
2024-09-19 14:56:41.191,420.3520963481944,13
2024-09-19 14:56:41.326,420.3866117389836,13
2024-09-19 14:56:41.328,,95
2024-09-19 14:56:41.360,420.4014509646306,15
2024-09-19 14:56:41.363,420.34118502522847,7
2024-09-19 14:56:41.393,420.3485796171617,96
2024-09-19 14:56:41.404,420.4107732867003,997
2024-09-19 14:56:41.431,420.3598452680713,12
2024-09-19 14:56:41.434,420.3466426537953,9
2024-09-19 14:56:41.572,420.337966158549,1002
2024-09-19 14:56:41.579,420.33786735297656,995
2024-09-19 14:56:41.685,420.389979041893,5
2024-09-19 14:56:41.815,420.3396463436749,99
2024-09-19 14:56:41.917,420.3720098278709,99
2024-09-19 14:56:42.041,420.4174418472815,105
2024-09-19 14:56:42.053,420.4068167548602,1000
2024-09-19 14:56:42.104,420.4408493354716,6
2024-09-19 14:56:42.111,420.4106832944029,101
2024-09-19 14:56:42.164,420.4276084456495,1001
2024-09-19 14:56:42.303,420.4201431262156,1004
2024-09-19 14:56:42.363,420.4056329624828,11
2024-09-19 14:56:42.389,420.4161724675525,102
2024-09-19 14:56:42.430,420.4141803357609,1004
2024-09-19 14:56:42.476,420.4331218591877,1000
2024-09-19 14:56:42.483,420.4454625353889,1000
2024-09-19 14:56:42.489,420.38703041090525,97
2024-09-19 14:56:42.532,420.41631630832967,10
2024-09-19 14:56:42.569,420.38808763155447,1005
2024-09-19 14:56:42.579,420.42172639653415,98
2024-09-19 14:56:42.590,420.4033722076245,10
2024-09-19 14:56:42.653,420.434494184897,1003
2024-09-19 14:56:42.723,420.4346800010718,102
2024-09-19 14:56:42.771,420.4347108106536,102
2024-09-19 14:56:42.785,,1005
2024-09-19 14:56:42.865,420.43294472688825,11
2024-09-19 14:56:42.941,420.425858806873,1002
2024-09-19 14:56:42.946,420.405302566272,1005
2024-09-19 14:56:42.988,420.4371530677001,105
2024-09-19 14:56:43.002,420.31836007056825,8
2024-09-19 14:56:43.134,420.3153552296477,11
2024-09-19 14:56:43.140,420.31656470823697,1003
2024-09-19 14:56:43.164,420.34938449845646,1004
2024-09-19 14:56:43.203,420.3130083503759,1000
2024-09-19 14:56:43.214,420.35232163046055,15
2024-09-19 14:56:43.215,420.4224583288048,13
2024-09-19 14:56:43.236,420.3118648844867,7
2024-09-19 14:56:43.267,420.4138302283064,98
2024-09-19 14:56:43.337,-420.3161535927843,14
2024-09-19 14:56:43.338,420.3298657022478,999
2024-09-19 14:56:43.369,420.34333274472567,95
2024-09-19 14:56:43.373,420.3549143303312,96
2024-09-19 14:56:43.423,420.3175908137305,11
2024-09-19 14:56:43.451,420.3102494223464,1001
2024-09-19 14:56:43.501,420.3058188359795,102
2024-09-19 14:56:43.506,420.3069976891556,1001
2024-09-19 14:56:43.513,420.3107758855537,1002
2024-09-19 14:56:43.592,420.3801003143407,999
2024-09-19 14:56:43.639,420.3358434505844,13
2024-09-19 14:56:43.660,420.3092440365908,1005
2024-09-19 14:56:43.674,420.3242703856636,104
2024-09-19 14:56:43.702,420.4019380304005,1001
2024-09-19 14:56:43.715,420.330911785748,5
2024-09-19 14:56:43.834,420.353090682756,1004
2024-09-19 14:56:43.956,420.3133878136612,11
2024-09-19 14:56:43.959,420.339817393304,9
2024-09-19 14:56:43.997,420.3262037881968,8
2024-09-19 14:56:44.065,420.3608085418543,1000
2024-09-19 14:56:44.155,420.3714338681796,7
2024-09-19 14:56:44.236,420.3458560477163,1000
2024-09-19 14:56:44.376,420.3669998866095,7
2024-09-19 14:56:44.462,420.3859563348181,7
2024-09-19 14:56:44.577,420.3769428742544,13
2024-09-19 14:56:44.736,420.3812245631535,13
2024-09-19 14:56:45.041,420.3650712439229,9
2024-09-19 14:56:45.094,420.3761037917908,104
2024-09-19 14:56:45.136,420.3810232250987,997
2024-09-19 14:56:45.273,420.39272182185806,101
2024-09-19 14:56:45.336,420.3971448613497,102
2024-09-19 14:56:45.340,420.3528383627436,97
2024-09-19 14:56:45.439,420.35733182161306,8
2024-09-19 14:56:45.483,420.3739178777128,1003
2024-09-19 14:56:45.504,420.3974628633539,6
2024-09-19 14:56:45.524,420.3879857075319,7
2024-09-19 14:56:45.535,420.38108685019694,997
2024-09-19 14:56:45.737,420.3958240462354,99
2024-09-19 14:56:45.775,420.37375299462286,13
2024-09-19 14:56:45.832,420.3789882795819,997
2024-09-19 14:56:45.900,420.3954605614672,5
2024-09-19 14:56:45.934,420.3871921081391,1001
2024-09-19 14:56:45.945,420.36800157576727,1002
2024-09-19 14:56:45.994,420.4044629022796,15
2024-09-19 14:56:46.091,420.3648413907438,996
2024-09-19 14:56:46.217,420.3689054467675,1002
2024-09-19 14:56:46.720,420.3612000753673,10
2024-09-19 14:56:47.066,420.3553047015906,12
2024-09-19 14:56:47.081,420.359112140919,102
2024-09-19 14:56:47.116,420.3483582032592,13
2024-09-19 14:56:47.152,420.36888767452285,99
2024-09-19 14:56:47.256,420.3580228462982,1004
2024-09-19 14:56:47.286,420.368998651497,7
2024-09-19 14:56:47.349,42.03309827003167,101
2024-09-19 14:56:47.365,420.3489679330712,7
2024-09-19 14:56:47.369,420.35992832723633,98
2024-09-19 14:56:47.378,420.3445395674306,8
2024-09-19 14:56:47.380,420.3449465405656,11
2024-09-19 14:56:47.406,420.3411491589251,100
2024-09-19 14:56:47.435,420.3431733546944,13
2024-09-19 14:56:47.548,420.3421615910888,102
2024-09-19 14:56:47.567,420.353339390467,997
2024-09-19 14:56:47.584,420.3637335268616,997
2024-09-19 14:56:47.675,420.33972880905856,1001
2024-09-19 14:56:47.676,420.3265779017483,97
2024-09-19 14:56:47.699,420.3654642289896,1003
2024-09-19 14:56:47.751,420.3644458227181,1004
2024-09-19 14:56:47.821,420.3387255436256,1001
2024-09-19 14:56:47.834,420.3575945915487,99
2024-09-19 14:56:47.932,420.34916349870406,999
2024-09-19 14:56:47.961,420.3757376337903,995
2024-09-19 14:56:47.971,420.3448638393063,7
2024-09-19 14:56:47.983,420.34757820339286,1001
2024-09-19 14:56:48.020,420.31938731768463,999
2024-09-19 14:56:48.122,420.3493852585344,1001
2024-09-19 14:56:48.141,420.3926822594012,7
2024-09-19 14:56:48.157,420.369239823912,95
2024-09-19 14:56:48.229,-420.3331824044205,995
2024-09-19 14:56:48.249,420.3516281239692,997
2024-09-19 14:56:48.269,420.3104968483007,995
2024-09-19 14:56:48.335,420.2762166662478,9
2024-09-19 14:56:48.338,420.3481779330466,1003
2024-09-19 14:56:48.347,420.3496009542055,9
2024-09-19 14:56:48.404,420.3198811156649,10
2024-09-19 14:56:48.508,420.35126960076815,105
2024-09-19 14:56:48.534,420.3791835319125,1000
2024-09-19 14:56:48.594,420.2642979348736,14
2024-09-19 14:56:48.624,420.3449097912796,7
2024-09-19 14:56:48.697,,1004
2024-09-19 14:56:48.792,420.36599685552113,5
2024-09-19 14:56:48.839,420.3574333091509,97
2024-09-19 14:56:48.855,420.3000378945594,99
2024-09-19 14:56:48.876,420.3328384251961,996
2024-09-19 14:56:48.926,420.26754255435054,105
2024-09-19 14:56:48.929,420.3669225064471,996
2024-09-19 14:56:49.070,420.43783515910303,9
2024-09-19 14:56:49.126,420.4126673851487,100
2024-09-19 14:56:49.242,420.4035500739732,11
2024-09-19 14:56:49.277,420.3829940426957,14
2024-09-19 14:56:49.301,420.3887309451913,6
2024-09-19 14:56:49.322,420.3977189294202,99
2024-09-19 14:56:49.439,420.39044452512593,1004
2024-09-19 14:56:49.470,420.3987718013437,999
2024-09-19 14:56:49.561,420.4036792842849,1004
2024-09-19 14:56:49.755,420.41656861189904,1003
2024-09-19 14:56:49.763,420.4013542093365,995
2024-09-19 14:56:49.790,420.3785314367557,100
2024-09-19 14:56:49.801,420.3919972763425,104
2024-09-19 14:56:49.805,420.3854372871485,1000
2024-09-19 14:56:49.889,420.3768207459895,1002
2024-09-19 14:56:49.914,420.3676873220144,95
2024-09-19 14:56:49.928,420.3633373148238,100
2024-09-19 14:56:49.981,42.04527688708359,12
2024-09-19 14:56:50.037,420.4440922451976,1001
2024-09-19 14:56:50.047,420.4773569451923,1003
2024-09-19 14:56:50.050,,104
2024-09-19 14:56:50.070,420.4637751357234,10
2024-09-19 14:56:50.082,420.4450612435661,99
2024-09-19 14:56:50.127,420.47324962000494,1000
2024-09-19 14:56:50.148,420.5354182644579,999
2024-09-19 14:56:50.175,420.428596113462,996
2024-09-19 14:56:50.245,420.4328284868037,1005
2024-09-19 14:56:50.298,420.4753026721275,13
2024-09-19 14:56:50.301,420.4673200949512,15
2024-09-19 14:56:50.305,420.4954944492289,13
2024-09-19 14:56:50.352,420.4581213042845,10
2024-09-19 14:56:50.462,420.46764052308015,9
2024-09-19 14:56:50.491,420.44117753121566,100
2024-09-19 14:56:50.521,420.43610874577183,9
2024-09-19 14:56:50.528,420.4628013629741,6
2024-09-19 14:56:50.542,42.05339735214258,1002
2024-09-19 14:56:50.575,420.4347690357463,10
2024-09-19 14:56:50.581,420.52042414008383,1003
2024-09-19 14:56:50.632,420.4553369621967,1005
2024-09-19 14:56:50.698,420.461223731364,1000
2024-09-19 14:56:50.772,420.4592225149982,99
2024-09-19 14:56:50.816,420.4239087156722,96
2024-09-19 14:56:50.818,420.4533432287132,10
2024-09-19 14:56:50.845,420.41404108077575,10
2024-09-19 14:56:50.855,420.4344585621994,6
2024-09-19 14:56:50.881,420.4627817746158,5
2024-09-19 14:56:50.943,420.436902661356,14
2024-09-19 14:56:50.952,420.45149241559375,99
2024-09-19 14:56:51.048,420.5066464607625,10
2024-09-19 14:56:51.057,420.51438862033456,15
2024-09-19 14:56:51.103,420.50369704755445,8
2024-09-19 14:56:51.134,420.5066156844493,1000
2024-09-19 14:56:51.135,420.55311077112,15
2024-09-19 14:56:51.136,420.5461045443612,99
2024-09-19 14:56:51.144,420.5429106661604,96
2024-09-19 14:56:51.145,420.4907641971661,1003
2024-09-19 14:56:51.241,420.5179880203356,1004
2024-09-19 14:56:51.248,420.5508997180736,97
2024-09-19 14:56:51.255,420.495037019312,96
2024-09-19 14:56:51.274,420.5048356465928,10
2024-09-19 14:56:51.300,420.5433725686189,8
2024-09-19 14:56:51.321,420.5240279526377,1001
2024-09-19 14:56:51.377,420.5397530511335,98
2024-09-19 14:56:51.383,420.5413080886627,97
2024-09-19 14:56:51.388,420.5078613417508,15
2024-09-19 14:56:51.414,420.5323184069051,102
2024-09-19 14:56:51.450,420.546703668544,1003
2024-09-19 14:56:51.484,420.5178518012492,996
2024-09-19 14:56:51.533,420.5035297464474,1005
2024-09-19 14:56:51.647,420.5265516123136,1000
2024-09-19 14:56:51.692,420.5230901192883,10
2024-09-19 14:56:51.885,420.5393177621545,95
2024-09-19 14:56:51.899,420.5243823653303,105
2024-09-19 14:56:51.914,420.48418940118745,11
2024-09-19 14:56:52.034,420.5164180737651,99
2024-09-19 14:56:52.074,420.508258098448,97
2024-09-19 14:56:52.119,420.52575439391023,1005
2024-09-19 14:56:52.174,420.5338938176086,102
2024-09-19 14:56:52.206,420.5143582592588,1001
2024-09-19 14:56:52.221,420.51676320555066,104
2024-09-19 14:56:52.383,420.5215089416,105
2024-09-19 14:56:52.397,420.5705159609725,997
2024-09-19 14:56:52.495,420.5092914411038,101
2024-09-19 14:56:52.634,42.050301033057295,11
2024-09-19 14:56:52.694,420.556183472181,105
2024-09-19 14:56:52.909,416.38204843108304,98
2024-09-19 14:56:52.912,420.5232471946386,7
2024-09-19 14:56:53.011,420.5203217499568,997
2024-09-19 14:56:53.014,420.5634547123775,996
2024-09-19 14:56:53.028,420.5723531277981,1002
2024-09-19 14:56:53.051,420.5757917706501,95
2024-09-19 14:56:53.056,420.5937702316058,6
2024-09-19 14:56:53.065,416.39689549349663,997
2024-09-19 14:56:53.122,420.5449698445543,12
2024-09-19 14:56:53.154,420.5468703261415,9
2024-09-19 14:56:53.180,420.56797796418505,1002
2024-09-19 14:56:53.220,420.5665846834809,11
2024-09-19 14:56:53.321,420.5065298246202,999
2024-09-19 14:56:53.333,420.5639297412559,105
2024-09-19 14:56:53.351,420.5782705294377,102
2024-09-19 14:56:53.366,420.5766806226872,995
2024-09-19 14:56:53.384,420.5218340197426,1004
2024-09-19 14:56:53.393,420.5782937677809,5
2024-09-19 14:56:53.429,420.5439474798648,12
2024-09-19 14:56:53.452,420.569590216089,1002
2024-09-19 14:56:53.468,420.5983289333272,9
2024-09-19 14:56:53.489,420.6027947618312,14
2024-09-19 14:56:53.519,420.5380736220973,100
2024-09-19 14:56:53.553,420.5646836817296,996
2024-09-19 14:56:53.721,420.5544978138065,996
2024-09-19 14:56:53.861,420.574374942125,1004
2024-09-19 14:56:53.890,420.5729081437136,998
2024-09-19 14:56:54.217,420.54853740731056,5
2024-09-19 14:56:54.352,420.5594309892371,99
2024-09-19 14:56:54.362,,995
2024-09-19 14:56:54.407,420.5842650455642,14
2024-09-19 14:56:54.435,420.5715142323299,995
2024-09-19 14:56:54.615,420.537691886288,11
2024-09-19 14:56:54.639,420.54311293290215,6
2024-09-19 14:56:54.988,420.5454677578629,14
2024-09-19 14:56:55.074,420.5666977556988,14
2024-09-19 14:56:55.082,420.577858781004,998
2024-09-19 14:56:55.096,420.5813383362147,15
2024-09-19 14:56:55.141,420.5641431116693,1004
2024-09-19 14:56:55.210,420.5582919050413,996
2024-09-19 14:56:55.267,420.5687351387403,996
2024-09-19 14:56:55.417,420.5705542321213,101
2024-09-19 14:56:55.473,420.54936075619673,999
2024-09-19 14:56:55.542,420.5574371103146,7
2024-09-19 14:56:55.547,420.5720719856581,997
2024-09-19 14:56:55.613,420.567995890385,98
2024-09-19 14:56:55.631,420.5511260188412,103
2024-09-19 14:56:55.664,420.5697139038044,14
2024-09-19 14:56:55.681,420.5594148634249,95
2024-09-19 14:56:55.683,420.55662384902297,15
2024-09-19 14:56:55.700,420.5653438253333,1002
2024-09-19 14:56:55.772,420.553515107401,1001
2024-09-19 14:56:55.779,420.5691215103527,8
2024-09-19 14:56:55.821,420.567038391608,6
2024-09-19 14:56:55.874,420.5705645107752,9
2024-09-19 14:56:55.881,420.5730095563546,99
2024-09-19 14:56:55.946,420.5558978193367,100
2024-09-19 14:56:56.021,420.56618805978457,101
2024-09-19 14:56:56.043,420.59293624676377,999
2024-09-19 14:56:56.089,420.5728180512714,11
2024-09-19 14:56:56.105,420.597286332408,1002
2024-09-19 14:56:56.147,420.555266152981,8
2024-09-19 14:56:56.154,420.59543485367584,998
2024-09-19 14:56:56.166,420.5935056960139,1003
2024-09-19 14:56:56.193,420.58786099109545,12
2024-09-19 14:56:56.204,420.5608415175225,997
2024-09-19 14:56:56.218,420.6115060516301,5
2024-09-19 14:56:56.243,420.5658814694903,10
2024-09-19 14:56:56.344,420.5749310825759,5
2024-09-19 14:56:56.427,420.57989110892606,1001
2024-09-19 14:56:56.435,420.5759472437849,5
2024-09-19 14:56:56.460,420.56796420342295,13
2024-09-19 14:56:56.474,420.57411809731127,102
2024-09-19 14:56:56.586,420.5738868179359,96
2024-09-19 14:56:56.618,420.56172184228814,102
2024-09-19 14:56:56.734,420.5619420921967,10
2024-09-19 14:56:56.746,420.5696196327572,999
2024-09-19 14:56:56.769,420.63093801656623,96
2024-09-19 14:56:56.834,420.58196055765467,102
2024-09-19 14:56:56.899,420.5799295657296,96
2024-09-19 14:56:56.955,420.5578966608792,97
2024-09-19 14:56:57.004,420.6421180692661,102
2024-09-19 14:56:57.006,420.7050215414389,1001
2024-09-19 14:56:57.046,420.6790682743851,1003
2024-09-19 14:56:57.059,420.592103763264,5
2024-09-19 14:56:57.065,420.6507765619127,997
2024-09-19 14:56:57.095,420.7091624322626,14
2024-09-19 14:56:57.126,420.68950415216295,11
2024-09-19 14:56:57.143,420.7125587772064,103
2024-09-19 14:56:57.198,420.6133148261043,1002
2024-09-19 14:56:57.216,420.5848257558695,1001
2024-09-19 14:56:57.251,420.701764024287,8
2024-09-19 14:56:57.254,420.6134840403056,101
2024-09-19 14:56:57.313,420.6894157950184,103
2024-09-19 14:56:57.323,420.665107549669,999
2024-09-19 14:56:57.341,420.61087188702766,15
2024-09-19 14:56:57.375,420.708988133624,997
2024-09-19 14:56:57.463,420.56549810953294,5
2024-09-19 14:56:57.477,420.6333378838887,1003
2024-09-19 14:56:57.483,420.7090972490111,98
2024-09-19 14:56:57.677,42.07146536190592,1001
2024-09-19 14:56:57.727,420.5863268687455,1005
2024-09-19 14:56:57.794,420.65225418809104,105
2024-09-19 14:56:57.837,420.6723466803784,5
2024-09-19 14:56:57.850,420.7019065271528,97
2024-09-19 14:56:57.956,420.65074383886497,1003
2024-09-19 14:56:57.957,420.62251231221154,15
2024-09-19 14:56:57.957,420.6008944241286,999
2024-09-19 14:56:58.064,420.62081775639297,12
2024-09-19 14:56:58.065,420.65022127101736,15
2024-09-19 14:56:58.265,420.6624632404627,12
2024-09-19 14:56:58.349,420.6388531689552,11
2024-09-19 14:56:58.458,420.6458524081553,5
2024-09-19 14:56:58.640,420.6584275399806,1001
2024-09-19 14:56:58.776,420.6844824629487,996
2024-09-19 14:56:58.867,420.6281688597634,1001
2024-09-19 14:56:59.000,420.6623713377062,105
2024-09-19 14:56:59.064,420.6199399289493,99
2024-09-19 14:56:59.112,420.58708053714855,9
2024-09-19 14:56:59.159,420.6320596133051,15
2024-09-19 14:56:59.281,420.6009415738472,100
2024-09-19 14:56:59.326,420.6612318948797,11
2024-09-19 14:56:59.344,420.5715024194419,15
2024-09-19 14:56:59.377,420.591889093911,995
2024-09-19 14:56:59.395,420.648963108573,1003
2024-09-19 14:56:59.400,420.6076765589604,102
2024-09-19 14:56:59.428,420.6251935261709,104
2024-09-19 14:56:59.454,420.6221212621381,98
2024-09-19 14:56:59.518,420.60000792197553,14
2024-09-19 14:56:59.519,420.6447342328165,1003
2024-09-19 14:56:59.526,420.6139366511859,1002
2024-09-19 14:56:59.641,420.6258833837842,104
2024-09-19 14:56:59.813,420.60198372499184,15
2024-09-19 14:56:59.816,420.5904664140335,1003
2024-09-19 14:56:59.905,420.59050748791606,105
2024-09-19 14:56:59.930,420.5977667263417,102
2024-09-19 14:56:59.932,420.6038009352381,997
2024-09-19 14:56:59.953,420.5940076063432,14
2024-09-19 14:56:59.975,420.66322800621,1004
2024-09-19 14:56:59.997,420.628635835467,7
