Timestamp,Price,Size
2024-09-16 12:58:00.025,416.1357370103202,14
2024-09-16 12:58:00.032,416.0816539109742,105
2024-09-16 12:58:00.084,,96
2024-09-16 12:58:00.128,,995
2024-09-16 12:58:00.177,416.1157107867371,98
2024-09-16 12:58:00.239,416.1182335253576,9
2024-09-16 12:58:00.285,416.1264506274398,101
2024-09-16 12:58:00.518,416.07790041237257,1005
2024-09-16 12:58:00.527,416.1107957244525,6
2024-09-16 12:58:00.569,416.1191611058046,995
2024-09-16 12:58:00.580,416.0754870141122,101
2024-09-16 12:58:00.601,416.1033712737497,1003
2024-09-16 12:58:00.616,416.1171107021706,100
2024-09-16 12:58:00.657,416.12157580432256,97
2024-09-16 12:58:00.717,416.084996454338,11
2024-09-16 12:58:00.726,416.0823428432131,104
2024-09-16 12:58:00.752,416.07272774882097,104
2024-09-16 12:58:00.845,416.1000447328811,104
2024-09-16 12:58:00.969,416.1170778254732,101
2024-09-16 12:58:01.019,416.124694935814,1004
2024-09-16 12:58:01.041,416.1145804187639,999
2024-09-16 12:58:01.088,416.08630890782905,13
2024-09-16 12:58:01.146,416.1056173436187,1003
2024-09-16 12:58:01.273,416.1126022882411,105
2024-09-16 12:58:01.300,416.09461781602624,102
2024-09-16 12:58:01.360,416.1051171173788,102
2024-09-16 12:58:01.441,416.0807254075334,997
2024-09-16 12:58:01.460,416.0967095297879,1002
2024-09-16 12:58:01.491,416.1033158152796,9
2024-09-16 12:58:01.617,416.103473636604,1001
2024-09-16 12:58:01.700,416.1207828070045,1000
2024-09-16 12:58:01.713,416.11412423096806,1004
2024-09-16 12:58:01.797,416.1313634801372,1003
2024-09-16 12:58:01.853,416.1053129163318,14
2024-09-16 12:58:01.893,416.0935231367786,12
2024-09-16 12:58:01.904,416.1263759978319,9
2024-09-16 12:58:01.998,416.11335727270193,104
2024-09-16 12:58:02.030,416.0725613988827,1000
2024-09-16 12:58:02.067,416.13934201819495,1004
2024-09-16 12:58:02.088,416.0744425091163,9
2024-09-16 12:58:02.111,416.1099735885559,95
2024-09-16 12:58:02.271,416.0631425045301,1004
2024-09-16 12:58:02.305,416.13740584558747,96
2024-09-16 12:58:02.403,416.08046098866623,99
2024-09-16 12:58:02.406,416.0753012937215,998
2024-09-16 12:58:02.578,416.0673114722309,996
2024-09-16 12:58:02.579,416.0689108837584,1002
2024-09-16 12:58:02.681,416.1400084648487,11
2024-09-16 12:58:02.708,416.1434717492958,8
2024-09-16 12:58:02.769,416.0668340597957,996
2024-09-16 12:58:03.254,416.067538504948,99
2024-09-16 12:58:03.388,416.0941017573786,996
2024-09-16 12:58:03.616,416.09268057204537,96
2024-09-16 12:58:03.811,416.0918310352735,101
2024-09-16 12:58:03.869,,9
2024-09-16 12:58:03.974,416.0635433020781,103
2024-09-16 12:58:04.103,416.1154437400325,96
2024-09-16 12:58:04.243,416.1223768364329,995
2024-09-16 12:58:04.287,416.12985248030526,103
2024-09-16 12:58:04.943,416.1274049701954,103
2024-09-16 12:58:05.057,416.1432237952209,97
2024-09-16 12:58:05.063,416.1515316759227,102
2024-09-16 12:58:05.111,416.1224602962779,97
2024-09-16 12:58:05.116,-416.14211691937015,102
2024-09-16 12:58:05.163,416.117234972162,98
2024-09-16 12:58:05.222,416.10827151066894,996
2024-09-16 12:58:05.241,416.0885487728261,101
2024-09-16 12:58:05.288,416.1268796069039,5
2024-09-16 12:58:05.317,416.08375643003774,7
2024-09-16 12:58:05.325,416.1151518318694,98
2024-09-16 12:58:05.494,-416.0862944617625,1000
2024-09-16 12:58:05.745,416.1282948518572,1001
2024-09-16 12:58:05.834,416.0935979344352,1002
2024-09-16 12:58:05.865,416.1339008657708,98
2024-09-16 12:58:05.924,416.0900861737859,95
2024-09-16 12:58:05.934,416.0871999802064,15
2024-09-16 12:58:05.982,416.1200482333882,1002
2024-09-16 12:58:06.504,416.1384060368616,14
2024-09-16 12:58:07.144,416.1502813665096,97
2024-09-16 12:58:07.243,416.1298053713584,103
2024-09-16 12:58:07.286,416.13775582639136,97
2024-09-16 12:58:07.305,416.1428723884266,7
2024-09-16 12:58:07.343,416.1280581918528,97
2024-09-16 12:58:07.686,416.1369455356299,11
2024-09-16 12:58:07.864,416.15958290541806,1001
2024-09-16 12:58:07.873,416.1479037415986,104
2024-09-16 12:58:07.874,416.1301642622385,102
2024-09-16 12:58:07.900,416.1321889849197,996
2024-09-16 12:58:08.023,416.1365708228087,999
2024-09-16 12:58:08.040,416.0940699050458,104
2024-09-16 12:58:08.044,416.1289513492001,99
2024-09-16 12:58:08.125,416.1331633026456,998
2024-09-16 12:58:08.171,416.0982567578476,99
2024-09-16 12:58:08.238,416.10502267210137,12
2024-09-16 12:58:08.247,416.0981961967752,6
2024-09-16 12:58:08.270,416.11304761763785,1002
2024-09-16 12:58:08.398,416.129113551594,14
2024-09-16 12:58:08.406,416.11138180888105,15
2024-09-16 12:58:08.536,416.1347210359888,105
2024-09-16 12:58:08.626,416.12513069176526,105
2024-09-16 12:58:08.630,416.10431394988944,997
2024-09-16 12:58:08.662,416.14102103368594,999
2024-09-16 12:58:08.678,416.1234003869461,999
2024-09-16 12:58:08.705,416.1341713520894,102
2024-09-16 12:58:08.731,416.13426873756407,13
2024-09-16 12:58:08.749,416.1064606930885,103
2024-09-16 12:58:08.820,416.1233559007111,104
2024-09-16 12:58:08.865,-416.1290263505117,1001
2024-09-16 12:58:08.869,416.0907718997616,101
2024-09-16 12:58:09.096,416.1260659561592,104
2024-09-16 12:58:09.244,416.1147646152394,1004
2024-09-16 12:58:09.355,416.1273712898628,98
2024-09-16 12:58:09.582,416.1143767333263,8
2024-09-16 12:58:09.634,416.0951047482855,100
2024-09-16 12:58:09.722,416.10873210122617,7
2024-09-16 12:58:09.886,416.1436246187196,8
2024-09-16 12:58:11.013,416.10115868560354,12
2024-09-16 12:58:11.014,416.11251415577846,102
2024-09-16 12:58:11.053,416.021254116224,998
2024-09-16 12:58:11.059,416.1138248747824,96
2024-09-16 12:58:11.076,416.0781392551833,995
2024-09-16 12:58:11.239,416.12955409711793,995
2024-09-16 12:58:11.258,416.0902833721351,9
2024-09-16 12:58:11.265,416.0599430491185,6
2024-09-16 12:58:11.298,416.0402710746737,11
2024-09-16 12:58:11.313,-416.1490439514445,15
2024-09-16 12:58:11.351,416.0509520238893,13
2024-09-16 12:58:11.358,416.1372615981534,998
2024-09-16 12:58:11.359,416.054316690954,8
2024-09-16 12:58:11.438,416.03482647995344,6
2024-09-16 12:58:11.458,416.1057027434625,98
2024-09-16 12:58:11.531,416.0698287867871,101
2024-09-16 12:58:11.617,416.1064387671341,998
2024-09-16 12:58:11.721,416.0967678453141,7
2024-09-16 12:58:11.734,416.1431727773364,98
2024-09-16 12:58:11.836,416.0440006961092,1005
2024-09-16 12:58:11.843,416.1351228125865,97
2024-09-16 12:58:11.846,416.0464637109973,97
2024-09-16 12:58:11.857,416.09564251209054,101
2024-09-16 12:58:11.859,416.0971962393986,103
2024-09-16 12:58:11.879,416.1064154687775,7
2024-09-16 12:58:11.879,416.0688855570216,98
2024-09-16 12:58:11.973,416.0415337279106,11
2024-09-16 12:58:11.985,416.0763797837755,1000
2024-09-16 12:58:12.003,415.9791619144066,99
2024-09-16 12:58:12.075,415.9742050197559,98
2024-09-16 12:58:12.087,415.9689914856211,14
2024-09-16 12:58:12.130,416.0108365519748,6
2024-09-16 12:58:12.172,415.9643808427266,999
2024-09-16 12:58:12.178,415.9871965968437,15
2024-09-16 12:58:12.212,415.9865252755862,105
2024-09-16 12:58:12.249,415.981007103194,1002
2024-09-16 12:58:12.254,-415.9483425134391,996
2024-09-16 12:58:12.256,415.97522307668754,105
2024-09-16 12:58:12.262,415.9831209780337,104
2024-09-16 12:58:12.287,415.9468377903057,104
2024-09-16 12:58:12.292,415.9651247067802,15
2024-09-16 12:58:12.293,415.94285878180335,102
2024-09-16 12:58:12.299,415.9560849235984,1003
2024-09-16 12:58:12.307,415.9895288302673,7
2024-09-16 12:58:12.314,415.9862047407861,1005
2024-09-16 12:58:12.519,415.98235114609656,1003
2024-09-16 12:58:12.600,415.9445251911859,105
2024-09-16 12:58:12.617,415.9568177486757,96
2024-09-16 12:58:12.646,415.9878105671335,1002
2024-09-16 12:58:12.832,415.9970957518339,997
2024-09-16 12:58:12.848,416.022279462981,97
2024-09-16 12:58:12.877,415.92010778435593,100
2024-09-16 12:58:12.935,-415.9847112806976,104
2024-09-16 12:58:12.959,415.9647923213908,1001
2024-09-16 12:58:13.004,415.9262528331022,102
2024-09-16 12:58:13.063,415.9880988171552,102
2024-09-16 12:58:13.088,415.9944225232828,1003
2024-09-16 12:58:13.104,415.9897083883182,1000
2024-09-16 12:58:13.235,415.9453599125019,1001
2024-09-16 12:58:13.272,415.987789270582,101
2024-09-16 12:58:13.273,416.00946196604775,1003
2024-09-16 12:58:13.283,415.99721315595735,8
2024-09-16 12:58:13.299,415.9353034490997,12
2024-09-16 12:58:13.371,415.98122859304095,10
2024-09-16 12:58:13.399,415.9682955339583,104
2024-09-16 12:58:13.401,416.00416388831576,1005
2024-09-16 12:58:13.419,416.0232755037131,8
2024-09-16 12:58:13.565,416.0061559981495,10
2024-09-16 12:58:13.577,416.0064654955229,105
2024-09-16 12:58:13.738,416.0047188442389,13
2024-09-16 12:58:13.748,415.94211017448,5
2024-09-16 12:58:13.750,415.96845653766576,12
2024-09-16 12:58:13.767,416.0163042556847,7
2024-09-16 12:58:13.891,415.9841132534201,100
2024-09-16 12:58:13.983,415.9948511756516,5
2024-09-16 12:58:14.031,416.0455941066487,999
2024-09-16 12:58:14.063,416.03711392399873,103
2024-09-16 12:58:14.165,416.02683249439673,995
2024-09-16 12:58:14.277,416.0370958062297,995
2024-09-16 12:58:14.300,416.0196844852289,995
2024-09-16 12:58:14.314,416.0302849245284,1000
2024-09-16 12:58:14.782,416.0364644718347,996
2024-09-16 12:58:14.785,416.0139307214557,1004
2024-09-16 12:58:14.874,416.05443529165166,5
2024-09-16 12:58:14.897,416.0561879129199,103
2024-09-16 12:58:14.950,416.0507797646344,5
2024-09-16 12:58:15.638,416.0169801595936,100
2024-09-16 12:58:16.001,416.00957419547854,1003
2024-09-16 12:58:16.007,416.02822542768257,995
2024-09-16 12:58:16.048,416.0212688731064,96
2024-09-16 12:58:16.123,416.0421534729844,9
2024-09-16 12:58:16.163,416.039566597648,1002
2024-09-16 12:58:16.207,416.0228365052567,997
2024-09-16 12:58:16.214,416.0143896493261,1003
2024-09-16 12:58:16.269,416.0424619698029,95
2024-09-16 12:58:16.275,416.0147033237952,1004
2024-09-16 12:58:16.295,416.05035186001135,95
2024-09-16 12:58:16.527,416.0206116345893,11
2024-09-16 12:58:16.561,416.0559983977425,5
2024-09-16 12:58:16.671,416.0001471964285,9
2024-09-16 12:58:16.856,416.0521013421795,13
2024-09-16 12:58:16.914,416.0398763351175,998
2024-09-16 12:58:16.996,,998
2024-09-16 12:58:16.998,416.0321680405264,98
2024-09-16 12:58:17.034,416.00000258325485,1005
2024-09-16 12:58:17.147,415.9959823545918,103
2024-09-16 12:58:17.651,415.9979699083852,1003
2024-09-16 12:58:17.778,416.0129713732069,103
2024-09-16 12:58:17.864,416.0026914226913,99
2024-09-16 12:58:17.919,416.0222724114955,104
2024-09-16 12:58:18.072,415.959489934637,99
2024-09-16 12:58:18.084,415.9756344813096,105
2024-09-16 12:58:18.112,416.0168638208346,105
2024-09-16 12:58:18.115,415.91557021002114,5
2024-09-16 12:58:18.124,415.87990136561183,996
2024-09-16 12:58:18.155,415.9166123045866,15
2024-09-16 12:58:18.163,415.89313599152194,1000
2024-09-16 12:58:18.206,415.8735353744671,96
2024-09-16 12:58:18.254,415.9438015045632,97
2024-09-16 12:58:18.259,415.93326945022926,7
2024-09-16 12:58:18.307,415.9231778743598,997
2024-09-16 12:58:18.309,415.95654195035394,996
2024-09-16 12:58:18.367,415.90216170401817,998
2024-09-16 12:58:18.437,416.0070946823711,11
2024-09-16 12:58:18.519,41.59351299890707,98
2024-09-16 12:58:18.547,415.95819337119167,102
2024-09-16 12:58:18.607,415.9288299761332,996
2024-09-16 12:58:18.648,415.93304276386567,99
2024-09-16 12:58:18.696,415.9126256152433,97
2024-09-16 12:58:18.759,415.89628463210937,1004
2024-09-16 12:58:18.839,415.8753069378632,96
2024-09-16 12:58:18.913,415.8773056263228,98
2024-09-16 12:58:18.935,415.9483614662861,11
2024-09-16 12:58:18.950,415.99131864609865,105
2024-09-16 12:58:18.964,415.94556793708654,100
2024-09-16 12:58:19.105,415.9497745469434,998
2024-09-16 12:58:19.152,415.989249882507,12
2024-09-16 12:58:19.229,415.959816118468,97
2024-09-16 12:58:19.495,415.9795670593943,103
2024-09-16 12:58:19.510,415.9536550908709,1004
2024-09-16 12:58:19.573,415.9537624227506,6
2024-09-16 12:58:19.578,415.9692498841501,101
2024-09-16 12:58:19.641,415.978415520955,999
2024-09-16 12:58:19.656,415.9515824023617,8
2024-09-16 12:58:19.766,415.9714125289052,105
2024-09-16 12:58:19.771,415.95364362983935,997
2024-09-16 12:58:19.832,415.9592970655923,998
2024-09-16 12:58:19.882,415.9436715258609,1004
2024-09-16 12:58:19.911,415.94353161987846,995
2024-09-16 12:58:19.937,415.9394415119895,14
2024-09-16 12:58:19.985,415.95656329758754,998
2024-09-16 12:58:20.000,416.062995351634,998
2024-09-16 12:58:20.073,-416.0755615026428,6
2024-09-16 12:58:20.113,416.0529127815709,1003
2024-09-16 12:58:20.136,416.0317473655226,10
2024-09-16 12:58:20.149,415.9804982607818,102
2024-09-16 12:58:20.174,41.60483642205346,105
2024-09-16 12:58:20.219,416.0696433450301,5
2024-09-16 12:58:20.275,416.0013031409076,14
2024-09-16 12:58:20.368,415.96154375344247,8
2024-09-16 12:58:20.466,416.0752201670413,998
2024-09-16 12:58:20.557,416.0560948869135,101
2024-09-16 12:58:20.634,415.9615002062715,13
2024-09-16 12:58:20.705,415.96331123449255,95
2024-09-16 12:58:20.808,415.9687754390423,103
2024-09-16 12:58:20.819,415.99010852586287,997
2024-09-16 12:58:20.858,416.0670523491728,95
2024-09-16 12:58:20.882,415.9758788262356,101
2024-09-16 12:58:20.913,415.9735157975951,97
2024-09-16 12:58:20.923,416.0702546208217,1002
2024-09-16 12:58:20.940,416.02100078616286,104
2024-09-16 12:58:20.985,416.0202730818344,8
2024-09-16 12:58:21.007,416.0325861703611,1001
2024-09-16 12:58:21.065,416.03408337911344,12
2024-09-16 12:58:21.072,416.0361909373774,9
2024-09-16 12:58:21.175,416.0663960161429,1005
2024-09-16 12:58:21.247,416.0905122238567,998
2024-09-16 12:58:21.281,416.0732156478762,1004
2024-09-16 12:58:21.287,416.0250459853784,997
2024-09-16 12:58:21.345,416.0491661914209,1004
2024-09-16 12:58:21.377,416.07996204056616,98
2024-09-16 12:58:21.390,416.0637742045242,9
2024-09-16 12:58:21.392,416.0697723498867,97
2024-09-16 12:58:21.428,416.0410453996724,100
2024-09-16 12:58:21.435,416.06004855172057,999
2024-09-16 12:58:21.437,416.0755374590536,100
2024-09-16 12:58:21.549,416.0697093694929,100
2024-09-16 12:58:21.563,416.0692514749161,95
2024-09-16 12:58:21.602,416.06223790321,105
2024-09-16 12:58:21.713,416.06128348820414,1003
2024-09-16 12:58:21.771,416.07236445672345,98
2024-09-16 12:58:21.781,416.06385680186486,100
2024-09-16 12:58:21.797,416.09771372683673,997
2024-09-16 12:58:21.853,416.0750391833938,9
2024-09-16 12:58:21.854,416.0726290502424,102
2024-09-16 12:58:21.895,416.06735178893945,1000
2024-09-16 12:58:21.940,416.0751785574608,10
2024-09-16 12:58:21.965,416.0848451120901,10
2024-09-16 12:58:21.965,416.0783431819504,1002
2024-09-16 12:58:21.971,416.0750929005002,100
2024-09-16 12:58:21.999,416.04593812206815,101
2024-09-16 12:58:22.012,416.1380458536483,7
2024-09-16 12:58:22.123,416.1273151120654,9
2024-09-16 12:58:22.125,416.1227199126288,1004
2024-09-16 12:58:22.170,416.1250068734327,6
2024-09-16 12:58:22.212,416.1460641165233,13
2024-09-16 12:58:22.230,416.148944806761,1000
2024-09-16 12:58:22.267,416.1449019739419,103
2024-09-16 12:58:22.287,416.0897222348445,1001
2024-09-16 12:58:22.311,416.1314454550044,101
2024-09-16 12:58:22.342,416.097717869613,11
2024-09-16 12:58:22.353,416.1157950109756,998
2024-09-16 12:58:22.363,416.1414583227872,1004
2024-09-16 12:58:22.407,416.1387791559945,104
2024-09-16 12:58:22.414,416.1163734071402,997
2024-09-16 12:58:22.480,416.1143378308264,102
2024-09-16 12:58:22.512,416.11702485767137,15
2024-09-16 12:58:22.641,416.0827002644186,105
2024-09-16 12:58:22.645,416.1212304029968,8
2024-09-16 12:58:22.717,416.1289459147763,96
2024-09-16 12:58:22.730,41.608498927345984,6
2024-09-16 12:58:22.865,416.13989772876346,14
2024-09-16 12:58:22.897,416.1327664693914,7
2024-09-16 12:58:23.048,416.14821417153706,1003
2024-09-16 12:58:23.079,416.1476751120964,1004
2024-09-16 12:58:23.125,416.1170182361426,1000
2024-09-16 12:58:23.138,416.1229223437397,996
2024-09-16 12:58:23.202,-416.1059611449679,104
2024-09-16 12:58:23.293,416.1156381261469,1003
2024-09-16 12:58:23.389,416.1183205341896,15
2024-09-16 12:58:23.402,416.13243250882647,98
2024-09-16 12:58:23.408,416.1261118233076,996
2024-09-16 12:58:23.566,416.1267030501292,995
2024-09-16 12:58:23.699,416.1088197126471,996
2024-09-16 12:58:23.747,416.1137757720474,6
2024-09-16 12:58:23.968,416.1060784096063,1000
2024-09-16 12:58:24.185,416.12292540968497,998
2024-09-16 12:58:24.305,416.1076529225794,998
2024-09-16 12:58:24.322,416.1279711853157,99
2024-09-16 12:58:24.333,416.0931770873956,1005
2024-09-16 12:58:24.340,416.1584157944336,100
2024-09-16 12:58:24.430,416.07682979800217,12
2024-09-16 12:58:24.487,416.1233060781461,7
2024-09-16 12:58:24.496,416.0881929451636,100
2024-09-16 12:58:24.507,416.1278028370288,7
2024-09-16 12:58:24.516,416.15696842120366,14
2024-09-16 12:58:24.594,416.0806976011866,102
2024-09-16 12:58:24.624,416.1222883194294,96
2024-09-16 12:58:24.683,-416.1390704267325,9
2024-09-16 12:58:24.689,416.06172883336734,1001
2024-09-16 12:58:24.752,416.123532331223,998
2024-09-16 12:58:24.821,416.09275347065454,103
2024-09-16 12:58:24.826,416.1015449366544,5
2024-09-16 12:58:24.930,416.06046123635946,9
2024-09-16 12:58:24.939,416.0875141925517,98
2024-09-16 12:58:24.962,416.1271656993342,8
2024-09-16 12:58:24.965,416.1047545426704,14
2024-09-16 12:58:24.972,416.1142426587252,1004
2024-09-16 12:58:25.227,416.12169751790384,997
2024-09-16 12:58:25.310,416.1337179323812,1003
2024-09-16 12:58:25.611,416.1274310829163,5
2024-09-16 12:58:25.817,416.098569702868,13
2024-09-16 12:58:25.836,416.1102832110112,13
2024-09-16 12:58:25.913,416.1496258693263,96
2024-09-16 12:58:26.043,416.1108402901685,14
2024-09-16 12:58:26.141,416.1362020325719,7
2024-09-16 12:58:26.183,416.0913700066418,98
2024-09-16 12:58:26.185,416.1252117153769,100
2024-09-16 12:58:26.189,416.1455885194421,14
2024-09-16 12:58:26.217,416.1361949530606,105
2024-09-16 12:58:26.453,416.1390483342088,1005
2024-09-16 12:58:26.472,416.13041668096935,99
2024-09-16 12:58:26.475,416.1475840084404,12
2024-09-16 12:58:26.602,416.107563952428,996
2024-09-16 12:58:26.644,416.116382699935,100
2024-09-16 12:58:26.663,416.12736192400536,95
2024-09-16 12:58:26.728,416.1289741892017,997
2024-09-16 12:58:26.765,416.1096109570616,99
2024-09-16 12:58:26.785,416.11814263581465,6
2024-09-16 12:58:26.822,416.0982465529503,12
2024-09-16 12:58:26.892,416.1160834458816,11
2024-09-16 12:58:26.894,416.111333842461,11
2024-09-16 12:58:26.918,416.1325808874472,1002
2024-09-16 12:58:26.991,416.1110891232037,98
2024-09-16 12:58:27.005,416.1495124593439,9
2024-09-16 12:58:27.152,416.1559601124223,1000
2024-09-16 12:58:27.157,416.1616027043181,97
2024-09-16 12:58:27.285,416.1662736469946,8
2024-09-16 12:58:27.316,416.0757085926393,1004
2024-09-16 12:58:27.333,416.1501971706255,103
2024-09-16 12:58:27.378,416.1530084978384,1003
2024-09-16 12:58:27.464,416.15849458320486,6
2024-09-16 12:58:27.465,416.0924932115317,1002
2024-09-16 12:58:27.468,416.1449943182589,100
2024-09-16 12:58:27.521,416.1627796083556,12
2024-09-16 12:58:27.549,416.0989195348977,105
2024-09-16 12:58:27.596,416.14224514047504,998
2024-09-16 12:58:27.625,416.097175509275,96
2024-09-16 12:58:27.703,416.1650294324166,10
2024-09-16 12:58:27.712,-416.103330624664,100
2024-09-16 12:58:27.724,416.1407747325839,104
2024-09-16 12:58:27.773,416.1455415112944,102
2024-09-16 12:58:27.787,416.0977272576811,8
2024-09-16 12:58:27.836,416.09117489738,105
2024-09-16 12:58:27.868,416.1362692211528,999
2024-09-16 12:58:27.893,416.1026883497352,6
2024-09-16 12:58:27.897,416.1767524504311,1003
2024-09-16 12:58:27.917,416.13410887780464,5
2024-09-16 12:58:28.044,416.13491275798367,1004
2024-09-16 12:58:28.069,416.127591812805,15
2024-09-16 12:58:28.101,416.09399443418727,103
2024-09-16 12:58:28.113,416.1177232994351,1003
2024-09-16 12:58:28.193,416.1210939995549,9
2024-09-16 12:58:28.196,416.1037168079748,1003
2024-09-16 12:58:28.264,416.1605935745888,8
2024-09-16 12:58:28.271,416.0908511158655,1003
2024-09-16 12:58:28.271,416.1325813111448,1000
2024-09-16 12:58:28.273,416.098192917282,10
2024-09-16 12:58:28.313,416.13676359606376,11
2024-09-16 12:58:28.386,416.1488691994201,1002
2024-09-16 12:58:28.398,416.1764220406227,5
2024-09-16 12:58:28.490,416.104015070654,1004
2024-09-16 12:58:28.599,416.161248062677,96
2024-09-16 12:58:28.656,416.1563317945918,96
2024-09-16 12:58:28.699,416.1316331113799,8
2024-09-16 12:58:28.710,416.1067416419056,95
2024-09-16 12:58:28.730,416.1278322982568,1001
2024-09-16 12:58:28.788,416.1536838578716,15
2024-09-16 12:58:28.790,416.14852339834783,105
2024-09-16 12:58:28.817,416.10508027490994,99
2024-09-16 12:58:28.862,41.61516625325207,101
2024-09-16 12:58:28.862,416.1102095406666,95
2024-09-16 12:58:28.869,416.1412127706165,101
2024-09-16 12:58:28.874,416.1157128668988,104
2024-09-16 12:58:28.910,416.10578174792585,11
2024-09-16 12:58:29.362,416.1506888447116,12
2024-09-16 12:58:29.396,416.1467295992372,5
2024-09-16 12:58:30.018,416.1681364682264,10
2024-09-16 12:58:30.022,416.1280835417497,100
2024-09-16 12:58:30.102,416.1727811419711,1001
2024-09-16 12:58:30.105,416.1427205137868,8
2024-09-16 12:58:30.167,416.1119994319456,14
2024-09-16 12:58:30.267,416.1617352464713,8
2024-09-16 12:58:30.269,416.1404269289585,998
2024-09-16 12:58:30.281,416.1235409626023,1001
2024-09-16 12:58:30.321,416.1711294964093,100
2024-09-16 12:58:30.334,416.1414955359569,1003
2024-09-16 12:58:30.336,416.1049555959378,998
2024-09-16 12:58:30.350,416.089608910523,105
2024-09-16 12:58:30.529,416.1014410495629,996
2024-09-16 12:58:30.559,416.1496241590048,99
2024-09-16 12:58:30.635,416.1445972854875,95
2024-09-16 12:58:30.636,416.1704838822168,1001
2024-09-16 12:58:30.638,416.1209121507835,7
2024-09-16 12:58:30.670,416.17089343640646,96
2024-09-16 12:58:30.733,416.1052997216616,997
2024-09-16 12:58:30.740,416.0826614563349,997
2024-09-16 12:58:30.742,416.14110919115376,7
2024-09-16 12:58:30.801,416.1409276089062,103
2024-09-16 12:58:30.802,416.1289328064668,1001
2024-09-16 12:58:30.803,416.16992298642657,1004
2024-09-16 12:58:30.907,416.1608182921263,98
2024-09-16 12:58:30.952,416.093018621508,102
2024-09-16 12:58:31.046,416.1725879201233,105
2024-09-16 12:58:31.050,416.17360093179553,14
2024-09-16 12:58:31.102,416.1769011462808,1004
2024-09-16 12:58:31.503,416.1851638609001,1000
2024-09-16 12:58:31.713,416.1732987999691,15
2024-09-16 12:58:32.243,416.1529070369807,7
2024-09-16 12:58:32.288,416.13525946837154,8
2024-09-16 12:58:32.359,416.1336169486783,1002
2024-09-16 12:58:32.439,416.1516500646082,96
2024-09-16 12:58:32.457,416.1618969936648,6
2024-09-16 12:58:32.457,416.1550698983834,8
2024-09-16 12:58:32.480,416.1505785245014,104
2024-09-16 12:58:32.493,416.1452114303515,997
2024-09-16 12:58:32.497,416.1120227122242,12
2024-09-16 12:58:32.582,416.1715786523501,12
2024-09-16 12:58:32.594,416.15946520083406,8
2024-09-16 12:58:32.599,416.1494313031616,97
2024-09-16 12:58:32.649,416.15664837791206,5
2024-09-16 12:58:32.651,416.1264461576441,100
2024-09-16 12:58:32.743,416.1053442600883,6
2024-09-16 12:58:32.824,416.1672876857057,1004
2024-09-16 12:58:32.828,416.1458402357807,103
2024-09-16 12:58:32.857,416.1224840548547,99
2024-09-16 12:58:32.966,416.1508087379884,9
2024-09-16 12:58:33.084,416.096359730463,6
2024-09-16 12:58:34.053,416.106316857319,999
2024-09-16 12:58:34.075,416.0968146939126,105
2024-09-16 12:58:34.165,416.0878229508095,97
2024-09-16 12:58:34.175,416.0723122865944,995
2024-09-16 12:58:34.183,416.0996900755568,1000
2024-09-16 12:58:34.244,416.10637444083966,13
2024-09-16 12:58:34.461,416.0948037689344,7
2024-09-16 12:58:34.470,416.1129706698747,996
2024-09-16 12:58:34.508,41.61229044459039,6
2024-09-16 12:58:34.516,416.12300959223046,14
2024-09-16 12:58:34.612,416.0982128237275,101
2024-09-16 12:58:34.640,416.1198082525728,7
2024-09-16 12:58:34.642,416.1184531683684,1004
2024-09-16 12:58:34.786,416.1041938388244,99
2024-09-16 12:58:34.850,416.11394016140486,8
2024-09-16 12:58:34.952,416.09432527537183,13
2024-09-16 12:58:35.091,416.1485549171211,100
2024-09-16 12:58:35.169,416.1380713702076,5
2024-09-16 12:58:35.220,416.1782016752399,100
2024-09-16 12:58:35.267,416.1704868685128,96
2024-09-16 12:58:35.285,416.1327765699934,1002
2024-09-16 12:58:35.395,416.1683475798969,100
2024-09-16 12:58:35.433,416.1374661459977,95
2024-09-16 12:58:35.444,416.1488976205089,95
2024-09-16 12:58:35.836,416.17006041899833,6
2024-09-16 12:58:35.843,416.17102173198015,8
2024-09-16 12:58:35.898,416.1351516404091,10
2024-09-16 12:58:36.078,416.1509860651004,7
2024-09-16 12:58:36.138,416.1475187982805,996
2024-09-16 12:58:36.178,416.13416760433466,9
2024-09-16 12:58:36.189,416.13504328009776,98
2024-09-16 12:58:36.256,416.1630224263317,102
2024-09-16 12:58:36.321,416.16034900238856,103
2024-09-16 12:58:36.363,416.1402118008753,996
2024-09-16 12:58:36.474,416.1412002444296,105
2024-09-16 12:58:36.684,416.1572449129083,102
2024-09-16 12:58:36.859,416.15751716817874,105
2024-09-16 12:58:36.868,416.1319950868325,104
2024-09-16 12:58:37.075,416.2114843552906,6
2024-09-16 12:58:37.076,416.1751401941065,996
2024-09-16 12:58:37.080,416.17044152899024,103
2024-09-16 12:58:37.101,416.2002490165274,15
2024-09-16 12:58:37.143,416.12114723165416,104
2024-09-16 12:58:37.150,416.1444158997761,97
2024-09-16 12:58:37.159,416.20572487484736,1001
2024-09-16 12:58:37.270,416.14728889891353,102
2024-09-16 12:58:37.390,416.1620580042576,7
2024-09-16 12:58:37.436,416.1822261064129,11
2024-09-16 12:58:37.438,416.2230815842334,98
2024-09-16 12:58:37.602,416.1808385913045,9
2024-09-16 12:58:37.642,416.1348432484135,14
2024-09-16 12:58:37.648,416.1652045703684,15
2024-09-16 12:58:37.663,416.1610049375409,104
2024-09-16 12:58:37.682,416.1186559145801,1003
2024-09-16 12:58:37.688,416.1240235303079,6
2024-09-16 12:58:37.690,416.1396321160808,96
2024-09-16 12:58:37.777,416.1458358384681,5
2024-09-16 12:58:37.804,416.1600460697025,98
2024-09-16 12:58:37.805,416.1755191696295,99
2024-09-16 12:58:37.818,416.1676415802187,102
2024-09-16 12:58:37.854,416.1371959359117,98
2024-09-16 12:58:37.926,416.1352362699703,97
2024-09-16 12:58:37.946,416.203998537125,996
2024-09-16 12:58:37.953,416.1190880429514,1004
2024-09-16 12:58:37.959,416.14919384080207,13
2024-09-16 12:58:37.995,416.1460893340301,103
2024-09-16 12:58:38.043,416.17936978047067,1005
2024-09-16 12:58:38.053,416.19722083355896,102
2024-09-16 12:58:38.108,416.1643592319224,995
2024-09-16 12:58:38.118,416.2126763431246,9
2024-09-16 12:58:38.121,416.1803195144267,14
2024-09-16 12:58:38.184,416.1987440520223,96
2024-09-16 12:58:38.228,416.2292013556968,98
2024-09-16 12:58:38.333,416.2113498963934,10
2024-09-16 12:58:38.351,416.1629749622728,14
2024-09-16 12:58:38.471,416.1635001348593,100
2024-09-16 12:58:38.559,416.1873061288844,105
2024-09-16 12:58:38.587,416.15369437005126,95
2024-09-16 12:58:38.621,416.2294823832155,103
2024-09-16 12:58:38.763,416.2035520285761,98
2024-09-16 12:58:38.800,416.2243975132447,1005
2024-09-16 12:58:39.000,416.2692304776272,13
2024-09-16 12:58:39.016,416.1923050054572,7
2024-09-16 12:58:39.064,416.16203125664543,99
2024-09-16 12:58:39.111,-416.2594101307556,9
2024-09-16 12:58:39.121,416.2040773229516,98
2024-09-16 12:58:39.129,416.2115835023187,999
2024-09-16 12:58:39.137,416.1525798509352,95
2024-09-16 12:58:39.145,416.1795536525948,104
2024-09-16 12:58:39.162,416.1992259661615,103
2024-09-16 12:58:39.290,416.20911616617326,998
2024-09-16 12:58:39.292,416.1605585070472,101
2024-09-16 12:58:39.304,,8
2024-09-16 12:58:39.342,416.1614434574548,100
2024-09-16 12:58:39.524,416.19132462421777,95
2024-09-16 12:58:39.528,416.1593017633856,105
2024-09-16 12:58:39.538,416.18936941764935,1004
2024-09-16 12:58:39.601,416.1625212319536,1001
2024-09-16 12:58:39.671,416.2207130695343,12
2024-09-16 12:58:39.751,416.2713803543514,1001
2024-09-16 12:58:39.775,416.2141592757308,97
2024-09-16 12:58:39.783,416.1862813604345,997
2024-09-16 12:58:39.860,416.20093061334575,996
2024-09-16 12:58:39.880,416.2104195097388,999
2024-09-16 12:58:39.903,416.2033411536174,996
2024-09-16 12:58:39.938,416.192954936374,999
2024-09-16 12:58:39.953,416.1957670150688,105
2024-09-16 12:58:40.059,416.318764628697,97
2024-09-16 12:58:40.092,416.2826814946882,102
2024-09-16 12:58:40.293,416.3179913037404,95
2024-09-16 12:58:40.323,416.3174468714166,96
2024-09-16 12:58:40.888,416.30119855637565,15
2024-09-16 12:58:40.910,416.2677365057477,995
2024-09-16 12:58:40.917,416.2879525681413,95
2024-09-16 12:58:40.957,416.2785526227845,997
2024-09-16 12:58:40.987,416.3115195701963,6
2024-09-16 12:58:41.472,416.3456258928156,1003
2024-09-16 12:58:41.538,416.3352221639067,12
2024-09-16 12:58:42.082,416.3091779132042,6
2024-09-16 12:58:42.123,416.3026157584596,995
2024-09-16 12:58:42.212,416.2877897597845,1001
2024-09-16 12:58:42.245,416.3178744325681,101
2024-09-16 12:58:42.340,416.2860442546492,11
2024-09-16 12:58:42.351,416.2985638955236,999
2024-09-16 12:58:42.353,416.2994017136278,999
2024-09-16 12:58:42.418,416.2950400367198,14
2024-09-16 12:58:42.501,,5
2024-09-16 12:58:42.517,416.297219294753,8
2024-09-16 12:58:42.622,416.29090134548096,995
2024-09-16 12:58:42.633,416.3073326049221,105
2024-09-16 12:58:42.729,416.2935106972371,9
2024-09-16 12:58:42.767,416.2836465970361,11
2024-09-16 12:58:42.785,416.3058275116344,995
2024-09-16 12:58:42.868,416.29690127601447,98
2024-09-16 12:58:42.920,416.2788570623019,14
2024-09-16 12:58:42.952,,9
2024-09-16 12:58:42.968,416.30285718600544,102
2024-09-16 12:58:43.004,416.2770196361689,7
2024-09-16 12:58:43.082,416.29472188833233,97
2024-09-16 12:58:43.088,416.2596920171986,15
2024-09-16 12:58:43.148,416.2336265302365,995
2024-09-16 12:58:43.198,416.2786324098471,14
2024-09-16 12:58:43.249,416.2528403483954,10
2024-09-16 12:58:43.260,416.2982533950188,11
2024-09-16 12:58:43.342,416.2736564821615,95
2024-09-16 12:58:43.380,416.294624193606,13
2024-09-16 12:58:43.475,416.2449390574069,97
2024-09-16 12:58:43.522,416.28892613184047,9
2024-09-16 12:58:43.551,416.2552969062969,1003
2024-09-16 12:58:43.588,416.308980751678,1001
2024-09-16 12:58:43.608,416.30145491276977,8
2024-09-16 12:58:43.707,416.2572245787529,1002
2024-09-16 12:58:43.742,416.2519138657704,6
2024-09-16 12:58:43.790,416.235962704742,95
2024-09-16 12:58:44.153,416.2351087737407,1001
2024-09-16 12:58:44.161,416.187322267012,14
2024-09-16 12:58:44.212,416.2111762795549,105
2024-09-16 12:58:44.257,416.1981989334908,1001
2024-09-16 12:58:44.325,416.2305188331408,8
2024-09-16 12:58:44.505,416.2052123955382,12
2024-09-16 12:58:44.754,416.2132917818784,9
2024-09-16 12:58:44.805,416.1985151866271,96
2024-09-16 12:58:44.858,416.2122063241808,7
2024-09-16 12:58:44.862,416.1862288751151,5
2024-09-16 12:58:44.875,416.203323241216,997
2024-09-16 12:58:44.993,416.2269774551937,9
2024-09-16 12:58:45.017,416.1797290089124,100
2024-09-16 12:58:45.088,416.1776481503144,998
2024-09-16 12:58:45.097,416.1947415111846,1001
2024-09-16 12:58:45.119,416.2147428904386,105
2024-09-16 12:58:45.212,416.1747238458531,102
2024-09-16 12:58:45.243,416.19300036054193,98
2024-09-16 12:58:45.371,416.16827254794674,7
2024-09-16 12:58:45.525,416.1963844692582,100
2024-09-16 12:58:45.575,416.1814623360327,103
2024-09-16 12:58:45.648,416.18316858922987,5
2024-09-16 12:58:45.813,416.1928498988886,1004
2024-09-16 12:58:46.024,416.1608651934218,1003
2024-09-16 12:58:46.044,416.1416530674322,99
2024-09-16 12:58:46.045,416.17839970461495,1002
2024-09-16 12:58:46.145,416.2038676451235,13
2024-09-16 12:58:46.150,416.1594160467888,1002
2024-09-16 12:58:46.152,-416.1528059794703,6
2024-09-16 12:58:46.158,416.2047633854807,101
2024-09-16 12:58:46.161,416.1758887798191,105
2024-09-16 12:58:46.196,416.1958957300504,1000
2024-09-16 12:58:46.207,416.1949287294578,15
2024-09-16 12:58:46.234,416.1987834256628,95
2024-09-16 12:58:46.340,416.18509045714495,101
2024-09-16 12:58:46.365,416.1913026255642,997
2024-09-16 12:58:46.426,416.1893515764821,10
2024-09-16 12:58:46.512,416.14449965390753,100
2024-09-16 12:58:46.520,416.17594020505095,96
2024-09-16 12:58:46.542,416.1339445875653,1002
2024-09-16 12:58:46.580,416.1807967289002,6
2024-09-16 12:58:46.613,416.1330880806717,101
2024-09-16 12:58:46.654,416.1515885574368,12
2024-09-16 12:58:46.751,416.1681679490262,11
2024-09-16 12:58:46.771,416.1495947730567,101
2024-09-16 12:58:46.857,416.2008222103828,1003
2024-09-16 12:58:46.905,416.1602922792695,13
2024-09-16 12:58:46.949,416.185696683778,998
2024-09-16 12:58:47.049,416.1317575387462,996
2024-09-16 12:58:47.069,416.1400114769434,999
2024-09-16 12:58:47.149,416.14934006118096,1000
2024-09-16 12:58:47.159,416.14132032534656,996
2024-09-16 12:58:47.173,416.1321099028584,13
2024-09-16 12:58:47.202,416.1621478732312,1004
2024-09-16 12:58:47.206,416.1438587629442,97
2024-09-16 12:58:47.207,416.1483529742339,102
2024-09-16 12:58:47.212,416.1494660402236,998
2024-09-16 12:58:47.220,416.1273693410864,12
2024-09-16 12:58:47.314,416.18026666983735,7
2024-09-16 12:58:47.323,416.16415277885767,1005
2024-09-16 12:58:47.347,416.1253466948973,5
2024-09-16 12:58:47.398,41.61721778536456,10
2024-09-16 12:58:47.408,416.17885331775335,998
2024-09-16 12:58:47.448,416.14504980824825,1005
2024-09-16 12:58:47.549,416.19693385066176,1005
2024-09-16 12:58:47.614,416.1988510583869,98
2024-09-16 12:58:47.621,416.1425125292522,1005
2024-09-16 12:58:47.621,416.1217557708919,10
2024-09-16 12:58:47.739,416.14880035006126,10
2024-09-16 12:58:47.800,416.1290689476109,100
2024-09-16 12:58:47.896,416.1902895733252,11
2024-09-16 12:58:47.964,416.1454652518167,100
2024-09-16 12:58:47.973,416.1260369564473,1003
2024-09-16 12:58:48.022,416.1284430333804,7
2024-09-16 12:58:48.067,416.069938253613,104
2024-09-16 12:58:48.069,416.13450644302304,999
2024-09-16 12:58:48.140,416.09796305158267,998
2024-09-16 12:58:48.158,416.08068878362207,1001
2024-09-16 12:58:48.160,416.09778985840376,97
2024-09-16 12:58:48.163,416.1049221626859,96
2024-09-16 12:58:48.177,416.0967018453952,102
2024-09-16 12:58:48.206,416.1210909367219,1003
2024-09-16 12:58:48.298,416.15064547229935,1005
2024-09-16 12:58:48.324,416.0947146345062,1005
2024-09-16 12:58:48.328,416.1056770164077,102
2024-09-16 12:58:48.332,416.17668403140567,11
2024-09-16 12:58:48.385,416.1748513550572,100
2024-09-16 12:58:48.471,416.07366038634206,104
2024-09-16 12:58:48.473,416.0798944649362,1000
2024-09-16 12:58:48.492,416.09783631886927,1001
2024-09-16 12:58:48.519,416.0694407108624,98
2024-09-16 12:58:48.533,416.0859315936472,12
2024-09-16 12:58:48.548,416.0962053968298,9
2024-09-16 12:58:48.645,416.0953357876697,12
2024-09-16 12:58:48.709,416.1015950143346,100
2024-09-16 12:58:48.777,416.05766534579647,1004
2024-09-16 12:58:48.815,-416.12711936090943,6
2024-09-16 12:58:48.818,416.1074055980107,101
2024-09-16 12:58:48.858,416.0997200289953,103
2024-09-16 12:58:48.906,416.0851440197008,5
2024-09-16 12:58:48.957,416.058602838032,997
2024-09-16 12:58:49.023,416.0240790771168,1003
2024-09-16 12:58:49.037,416.0251282895513,10
2024-09-16 12:58:49.076,416.0515434788964,11
2024-09-16 12:58:49.084,416.0305366110677,6
2024-09-16 12:58:49.125,416.0282673188171,103
2024-09-16 12:58:49.154,416.0719330013693,1000
2024-09-16 12:58:49.156,416.0345707049695,105
2024-09-16 12:58:49.161,416.02073438165263,1005
2024-09-16 12:58:49.291,416.05085116431695,14
2024-09-16 12:58:49.327,416.0446387284901,14
2024-09-16 12:58:49.364,416.04789012304064,997
2024-09-16 12:58:49.506,416.0339995713739,101
2024-09-16 12:58:49.520,416.010059997509,1003
2024-09-16 12:58:49.556,416.1068513315539,102
2024-09-16 12:58:49.599,416.1274049842947,997
2024-09-16 12:58:49.615,41.60484966833376,9
2024-09-16 12:58:49.653,416.1111942481638,996
2024-09-16 12:58:49.777,416.04472117244507,99
2024-09-16 12:58:49.801,416.1081148212104,1002
2024-09-16 12:58:49.826,416.0395136802721,6
2024-09-16 12:58:49.852,416.0214622815972,7
2024-09-16 12:58:49.853,416.0325292628872,100
2024-09-16 12:58:49.909,416.036811179157,9
2024-09-16 12:58:49.935,416.0246918430708,97
2024-09-16 12:58:49.967,416.0421559120229,995
2024-09-16 12:58:49.982,416.0902988765149,995
2024-09-16 12:58:50.076,416.03823250644206,1004
2024-09-16 12:58:50.084,416.0309572088335,12
2024-09-16 12:58:50.122,416.0284384455536,97
2024-09-16 12:58:50.136,416.029482343664,1000
2024-09-16 12:58:50.245,416.034322708247,13
2024-09-16 12:58:50.320,416.0209961059068,1003
2024-09-16 12:58:50.325,416.0132159913696,6
2024-09-16 12:58:50.328,416.0300115319917,101
2024-09-16 12:58:50.349,416.0425355546173,97
2024-09-16 12:58:50.393,416.0399828034524,96
2024-09-16 12:58:50.550,416.0501193444496,10
2024-09-16 12:58:50.634,416.0293768782056,1003
2024-09-16 12:58:50.662,416.04552930666136,997
2024-09-16 12:58:50.745,416.015116640548,95
2024-09-16 12:58:50.864,416.02654693385375,996
2024-09-16 12:58:50.945,416.0330428124075,1005
2024-09-16 12:58:51.377,416.0512678336378,96
2024-09-16 12:58:51.460,416.0393418788374,100
2024-09-16 12:58:51.959,416.0148888824796,101
2024-09-16 12:58:52.013,416.0284156186489,95
2024-09-16 12:58:52.015,416.034515268521,5
2024-09-16 12:58:52.067,416.01259938333385,99
2024-09-16 12:58:52.211,416.03866858280185,998
2024-09-16 12:58:52.212,416.0582153973237,105
2024-09-16 12:58:52.215,416.0198171836751,6
2024-09-16 12:58:52.250,416.0666022869271,995
2024-09-16 12:58:52.272,416.0292226392461,98
2024-09-16 12:58:52.281,416.0712339777632,9
2024-09-16 12:58:52.326,416.0438679243697,14
2024-09-16 12:58:52.382,416.0232644499689,1004
2024-09-16 12:58:52.388,416.03105006366445,105
2024-09-16 12:58:52.408,416.0264690074744,1003
2024-09-16 12:58:52.409,416.0103358197762,1001
2024-09-16 12:58:52.424,416.03919004838207,1000
2024-09-16 12:58:52.448,416.0108035410413,10
2024-09-16 12:58:52.458,416.0444913886933,1005
2024-09-16 12:58:52.491,416.0626352522275,13
2024-09-16 12:58:52.500,416.0331285794351,1004
2024-09-16 12:58:52.549,415.99907564946216,99
2024-09-16 12:58:52.578,416.0305321212421,96
2024-09-16 12:58:52.583,416.0065806364958,1005
2024-09-16 12:58:52.609,416.0411191923982,1004
2024-09-16 12:58:52.722,416.035016241823,997
2024-09-16 12:58:52.782,416.0126660279952,1003
2024-09-16 12:58:52.815,416.0673219153716,7
2024-09-16 12:58:52.876,416.0542073172562,1002
2024-09-16 12:58:52.938,416.0323435082464,15
2024-09-16 12:58:52.969,416.0531505617765,98
2024-09-16 12:58:52.998,416.0382650453793,9
2024-09-16 12:58:53.009,416.08658513227687,1004
2024-09-16 12:58:53.062,416.0796239657173,997
2024-09-16 12:58:53.072,416.07083347306656,8
2024-09-16 12:58:53.078,416.0470170523491,996
2024-09-16 12:58:53.091,416.0811193848107,98
2024-09-16 12:58:53.145,416.0717081397793,14
2024-09-16 12:58:53.165,416.0557010551533,12
2024-09-16 12:58:53.202,416.0903884935029,11
2024-09-16 12:58:53.212,416.0574823058248,6
2024-09-16 12:58:53.222,416.0187603283997,996
2024-09-16 12:58:53.308,416.0438006914542,1003
2024-09-16 12:58:53.388,416.0560255540245,997
2024-09-16 12:58:53.449,416.09277544015714,999
2024-09-16 12:58:53.456,416.0738198162384,97
2024-09-16 12:58:53.490,416.11022452168686,999
2024-09-16 12:58:53.515,416.0177883159871,15
2024-09-16 12:58:53.661,416.0249792245688,98
2024-09-16 12:58:53.806,416.08415345774193,100
2024-09-16 12:58:53.883,416.0880229548508,996
2024-09-16 12:58:53.901,416.07835568973394,999
2024-09-16 12:58:53.911,416.04905587524286,1001
2024-09-16 12:58:53.919,416.0984758688848,97
2024-09-16 12:58:54.206,416.05385936480593,996
2024-09-16 12:58:54.218,416.0714694773245,999
2024-09-16 12:58:54.309,416.0361929926245,998
2024-09-16 12:58:54.324,416.0333448023369,99
2024-09-16 12:58:54.391,416.0110724725503,101
2024-09-16 12:58:54.633,416.0383502771636,95
2024-09-16 12:58:54.659,416.0721585379293,1002
2024-09-16 12:58:54.757,416.0161448884181,8
2024-09-16 12:58:54.807,416.0676880849282,8
2024-09-16 12:58:55.123,416.13491119202126,997
2024-09-16 12:58:55.149,416.1070941485123,96
2024-09-16 12:58:55.300,416.0882661157017,1005
2024-09-16 12:58:55.479,416.1271648496002,96
2024-09-16 12:58:55.516,416.0959751844371,13
2024-09-16 12:58:55.614,416.1195308393735,998
2024-09-16 12:58:55.693,416.1293989427846,1000
2024-09-16 12:58:55.731,416.12832841455713,100
2024-09-16 12:58:55.742,416.0897705875148,1002
2024-09-16 12:58:55.835,416.0870267294287,997
2024-09-16 12:58:56.208,416.1200296184929,11
2024-09-16 12:58:56.439,416.1224243722815,104
2024-09-16 12:58:56.642,416.11314902899466,998
2024-09-16 12:58:56.673,416.135655510776,1002
2024-09-16 12:58:56.731,416.130645006164,15
2024-09-16 12:58:57.335,416.1026200837751,104
2024-09-16 12:58:57.381,416.09807143277527,10
2024-09-16 12:58:57.405,416.09606160669415,96
2024-09-16 12:58:57.417,416.0898962432,7
2024-09-16 12:58:57.906,416.0732519669924,10
2024-09-16 12:58:58.033,416.1142378554257,8
2024-09-16 12:58:58.071,416.0897122265687,1004
2024-09-16 12:58:58.118,416.1475397063029,998
2024-09-16 12:58:58.156,-416.1419133822001,14
2024-09-16 12:58:58.184,416.124830506716,998
2024-09-16 12:58:58.245,416.0912941068944,11
2024-09-16 12:58:58.297,416.0958965554535,103
2024-09-16 12:58:58.369,416.1103255146357,998
2024-09-16 12:58:58.395,416.13868346598895,996
2024-09-16 12:58:58.409,416.1184533846412,9
2024-09-16 12:58:58.418,416.08170815684633,11
2024-09-16 12:58:58.462,416.120762778906,995
2024-09-16 12:58:58.464,416.1501621445852,101
2024-09-16 12:58:58.509,416.0984099916009,99
2024-09-16 12:58:58.514,416.078191555198,102
2024-09-16 12:58:58.529,416.1080545523333,96
2024-09-16 12:58:58.540,416.0824053845089,11
2024-09-16 12:58:58.584,416.1142383339524,1003
2024-09-16 12:58:58.623,416.1385343134833,996
2024-09-16 12:58:58.675,416.0904830807095,1004
2024-09-16 12:58:58.754,416.1157852383259,15
2024-09-16 12:58:58.805,416.11291942802336,7
2024-09-16 12:58:58.913,416.1448862922868,998
2024-09-16 12:58:58.915,416.1477905534595,9
2024-09-16 12:58:58.937,-416.1325704370745,995
2024-09-16 12:58:58.948,416.129333115596,13
2024-09-16 12:58:59.189,416.1006764294385,96
2024-09-16 12:58:59.235,416.1223883754027,15
2024-09-16 12:58:59.503,416.0971820438646,1004
2024-09-16 12:58:59.657,416.0995105601215,100
2024-09-16 12:58:59.806,416.1180352352745,6
2024-09-16 12:58:59.870,416.13084334997984,102
2024-09-16 12:58:59.882,416.08718009719325,95
2024-09-16 12:58:59.916,,997
