Timestamp,Price,Size
2024-09-18 12:45:00.031,416.7523960639023,1004
2024-09-18 12:45:00.037,416.7533035719671,98
2024-09-18 12:45:00.037,416.7856604351079,996
2024-09-18 12:45:00.076,416.7664684697468,99
2024-09-18 12:45:00.145,416.81080239028233,13
2024-09-18 12:45:00.178,416.77325823992027,996
2024-09-18 12:45:00.201,416.76509625367805,95
2024-09-18 12:45:00.214,416.8112200734045,996
2024-09-18 12:45:00.222,416.765742428539,103
2024-09-18 12:45:00.255,416.8141263286429,1000
2024-09-18 12:45:00.256,416.7709318473133,102
2024-09-18 12:45:00.284,416.75897250336607,11
2024-09-18 12:45:00.469,416.77813369552905,101
2024-09-18 12:45:00.478,416.76419030195865,14
2024-09-18 12:45:00.489,416.8301066605293,99
2024-09-18 12:45:00.490,416.76623388228745,999
2024-09-18 12:45:00.569,416.7318018300015,97
2024-09-18 12:45:00.583,416.7994329906017,1005
2024-09-18 12:45:00.638,416.7705354672082,103
2024-09-18 12:45:00.702,416.8199575081532,98
2024-09-18 12:45:00.746,416.75529356626254,14
2024-09-18 12:45:00.757,416.8314476052227,96
2024-09-18 12:45:00.770,416.759191370493,1003
2024-09-18 12:45:00.848,416.77354889341,101
2024-09-18 12:45:00.873,416.7596479218693,101
2024-09-18 12:45:00.874,416.7707144505929,96
2024-09-18 12:45:00.879,416.7741239255339,1005
2024-09-18 12:45:00.893,416.7381647681496,6
2024-09-18 12:45:00.956,416.7704945900772,97
2024-09-18 12:45:00.967,416.7823405761899,1004
2024-09-18 12:45:01.039,416.7073448287487,9
2024-09-18 12:45:01.113,416.7381295026648,11
2024-09-18 12:45:01.127,416.73212168261705,996
2024-09-18 12:45:01.141,416.7128432473581,999
2024-09-18 12:45:01.262,416.7116086995606,14
2024-09-18 12:45:01.280,416.7440313267405,996
2024-09-18 12:45:01.290,416.74919957297,6
2024-09-18 12:45:01.410,416.74247346899335,8
2024-09-18 12:45:01.539,416.7219855020397,1004
2024-09-18 12:45:01.572,416.70433693673175,102
2024-09-18 12:45:01.863,416.7436388391023,98
2024-09-18 12:45:01.870,416.7313663641388,8
2024-09-18 12:45:02.065,416.6974564360439,13
2024-09-18 12:45:02.093,416.7119623099896,1000
2024-09-18 12:45:02.103,416.7628297580972,9
2024-09-18 12:45:02.399,416.7163181544092,100
2024-09-18 12:45:02.459,416.7243087276127,100
2024-09-18 12:45:02.481,416.7283353496157,1001
2024-09-18 12:45:02.659,416.7329707168106,101
2024-09-18 12:45:02.787,416.7261780103621,98
2024-09-18 12:45:02.792,416.7191239484118,11
2024-09-18 12:45:02.888,416.7476363873991,102
2024-09-18 12:45:02.899,416.710754747998,95
2024-09-18 12:45:02.899,416.7230461982768,14
2024-09-18 12:45:02.911,41.67574263064002,105
2024-09-18 12:45:02.934,416.7293468027916,99
2024-09-18 12:45:02.974,416.72484501020455,96
2024-09-18 12:45:02.988,416.7264291581977,100
2024-09-18 12:45:02.993,416.68662875227807,8
2024-09-18 12:45:03.020,416.65747586091567,105
2024-09-18 12:45:03.097,416.6518991500176,1000
2024-09-18 12:45:03.639,416.6648609984875,7
2024-09-18 12:45:03.894,416.6608321914947,95
2024-09-18 12:45:04.033,416.6609885127685,1005
2024-09-18 12:45:04.096,416.6844535467283,7
2024-09-18 12:45:04.101,-416.6521968217274,1002
2024-09-18 12:45:04.118,416.6548897712147,7
2024-09-18 12:45:04.164,416.66101200877927,1002
2024-09-18 12:45:04.200,416.681494623362,96
2024-09-18 12:45:04.324,416.6606067606434,5
2024-09-18 12:45:04.391,416.6709309515426,97
2024-09-18 12:45:04.614,416.64686211604993,8
2024-09-18 12:45:04.655,416.6664470618904,6
2024-09-18 12:45:04.729,416.67465976807,11
2024-09-18 12:45:04.831,416.6478257295477,101
2024-09-18 12:45:04.942,416.65375126210273,13
2024-09-18 12:45:04.969,416.6511480063784,13
2024-09-18 12:45:05.015,416.670421239242,7
2024-09-18 12:45:05.484,416.70050616924726,999
2024-09-18 12:45:05.822,416.6777231116147,999
2024-09-18 12:45:06.001,416.7061674522351,104
2024-09-18 12:45:06.031,416.6883481073071,8
2024-09-18 12:45:06.499,416.69559320151353,1000
2024-09-18 12:45:07.074,416.7324232026055,9
2024-09-18 12:45:07.163,416.7075751346827,102
2024-09-18 12:45:07.270,416.7028259440128,95
2024-09-18 12:45:07.329,416.7229761639221,102
2024-09-18 12:45:07.403,416.694908291226,104
2024-09-18 12:45:07.429,416.7151740212797,9
2024-09-18 12:45:07.429,416.6805548202005,13
2024-09-18 12:45:07.520,416.70601517750896,10
2024-09-18 12:45:07.583,416.6966021476317,998
2024-09-18 12:45:07.608,416.6919363081731,997
2024-09-18 12:45:07.631,416.7125510309575,995
2024-09-18 12:45:07.744,416.6998524892297,103
2024-09-18 12:45:07.760,416.6842870342679,996
2024-09-18 12:45:07.817,416.694634712372,103
2024-09-18 12:45:07.846,416.68604831318703,102
2024-09-18 12:45:07.855,416.703653052967,9
2024-09-18 12:45:07.947,416.6956573146692,100
2024-09-18 12:45:08.049,416.7599796700762,998
2024-09-18 12:45:08.067,416.7154015273699,1005
2024-09-18 12:45:08.087,416.7078778785527,95
2024-09-18 12:45:08.124,416.7443205736126,8
2024-09-18 12:45:08.210,416.685367854789,99
2024-09-18 12:45:08.306,416.7183515467913,97
2024-09-18 12:45:08.310,416.7315245584963,995
2024-09-18 12:45:08.322,416.7217790424448,99
2024-09-18 12:45:08.332,416.71321097961146,1002
2024-09-18 12:45:08.363,416.6982076979121,100
2024-09-18 12:45:08.381,,999
2024-09-18 12:45:08.421,416.72754714193593,6
2024-09-18 12:45:08.450,416.7129944559856,5
2024-09-18 12:45:08.526,416.74208968415496,102
2024-09-18 12:45:08.549,416.72522650623984,97
2024-09-18 12:45:08.585,416.71977755327407,1005
2024-09-18 12:45:08.586,416.697323519722,1004
2024-09-18 12:45:08.623,416.7174689681417,97
2024-09-18 12:45:08.765,416.7217743570207,997
2024-09-18 12:45:08.781,416.7112641782333,7
2024-09-18 12:45:08.824,416.7081050798428,8
2024-09-18 12:45:08.954,416.7095179879455,11
2024-09-18 12:45:08.977,416.70128258455264,1000
2024-09-18 12:45:09.092,416.8053202516927,1004
2024-09-18 12:45:09.191,416.71274597211726,95
2024-09-18 12:45:09.415,416.80381290976976,8
2024-09-18 12:45:09.423,416.72583287500913,103
2024-09-18 12:45:09.554,416.8084136498417,13
2024-09-18 12:45:09.568,416.7076532501628,105
2024-09-18 12:45:09.676,416.8247684772501,996
2024-09-18 12:45:09.726,416.6960919325397,100
2024-09-18 12:45:09.737,416.7890440909505,102
2024-09-18 12:45:09.751,416.7496047026388,95
2024-09-18 12:45:09.769,416.72341178827946,105
2024-09-18 12:45:09.824,416.7204704441432,1000
2024-09-18 12:45:09.882,416.818406000596,995
2024-09-18 12:45:09.897,416.7144605219828,98
2024-09-18 12:45:09.904,416.760245354256,97
2024-09-18 12:45:09.994,416.7905601287916,8
2024-09-18 12:45:09.994,416.7201718023372,15
2024-09-18 12:45:10.055,416.7618159995866,95
2024-09-18 12:45:10.126,416.75408198533006,103
2024-09-18 12:45:10.200,416.8071406485669,13
2024-09-18 12:45:10.207,416.7698056571732,9
2024-09-18 12:45:10.232,416.7622273802972,14
2024-09-18 12:45:10.251,416.7787445458077,102
2024-09-18 12:45:10.269,416.7681646721785,1004
2024-09-18 12:45:10.455,416.74394241604375,105
2024-09-18 12:45:10.535,41.67569597850999,98
2024-09-18 12:45:10.539,416.79816677172096,96
2024-09-18 12:45:10.653,416.7666144219728,7
2024-09-18 12:45:10.661,416.768116163808,103
2024-09-18 12:45:10.679,416.7849888170306,996
2024-09-18 12:45:10.692,416.79911483659566,997
2024-09-18 12:45:10.713,416.79168334034887,15
2024-09-18 12:45:10.727,416.78694247316497,999
2024-09-18 12:45:10.770,416.7742429560801,9
2024-09-18 12:45:10.942,416.791268055386,102
2024-09-18 12:45:10.965,416.7760873836969,1002
2024-09-18 12:45:11.026,416.7735779025216,100
2024-09-18 12:45:11.028,416.78569819351935,100
2024-09-18 12:45:11.095,416.8015553151457,97
2024-09-18 12:45:11.102,416.777676309304,8
2024-09-18 12:45:11.104,416.8152234693745,15
2024-09-18 12:45:11.142,416.7679235160836,101
2024-09-18 12:45:11.196,416.77588504744654,9
2024-09-18 12:45:11.202,416.79591037604223,99
2024-09-18 12:45:11.227,416.8147472962367,105
2024-09-18 12:45:11.240,416.8004149701738,98
2024-09-18 12:45:11.350,416.78516160313296,1005
2024-09-18 12:45:11.358,416.8027641215173,1000
2024-09-18 12:45:11.521,416.7990141745252,103
2024-09-18 12:45:11.677,416.7931631320105,9
2024-09-18 12:45:11.690,416.8033312863168,7
2024-09-18 12:45:11.806,416.8033698165906,95
2024-09-18 12:45:11.851,416.7979411883429,7
2024-09-18 12:45:11.894,416.80678573151965,9
2024-09-18 12:45:11.933,416.7964316744436,101
2024-09-18 12:45:11.973,416.8067537594792,14
2024-09-18 12:45:12.019,416.7763017088254,1005
2024-09-18 12:45:12.116,416.8347243629073,5
2024-09-18 12:45:12.132,416.7945293053656,1001
2024-09-18 12:45:12.191,416.7958755381577,15
2024-09-18 12:45:12.195,416.793290218343,9
2024-09-18 12:45:12.202,416.8032775143054,997
2024-09-18 12:45:12.203,416.8206809893159,98
2024-09-18 12:45:12.213,416.8024789463113,996
2024-09-18 12:45:12.269,416.8281033720229,11
2024-09-18 12:45:12.320,416.8056756102922,96
2024-09-18 12:45:12.332,416.80392659909927,10
2024-09-18 12:45:12.364,416.8000275425607,1000
2024-09-18 12:45:12.376,416.8338391318767,998
2024-09-18 12:45:12.394,416.8119724724973,5
2024-09-18 12:45:12.475,416.82123436032856,10
2024-09-18 12:45:12.478,416.7979999157974,98
2024-09-18 12:45:12.494,416.81776247055257,95
2024-09-18 12:45:12.596,416.8070928759204,995
2024-09-18 12:45:12.687,416.8121756705343,997
2024-09-18 12:45:12.714,416.82880148042193,6
2024-09-18 12:45:12.717,416.8210593445654,1001
2024-09-18 12:45:12.740,416.7924801206407,1002
2024-09-18 12:45:12.744,416.8173140897056,995
2024-09-18 12:45:12.811,416.8045328651639,995
2024-09-18 12:45:12.918,416.7993290098365,6
2024-09-18 12:45:12.920,416.80571263063206,8
2024-09-18 12:45:12.939,416.78523100225567,1000
2024-09-18 12:45:12.945,416.82203867887057,98
2024-09-18 12:45:12.975,416.7923157626667,99
2024-09-18 12:45:13.018,416.7513904223716,97
2024-09-18 12:45:13.182,416.7524012013623,995
2024-09-18 12:45:13.302,416.7700362468797,105
2024-09-18 12:45:13.344,416.8044748702639,997
2024-09-18 12:45:13.483,416.795596686168,1001
2024-09-18 12:45:13.607,416.767475527715,5
2024-09-18 12:45:13.624,416.740159658028,5
2024-09-18 12:45:13.756,416.8221929472317,1004
2024-09-18 12:45:14.436,416.8384960916485,12
2024-09-18 12:45:14.439,416.8544986435186,997
2024-09-18 12:45:14.552,416.8756090434247,1002
2024-09-18 12:45:14.600,416.8862652654226,103
2024-09-18 12:45:14.672,416.8359965180731,1005
2024-09-18 12:45:14.704,416.8804315800336,6
2024-09-18 12:45:14.734,416.8391145872839,13
2024-09-18 12:45:14.759,416.8595208266243,999
2024-09-18 12:45:14.871,416.879690821772,101
2024-09-18 12:45:14.909,416.8842300094944,14
2024-09-18 12:45:14.918,416.8531919735643,997
2024-09-18 12:45:14.937,416.8721562847238,6
2024-09-18 12:45:14.974,416.8816951500588,104
2024-09-18 12:45:14.982,416.90351455131065,996
2024-09-18 12:45:15.024,416.9113426051176,14
2024-09-18 12:45:15.137,41.69038867170372,1005
2024-09-18 12:45:15.145,416.8975972044149,997
2024-09-18 12:45:15.174,416.9036945581976,5
2024-09-18 12:45:15.227,416.8965136663709,9
2024-09-18 12:45:15.257,416.90292553213015,1001
2024-09-18 12:45:15.334,416.93553183613307,1000
2024-09-18 12:45:15.358,416.9175226507512,995
2024-09-18 12:45:15.360,416.90657266756045,995
2024-09-18 12:45:15.375,416.91464068906623,103
2024-09-18 12:45:15.394,416.959774535506,995
2024-09-18 12:45:15.395,416.9088509108007,105
2024-09-18 12:45:15.395,416.9270226409229,999
2024-09-18 12:45:15.396,416.9314436523376,6
2024-09-18 12:45:15.474,416.9229357117505,1001
2024-09-18 12:45:15.526,416.91345554496206,99
2024-09-18 12:45:15.538,416.8965305956061,96
2024-09-18 12:45:15.564,-416.952672937196,15
2024-09-18 12:45:15.603,416.9041838469398,10
2024-09-18 12:45:15.629,416.91982150642855,101
2024-09-18 12:45:15.664,416.8871630645533,100
2024-09-18 12:45:15.675,416.8991538942103,7
2024-09-18 12:45:15.752,416.9140608042151,8
2024-09-18 12:45:15.776,416.9264959165402,1004
2024-09-18 12:45:15.783,416.9137198701273,1005
2024-09-18 12:45:15.805,-416.92179710423017,997
2024-09-18 12:45:15.909,416.90098584715815,15
2024-09-18 12:45:15.998,416.95416965061537,1004
2024-09-18 12:45:16.099,416.9138864905365,14
2024-09-18 12:45:16.266,416.91036250180457,15
2024-09-18 12:45:16.371,416.89409645812833,7
2024-09-18 12:45:16.456,416.8893036974743,95
2024-09-18 12:45:16.494,416.9134029418663,103
2024-09-18 12:45:16.510,416.90531121144784,104
2024-09-18 12:45:16.540,416.8836520516,997
2024-09-18 12:45:16.706,416.9013362457272,6
2024-09-18 12:45:16.761,416.9110737485975,10
2024-09-18 12:45:16.848,416.9219488879969,99
2024-09-18 12:45:16.998,416.9208344333692,999
2024-09-18 12:45:17.122,416.8986123703673,5
2024-09-18 12:45:17.808,416.9052785785462,96
2024-09-18 12:45:17.814,416.8819890951792,1000
2024-09-18 12:45:18.091,416.8948542298808,10
2024-09-18 12:45:18.205,416.8988527462287,5
2024-09-18 12:45:19.394,416.889084086943,1002
2024-09-18 12:45:19.491,416.8746616989647,102
2024-09-18 12:45:19.545,416.9086297023063,6
2024-09-18 12:45:19.774,416.8888051938136,1004
2024-09-18 12:45:20.012,416.936907106588,1003
2024-09-18 12:45:20.061,416.9789930723163,1001
2024-09-18 12:45:20.200,416.9758644917338,105
2024-09-18 12:45:20.256,416.9084845157256,97
2024-09-18 12:45:20.269,416.9201909277402,101
2024-09-18 12:45:20.281,416.9033701232533,998
2024-09-18 12:45:20.292,416.94288490706185,9
2024-09-18 12:45:20.324,416.94842653556793,15
2024-09-18 12:45:20.326,416.9430593796418,8
2024-09-18 12:45:20.392,416.9624932868291,14
2024-09-18 12:45:20.404,416.9725661598025,995
2024-09-18 12:45:20.472,416.9682435557351,95
2024-09-18 12:45:20.507,416.9911981408942,98
2024-09-18 12:45:20.517,416.92879223603086,1003
2024-09-18 12:45:20.572,416.9407754605361,998
2024-09-18 12:45:20.580,416.9245423666152,1004
2024-09-18 12:45:20.589,416.9716576929695,6
2024-09-18 12:45:20.617,416.9503716700296,97
2024-09-18 12:45:20.719,416.9675662901074,104
2024-09-18 12:45:20.738,416.9164380935287,103
2024-09-18 12:45:20.745,416.9625907859353,103
2024-09-18 12:45:20.810,416.9600978587308,104
2024-09-18 12:45:20.998,416.9178382793412,96
2024-09-18 12:45:21.011,416.9648773761438,1002
2024-09-18 12:45:21.100,416.9605108448419,104
2024-09-18 12:45:21.152,416.95756117814256,15
2024-09-18 12:45:21.180,41.69612736670807,1003
2024-09-18 12:45:21.198,416.95610534268826,15
2024-09-18 12:45:21.268,416.9683496362361,104
2024-09-18 12:45:21.382,416.9669076302679,14
2024-09-18 12:45:21.395,416.9591254646195,9
2024-09-18 12:45:21.457,416.9657522747391,104
2024-09-18 12:45:21.566,416.9555823659424,10
2024-09-18 12:45:21.572,416.97710945150953,10
2024-09-18 12:45:21.597,416.9798639699348,13
2024-09-18 12:45:21.761,416.9581322725605,11
2024-09-18 12:45:21.771,416.96580013505377,1002
2024-09-18 12:45:21.793,416.9685715708866,5
2024-09-18 12:45:22.301,416.96503019206114,104
2024-09-18 12:45:22.619,416.9467849049979,999
2024-09-18 12:45:22.656,416.9647633465169,103
2024-09-18 12:45:22.894,416.9542708274877,97
2024-09-18 12:45:23.004,416.92535771555225,103
2024-09-18 12:45:23.097,416.89698059587454,14
2024-09-18 12:45:23.256,416.9014862767833,1002
2024-09-18 12:45:23.258,416.906765408603,97
2024-09-18 12:45:23.270,416.8862856623112,998
2024-09-18 12:45:23.276,416.90183584168017,104
2024-09-18 12:45:23.322,416.8891335644904,5
2024-09-18 12:45:23.327,416.9294539474133,1004
2024-09-18 12:45:23.389,416.9124571614767,99
2024-09-18 12:45:23.398,416.9131501310857,997
2024-09-18 12:45:23.404,416.89395281058006,99
2024-09-18 12:45:23.426,416.88705811199816,6
2024-09-18 12:45:23.433,416.9175391724498,100
2024-09-18 12:45:23.471,416.8930079170461,101
2024-09-18 12:45:23.478,416.94471664632897,98
2024-09-18 12:45:23.494,416.9074438717524,999
2024-09-18 12:45:23.495,416.895760343022,999
2024-09-18 12:45:23.517,416.8918494850961,1003
2024-09-18 12:45:23.543,416.9160947892472,1003
2024-09-18 12:45:23.653,416.94388180053096,101
2024-09-18 12:45:23.655,416.8964169158781,98
2024-09-18 12:45:23.703,416.9465236924357,100
2024-09-18 12:45:23.797,41.6938293506151,8
2024-09-18 12:45:23.802,416.8888165955152,100
2024-09-18 12:45:23.814,416.890545214881,997
2024-09-18 12:45:23.901,416.90939215985975,1002
2024-09-18 12:45:24.190,416.913104971029,1001
2024-09-18 12:45:24.269,416.92728296872616,10
2024-09-18 12:45:24.432,416.89927842714553,998
2024-09-18 12:45:25.018,416.89867701844463,998
2024-09-18 12:45:25.026,416.95498381453655,1002
2024-09-18 12:45:25.200,416.9727831739136,96
2024-09-18 12:45:25.203,416.9120315680322,104
2024-09-18 12:45:25.293,416.9084319782941,998
2024-09-18 12:45:25.319,416.9254468022135,103
2024-09-18 12:45:25.427,416.9177259295782,998
2024-09-18 12:45:25.428,416.9056757750633,9
2024-09-18 12:45:25.437,416.94860687092233,1001
2024-09-18 12:45:25.458,416.9462820417868,104
2024-09-18 12:45:25.505,416.9132211992713,1000
2024-09-18 12:45:25.523,416.9395084871365,101
2024-09-18 12:45:25.565,416.9579576724986,95
2024-09-18 12:45:25.637,416.9240703693594,104
2024-09-18 12:45:25.734,416.9147229247561,97
2024-09-18 12:45:25.751,416.9500687473534,97
2024-09-18 12:45:25.752,416.89921081957925,1004
2024-09-18 12:45:25.774,416.8840130779074,11
2024-09-18 12:45:25.874,416.9668646354366,100
2024-09-18 12:45:25.887,416.9518859636656,1003
2024-09-18 12:45:26.036,416.8685895084087,103
2024-09-18 12:45:26.285,416.9073769165036,997
2024-09-18 12:45:26.330,416.86785259072593,1000
2024-09-18 12:45:26.419,416.86981642862366,1002
2024-09-18 12:45:26.554,416.8603595707218,999
2024-09-18 12:45:26.730,416.8816870362511,1003
2024-09-18 12:45:27.041,416.9303092234209,104
2024-09-18 12:45:27.595,416.91483119192543,11
2024-09-18 12:45:27.633,416.9191779675447,8
2024-09-18 12:45:27.892,416.89463431894205,12
2024-09-18 12:45:27.918,416.9228391214413,105
2024-09-18 12:45:28.043,416.96662220212687,96
2024-09-18 12:45:28.081,416.9566980215527,13
2024-09-18 12:45:28.443,,14
2024-09-18 12:45:28.725,416.95407688751465,998
2024-09-18 12:45:28.794,416.9389213267796,13
2024-09-18 12:45:28.966,416.94893237256247,96
2024-09-18 12:45:29.098,41.70007064824197,99
2024-09-18 12:45:29.112,416.9557720437748,10
2024-09-18 12:45:29.222,417.050259076208,1004
2024-09-18 12:45:29.229,417.03253853393227,1003
2024-09-18 12:45:29.252,416.990384871112,999
2024-09-18 12:45:29.273,417.04452885510216,12
2024-09-18 12:45:29.303,417.005441443345,105
2024-09-18 12:45:29.344,417.0055291009062,101
2024-09-18 12:45:29.347,417.01725707260806,103
2024-09-18 12:45:29.408,417.0257267805232,7
2024-09-18 12:45:29.502,417.04839115087753,1005
2024-09-18 12:45:29.584,417.0286638393191,6
2024-09-18 12:45:29.636,417.0152080098357,10
2024-09-18 12:45:29.845,417.0228415910939,101
2024-09-18 12:45:29.923,-417.05347154703,103
2024-09-18 12:45:30.001,417.0837789386642,997
2024-09-18 12:45:30.090,417.0033711346938,9
2024-09-18 12:45:30.116,417.0388746886052,96
2024-09-18 12:45:30.163,417.03081349239625,98
2024-09-18 12:45:30.191,417.0407693491279,100
2024-09-18 12:45:30.207,417.051598697602,95
2024-09-18 12:45:30.237,417.0269740114408,8
2024-09-18 12:45:30.290,417.0651352819174,96
2024-09-18 12:45:30.335,417.03667242703887,1005
2024-09-18 12:45:30.338,417.0746581098836,104
2024-09-18 12:45:30.339,417.0483854926032,998
2024-09-18 12:45:30.407,417.0290235447156,1004
2024-09-18 12:45:30.448,417.020422611283,14
2024-09-18 12:45:30.462,417.0267941500898,96
2024-09-18 12:45:30.543,417.0165785460474,14
2024-09-18 12:45:30.550,417.00699038607866,1001
2024-09-18 12:45:30.651,417.06518827326056,14
2024-09-18 12:45:30.674,417.0154138698983,96
2024-09-18 12:45:30.699,417.036835465693,15
2024-09-18 12:45:30.908,417.0230287582064,6
2024-09-18 12:45:30.953,417.0106904216653,100
2024-09-18 12:45:30.954,417.0104863200958,102
2024-09-18 12:45:30.965,417.05927294003146,97
2024-09-18 12:45:30.993,417.01490533159824,995
2024-09-18 12:45:31.031,417.08531946830107,103
2024-09-18 12:45:31.112,417.04538563260206,13
2024-09-18 12:45:31.345,417.05783618683074,101
2024-09-18 12:45:31.388,417.0081791350325,1003
2024-09-18 12:45:31.464,417.06859167618353,1005
2024-09-18 12:45:31.523,417.06138640091,1002
2024-09-18 12:45:31.551,417.08164882187424,995
2024-09-18 12:45:31.575,417.0808945244389,9
2024-09-18 12:45:31.659,417.0892598711655,12
2024-09-18 12:45:31.773,417.066731969103,7
2024-09-18 12:45:31.826,417.0041168879164,10
2024-09-18 12:45:31.882,417.0133755761568,7
2024-09-18 12:45:31.978,417.00635154451487,1000
2024-09-18 12:45:31.997,417.0986795888631,6
2024-09-18 12:45:32.026,417.0278310165155,997
2024-09-18 12:45:32.100,416.999063752152,1002
2024-09-18 12:45:32.276,417.02634314579774,101
2024-09-18 12:45:32.659,417.0175517735773,1005
2024-09-18 12:45:32.821,417.0250858016648,11
2024-09-18 12:45:32.883,417.0331744403423,7
2024-09-18 12:45:33.058,417.0315462629033,95
2024-09-18 12:45:33.207,417.03268605992895,1005
2024-09-18 12:45:33.212,417.033341909486,13
2024-09-18 12:45:33.388,417.0289463250333,999
2024-09-18 12:45:33.394,417.0208523826808,1000
2024-09-18 12:45:33.394,417.0127730008671,15
2024-09-18 12:45:33.547,417.0291684152168,995
2024-09-18 12:45:33.559,417.00764346620014,8
2024-09-18 12:45:33.639,41.70413173023687,102
2024-09-18 12:45:33.663,417.0043897394129,998
2024-09-18 12:45:33.764,417.019138672508,6
2024-09-18 12:45:33.775,417.0252685541561,100
2024-09-18 12:45:33.804,417.02453883436885,10
2024-09-18 12:45:33.939,417.0291791671038,1000
2024-09-18 12:45:34.069,416.969917448203,995
2024-09-18 12:45:34.120,416.98722109242414,97
2024-09-18 12:45:34.270,416.9691994638844,95
2024-09-18 12:45:34.292,416.9723739701683,97
2024-09-18 12:45:34.334,417.0077322636633,12
2024-09-18 12:45:34.346,416.9755602552557,997
2024-09-18 12:45:34.385,416.9713543249961,999
2024-09-18 12:45:34.496,417.0210203498489,7
2024-09-18 12:45:34.535,416.9899434399317,96
2024-09-18 12:45:34.585,416.97868831526927,1003
2024-09-18 12:45:34.590,416.9791015672468,96
2024-09-18 12:45:34.609,417.0075941073218,1003
2024-09-18 12:45:34.628,416.9761655509491,11
2024-09-18 12:45:34.643,416.9589624151595,10
2024-09-18 12:45:34.653,416.9812949097948,100
2024-09-18 12:45:34.658,417.0261407822187,6
2024-09-18 12:45:34.811,416.9680528872258,1001
2024-09-18 12:45:34.836,416.97759444582096,998
2024-09-18 12:45:34.958,417.01433210834347,14
2024-09-18 12:45:35.022,417.0018464954486,99
2024-09-18 12:45:35.529,417.002273952144,13
2024-09-18 12:45:35.907,417.0100257924116,105
2024-09-18 12:45:36.566,417.0025100856808,996
2024-09-18 12:45:37.045,417.0114691382867,98
2024-09-18 12:45:37.060,417.05218417219766,11
2024-09-18 12:45:37.081,417.0548790672593,101
2024-09-18 12:45:37.105,417.0062913222934,12
2024-09-18 12:45:37.113,417.0346341908708,14
2024-09-18 12:45:37.182,417.0784279293965,997
2024-09-18 12:45:37.207,417.0233871749504,95
2024-09-18 12:45:37.264,417.04057586379065,1005
2024-09-18 12:45:37.270,417.0474110538011,1001
2024-09-18 12:45:37.339,417.0381024490948,999
2024-09-18 12:45:37.448,417.0527201747293,11
2024-09-18 12:45:37.454,417.049611122246,103
2024-09-18 12:45:37.481,417.01874244522094,103
2024-09-18 12:45:37.504,417.0416119769659,996
2024-09-18 12:45:37.506,417.0180107847386,995
2024-09-18 12:45:37.532,417.0153661089792,14
2024-09-18 12:45:37.539,417.0204902641959,101
2024-09-18 12:45:37.706,417.01739445441535,13
2024-09-18 12:45:37.837,417.0458822544494,999
2024-09-18 12:45:37.858,417.0439334394946,103
2024-09-18 12:45:37.963,417.0026298227663,1005
2024-09-18 12:45:38.107,417.0991408558026,1005
2024-09-18 12:45:38.298,417.11394471910256,104
2024-09-18 12:45:38.430,417.11757960766863,7
2024-09-18 12:45:38.474,417.1093411168709,11
2024-09-18 12:45:38.540,417.1031352962642,13
2024-09-18 12:45:38.615,417.0827477074537,5
2024-09-18 12:45:38.645,417.1042330606375,104
2024-09-18 12:45:38.713,417.1080516130239,1003
2024-09-18 12:45:38.860,417.095770197534,999
2024-09-18 12:45:38.884,417.0958242064951,98
2024-09-18 12:45:38.907,417.0729966276739,7
2024-09-18 12:45:38.910,417.09848438143257,1005
2024-09-18 12:45:39.099,417.1094761986973,8
2024-09-18 12:45:39.112,417.11111950545467,8
2024-09-18 12:45:39.121,417.1164664956335,102
2024-09-18 12:45:39.194,417.1136831253467,97
2024-09-18 12:45:39.298,417.1067137619563,103
2024-09-18 12:45:39.462,417.1288303235296,97
2024-09-18 12:45:39.466,417.1100035924708,101
2024-09-18 12:45:39.553,417.10424026383913,6
2024-09-18 12:45:39.758,417.0881473908115,999
2024-09-18 12:45:39.854,417.1159991119442,95
2024-09-18 12:45:39.895,417.1139333808632,1002
2024-09-18 12:45:40.070,417.1011529229519,99
2024-09-18 12:45:40.109,417.1188453466444,6
2024-09-18 12:45:40.370,417.1088147287398,998
2024-09-18 12:45:40.459,417.1265951983656,1005
2024-09-18 12:45:40.583,417.1140678906185,12
2024-09-18 12:45:40.657,417.1071914810064,9
2024-09-18 12:45:40.694,417.1226303433401,104
2024-09-18 12:45:40.769,417.10010578199785,1000
2024-09-18 12:45:40.808,417.12636981486185,99
2024-09-18 12:45:41.007,417.14648311387015,11
2024-09-18 12:45:41.060,417.1597085832839,9
2024-09-18 12:45:41.189,417.1275123303396,1003
2024-09-18 12:45:41.195,417.1494960866607,15
2024-09-18 12:45:41.195,417.1308094922888,6
2024-09-18 12:45:41.312,417.1210791489474,15
2024-09-18 12:45:41.315,417.17631083488607,1005
2024-09-18 12:45:41.429,417.1634977382373,12
2024-09-18 12:45:41.528,417.1589155758136,96
2024-09-18 12:45:41.570,417.1649869581637,1004
2024-09-18 12:45:41.610,417.16752084898974,11
2024-09-18 12:45:41.631,417.1428645860504,100
2024-09-18 12:45:41.828,417.14209567852,996
2024-09-18 12:45:41.930,417.1250112905528,5
2024-09-18 12:45:41.944,417.1441596620946,8
2024-09-18 12:45:41.960,417.121743698558,10
2024-09-18 12:45:41.968,417.160101516823,105
2024-09-18 12:45:42.099,417.1298230152148,996
2024-09-18 12:45:42.157,417.1115361954496,12
2024-09-18 12:45:42.178,417.131176579614,97
2024-09-18 12:45:42.185,417.128302609145,1004
2024-09-18 12:45:42.251,417.1311476728343,100
2024-09-18 12:45:42.320,417.1179537348449,104
2024-09-18 12:45:42.350,417.12343921559926,999
2024-09-18 12:45:42.527,417.1206293543357,998
2024-09-18 12:45:42.553,417.1209203257112,9
2024-09-18 12:45:42.592,417.1230735098598,95
2024-09-18 12:45:42.614,417.11196685085486,15
2024-09-18 12:45:42.688,417.1247838965168,1001
2024-09-18 12:45:42.698,417.1220934117912,998
2024-09-18 12:45:42.822,417.1332020599469,998
2024-09-18 12:45:43.067,417.1415869351911,97
2024-09-18 12:45:43.149,417.12890895881753,13
2024-09-18 12:45:43.256,417.1244245856399,99
2024-09-18 12:45:43.273,41.71145162674264,13
2024-09-18 12:45:43.284,41.71524044101765,101
2024-09-18 12:45:43.316,417.1579097524952,12
2024-09-18 12:45:43.634,417.1288879146098,95
2024-09-18 12:45:43.658,417.133195909084,6
2024-09-18 12:45:43.659,417.0941396847309,15
2024-09-18 12:45:43.772,417.16781088610753,7
2024-09-18 12:45:43.804,417.1289188278098,105
2024-09-18 12:45:43.816,417.1453475637858,11
2024-09-18 12:45:43.888,417.1105692727293,1000
2024-09-18 12:45:43.913,417.1113727009176,1003
2024-09-18 12:45:43.939,417.1248630179594,998
2024-09-18 12:45:43.952,417.08857769689126,996
2024-09-18 12:45:44.040,417.14845417687457,98
2024-09-18 12:45:44.093,417.1506923890075,102
2024-09-18 12:45:44.099,417.15832151772014,104
2024-09-18 12:45:44.234,417.16062277481166,1003
2024-09-18 12:45:44.245,417.1764090192237,10
2024-09-18 12:45:44.311,417.1931652573697,997
2024-09-18 12:45:44.322,417.18333133950136,1000
2024-09-18 12:45:44.435,417.1408906495534,5
2024-09-18 12:45:44.457,417.1913409404765,11
2024-09-18 12:45:44.575,417.1616647958985,1002
2024-09-18 12:45:44.581,417.1840715951643,98
2024-09-18 12:45:44.612,417.1896242562028,101
2024-09-18 12:45:44.658,417.1740699403941,6
2024-09-18 12:45:44.739,,100
2024-09-18 12:45:44.768,417.1590104343869,13
2024-09-18 12:45:44.801,417.15845624736994,1003
2024-09-18 12:45:44.804,417.1577950921387,997
2024-09-18 12:45:44.899,417.17317510496656,5
2024-09-18 12:45:44.986,417.1841308568386,13
2024-09-18 12:45:45.143,417.1214131727447,5
2024-09-18 12:45:45.297,417.13478083615456,98
2024-09-18 12:45:45.487,417.14955993205575,998
2024-09-18 12:45:45.685,417.1483973606768,14
2024-09-18 12:45:45.973,417.1365493600483,11
2024-09-18 12:45:46.010,417.15495828823225,100
2024-09-18 12:45:46.024,417.03602683372,102
2024-09-18 12:45:46.057,417.1375476861151,105
2024-09-18 12:45:46.078,417.0743549481453,104
2024-09-18 12:45:46.097,417.140615013602,15
2024-09-18 12:45:46.101,41.7082562900429,102
2024-09-18 12:45:46.290,417.130872083775,99
2024-09-18 12:45:46.300,417.1315531408353,104
2024-09-18 12:45:46.357,417.13730801305474,104
2024-09-18 12:45:46.445,417.0861372523902,11
2024-09-18 12:45:46.467,417.136746520648,104
2024-09-18 12:45:46.497,417.1052970362879,6
2024-09-18 12:45:46.518,417.0968429899596,1005
2024-09-18 12:45:46.539,417.1333553739507,13
2024-09-18 12:45:46.547,417.1079939447218,1000
2024-09-18 12:45:46.564,417.1425223651668,101
2024-09-18 12:45:46.590,417.1311846318907,995
2024-09-18 12:45:46.748,417.13477762216,995
2024-09-18 12:45:46.779,417.1048539737784,99
2024-09-18 12:45:46.805,417.1188542058789,104
2024-09-18 12:45:46.825,417.1431510163086,1002
2024-09-18 12:45:46.860,417.08207406286215,14
2024-09-18 12:45:46.870,417.0838784274094,1002
2024-09-18 12:45:46.921,417.13748801379,9
2024-09-18 12:45:46.950,417.14081126555726,10
2024-09-18 12:45:46.993,417.1330434255834,101
2024-09-18 12:45:47.290,417.0321049971315,1003
2024-09-18 12:45:47.291,417.0285422021544,996
2024-09-18 12:45:47.530,417.0600318403805,97
2024-09-18 12:45:47.640,417.0219499609383,13
2024-09-18 12:45:48.011,417.0594516659061,6
2024-09-18 12:45:48.033,416.9841101828216,8
2024-09-18 12:45:48.081,416.9588155776228,6
2024-09-18 12:45:48.112,416.9914958641896,1000
2024-09-18 12:45:48.130,417.0176344759834,1000
2024-09-18 12:45:48.201,417.03673090449735,998
2024-09-18 12:45:48.226,416.9545021473867,13
2024-09-18 12:45:48.251,417.018762483524,1004
2024-09-18 12:45:48.378,,10
2024-09-18 12:45:48.379,417.0507324380072,12
2024-09-18 12:45:48.442,417.0404527227245,1001
2024-09-18 12:45:48.471,416.9294898181996,12
2024-09-18 12:45:48.538,416.9655790745894,1002
2024-09-18 12:45:48.540,417.0195703171016,6
2024-09-18 12:45:48.657,417.0103758405177,14
2024-09-18 12:45:48.704,416.947398463653,99
2024-09-18 12:45:48.750,417.0147371894858,6
2024-09-18 12:45:48.834,417.030011131979,9
2024-09-18 12:45:48.965,416.9359581739627,1002
2024-09-18 12:45:48.978,416.99087503895896,1001
2024-09-18 12:45:49.025,417.036223685614,105
2024-09-18 12:45:49.075,417.00781888455737,1000
2024-09-18 12:45:49.247,417.0418494297661,95
2024-09-18 12:45:49.295,417.04612762697246,5
2024-09-18 12:45:49.344,416.9828795647047,995
2024-09-18 12:45:49.398,417.0215988899865,99
2024-09-18 12:45:49.407,417.0251963233893,97
2024-09-18 12:45:49.432,416.9877007172316,9
2024-09-18 12:45:49.499,417.0074341951077,12
2024-09-18 12:45:49.521,417.0251015115703,999
2024-09-18 12:45:49.523,417.0083616796125,15
2024-09-18 12:45:49.523,417.0214961111892,12
2024-09-18 12:45:49.526,417.018672674918,10
2024-09-18 12:45:49.532,417.0442263330634,995
2024-09-18 12:45:49.532,417.03039511736256,101
2024-09-18 12:45:49.545,416.999211159198,7
2024-09-18 12:45:49.565,417.03637331503967,998
2024-09-18 12:45:49.574,417.0379702051748,6
2024-09-18 12:45:49.616,417.042543418594,97
2024-09-18 12:45:49.651,416.9877652383577,104
2024-09-18 12:45:49.871,417.0406179186739,1004
2024-09-18 12:45:49.920,417.0264933630632,6
2024-09-18 12:45:49.922,417.0135994932903,1005
2024-09-18 12:45:49.972,417.0244711890258,1001
2024-09-18 12:45:49.976,417.02993089439786,995
2024-09-18 12:45:49.986,417.0351117208883,1002
2024-09-18 12:45:49.989,417.01251425755794,10
2024-09-18 12:45:50.075,417.0054883212115,1003
2024-09-18 12:45:50.086,416.9966247552339,13
2024-09-18 12:45:50.107,416.97900919882,14
2024-09-18 12:45:50.113,417.05442552294426,100
2024-09-18 12:45:50.163,417.056224037266,1005
2024-09-18 12:45:50.181,417.0219250026555,1003
2024-09-18 12:45:50.239,417.0570334965772,103
2024-09-18 12:45:50.243,417.0287314313257,98
2024-09-18 12:45:50.260,417.0149952441032,10
2024-09-18 12:45:50.293,417.0167966830553,11
2024-09-18 12:45:50.312,417.0058672970092,98
2024-09-18 12:45:50.345,417.00968204778405,998
2024-09-18 12:45:50.376,417.04794467258114,104
2024-09-18 12:45:50.416,417.0007597119321,999
2024-09-18 12:45:50.464,417.00216010680447,1001
2024-09-18 12:45:50.471,417.0085145223165,10
2024-09-18 12:45:50.507,416.9965372438816,997
2024-09-18 12:45:50.551,416.98549955584593,99
2024-09-18 12:45:50.574,417.0112097954015,11
2024-09-18 12:45:50.591,417.0026278905301,5
2024-09-18 12:45:50.697,417.0454150953313,1001
2024-09-18 12:45:50.730,417.0479241884563,98
2024-09-18 12:45:50.804,416.9850545595056,1000
2024-09-18 12:45:50.863,417.0158099186946,100
2024-09-18 12:45:50.977,417.0235362042673,998
2024-09-18 12:45:51.069,417.0688824084661,5
2024-09-18 12:45:51.127,417.03034592909216,6
2024-09-18 12:45:51.248,417.0511864046947,95
2024-09-18 12:45:51.261,41.70301578923889,1002
2024-09-18 12:45:51.592,417.0304418772882,5
2024-09-18 12:45:51.720,417.0649010917969,1003
2024-09-18 12:45:51.742,417.01921749989833,995
2024-09-18 12:45:51.823,417.0156036096628,1002
2024-09-18 12:45:51.842,417.0548967324864,1002
2024-09-18 12:45:51.931,417.0683150129365,11
2024-09-18 12:45:51.957,417.0401872089612,10
2024-09-18 12:45:51.978,417.0567602674792,104
2024-09-18 12:45:52.036,417.02854882657743,5
2024-09-18 12:45:52.071,416.97797203669455,1004
2024-09-18 12:45:52.088,416.94329013883726,996
2024-09-18 12:45:52.175,416.8966415143359,1003
2024-09-18 12:45:52.272,417.04118763877807,97
2024-09-18 12:45:52.282,416.9615045753374,1001
2024-09-18 12:45:52.315,416.96587189814846,5
2024-09-18 12:45:52.318,416.9818219227624,1000
2024-09-18 12:45:52.318,416.8969757540171,997
2024-09-18 12:45:52.401,416.8944926773164,101
2024-09-18 12:45:52.419,416.9544636419655,998
2024-09-18 12:45:52.434,416.9211026666112,1005
2024-09-18 12:45:52.470,416.95163249976497,5
2024-09-18 12:45:52.487,417.0082801523055,997
2024-09-18 12:45:52.564,416.901696281783,6
2024-09-18 12:45:52.602,417.0441683014976,1000
2024-09-18 12:45:52.615,416.90831226215846,1005
2024-09-18 12:45:52.711,416.9679129164888,1000
2024-09-18 12:45:52.712,416.9620501676015,104
2024-09-18 12:45:52.750,416.86774120045527,102
2024-09-18 12:45:52.796,416.9546255326322,995
2024-09-18 12:45:52.810,416.9651442397461,15
2024-09-18 12:45:52.811,416.9491438405348,102
2024-09-18 12:45:52.930,416.97591254448906,7
2024-09-18 12:45:52.940,416.8678502283356,999
2024-09-18 12:45:52.962,416.9981473039548,95
2024-09-18 12:45:52.974,417.0332829886344,98
2024-09-18 12:45:52.976,416.9743273222008,7
2024-09-18 12:45:52.998,416.9667343404735,96
2024-09-18 12:45:53.001,416.86594283315065,9
2024-09-18 12:45:53.059,416.8931440357709,7
2024-09-18 12:45:53.062,416.8788401100527,99
2024-09-18 12:45:53.094,416.8643672681252,102
2024-09-18 12:45:53.103,416.8644850862749,998
2024-09-18 12:45:53.107,416.8278664644486,103
2024-09-18 12:45:53.122,416.83415023077407,97
2024-09-18 12:45:53.151,416.8078304227267,997
2024-09-18 12:45:53.153,416.8121093239923,95
2024-09-18 12:45:53.220,416.8603043839277,1002
2024-09-18 12:45:53.281,416.9011760437784,96
2024-09-18 12:45:53.285,416.8630834546631,1003
2024-09-18 12:45:53.385,416.8843428527501,9
2024-09-18 12:45:53.470,416.8363107325744,999
2024-09-18 12:45:53.472,416.8159112633995,998
2024-09-18 12:45:53.532,416.8456601729212,1004
2024-09-18 12:45:53.562,416.86385604071694,997
2024-09-18 12:45:53.669,416.8401290558279,100
2024-09-18 12:45:53.676,416.87351092839646,105
2024-09-18 12:45:53.763,416.8518310169383,998
2024-09-18 12:45:53.777,416.8520685183276,1000
2024-09-18 12:45:53.791,416.8109528427132,10
2024-09-18 12:45:53.835,416.8084965183215,95
2024-09-18 12:45:53.891,416.8035322171742,1000
2024-09-18 12:45:53.927,416.8340280152509,997
2024-09-18 12:45:54.023,416.8647099980885,96
2024-09-18 12:45:54.105,416.8971057893846,7
2024-09-18 12:45:54.112,416.8325462357335,6
2024-09-18 12:45:54.129,416.8626847089191,1000
2024-09-18 12:45:54.215,-416.85598111667423,1005
2024-09-18 12:45:54.228,416.87768171988256,995
2024-09-18 12:45:54.244,416.8630719345397,5
2024-09-18 12:45:54.332,416.8830905222176,100
2024-09-18 12:45:54.653,416.8708385598832,998
2024-09-18 12:45:54.822,416.8438104838982,996
2024-09-18 12:45:54.871,416.8996618706433,1005
2024-09-18 12:45:54.998,416.8554054166989,9
2024-09-18 12:45:55.029,416.8717757619974,104
2024-09-18 12:45:55.054,416.9110419319576,98
2024-09-18 12:45:55.067,416.873418182116,14
2024-09-18 12:45:55.130,416.8524276708016,6
2024-09-18 12:45:55.170,416.8659797514279,7
2024-09-18 12:45:55.181,416.86079555071353,13
2024-09-18 12:45:55.243,416.8694301990116,1001
2024-09-18 12:45:55.255,416.8589899301513,999
2024-09-18 12:45:55.265,416.8813933171708,1002
2024-09-18 12:45:55.331,416.8929333520829,15
2024-09-18 12:45:55.357,416.8674200436774,104
2024-09-18 12:45:55.380,416.8693739580171,102
2024-09-18 12:45:55.440,416.869550631825,102
2024-09-18 12:45:55.468,416.8614623270634,1005
2024-09-18 12:45:55.548,416.8403260109521,100
2024-09-18 12:45:55.557,416.8653600695395,104
2024-09-18 12:45:55.616,,999
2024-09-18 12:45:55.618,416.8812892921897,9
2024-09-18 12:45:55.622,416.8491260665241,995
2024-09-18 12:45:55.648,416.8481257070621,103
2024-09-18 12:45:55.682,41.687104441971215,6
2024-09-18 12:45:55.691,416.8747372593473,102
2024-09-18 12:45:55.713,416.85656574460495,6
2024-09-18 12:45:55.836,416.875967584766,999
2024-09-18 12:45:55.841,416.8961117869175,995
2024-09-18 12:45:55.967,416.8657609462184,104
2024-09-18 12:45:55.979,416.8682519538452,14
2024-09-18 12:45:55.986,416.8874937775226,103
2024-09-18 12:45:56.028,416.8247159168016,95
2024-09-18 12:45:56.068,416.8250608775125,13
2024-09-18 12:45:56.126,416.91240409927326,14
2024-09-18 12:45:56.136,416.8336313095274,995
2024-09-18 12:45:56.145,416.8780364513744,101
2024-09-18 12:45:56.166,416.8907722091303,995
2024-09-18 12:45:56.181,416.82096271940094,8
2024-09-18 12:45:56.216,416.9195151476524,1003
2024-09-18 12:45:56.358,416.8620790787204,11
2024-09-18 12:45:56.387,416.81822863314295,96
2024-09-18 12:45:56.388,416.83913869844207,5
2024-09-18 12:45:56.402,416.8811686605698,1004
2024-09-18 12:45:56.508,416.8791151156587,1002
2024-09-18 12:45:56.576,416.8766801360188,997
2024-09-18 12:45:56.658,416.8891704734901,102
2024-09-18 12:45:56.661,416.8448756239325,996
2024-09-18 12:45:56.685,416.8895992123967,104
2024-09-18 12:45:56.689,416.82899380731885,997
2024-09-18 12:45:56.714,416.8440433448575,97
2024-09-18 12:45:56.716,416.80485262717866,12
2024-09-18 12:45:56.726,416.9026926075361,1002
2024-09-18 12:45:56.803,416.9034148512366,98
2024-09-18 12:45:56.866,416.8369696606364,6
2024-09-18 12:45:57.050,416.86011536127927,99
2024-09-18 12:45:57.091,416.8979596038917,97
2024-09-18 12:45:57.199,416.8751385255849,9
2024-09-18 12:45:57.245,416.92014813991113,98
2024-09-18 12:45:57.490,416.9282180555717,1000
2024-09-18 12:45:57.633,416.8558593637952,13
2024-09-18 12:45:57.701,416.86709681802313,98
2024-09-18 12:45:57.709,416.8900690195263,15
2024-09-18 12:45:57.712,416.8858533144421,5
2024-09-18 12:45:57.731,416.9139181252827,103
2024-09-18 12:45:57.805,416.9239907760451,104
2024-09-18 12:45:57.841,416.920519075449,14
2024-09-18 12:45:57.885,416.89948584886776,103
2024-09-18 12:45:58.014,416.9059155091482,101
2024-09-18 12:45:58.046,416.9519975620696,996
2024-09-18 12:45:58.048,416.9260946949509,102
2024-09-18 12:45:58.098,416.8848664573719,105
2024-09-18 12:45:58.138,416.9092752667576,98
2024-09-18 12:45:58.168,416.9462762144093,7
2024-09-18 12:45:58.204,416.8869914055852,1000
2024-09-18 12:45:58.204,416.9594090238917,995
2024-09-18 12:45:58.243,416.95118356872126,997
2024-09-18 12:45:58.250,416.88384878712986,6
2024-09-18 12:45:58.300,416.96366588864464,5
2024-09-18 12:45:58.315,416.8739814932322,100
2024-09-18 12:45:58.372,-416.9142782919636,6
2024-09-18 12:45:58.395,416.88796572519055,1004
2024-09-18 12:45:58.408,416.8936480699388,5
2024-09-18 12:45:58.420,416.9118882593978,1003
2024-09-18 12:45:58.493,416.89571857317736,100
2024-09-18 12:45:58.503,416.94703722874857,1001
2024-09-18 12:45:58.536,416.9400810209519,6
2024-09-18 12:45:58.558,416.9680288508322,102
2024-09-18 12:45:58.648,,7
2024-09-18 12:45:58.690,416.9639917147335,12
2024-09-18 12:45:58.762,416.87703853736735,103
2024-09-18 12:45:58.763,416.8703729169258,104
2024-09-18 12:45:58.825,416.9123859632351,14
2024-09-18 12:45:58.856,416.9084644763683,99
2024-09-18 12:45:58.883,416.8993803987295,99
2024-09-18 12:45:58.903,416.8746620514341,10
2024-09-18 12:45:58.993,416.9204156599,1005
2024-09-18 12:45:59.027,416.93739656614014,100
2024-09-18 12:45:59.031,416.9276250545631,1003
2024-09-18 12:45:59.046,416.9156574597019,996
2024-09-18 12:45:59.060,416.8940937726921,103
2024-09-18 12:45:59.158,416.92003763055226,100
2024-09-18 12:45:59.229,416.9157656506703,7
2024-09-18 12:45:59.329,416.8869189907687,8
2024-09-18 12:45:59.506,416.925014392436,95
2024-09-18 12:45:59.521,416.90323318723216,95
2024-09-18 12:45:59.556,416.9009973066716,99
2024-09-18 12:45:59.684,416.9042135897411,14
2024-09-18 12:45:59.687,416.9068149584553,95
2024-09-18 12:45:59.918,416.89487836299423,995
2024-09-18 12:45:59.921,416.9103743377856,1000
