Timestamp,Price,Size
2024-09-18 11:19:00.005,415.58385688763457,997
2024-09-18 11:19:00.033,415.60868718439394,999
2024-09-18 11:19:00.053,415.6169807079443,99
2024-09-18 11:19:00.074,415.6285371787975,998
2024-09-18 11:19:00.148,415.63278338792,95
2024-09-18 11:19:00.180,415.6000063181204,996
2024-09-18 11:19:00.263,-415.6302072446365,1005
2024-09-18 11:19:00.309,415.6400483699071,997
2024-09-18 11:19:00.471,415.5706468841765,1002
2024-09-18 11:19:00.490,415.6315931710942,1000
2024-09-18 11:19:00.533,415.6298748408683,6
2024-09-18 11:19:00.577,415.6330167985302,96
2024-09-18 11:19:00.680,415.6223110302469,1005
2024-09-18 11:19:00.720,-415.6420444254844,11
2024-09-18 11:19:00.756,415.5710720299487,15
2024-09-18 11:19:00.825,415.64105564737554,15
2024-09-18 11:19:00.969,415.6259725814891,996
2024-09-18 11:19:01.057,415.60134002415873,1005
2024-09-18 11:19:01.110,415.6019992343757,1001
2024-09-18 11:19:01.126,415.5932088302327,10
2024-09-18 11:19:01.145,415.6190156425733,1000
2024-09-18 11:19:01.152,415.6021595062856,95
2024-09-18 11:19:01.165,415.59372483525976,997
2024-09-18 11:19:01.172,415.5907808441834,98
2024-09-18 11:19:01.188,415.6272773478459,12
2024-09-18 11:19:01.282,415.592315511598,6
2024-09-18 11:19:01.380,-415.6349005620347,105
2024-09-18 11:19:01.424,415.5944590550129,1003
2024-09-18 11:19:01.444,415.6131268900609,8
2024-09-18 11:19:01.471,415.5949039880656,998
2024-09-18 11:19:01.501,415.5870869617728,14
2024-09-18 11:19:01.502,415.6083959553476,1001
2024-09-18 11:19:01.556,415.5778919802626,15
2024-09-18 11:19:01.631,415.6008688754808,999
2024-09-18 11:19:01.637,415.637492969613,101
2024-09-18 11:19:01.639,415.598112480658,99
2024-09-18 11:19:01.692,415.56536883013416,5
2024-09-18 11:19:01.733,415.5979012507262,100
2024-09-18 11:19:01.758,415.58348399686014,995
2024-09-18 11:19:01.829,415.5875876145231,99
2024-09-18 11:19:01.958,415.6321344484011,1004
2024-09-18 11:19:01.982,415.5978584944763,7
2024-09-18 11:19:01.991,415.6506628584247,105
2024-09-18 11:19:02.022,415.56224345610593,95
2024-09-18 11:19:02.090,415.5387036580525,8
2024-09-18 11:19:02.109,415.563123247313,996
2024-09-18 11:19:02.112,415.5866760273407,997
2024-09-18 11:19:02.124,415.5528367885058,15
2024-09-18 11:19:02.205,415.57212867185103,998
2024-09-18 11:19:02.227,415.6002666328977,9
2024-09-18 11:19:02.234,415.5851499473146,1004
2024-09-18 11:19:02.247,415.5485609816768,1003
2024-09-18 11:19:02.275,415.6024650785816,102
2024-09-18 11:19:02.402,415.55402686103423,9
2024-09-18 11:19:02.498,415.5856786444546,1001
2024-09-18 11:19:02.588,415.5898875083673,99
2024-09-18 11:19:02.634,415.5997561658699,13
2024-09-18 11:19:02.711,415.6057608739976,1004
2024-09-18 11:19:02.728,415.5495547958946,7
2024-09-18 11:19:02.762,415.5846370694483,102
2024-09-18 11:19:02.806,415.586745196147,97
2024-09-18 11:19:02.836,415.5507694873363,11
2024-09-18 11:19:02.897,415.5515890347922,997
2024-09-18 11:19:03.039,415.5154282546842,1002
2024-09-18 11:19:03.057,415.5300719674098,101
2024-09-18 11:19:03.073,415.5214241911757,104
2024-09-18 11:19:03.095,415.5544919371047,996
2024-09-18 11:19:03.134,415.5450515616281,1001
2024-09-18 11:19:03.141,415.5356993219157,99
2024-09-18 11:19:03.197,415.5115333279308,10
2024-09-18 11:19:03.258,415.5189519929434,105
2024-09-18 11:19:03.271,415.5369877730396,1002
2024-09-18 11:19:03.277,415.4965962885457,104
2024-09-18 11:19:03.466,415.5562882974107,1005
2024-09-18 11:19:03.508,415.536052471042,10
2024-09-18 11:19:03.517,41.5538535295307,104
2024-09-18 11:19:03.552,415.5542578226515,10
2024-09-18 11:19:03.580,415.528530460744,96
2024-09-18 11:19:03.680,415.5339210682445,1004
2024-09-18 11:19:03.690,415.5432635976189,11
2024-09-18 11:19:03.716,415.50727762617777,1005
2024-09-18 11:19:03.786,415.5487921920859,1005
2024-09-18 11:19:03.846,415.5476870640188,14
2024-09-18 11:19:03.877,415.5472002867788,1001
2024-09-18 11:19:03.894,415.5589700260388,5
2024-09-18 11:19:03.987,415.52354062779375,105
2024-09-18 11:19:03.994,415.5275814963233,999
2024-09-18 11:19:04.014,415.5693529486726,96
2024-09-18 11:19:04.015,415.5820760939138,1000
2024-09-18 11:19:04.055,415.54105644535673,8
2024-09-18 11:19:04.163,415.57307658547336,104
2024-09-18 11:19:04.205,415.5551411051247,5
2024-09-18 11:19:04.237,415.5721978228945,999
2024-09-18 11:19:04.296,415.5727022058005,96
2024-09-18 11:19:04.365,415.5796671058937,1005
2024-09-18 11:19:04.373,415.5581296282798,995
2024-09-18 11:19:04.459,415.5535880825639,1005
2024-09-18 11:19:04.477,415.57490160928376,12
2024-09-18 11:19:04.519,415.5769415936702,1004
2024-09-18 11:19:04.598,415.58231389216826,1001
2024-09-18 11:19:04.606,415.56722556444464,996
2024-09-18 11:19:04.672,415.5671085415296,99
2024-09-18 11:19:04.674,415.5815829981664,104
2024-09-18 11:19:04.698,415.57539663625937,9
2024-09-18 11:19:04.721,415.56231247446686,103
2024-09-18 11:19:04.728,415.5779146676476,5
2024-09-18 11:19:04.922,415.5796536295528,104
2024-09-18 11:19:04.978,415.5558801222249,1003
2024-09-18 11:19:04.999,415.5712091085393,13
2024-09-18 11:19:05.187,415.5137089429369,8
2024-09-18 11:19:05.201,41.55620646465636,100
2024-09-18 11:19:05.203,415.507275279928,996
2024-09-18 11:19:05.237,415.48408545259167,95
2024-09-18 11:19:05.252,415.5630355854061,1000
2024-09-18 11:19:05.285,415.5458987305857,8
2024-09-18 11:19:05.356,415.52994669097495,97
2024-09-18 11:19:05.368,415.49882547283227,13
2024-09-18 11:19:05.377,415.5421728321548,1003
2024-09-18 11:19:05.468,415.5575665855413,8
2024-09-18 11:19:05.478,415.56889469418,8
2024-09-18 11:19:05.503,415.4922001976337,101
2024-09-18 11:19:05.515,415.4862869795375,997
2024-09-18 11:19:05.527,415.5128773939517,12
2024-09-18 11:19:05.529,415.5415561147244,11
2024-09-18 11:19:05.536,415.5714224940957,105
2024-09-18 11:19:05.547,415.5626632398828,15
2024-09-18 11:19:05.618,415.5714438468479,13
2024-09-18 11:19:05.654,415.5586324625484,1004
2024-09-18 11:19:05.682,415.559215270721,95
2024-09-18 11:19:05.689,,12
2024-09-18 11:19:05.789,415.5071294937171,103
2024-09-18 11:19:05.847,415.5584635679403,12
2024-09-18 11:19:05.927,415.5264744058922,103
2024-09-18 11:19:05.943,415.5334749082256,103
2024-09-18 11:19:05.953,415.49885870588525,8
2024-09-18 11:19:05.979,415.5233193380064,103
2024-09-18 11:19:05.995,415.5115857299674,13
2024-09-18 11:19:06.009,415.6004497225841,13
2024-09-18 11:19:06.030,415.5258512307444,104
2024-09-18 11:19:06.039,415.5579006593361,8
2024-09-18 11:19:06.220,415.59804563124,1002
2024-09-18 11:19:06.295,415.6060933338304,8
2024-09-18 11:19:06.296,415.5331663369287,101
2024-09-18 11:19:06.304,415.6199312980218,999
2024-09-18 11:19:06.316,415.5816396262231,100
2024-09-18 11:19:06.362,415.6187269871916,102
2024-09-18 11:19:06.368,415.5678592960229,9
2024-09-18 11:19:06.644,415.5323325661897,5
2024-09-18 11:19:06.645,415.56033964938246,103
2024-09-18 11:19:06.645,415.60313191084566,99
2024-09-18 11:19:06.690,415.59361286011466,98
2024-09-18 11:19:06.841,415.6041606105577,8
2024-09-18 11:19:06.847,415.60699353019794,9
2024-09-18 11:19:06.918,415.5975561410346,8
2024-09-18 11:19:07.198,415.60780532497694,999
2024-09-18 11:19:07.622,415.5956333616193,1003
2024-09-18 11:19:07.807,415.6297489430224,95
2024-09-18 11:19:07.956,415.62638887804985,5
2024-09-18 11:19:08.120,415.61196228505753,999
2024-09-18 11:19:08.153,415.6184503576784,1002
2024-09-18 11:19:08.732,415.63462819654967,7
2024-09-18 11:19:08.965,415.625131523543,102
2024-09-18 11:19:09.092,415.6215417675151,10
2024-09-18 11:19:09.435,415.6152824371028,10
2024-09-18 11:19:09.539,415.6216218106597,14
2024-09-18 11:19:09.568,415.62535328458586,95
2024-09-18 11:19:09.616,415.6153423781215,6
2024-09-18 11:19:09.726,-415.6213630335868,996
2024-09-18 11:19:09.887,415.6252603481676,5
2024-09-18 11:19:10.237,415.6400595709886,11
2024-09-18 11:19:10.267,415.6236870193901,7
2024-09-18 11:19:10.312,415.6331498262088,1004
2024-09-18 11:19:10.517,415.61905893130114,101
2024-09-18 11:19:10.694,415.6208615139467,13
2024-09-18 11:19:10.750,415.6137989846797,997
2024-09-18 11:19:10.806,415.61963998624105,1005
2024-09-18 11:19:10.940,415.6183416773167,101
2024-09-18 11:19:11.121,415.6537356712103,1000
2024-09-18 11:19:11.125,415.6158422432484,1000
2024-09-18 11:19:11.184,415.6232842703261,5
2024-09-18 11:19:11.189,41.56577678416983,104
2024-09-18 11:19:11.193,415.6525634211008,102
2024-09-18 11:19:11.215,415.671905321193,999
2024-09-18 11:19:11.240,415.6378483499336,101
2024-09-18 11:19:11.245,415.6343274116814,13
2024-09-18 11:19:11.249,415.6452613227908,1003
2024-09-18 11:19:11.269,415.6340918846356,104
2024-09-18 11:19:11.329,415.6510916890323,104
2024-09-18 11:19:11.330,-415.6637550632566,103
2024-09-18 11:19:11.342,415.6148488673084,1001
2024-09-18 11:19:11.362,415.6682284924924,100
2024-09-18 11:19:11.386,415.6180482438681,6
2024-09-18 11:19:11.495,415.6439460424624,997
2024-09-18 11:19:11.578,415.6668378421112,98
2024-09-18 11:19:11.603,415.62347297775614,995
2024-09-18 11:19:11.636,415.6326335269204,999
2024-09-18 11:19:11.654,415.6377043343581,99
2024-09-18 11:19:11.667,415.66580691481767,1002
2024-09-18 11:19:11.756,415.65009691749015,101
2024-09-18 11:19:11.844,415.6324885419311,1002
2024-09-18 11:19:12.058,415.63103114012586,999
2024-09-18 11:19:12.178,415.6369007991488,1003
2024-09-18 11:19:12.187,415.6248351912066,95
2024-09-18 11:19:12.436,415.64578722376166,101
2024-09-18 11:19:12.463,415.64889289037137,13
2024-09-18 11:19:12.476,415.6496219769362,8
2024-09-18 11:19:12.523,415.6351599109148,13
2024-09-18 11:19:12.527,415.635562853924,102
2024-09-18 11:19:12.540,415.6670291161308,1002
2024-09-18 11:19:12.565,415.6507637449951,997
2024-09-18 11:19:12.600,415.6300796881064,100
2024-09-18 11:19:12.724,415.6190500419318,103
2024-09-18 11:19:12.814,415.6271998291765,14
2024-09-18 11:19:13.086,415.6193016891961,105
2024-09-18 11:19:13.147,415.5951682889411,1001
2024-09-18 11:19:13.200,415.61558744271184,997
2024-09-18 11:19:13.246,,7
2024-09-18 11:19:13.485,415.58148385640135,97
2024-09-18 11:19:13.566,415.6000927611511,1000
2024-09-18 11:19:13.675,415.6184386256057,7
2024-09-18 11:19:13.737,415.6212402141763,103
2024-09-18 11:19:13.749,415.6099369055685,1005
2024-09-18 11:19:13.838,415.6083844321101,1001
2024-09-18 11:19:13.868,415.5797139724949,102
2024-09-18 11:19:13.953,415.5916517230524,7
2024-09-18 11:19:14.007,415.5894029770384,5
2024-09-18 11:19:14.050,415.56355313725646,101
2024-09-18 11:19:14.227,415.549376304442,9
2024-09-18 11:19:14.278,415.5558462454033,12
2024-09-18 11:19:14.310,415.5460517260509,104
2024-09-18 11:19:14.332,415.5607105902203,9
2024-09-18 11:19:14.337,415.5553899980002,5
2024-09-18 11:19:14.397,415.5616682691166,7
2024-09-18 11:19:14.501,415.57260028383166,104
2024-09-18 11:19:14.509,415.59199965282977,105
2024-09-18 11:19:14.557,415.5596467102547,5
2024-09-18 11:19:14.618,415.5800479972461,998
2024-09-18 11:19:14.642,415.5655434138544,104
2024-09-18 11:19:14.645,415.56746450879086,12
2024-09-18 11:19:14.868,415.5910337630753,7
2024-09-18 11:19:14.883,415.55722079595057,103
2024-09-18 11:19:14.997,415.5551331030949,10
2024-09-18 11:19:15.446,415.5850238731607,97
2024-09-18 11:19:15.740,415.58773868053896,6
2024-09-18 11:19:15.877,415.5682353447244,9
2024-09-18 11:19:16.008,415.6341950136708,14
2024-09-18 11:19:16.317,415.59708028631314,10
2024-09-18 11:19:16.318,415.5815979022731,103
2024-09-18 11:19:16.364,415.55121293574416,998
2024-09-18 11:19:16.391,415.574371530162,98
2024-09-18 11:19:16.393,415.61229038966553,8
2024-09-18 11:19:16.441,415.62065642933015,105
2024-09-18 11:19:16.455,415.6116686118239,105
2024-09-18 11:19:16.541,415.5322763530144,105
2024-09-18 11:19:16.610,41.56296859452336,99
2024-09-18 11:19:16.747,415.56306194142735,5
2024-09-18 11:19:16.760,415.6158891402797,6
2024-09-18 11:19:16.763,415.5668787479258,998
2024-09-18 11:19:16.804,415.6480607993469,5
2024-09-18 11:19:16.843,415.5940001940809,105
2024-09-18 11:19:16.900,415.6174048257415,103
2024-09-18 11:19:16.927,415.5663780706352,1001
2024-09-18 11:19:17.031,415.61623069700704,104
2024-09-18 11:19:17.038,415.6023356004633,9
2024-09-18 11:19:17.101,415.5866195718773,996
2024-09-18 11:19:17.161,415.585343339234,996
2024-09-18 11:19:17.195,415.5965428879457,1000
2024-09-18 11:19:17.234,415.6084321228708,102
2024-09-18 11:19:17.258,415.6133458096458,1000
2024-09-18 11:19:17.265,415.610908625058,11
2024-09-18 11:19:17.283,415.6122406293233,95
2024-09-18 11:19:17.363,415.59873043176896,1004
2024-09-18 11:19:17.367,415.6012247762072,1000
2024-09-18 11:19:17.372,415.5782439885774,104
2024-09-18 11:19:17.454,415.5936195341833,997
2024-09-18 11:19:17.493,415.61029872829823,8
2024-09-18 11:19:17.506,415.58633377025234,104
2024-09-18 11:19:17.512,415.63356086334295,999
2024-09-18 11:19:17.570,415.6195200877388,100
2024-09-18 11:19:17.634,415.5945258462044,7
2024-09-18 11:19:17.652,415.61701696980856,98
2024-09-18 11:19:17.743,415.6072969745358,102
2024-09-18 11:19:17.858,415.6367299042625,96
2024-09-18 11:19:18.029,415.5985250192831,102
2024-09-18 11:19:18.036,415.6074822083783,104
2024-09-18 11:19:18.036,415.6036685639456,10
2024-09-18 11:19:18.076,415.5968152935207,14
2024-09-18 11:19:18.100,415.5777621709243,95
2024-09-18 11:19:18.182,415.5826118119702,13
2024-09-18 11:19:18.205,415.6107166834842,1002
2024-09-18 11:19:18.290,,998
2024-09-18 11:19:18.349,415.604139398098,9
2024-09-18 11:19:18.444,415.5699401274245,10
2024-09-18 11:19:18.474,415.5577727797258,102
2024-09-18 11:19:18.492,415.6099008045077,8
2024-09-18 11:19:18.511,41.55937441680818,14
2024-09-18 11:19:18.554,415.5663602162791,99
2024-09-18 11:19:18.679,415.5678231846172,1005
2024-09-18 11:19:18.721,415.5635179816128,9
2024-09-18 11:19:18.726,415.58180313431694,101
2024-09-18 11:19:18.830,415.61072098236974,7
2024-09-18 11:19:18.917,415.59222791571375,999
2024-09-18 11:19:19.125,415.5754515152442,13
2024-09-18 11:19:19.175,415.58982479569306,98
2024-09-18 11:19:19.306,415.6130638346187,15
2024-09-18 11:19:19.317,415.5771072502558,1000
2024-09-18 11:19:19.403,415.608030357868,11
2024-09-18 11:19:19.447,415.5603119753388,9
2024-09-18 11:19:19.472,415.5903700914346,104
2024-09-18 11:19:19.518,415.5837476297099,104
2024-09-18 11:19:19.675,415.6124256147232,1005
2024-09-18 11:19:19.756,415.5893644048349,999
2024-09-18 11:19:19.829,415.6015011902193,11
2024-09-18 11:19:19.856,415.5798509535853,9
2024-09-18 11:19:19.975,415.565916232475,1003
2024-09-18 11:19:19.977,415.5919632178862,11
2024-09-18 11:19:20.213,415.6524277149387,95
2024-09-18 11:19:20.326,415.5950497497897,1004
2024-09-18 11:19:20.359,415.6150798768624,105
2024-09-18 11:19:20.506,41.56268361114661,100
2024-09-18 11:19:20.519,415.6461484016597,10
2024-09-18 11:19:20.532,415.6292797563056,6
2024-09-18 11:19:21.017,415.6225066641804,1004
2024-09-18 11:19:21.108,415.62723493046,15
2024-09-18 11:19:21.239,415.6056191274626,103
2024-09-18 11:19:21.298,415.62754481318416,995
2024-09-18 11:19:21.329,415.6064047202568,99
2024-09-18 11:19:21.430,415.64227144971886,13
2024-09-18 11:19:21.522,415.6488333893639,105
2024-09-18 11:19:21.710,415.6250601226207,9
2024-09-18 11:19:21.731,,1000
2024-09-18 11:19:21.761,415.6066808490242,1001
2024-09-18 11:19:21.769,415.6157989390858,1004
2024-09-18 11:19:21.825,415.6201540929439,10
2024-09-18 11:19:22.218,415.61744325715256,6
2024-09-18 11:19:23.055,415.63321161722,8
2024-09-18 11:19:23.214,415.6010184317337,98
2024-09-18 11:19:23.324,415.6197169511455,14
2024-09-18 11:19:23.438,415.64577557337486,101
2024-09-18 11:19:23.681,415.63493953443407,5
2024-09-18 11:19:23.701,415.608041407159,103
2024-09-18 11:19:23.769,415.615438183066,1003
2024-09-18 11:19:23.934,415.6489533800571,99
2024-09-18 11:19:24.011,-415.65296588877527,995
2024-09-18 11:19:24.034,415.64020850464266,7
2024-09-18 11:19:24.036,415.6687442508228,1004
2024-09-18 11:19:24.060,415.6512081756219,105
2024-09-18 11:19:24.216,415.6594391174886,99
2024-09-18 11:19:24.231,415.64513614655846,14
2024-09-18 11:19:24.231,415.6615036056185,998
2024-09-18 11:19:24.236,415.6389756839407,1003
2024-09-18 11:19:24.238,415.6569847958437,13
2024-09-18 11:19:24.247,415.6439003894408,1002
2024-09-18 11:19:24.260,415.6853186669882,1005
2024-09-18 11:19:24.316,-415.6357950633377,1001
2024-09-18 11:19:24.436,415.6404216614593,1004
2024-09-18 11:19:24.478,415.6827454364457,98
2024-09-18 11:19:24.483,415.6240709903049,1000
2024-09-18 11:19:24.498,415.67634755294034,15
2024-09-18 11:19:24.513,415.6589132961492,98
2024-09-18 11:19:24.626,415.6423124729387,1001
2024-09-18 11:19:24.747,415.6693999625717,14
2024-09-18 11:19:24.754,415.6392642741018,102
2024-09-18 11:19:24.763,415.66085921753785,100
2024-09-18 11:19:24.784,,12
2024-09-18 11:19:24.785,,997
2024-09-18 11:19:24.817,-415.619161837554,999
2024-09-18 11:19:24.828,415.6576853779294,1003
2024-09-18 11:19:24.834,415.6668295575385,101
2024-09-18 11:19:24.864,415.6325123001093,98
2024-09-18 11:19:24.895,415.6598198523818,996
2024-09-18 11:19:24.967,415.6807402279586,105
2024-09-18 11:19:25.300,415.59736653974846,998
2024-09-18 11:19:25.301,415.5934916222541,997
2024-09-18 11:19:25.390,415.5900510579075,998
2024-09-18 11:19:25.763,415.5832645263392,99
2024-09-18 11:19:27.000,415.5563724628349,103
2024-09-18 11:19:27.060,415.6066586570345,100
2024-09-18 11:19:27.132,415.597193029317,8
2024-09-18 11:19:27.175,415.5878969950458,105
2024-09-18 11:19:27.184,415.56855647173217,997
2024-09-18 11:19:27.210,415.5992702144958,9
2024-09-18 11:19:27.235,415.51347438957487,95
2024-09-18 11:19:27.247,,7
2024-09-18 11:19:27.261,415.5523251917556,104
2024-09-18 11:19:27.279,415.5699007240639,996
2024-09-18 11:19:27.489,415.6236428880334,7
2024-09-18 11:19:27.494,415.514902241545,97
2024-09-18 11:19:27.527,415.61257679243,98
2024-09-18 11:19:27.556,415.48966929414536,997
2024-09-18 11:19:27.639,415.5938823790396,13
2024-09-18 11:19:27.662,-415.5689378763336,95
2024-09-18 11:19:27.733,415.58401709356974,1000
2024-09-18 11:19:27.745,415.6009191484774,103
2024-09-18 11:19:27.847,,101
2024-09-18 11:19:27.848,415.5485004129085,97
2024-09-18 11:19:27.859,415.5707227954898,999
2024-09-18 11:19:27.893,415.5257116658194,995
2024-09-18 11:19:27.898,415.5586933146944,101
2024-09-18 11:19:27.918,415.5032096206912,1000
2024-09-18 11:19:27.951,415.4941042709671,10
2024-09-18 11:19:27.977,41.56107855348423,15
2024-09-18 11:19:27.999,415.5759318272698,996
2024-09-18 11:19:28.018,415.5208700069634,12
2024-09-18 11:19:28.172,415.4807278493383,996
2024-09-18 11:19:28.233,415.49452270751925,5
2024-09-18 11:19:28.261,415.5209880513239,1002
2024-09-18 11:19:28.328,415.4915792061793,1005
2024-09-18 11:19:28.335,415.5158637927028,100
2024-09-18 11:19:28.356,415.5119054636823,1004
2024-09-18 11:19:28.405,415.4965350133171,998
2024-09-18 11:19:28.435,415.4931424221014,1001
2024-09-18 11:19:28.449,415.5111243669994,95
2024-09-18 11:19:28.520,415.49640309263214,100
2024-09-18 11:19:28.544,415.50456958407904,998
2024-09-18 11:19:28.592,415.51500200828616,999
2024-09-18 11:19:28.618,415.4999184007072,105
2024-09-18 11:19:28.621,415.4879663767385,11
2024-09-18 11:19:28.643,415.49060848396977,97
2024-09-18 11:19:28.651,415.4859936121104,5
2024-09-18 11:19:28.660,415.4825077145,99
2024-09-18 11:19:28.715,415.5019782849589,8
2024-09-18 11:19:28.718,415.5029611558599,99
2024-09-18 11:19:28.720,415.5057265218097,9
2024-09-18 11:19:28.768,415.5024664955792,6
2024-09-18 11:19:28.805,415.5300637884087,6
2024-09-18 11:19:28.816,415.4965075727384,1005
2024-09-18 11:19:28.839,415.48179988771307,1000
2024-09-18 11:19:28.841,415.5242722300584,12
2024-09-18 11:19:28.844,415.5165725315022,101
2024-09-18 11:19:28.876,415.5077637238682,1005
2024-09-18 11:19:28.886,415.5202095542568,995
2024-09-18 11:19:28.900,415.5039379136942,1004
2024-09-18 11:19:29.008,415.56539189971767,1005
2024-09-18 11:19:29.021,,14
2024-09-18 11:19:29.082,415.580943218714,104
2024-09-18 11:19:29.134,415.5540759128273,999
2024-09-18 11:19:29.197,415.5412016123751,999
2024-09-18 11:19:29.228,415.5900457475961,6
2024-09-18 11:19:29.328,415.573384304365,1001
2024-09-18 11:19:29.339,415.5249873328158,96
2024-09-18 11:19:29.388,415.5840017815886,12
2024-09-18 11:19:29.466,415.5253922818196,15
2024-09-18 11:19:29.467,415.5100731949777,101
2024-09-18 11:19:29.503,415.5375613189904,998
2024-09-18 11:19:29.507,415.5581173717584,95
2024-09-18 11:19:29.515,415.5584676107307,102
2024-09-18 11:19:29.591,415.5290074486341,99
2024-09-18 11:19:29.695,415.5318619152094,997
2024-09-18 11:19:29.697,415.532078001219,95
2024-09-18 11:19:29.708,415.5378090424021,101
2024-09-18 11:19:29.726,415.53606143742513,104
2024-09-18 11:19:29.737,415.554088864838,104
2024-09-18 11:19:29.785,415.520733109635,13
2024-09-18 11:19:29.801,415.5756974495928,99
2024-09-18 11:19:29.929,415.5512473864204,10
2024-09-18 11:19:29.938,415.5630555057413,5
2024-09-18 11:19:29.962,415.575739188838,6
2024-09-18 11:19:29.975,,96
2024-09-18 11:19:30.075,415.5768480733563,11
2024-09-18 11:19:30.160,415.5569589701303,100
2024-09-18 11:19:30.212,415.5345954586376,1004
2024-09-18 11:19:30.219,415.5152103492556,11
2024-09-18 11:19:30.273,415.55252208686113,97
2024-09-18 11:19:30.301,415.5336615069605,15
2024-09-18 11:19:30.334,415.5641202366051,99
2024-09-18 11:19:30.437,415.5331183273756,105
2024-09-18 11:19:30.494,415.5131803244623,13
2024-09-18 11:19:30.509,415.52099964497467,1002
2024-09-18 11:19:30.567,415.5476312341063,14
2024-09-18 11:19:30.616,415.59309095371873,101
2024-09-18 11:19:30.736,415.591022088294,95
2024-09-18 11:19:30.787,415.5271870999984,1005
2024-09-18 11:19:30.809,415.56866945949406,1005
2024-09-18 11:19:30.855,415.57093363590616,997
2024-09-18 11:19:30.888,415.57346601517537,100
2024-09-18 11:19:30.903,415.51768838871584,1005
2024-09-18 11:19:31.010,415.5064583314808,14
2024-09-18 11:19:31.111,415.5077872015,1000
2024-09-18 11:19:31.138,415.50889632069953,13
2024-09-18 11:19:31.147,415.5113848712902,7
2024-09-18 11:19:31.187,415.4989990405113,104
2024-09-18 11:19:31.194,415.51237935908,996
2024-09-18 11:19:31.299,415.5129541766526,999
2024-09-18 11:19:31.313,415.53202451682046,96
2024-09-18 11:19:31.320,415.4925739847326,10
2024-09-18 11:19:31.329,415.5206694325095,10
2024-09-18 11:19:31.341,415.521143736754,10
2024-09-18 11:19:31.473,415.50770909682535,995
2024-09-18 11:19:31.481,415.5147013208788,5
2024-09-18 11:19:31.519,415.5086066771442,12
2024-09-18 11:19:31.616,415.513816432973,95
2024-09-18 11:19:31.617,415.5129464900082,1000
2024-09-18 11:19:31.771,415.5296671000544,5
2024-09-18 11:19:31.962,415.5220747511281,997
2024-09-18 11:19:31.967,415.5127818080428,999
2024-09-18 11:19:32.005,415.5602786228994,11
2024-09-18 11:19:32.056,41.55113004913093,101
2024-09-18 11:19:32.126,415.5404800258687,9
2024-09-18 11:19:32.193,415.5519606928858,104
2024-09-18 11:19:32.233,415.5587626819416,103
2024-09-18 11:19:32.285,415.503519984656,6
2024-09-18 11:19:32.333,415.5372930829904,998
2024-09-18 11:19:32.404,415.50972163762185,999
2024-09-18 11:19:32.483,415.5070265174408,95
2024-09-18 11:19:32.497,415.5078107660697,1000
2024-09-18 11:19:32.511,415.5376176493901,1003
2024-09-18 11:19:32.572,415.5429056425836,104
2024-09-18 11:19:32.617,415.51313964457165,999
2024-09-18 11:19:32.678,415.5321335804375,8
2024-09-18 11:19:32.736,415.5029591105261,98
2024-09-18 11:19:32.759,415.51585328752816,999
2024-09-18 11:19:32.980,415.5420314874925,999
2024-09-18 11:19:32.989,415.5257206413957,11
2024-09-18 11:19:33.021,415.4871267658424,95
2024-09-18 11:19:33.027,415.5098783101922,100
2024-09-18 11:19:33.041,415.4821331628703,1005
2024-09-18 11:19:33.073,415.4467841861076,9
2024-09-18 11:19:33.108,415.4838049570778,999
2024-09-18 11:19:33.282,415.4507369099743,995
2024-09-18 11:19:33.283,415.5381150685647,100
2024-09-18 11:19:33.406,415.513873136399,997
2024-09-18 11:19:33.414,415.4681192989291,997
2024-09-18 11:19:33.432,415.5237575599322,1004
2024-09-18 11:19:33.533,415.43617489789074,10
2024-09-18 11:19:33.537,415.52021457519294,15
2024-09-18 11:19:33.556,41.54719555218491,1001
2024-09-18 11:19:33.712,415.43837494176125,999
2024-09-18 11:19:33.740,,1000
2024-09-18 11:19:33.785,415.4760041134392,7
2024-09-18 11:19:33.816,415.48424201134407,100
2024-09-18 11:19:33.924,415.44839796876585,1003
2024-09-18 11:19:33.965,415.4675120997328,100
2024-09-18 11:19:33.983,415.5025102424772,102
2024-09-18 11:19:33.999,415.5010652747812,8
2024-09-18 11:19:34.009,415.5107705534886,98
2024-09-18 11:19:34.017,415.5294153812221,1000
2024-09-18 11:19:34.058,415.5415640119219,1002
2024-09-18 11:19:34.070,415.50596293523887,14
2024-09-18 11:19:34.096,415.5386892355314,12
2024-09-18 11:19:34.141,415.4983486051799,997
2024-09-18 11:19:34.154,,13
2024-09-18 11:19:34.166,415.5167007194895,98
2024-09-18 11:19:34.244,415.52777401270896,1004
2024-09-18 11:19:34.254,415.51401792858906,14
2024-09-18 11:19:34.354,415.4930072727293,1000
2024-09-18 11:19:34.382,415.4988294192638,1005
2024-09-18 11:19:34.434,415.5737978208158,1003
2024-09-18 11:19:34.496,415.5100952600645,98
2024-09-18 11:19:34.530,415.495089722406,7
2024-09-18 11:19:34.546,415.51039414083607,96
2024-09-18 11:19:34.656,415.5196830710896,999
2024-09-18 11:19:34.664,415.49104417082384,1005
2024-09-18 11:19:34.746,-415.5043199402139,96
2024-09-18 11:19:34.785,415.56386635534426,14
2024-09-18 11:19:34.862,415.50168402455967,10
2024-09-18 11:19:34.912,415.4881983903854,7
2024-09-18 11:19:34.929,415.5052624493818,105
2024-09-18 11:19:34.931,415.545528570724,100
2024-09-18 11:19:34.934,415.53310645154687,997
2024-09-18 11:19:34.937,415.4964118165786,1000
2024-09-18 11:19:34.948,415.5003371897621,98
2024-09-18 11:19:34.975,415.5466532189597,1004
2024-09-18 11:19:35.062,415.5852497185713,1004
2024-09-18 11:19:35.077,415.5435531981494,6
2024-09-18 11:19:35.110,415.5410412385647,13
2024-09-18 11:19:35.124,415.5766730697478,6
2024-09-18 11:19:35.221,415.53451164048585,998
2024-09-18 11:19:35.333,415.5735872015391,5
2024-09-18 11:19:35.495,415.5708692516111,998
2024-09-18 11:19:35.611,415.5840474465568,11
2024-09-18 11:19:35.718,415.5803976267502,997
2024-09-18 11:19:35.751,415.59676545936713,7
2024-09-18 11:19:35.770,415.6117186122788,97
2024-09-18 11:19:35.970,415.5458069359392,13
2024-09-18 11:19:36.123,415.50022812877467,6
2024-09-18 11:19:36.522,415.5399957278268,1005
2024-09-18 11:19:36.723,415.5133823529368,100
2024-09-18 11:19:36.811,415.5213451057431,1003
2024-09-18 11:19:36.889,415.5314161437732,104
2024-09-18 11:19:37.070,415.524167909417,998
2024-09-18 11:19:37.076,415.5184192553946,96
2024-09-18 11:19:37.112,415.5263526940011,996
2024-09-18 11:19:37.219,415.5174610545385,98
2024-09-18 11:19:37.240,415.500499001166,5
2024-09-18 11:19:37.281,415.52596700051487,95
2024-09-18 11:19:37.317,415.520174068745,1003
2024-09-18 11:19:37.522,415.5382197365432,99
2024-09-18 11:19:37.802,415.51911882751807,996
2024-09-18 11:19:38.018,415.5355311337412,1001
2024-09-18 11:19:38.033,415.5863185333153,995
2024-09-18 11:19:38.037,415.53722977107526,13
2024-09-18 11:19:38.047,415.5893481061981,7
2024-09-18 11:19:38.049,415.5121456415786,13
2024-09-18 11:19:38.055,415.51165400653366,1004
2024-09-18 11:19:38.078,415.5672913463406,7
2024-09-18 11:19:38.088,415.57384549032776,95
2024-09-18 11:19:38.124,415.5525280012658,13
2024-09-18 11:19:38.204,415.5341349619942,8
2024-09-18 11:19:38.218,415.5604482887435,11
2024-09-18 11:19:38.227,415.5698696860748,10
2024-09-18 11:19:38.275,415.5895961237727,1003
2024-09-18 11:19:38.387,415.5807906992634,14
2024-09-18 11:19:38.435,415.5469557420128,99
2024-09-18 11:19:38.497,415.5573461842588,1002
2024-09-18 11:19:38.517,415.5415939424762,102
2024-09-18 11:19:38.524,415.56779980104005,98
2024-09-18 11:19:38.525,415.5956548152352,1004
2024-09-18 11:19:38.582,415.6005808547152,13
2024-09-18 11:19:38.753,415.5473945880222,99
2024-09-18 11:19:38.756,415.5472375798492,1000
2024-09-18 11:19:38.773,415.51073485961234,1001
2024-09-18 11:19:38.846,415.5761770002711,1004
2024-09-18 11:19:38.903,415.5731108775424,1004
2024-09-18 11:19:38.916,415.5690385038468,104
2024-09-18 11:19:38.938,415.574583592396,102
2024-09-18 11:19:38.984,415.5599226419988,1002
2024-09-18 11:19:39.017,415.43969379081466,998
2024-09-18 11:19:39.034,415.5144689543482,98
2024-09-18 11:19:39.090,415.4441526504488,15
2024-09-18 11:19:39.109,415.5348501247559,5
2024-09-18 11:19:39.210,415.4358883991304,1001
2024-09-18 11:19:39.220,415.52141099943697,6
2024-09-18 11:19:39.223,415.4290438011,15
2024-09-18 11:19:39.270,415.4407874878366,1003
2024-09-18 11:19:39.292,415.47019218757686,996
2024-09-18 11:19:39.312,415.4349240963056,999
2024-09-18 11:19:39.391,415.54954223348216,101
2024-09-18 11:19:39.416,415.5066135724347,5
2024-09-18 11:19:39.433,415.5507009501888,98
2024-09-18 11:19:39.438,415.5393643346874,11
2024-09-18 11:19:39.449,415.4444643213912,14
2024-09-18 11:19:39.468,415.55360756372426,15
2024-09-18 11:19:39.479,415.45043291508233,104
2024-09-18 11:19:39.493,415.4645627039558,105
2024-09-18 11:19:39.534,415.5447455231357,8
2024-09-18 11:19:39.676,-415.4525741349232,15
2024-09-18 11:19:39.725,415.52741960089867,1005
2024-09-18 11:19:39.732,415.4118145776811,102
2024-09-18 11:19:39.756,415.4825713881904,11
2024-09-18 11:19:39.874,415.427945775417,15
2024-09-18 11:19:39.890,415.530967339252,996
2024-09-18 11:19:39.906,415.5046276671123,14
2024-09-18 11:19:39.930,415.4312543439164,105
2024-09-18 11:19:39.935,415.5434062930058,1004
2024-09-18 11:19:39.981,415.5361493980167,104
2024-09-18 11:19:39.994,415.4206587640711,997
2024-09-18 11:19:40.084,415.39312932488207,105
2024-09-18 11:19:40.098,415.4187567534111,5
2024-09-18 11:19:40.125,415.3853603196535,103
2024-09-18 11:19:40.165,415.4091541017003,105
2024-09-18 11:19:40.203,415.39973582584463,998
2024-09-18 11:19:40.284,415.40764688657737,1000
2024-09-18 11:19:40.387,415.3990533411416,104
2024-09-18 11:19:40.762,415.4040216110938,6
2024-09-18 11:19:40.883,415.4212928433118,998
2024-09-18 11:19:40.947,415.36919645456607,1005
2024-09-18 11:19:41.025,415.3686541313302,1000
2024-09-18 11:19:41.036,415.3870172819556,10
2024-09-18 11:19:41.040,415.3898553088801,999
2024-09-18 11:19:41.056,415.3858482774044,15
2024-09-18 11:19:41.181,415.3461543582585,8
2024-09-18 11:19:41.226,415.3860596639539,10
2024-09-18 11:19:41.243,415.3857828839853,103
2024-09-18 11:19:41.271,415.4078184426972,996
2024-09-18 11:19:41.340,415.3544676239481,997
2024-09-18 11:19:41.409,415.36631473903,12
2024-09-18 11:19:41.444,415.3525177081032,95
2024-09-18 11:19:41.449,415.3643370106132,98
2024-09-18 11:19:41.571,415.37968150563177,999
2024-09-18 11:19:41.712,415.3522782282834,6
2024-09-18 11:19:41.737,415.36986930275054,104
2024-09-18 11:19:41.746,415.40572371321423,995
2024-09-18 11:19:41.749,415.3484264428684,99
2024-09-18 11:19:41.756,415.3710282928116,999
2024-09-18 11:19:41.806,415.351477456798,1004
2024-09-18 11:19:41.867,415.3837421551071,14
2024-09-18 11:19:41.880,415.3947662158267,1002
2024-09-18 11:19:41.976,415.3803836298143,1000
2024-09-18 11:19:42.105,415.36336018493625,8
2024-09-18 11:19:42.138,415.4397004975535,1005
2024-09-18 11:19:42.144,415.4004606676976,96
2024-09-18 11:19:42.194,415.41350376943376,7
2024-09-18 11:19:42.204,415.3949844797432,997
2024-09-18 11:19:42.212,415.3797785282627,98
2024-09-18 11:19:42.313,415.4570946676144,999
2024-09-18 11:19:42.343,,9
2024-09-18 11:19:42.344,415.4163743181574,104
2024-09-18 11:19:42.372,415.4345787088027,103
2024-09-18 11:19:42.413,415.40124383610186,9
2024-09-18 11:19:42.423,415.4512215062553,98
2024-09-18 11:19:42.434,415.4306147057067,13
2024-09-18 11:19:42.573,415.4196089928831,101
2024-09-18 11:19:42.597,415.42405868743776,12
2024-09-18 11:19:42.614,-415.4314707168376,103
2024-09-18 11:19:42.660,415.46064643241175,1000
2024-09-18 11:19:42.724,415.4274476905037,104
2024-09-18 11:19:42.734,415.3811202269415,95
2024-09-18 11:19:42.734,415.40749397065184,99
2024-09-18 11:19:42.756,415.4778787333431,998
2024-09-18 11:19:42.763,415.3887983683492,7
2024-09-18 11:19:42.780,415.427805847702,9
2024-09-18 11:19:42.795,415.39566598488943,98
2024-09-18 11:19:42.810,415.4130711565513,995
2024-09-18 11:19:42.840,415.4016121889692,105
2024-09-18 11:19:42.946,415.3783446712016,103
2024-09-18 11:19:42.999,415.4194963210661,9
2024-09-18 11:19:43.125,415.5002261567074,98
2024-09-18 11:19:43.354,415.505038533208,997
2024-09-18 11:19:43.369,415.4766208862304,1004
2024-09-18 11:19:43.382,415.46415698934857,1005
2024-09-18 11:19:43.383,415.4700633447999,11
2024-09-18 11:19:43.410,415.4679254426368,1003
2024-09-18 11:19:43.441,415.4623689807938,99
2024-09-18 11:19:43.443,415.4978763747282,97
2024-09-18 11:19:43.515,415.490228551053,997
2024-09-18 11:19:43.537,415.4775424410598,5
2024-09-18 11:19:43.545,415.4683197603942,1002
2024-09-18 11:19:43.550,415.4633392389578,11
2024-09-18 11:19:43.652,415.4971833888898,14
2024-09-18 11:19:43.679,415.48586529724,1000
2024-09-18 11:19:43.709,415.4492525680173,15
2024-09-18 11:19:43.758,415.5213338023793,1005
2024-09-18 11:19:43.783,41.54744915895017,5
2024-09-18 11:19:43.786,415.47453133069024,105
2024-09-18 11:19:43.824,415.4676321494337,9
2024-09-18 11:19:43.839,415.4621304529169,105
2024-09-18 11:19:43.873,415.4556774473366,96
2024-09-18 11:19:43.888,415.4659250546528,97
2024-09-18 11:19:43.946,415.49501623940233,1002
2024-09-18 11:19:43.990,415.4829986172395,100
2024-09-18 11:19:44.106,415.4353786751133,99
2024-09-18 11:19:44.249,415.4744840054778,103
2024-09-18 11:19:44.353,415.4565868145508,996
2024-09-18 11:19:44.378,415.4194292731015,996
2024-09-18 11:19:44.451,415.432470193211,12
2024-09-18 11:19:44.468,415.4603915264533,12
2024-09-18 11:19:44.498,415.4197528664792,998
2024-09-18 11:19:44.526,415.454964884013,1002
2024-09-18 11:19:44.550,415.458269993742,103
2024-09-18 11:19:44.685,415.463445287041,1001
2024-09-18 11:19:44.771,415.4773459910339,104
2024-09-18 11:19:44.808,415.4593326887195,11
2024-09-18 11:19:44.851,415.4557442635232,12
2024-09-18 11:19:44.851,415.4038636395658,103
2024-09-18 11:19:44.868,415.45766949147554,12
2024-09-18 11:19:45.138,415.50758575169846,1004
2024-09-18 11:19:45.174,415.5092447044003,1002
2024-09-18 11:19:45.238,415.4615959320527,1002
2024-09-18 11:19:45.259,415.4596873251912,14
2024-09-18 11:19:45.308,415.5002960956231,104
2024-09-18 11:19:45.401,415.4993089554968,997
2024-09-18 11:19:45.402,415.4863759078877,8
2024-09-18 11:19:45.422,415.4637479174,1001
2024-09-18 11:19:45.432,415.5208725555824,13
2024-09-18 11:19:45.435,415.4946061488216,101
2024-09-18 11:19:45.475,415.4737462796607,100
2024-09-18 11:19:45.524,415.5114156092119,97
2024-09-18 11:19:45.558,415.4784651450408,12
2024-09-18 11:19:45.644,415.4588682499462,99
2024-09-18 11:19:45.662,415.4974844517785,1003
2024-09-18 11:19:45.690,415.4477665446125,9
2024-09-18 11:19:45.691,415.521220003787,1005
2024-09-18 11:19:45.745,415.4710574497536,14
2024-09-18 11:19:45.757,415.5116469518145,995
2024-09-18 11:19:45.786,415.518486115833,10
2024-09-18 11:19:45.823,415.47743838551503,998
2024-09-18 11:19:45.874,415.4520064402182,1004
2024-09-18 11:19:45.879,415.5025783804078,12
2024-09-18 11:19:45.932,415.48623861321664,99
2024-09-18 11:19:45.959,415.46766234173634,1001
2024-09-18 11:19:46.049,415.4294351586219,1005
2024-09-18 11:19:46.054,415.4522114809915,1002
2024-09-18 11:19:46.102,415.41473025416144,100
2024-09-18 11:19:46.159,415.43212858642937,5
2024-09-18 11:19:46.240,415.4373147508796,9
2024-09-18 11:19:46.431,415.4023412324615,5
2024-09-18 11:19:46.447,415.4354268573949,99
2024-09-18 11:19:46.448,415.4452556599892,98
2024-09-18 11:19:46.449,415.4515066849753,999
2024-09-18 11:19:46.546,415.4583695622045,103
2024-09-18 11:19:46.552,41.54622272252396,1003
2024-09-18 11:19:46.578,415.4526355206402,1001
2024-09-18 11:19:46.631,415.471448236902,13
2024-09-18 11:19:46.700,415.45508321068144,14
2024-09-18 11:19:46.714,415.4476479105417,999
2024-09-18 11:19:46.746,415.3989452226616,99
2024-09-18 11:19:46.761,415.4571209447959,6
2024-09-18 11:19:46.774,415.43192798770656,1002
2024-09-18 11:19:46.856,415.4508401567284,100
2024-09-18 11:19:46.871,415.4010900713346,997
2024-09-18 11:19:46.898,415.4606702110461,999
2024-09-18 11:19:46.907,415.4765685451353,13
2024-09-18 11:19:46.909,415.4527864873294,1001
2024-09-18 11:19:46.965,415.4032213088258,10
2024-09-18 11:19:47.089,415.4091139130885,105
2024-09-18 11:19:47.099,415.4118740228403,98
2024-09-18 11:19:47.118,415.3973889416053,6
2024-09-18 11:19:47.161,415.3911449662981,101
2024-09-18 11:19:47.170,415.3885117898246,995
2024-09-18 11:19:47.177,415.4045385493146,11
2024-09-18 11:19:47.251,415.3992485894484,1005
2024-09-18 11:19:47.271,415.4216325585781,97
2024-09-18 11:19:47.334,415.4042320880167,1000
2024-09-18 11:19:47.361,415.4181575810864,997
2024-09-18 11:19:47.458,415.4162852739553,13
2024-09-18 11:19:47.465,415.4122159319837,995
2024-09-18 11:19:47.484,415.4253778384338,105
2024-09-18 11:19:47.550,415.43284501471726,8
2024-09-18 11:19:47.625,415.4099428218072,96
2024-09-18 11:19:47.660,415.3990607464037,995
2024-09-18 11:19:47.770,415.42562300488606,1002
2024-09-18 11:19:47.850,415.3871804137215,13
2024-09-18 11:19:47.898,415.4346783623273,1005
2024-09-18 11:19:47.921,415.3912797010461,5
2024-09-18 11:19:47.925,415.4039377489274,8
2024-09-18 11:19:47.945,415.4286653042092,1003
2024-09-18 11:19:48.052,415.497469473633,104
2024-09-18 11:19:48.168,-415.40279662556753,12
2024-09-18 11:19:48.197,415.434157060689,97
2024-09-18 11:19:48.257,415.4317179690671,998
2024-09-18 11:19:48.281,415.43082267658855,999
2024-09-18 11:19:48.307,415.4580889418365,1001
2024-09-18 11:19:48.344,415.4114128376023,8
2024-09-18 11:19:48.381,415.4291660114763,1005
2024-09-18 11:19:48.388,415.4114681124689,99
2024-09-18 11:19:48.419,415.4084059853007,10
2024-09-18 11:19:48.421,415.392927610696,100
2024-09-18 11:19:48.451,415.4357517909651,96
2024-09-18 11:19:48.500,415.4437344062871,97
2024-09-18 11:19:48.570,415.4001663327852,1005
2024-09-18 11:19:48.642,415.4197517347288,98
2024-09-18 11:19:48.668,415.47882817240026,9
2024-09-18 11:19:48.705,415.43418858808747,997
2024-09-18 11:19:48.742,415.3998753246445,996
2024-09-18 11:19:48.755,415.4087473473052,998
2024-09-18 11:19:48.758,415.4163710215837,98
2024-09-18 11:19:48.780,415.40986076035057,999
2024-09-18 11:19:48.798,415.4862455973986,1002
2024-09-18 11:19:48.882,415.3937913937463,98
2024-09-18 11:19:48.927,415.4060111383682,995
2024-09-18 11:19:48.957,415.4470565866917,1003
2024-09-18 11:19:48.995,415.4942638648656,997
2024-09-18 11:19:49.049,415.4163991961825,14
2024-09-18 11:19:49.057,415.4142756605313,14
2024-09-18 11:19:49.084,415.47402271867145,12
2024-09-18 11:19:49.110,415.4284796564552,96
2024-09-18 11:19:49.156,415.3946985873228,996
2024-09-18 11:19:49.165,415.46464362127006,96
2024-09-18 11:19:49.190,415.47194632812136,14
2024-09-18 11:19:49.322,415.4684493368046,5
2024-09-18 11:19:49.346,415.4174145186501,997
2024-09-18 11:19:49.378,415.3985729514658,1005
2024-09-18 11:19:49.388,415.4345678817685,1002
2024-09-18 11:19:49.417,415.4116097444812,1003
2024-09-18 11:19:49.550,415.38865649868313,997
2024-09-18 11:19:49.610,415.4818853028925,1001
2024-09-18 11:19:49.663,415.4692960284961,1004
2024-09-18 11:19:49.665,415.488110186144,998
2024-09-18 11:19:49.680,415.4792888499616,95
2024-09-18 11:19:49.716,415.3954770421964,101
2024-09-18 11:19:49.737,415.4067637030859,10
2024-09-18 11:19:49.751,415.4543656522181,15
2024-09-18 11:19:49.763,415.4087636657824,996
2024-09-18 11:19:49.768,415.4272107128557,1004
2024-09-18 11:19:49.773,415.4111925302204,15
2024-09-18 11:19:49.800,415.3841969108523,995
2024-09-18 11:19:49.801,415.4260297527179,996
2024-09-18 11:19:49.895,415.47738424612777,12
2024-09-18 11:19:49.907,415.4283661803096,105
2024-09-18 11:19:49.909,415.4003303346374,1000
2024-09-18 11:19:49.928,415.452362935064,98
2024-09-18 11:19:49.985,415.4301420159756,13
2024-09-18 11:19:51.159,415.4160500132736,999
2024-09-18 11:19:51.222,415.431914851379,1005
2024-09-18 11:19:51.230,415.44771038922937,97
2024-09-18 11:19:51.249,415.41159523245335,96
2024-09-18 11:19:51.358,415.4410751965147,96
2024-09-18 11:19:51.379,415.44316444794265,997
2024-09-18 11:19:51.395,415.42341521926807,97
2024-09-18 11:19:51.428,415.4454077311932,105
2024-09-18 11:19:51.461,415.435000458064,8
2024-09-18 11:19:51.519,415.4106729295099,98
2024-09-18 11:19:51.538,415.4034894877549,105
2024-09-18 11:19:51.659,415.42329827773386,7
2024-09-18 11:19:51.664,415.4393951767302,7
2024-09-18 11:19:51.711,415.43574927252,14
2024-09-18 11:19:51.728,415.4574127078163,1000
2024-09-18 11:19:51.951,415.441677233783,104
2024-09-18 11:19:51.971,,996
2024-09-18 11:19:51.995,415.4353136522062,7
2024-09-18 11:19:52.316,415.4912319628225,103
2024-09-18 11:19:52.358,415.5032040369624,95
2024-09-18 11:19:52.694,415.4901980711328,995
2024-09-18 11:19:52.918,415.4930224381852,104
2024-09-18 11:19:53.019,415.4824684145838,5
2024-09-18 11:19:53.072,415.481121816719,97
2024-09-18 11:19:53.112,415.4779521382762,105
2024-09-18 11:19:53.123,415.4890520058973,11
2024-09-18 11:19:53.155,415.4802612312572,999
2024-09-18 11:19:53.230,415.5094516499552,95
2024-09-18 11:19:53.319,415.4971086979679,7
2024-09-18 11:19:53.371,415.5207318960194,1001
2024-09-18 11:19:53.372,415.514309230369,1002
2024-09-18 11:19:53.378,415.4887297208005,995
2024-09-18 11:19:53.383,415.48433861737857,97
2024-09-18 11:19:53.432,415.478752390442,97
2024-09-18 11:19:53.451,415.5010593733143,14
2024-09-18 11:19:53.453,415.4830404209888,6
2024-09-18 11:19:53.644,415.4838065557828,1000
2024-09-18 11:19:53.682,415.49187796271104,103
2024-09-18 11:19:53.769,415.4966954620323,6
2024-09-18 11:19:53.783,415.4697341478628,1002
2024-09-18 11:19:53.798,415.4947333064735,102
2024-09-18 11:19:53.824,415.5122141454524,101
2024-09-18 11:19:53.843,415.4884404885675,1005
2024-09-18 11:19:53.859,415.51753279441385,1005
2024-09-18 11:19:53.909,415.5178021910555,13
2024-09-18 11:19:53.994,415.4860118942432,95
2024-09-18 11:19:54.035,415.4330096465651,102
2024-09-18 11:19:54.086,415.5313274356992,15
2024-09-18 11:19:54.103,415.5098495684624,9
2024-09-18 11:19:54.108,415.4291360096192,5
2024-09-18 11:19:54.113,415.4251680755139,15
2024-09-18 11:19:54.127,415.4632004372456,7
2024-09-18 11:19:54.137,415.5154453064407,105
2024-09-18 11:19:54.142,415.4320678423812,997
2024-09-18 11:19:54.162,415.4730808284079,10
2024-09-18 11:19:54.208,415.42317712527466,999
2024-09-18 11:19:54.208,41.545235973637375,998
2024-09-18 11:19:54.360,415.4709862052517,995
2024-09-18 11:19:54.393,415.4184400790799,12
2024-09-18 11:19:54.398,415.4947766213468,7
2024-09-18 11:19:54.441,415.51969092605486,11
2024-09-18 11:19:54.492,41.543405021136,100
2024-09-18 11:19:54.515,415.4879245875346,96
2024-09-18 11:19:54.559,,96
2024-09-18 11:19:54.587,415.5031554546316,1004
2024-09-18 11:19:54.600,415.4117022263167,1004
2024-09-18 11:19:54.675,415.421719977053,9
2024-09-18 11:19:54.703,415.43876997673846,15
2024-09-18 11:19:54.709,415.4259908956938,7
2024-09-18 11:19:54.824,415.4804984343444,99
2024-09-18 11:19:54.844,415.4593213207639,998
2024-09-18 11:19:54.924,415.4420311959097,5
2024-09-18 11:19:55.054,415.4194194099977,997
2024-09-18 11:19:55.060,415.3672991873037,97
2024-09-18 11:19:55.102,415.4101782735664,996
2024-09-18 11:19:55.104,415.37630328947625,995
2024-09-18 11:19:55.290,415.3870460633478,100
2024-09-18 11:19:55.311,415.3339824046562,1003
2024-09-18 11:19:55.319,415.45384887858137,1002
2024-09-18 11:19:55.338,,997
2024-09-18 11:19:55.385,415.4003974775141,98
2024-09-18 11:19:55.389,415.413454838055,1000
2024-09-18 11:19:55.409,415.34494486383255,99
2024-09-18 11:19:55.453,415.4191118972725,6
2024-09-18 11:19:55.490,415.3845113979229,1000
2024-09-18 11:19:55.493,415.395139444303,996
2024-09-18 11:19:55.498,415.3813809853852,102
2024-09-18 11:19:55.551,415.3601791609979,1003
2024-09-18 11:19:55.573,415.4259662044764,996
2024-09-18 11:19:55.599,415.4378073505589,7
2024-09-18 11:19:55.626,415.3632424477749,999
2024-09-18 11:19:55.702,415.3984871400467,14
2024-09-18 11:19:55.703,415.37298980864216,97
2024-09-18 11:19:55.703,,96
2024-09-18 11:19:55.762,415.3632553604531,102
2024-09-18 11:19:55.837,415.3668832438046,103
2024-09-18 11:19:55.942,415.39170000675216,102
2024-09-18 11:19:55.972,415.3625242276783,95
2024-09-18 11:19:56.062,415.4720485438543,15
2024-09-18 11:19:56.424,415.4624067545964,6
2024-09-18 11:19:56.561,415.48023081107465,96
2024-09-18 11:19:56.618,415.4661660008333,95
2024-09-18 11:19:56.780,415.46318138398783,13
2024-09-18 11:19:57.030,415.47097709904017,95
2024-09-18 11:19:57.292,415.4599482528539,15
2024-09-18 11:19:57.335,415.4690201079145,1003
2024-09-18 11:19:57.366,415.4745583304346,1001
2024-09-18 11:19:57.903,415.4715329932621,1002
2024-09-18 11:19:58.063,-415.4620685305504,101
2024-09-18 11:19:58.424,415.463988692482,104
2024-09-18 11:19:58.991,415.4671643861104,998
2024-09-18 11:19:58.995,415.4607633552431,1000
2024-09-18 11:19:59.019,415.454118056806,1004
2024-09-18 11:19:59.040,415.46169030356685,996
2024-09-18 11:19:59.251,415.46335587959135,11
2024-09-18 11:19:59.374,415.4661576422373,9
2024-09-18 11:19:59.382,415.4644939223316,101
