Timestamp,Price,Size
2024-09-18 14:58:00.146,413.3832476700397,100
2024-09-18 14:58:02.144,413.3094023012729,5
2024-09-18 14:58:02.159,413.3651922950939,97
2024-09-18 14:58:02.218,413.3407996479926,9
2024-09-18 14:58:02.296,413.31515991006415,5
2024-09-18 14:58:02.387,413.35722703533065,1005
2024-09-18 14:58:02.417,413.34717725099335,100
2024-09-18 14:58:02.436,413.3792586815485,103
2024-09-18 14:58:02.466,413.3384621754518,8
2024-09-18 14:58:02.482,413.3735078584201,101
2024-09-18 14:58:02.550,413.3664007198098,996
2024-09-18 14:58:02.608,413.3221905811953,1001
2024-09-18 14:58:02.643,413.3570927655263,998
2024-09-18 14:58:02.660,413.35672227929626,1005
2024-09-18 14:58:02.716,413.2941852977195,9
2024-09-18 14:58:02.784,-413.32585294977537,98
2024-09-18 14:58:02.788,413.3696870779376,998
2024-09-18 14:58:02.827,413.3277176050355,102
2024-09-18 14:58:02.833,413.3665871370607,10
2024-09-18 14:58:02.886,413.3439602853193,100
2024-09-18 14:58:02.920,413.33722543299234,1001
2024-09-18 14:58:02.965,413.3739543616376,1002
2024-09-18 14:58:02.974,413.3205669936367,103
2024-09-18 14:58:02.977,413.3874062454919,100
2024-09-18 14:58:02.997,413.3249041667708,104
2024-09-18 14:58:02.998,413.3208104608713,100
2024-09-18 14:58:03.065,413.3591931834574,1005
2024-09-18 14:58:03.154,413.3516447888545,1004
2024-09-18 14:58:03.160,413.3661964114468,996
2024-09-18 14:58:03.246,413.3776013513521,9
2024-09-18 14:58:03.253,413.38681692104495,6
2024-09-18 14:58:03.379,413.3865004317556,1004
2024-09-18 14:58:03.447,413.34183907376286,11
2024-09-18 14:58:03.620,413.35895873306754,99
2024-09-18 14:58:03.704,413.3490101008515,96
2024-09-18 14:58:04.215,413.364646062072,1001
2024-09-18 14:58:04.290,413.36872934319047,10
2024-09-18 14:58:04.330,413.3744433398184,8
2024-09-18 14:58:04.335,413.3658254440238,95
2024-09-18 14:58:04.441,413.37586741278574,9
2024-09-18 14:58:04.461,413.38034134171335,12
2024-09-18 14:58:04.477,413.3597161315096,99
2024-09-18 14:58:04.564,413.3423524112668,104
2024-09-18 14:58:04.733,413.34908244420143,5
2024-09-18 14:58:04.904,413.3614224232773,95
2024-09-18 14:58:04.937,413.3601273281324,1003
2024-09-18 14:58:05.125,413.38561951556005,995
2024-09-18 14:58:05.138,413.3220267549498,12
2024-09-18 14:58:05.176,413.3387595250581,101
2024-09-18 14:58:05.255,413.32828527873664,996
2024-09-18 14:58:05.281,413.3430246817933,1004
2024-09-18 14:58:05.576,413.3597759256122,105
2024-09-18 14:58:05.793,413.3308984540864,96
2024-09-18 14:58:05.877,413.3140247399402,1001
2024-09-18 14:58:06.120,,8
2024-09-18 14:58:06.199,413.41869402399857,1005
2024-09-18 14:58:06.220,413.4006758824624,7
2024-09-18 14:58:06.282,413.42881401376144,104
2024-09-18 14:58:06.300,413.4055444497033,1005
2024-09-18 14:58:06.310,413.39087795826686,102
2024-09-18 14:58:06.394,413.38627863787,101
2024-09-18 14:58:06.424,407.8478034371124,12
2024-09-18 14:58:06.537,413.41185314776016,1003
2024-09-18 14:58:06.563,413.3951632719401,101
2024-09-18 14:58:06.564,413.3845203639416,1000
2024-09-18 14:58:06.581,413.4153926790178,100
2024-09-18 14:58:06.587,413.4178438238769,7
2024-09-18 14:58:06.729,413.415695559741,5
2024-09-18 14:58:06.733,413.4129754019338,6
2024-09-18 14:58:06.739,413.3917869907441,1000
2024-09-18 14:58:06.785,41.34186425765594,1002
2024-09-18 14:58:06.785,413.4201400165129,103
2024-09-18 14:58:06.811,413.44034142621774,10
2024-09-18 14:58:06.817,-413.414107629957,1004
2024-09-18 14:58:06.827,413.4172646217058,101
2024-09-18 14:58:06.847,413.3965373599396,13
2024-09-18 14:58:06.865,413.3987756456587,6
2024-09-18 14:58:07.033,413.5166678748816,1004
2024-09-18 14:58:07.066,413.5493175202968,95
2024-09-18 14:58:07.113,413.5320953276158,10
2024-09-18 14:58:07.227,413.4880813974712,5
2024-09-18 14:58:07.248,413.4259138541889,5
2024-09-18 14:58:07.277,413.4367633694528,1003
2024-09-18 14:58:07.328,413.453371192468,95
2024-09-18 14:58:07.348,413.4524222240207,1002
2024-09-18 14:58:07.482,413.4266448676741,95
2024-09-18 14:58:07.548,413.5125574048972,6
2024-09-18 14:58:07.560,413.42846371398383,999
2024-09-18 14:58:07.624,413.50577430706034,14
2024-09-18 14:58:07.638,413.5032518982885,100
2024-09-18 14:58:07.649,413.4365631053415,13
2024-09-18 14:58:07.663,413.45660932122007,96
2024-09-18 14:58:07.684,413.517927453368,104
2024-09-18 14:58:07.688,413.4907442885227,7
2024-09-18 14:58:07.715,413.497399897037,101
2024-09-18 14:58:07.717,413.5122018989253,102
2024-09-18 14:58:07.806,413.5109677206132,100
2024-09-18 14:58:07.837,413.4905766878429,1004
2024-09-18 14:58:07.921,413.53665932768007,96
2024-09-18 14:58:07.929,413.4847756905932,999
2024-09-18 14:58:07.960,413.5130085330528,997
2024-09-18 14:58:07.995,413.5222487738692,100
2024-09-18 14:58:08.097,413.4240896821245,1002
2024-09-18 14:58:08.107,413.3788748497669,9
2024-09-18 14:58:08.113,413.3658657562757,96
2024-09-18 14:58:08.150,413.3731712740481,11
2024-09-18 14:58:08.300,413.378764007909,96
2024-09-18 14:58:08.314,413.3745699523336,1005
2024-09-18 14:58:08.348,413.38679769802894,98
2024-09-18 14:58:08.360,413.3675661212396,97
2024-09-18 14:58:08.383,413.3663611189436,104
2024-09-18 14:58:08.431,413.3982271768631,998
2024-09-18 14:58:08.468,413.3927785215427,6
2024-09-18 14:58:08.477,413.4239371890413,996
2024-09-18 14:58:08.492,413.3691324098854,15
2024-09-18 14:58:08.500,413.3965924254257,1005
2024-09-18 14:58:08.516,413.41112994895786,103
2024-09-18 14:58:08.544,413.383095886436,997
2024-09-18 14:58:08.620,413.38802218455874,102
2024-09-18 14:58:08.654,413.3971287919855,97
2024-09-18 14:58:08.745,413.36115728129687,101
2024-09-18 14:58:08.800,413.3828146815332,998
2024-09-18 14:58:08.806,413.3969043137184,103
2024-09-18 14:58:08.807,413.3950286247284,99
2024-09-18 14:58:08.808,413.4041032475202,10
2024-09-18 14:58:08.817,413.3745627754452,998
2024-09-18 14:58:08.843,413.3852078448752,1002
2024-09-18 14:58:08.999,413.3822297284044,105
2024-09-18 14:58:09.028,413.3711820540983,8
2024-09-18 14:58:09.214,413.3698362280232,98
2024-09-18 14:58:09.454,413.4061983522744,9
2024-09-18 14:58:09.553,413.3835059195433,15
2024-09-18 14:58:09.559,413.3701080293741,8
2024-09-18 14:58:09.639,413.37546168478974,998
2024-09-18 14:58:09.655,413.3637450352226,1000
2024-09-18 14:58:09.724,413.3826816745472,102
2024-09-18 14:58:09.785,413.3772454413832,99
2024-09-18 14:58:09.858,413.4005906932763,1001
2024-09-18 14:58:09.967,408.01327986047926,6
2024-09-18 14:58:11.148,413.3841269337819,96
2024-09-18 14:58:11.180,413.328190153988,15
2024-09-18 14:58:11.220,413.3461161188848,104
2024-09-18 14:58:11.324,413.3818112470448,1001
2024-09-18 14:58:11.339,413.3324492610858,104
2024-09-18 14:58:11.372,413.39999948591134,103
2024-09-18 14:58:11.410,413.3582184304955,96
2024-09-18 14:58:11.428,,1004
2024-09-18 14:58:11.492,413.3663820311871,96
2024-09-18 14:58:11.517,413.3314955667578,5
2024-09-18 14:58:11.538,413.39163136196566,14
2024-09-18 14:58:11.597,413.33834526698286,99
2024-09-18 14:58:11.638,413.3394465138779,13
2024-09-18 14:58:11.689,413.3302467296077,105
2024-09-18 14:58:11.752,413.326238521343,5
2024-09-18 14:58:11.760,413.3552560191105,1003
2024-09-18 14:58:11.953,413.3348771282974,12
2024-09-18 14:58:11.965,413.3669384871821,105
2024-09-18 14:58:11.990,41.33767178431794,996
2024-09-18 14:58:12.030,413.3470566984605,11
2024-09-18 14:58:12.040,413.36326549950974,101
2024-09-18 14:58:12.044,413.3444184402455,1000
2024-09-18 14:58:12.052,413.376018593454,15
2024-09-18 14:58:12.372,413.3587188174547,995
2024-09-18 14:58:12.374,413.36537640843096,95
2024-09-18 14:58:12.413,413.3707900015192,997
2024-09-18 14:58:12.512,413.37837613464745,105
2024-09-18 14:58:12.928,413.3681817372266,1000
2024-09-18 14:58:13.030,413.373230777922,995
2024-09-18 14:58:13.073,413.3400348551113,6
2024-09-18 14:58:13.108,413.34044099241873,9
2024-09-18 14:58:13.110,413.3840616465837,999
2024-09-18 14:58:13.137,413.4030382812118,9
2024-09-18 14:58:13.219,413.3689667051318,15
2024-09-18 14:58:13.247,413.36704920926513,5
2024-09-18 14:58:13.274,413.3549657645,1001
2024-09-18 14:58:13.310,413.3347718491812,995
2024-09-18 14:58:13.324,413.35271636160417,5
2024-09-18 14:58:13.420,413.3531945258984,5
2024-09-18 14:58:13.431,413.3785617032677,8
2024-09-18 14:58:13.472,413.372189489688,995
2024-09-18 14:58:13.489,413.36636480462505,96
2024-09-18 14:58:13.495,413.3632720593433,1001
2024-09-18 14:58:13.508,413.3853424239844,1002
2024-09-18 14:58:13.588,413.3760247295541,5
2024-09-18 14:58:13.606,413.34918378801694,14
2024-09-18 14:58:13.613,413.3319826320513,1001
2024-09-18 14:58:13.639,413.42376737779153,9
2024-09-18 14:58:13.647,413.3732600783621,102
2024-09-18 14:58:13.745,413.4099653840593,5
2024-09-18 14:58:13.799,413.4017179266489,102
2024-09-18 14:58:13.812,413.3675281399814,99
2024-09-18 14:58:13.823,413.4209096678389,105
2024-09-18 14:58:13.890,413.3390423808718,104
2024-09-18 14:58:13.979,413.32911222056777,996
2024-09-18 14:58:13.986,413.3748879151105,999
2024-09-18 14:58:14.004,413.3898563626429,99
2024-09-18 14:58:14.017,413.411627955449,1004
2024-09-18 14:58:14.083,413.3966870941521,1003
2024-09-18 14:58:14.123,413.4273169785998,14
2024-09-18 14:58:14.176,413.3828935794281,999
2024-09-18 14:58:14.243,413.3986624655286,9
2024-09-18 14:58:14.304,413.3762741504421,1000
2024-09-18 14:58:14.435,413.40142322291393,15
2024-09-18 14:58:14.597,413.3665634312978,13
2024-09-18 14:58:14.645,413.4252552531506,998
2024-09-18 14:58:14.646,413.4223977450362,12
2024-09-18 14:58:14.706,413.3913107610999,13
2024-09-18 14:58:14.710,413.3933136020791,6
2024-09-18 14:58:14.749,413.3887477307879,100
2024-09-18 14:58:14.826,413.4341283524572,101
2024-09-18 14:58:14.919,413.3892158656486,1001
2024-09-18 14:58:14.922,413.4207995992778,5
2024-09-18 14:58:14.947,413.409818399448,102
2024-09-18 14:58:15.023,413.33698313314056,997
2024-09-18 14:58:15.028,413.332745653567,14
2024-09-18 14:58:15.051,413.3356427517989,6
2024-09-18 14:58:15.095,413.3616856899705,102
2024-09-18 14:58:15.109,413.3120565796612,999
2024-09-18 14:58:15.141,413.33026150659725,997
2024-09-18 14:58:15.206,413.3739267202992,14
2024-09-18 14:58:15.227,413.3298381009102,1001
2024-09-18 14:58:15.281,413.34862528482427,995
2024-09-18 14:58:15.364,413.3394918980166,99
2024-09-18 14:58:15.405,413.3461891923472,97
2024-09-18 14:58:15.431,413.38701458905865,6
2024-09-18 14:58:15.449,413.34099158402233,1002
2024-09-18 14:58:15.503,413.38816088026937,1003
2024-09-18 14:58:15.580,413.3493422693318,8
2024-09-18 14:58:15.600,413.3136391563471,6
2024-09-18 14:58:15.604,413.351256208065,6
2024-09-18 14:58:15.748,413.3060727656731,11
2024-09-18 14:58:15.750,413.325033408452,8
2024-09-18 14:58:15.774,413.35132426823554,103
2024-09-18 14:58:15.786,413.34310801961936,105
2024-09-18 14:58:15.839,413.358581772126,11
2024-09-18 14:58:15.918,413.3440886328818,103
2024-09-18 14:58:15.962,413.31742221805087,104
2024-09-18 14:58:15.973,413.3427683438712,995
2024-09-18 14:58:15.992,413.33370424628174,105
2024-09-18 14:58:16.026,413.310228538214,98
2024-09-18 14:58:16.066,413.2701740243404,6
2024-09-18 14:58:16.088,413.270558006259,95
2024-09-18 14:58:16.110,413.2620150281552,5
2024-09-18 14:58:16.243,413.2638213566081,104
2024-09-18 14:58:16.269,413.2459769951252,103
2024-09-18 14:58:16.298,413.2767619764953,12
2024-09-18 14:58:16.316,413.2983273492358,9
2024-09-18 14:58:16.342,413.28674152657726,9
2024-09-18 14:58:16.377,413.27294741695,8
2024-09-18 14:58:16.476,413.3203034076233,97
2024-09-18 14:58:16.548,413.26991223835455,998
2024-09-18 14:58:16.608,413.27254190152206,14
2024-09-18 14:58:16.654,413.29263479482046,103
2024-09-18 14:58:16.661,413.2658289500129,13
2024-09-18 14:58:16.674,413.3258633913994,97
2024-09-18 14:58:16.677,413.2843236578143,5
2024-09-18 14:58:16.705,413.2778685371939,5
2024-09-18 14:58:16.712,413.26553072056726,5
2024-09-18 14:58:16.738,413.3080687244628,102
2024-09-18 14:58:16.881,413.2697408790056,14
2024-09-18 14:58:16.962,413.2873870660581,99
2024-09-18 14:58:17.054,413.22783227000986,15
2024-09-18 14:58:17.058,413.1886061179338,95
2024-09-18 14:58:17.089,413.22356586286406,13
2024-09-18 14:58:17.189,413.13638700842057,15
2024-09-18 14:58:17.249,413.1400694362646,999
2024-09-18 14:58:17.281,-413.1546032607211,14
2024-09-18 14:58:17.289,413.1490344391393,1004
2024-09-18 14:58:17.317,413.19612698289546,998
2024-09-18 14:58:17.470,413.1723069900646,95
2024-09-18 14:58:17.631,413.2106903753781,1000
2024-09-18 14:58:17.652,413.1622034579984,102
2024-09-18 14:58:17.653,413.2040357164653,11
2024-09-18 14:58:17.698,413.1875111253813,97
2024-09-18 14:58:17.702,-413.1838214821646,13
2024-09-18 14:58:17.713,413.1479700979671,1000
2024-09-18 14:58:17.809,413.1592543602689,997
2024-09-18 14:58:17.904,413.16382636055727,101
2024-09-18 14:58:17.945,413.1548291798237,99
2024-09-18 14:58:17.966,413.2295058793612,8
2024-09-18 14:58:17.977,413.21587357603823,8
2024-09-18 14:58:18.019,413.1573331429668,999
2024-09-18 14:58:18.020,413.1686999833984,999
2024-09-18 14:58:18.053,413.1744536619623,14
2024-09-18 14:58:18.095,413.1626227623932,102
2024-09-18 14:58:18.104,413.1764905072376,5
2024-09-18 14:58:18.164,413.16957744082526,1003
2024-09-18 14:58:18.193,413.1662900980111,104
2024-09-18 14:58:18.239,413.17017458425823,996
2024-09-18 14:58:18.309,413.1463239339079,7
2024-09-18 14:58:18.321,413.1682451149513,103
2024-09-18 14:58:18.321,413.1492127890517,101
2024-09-18 14:58:18.379,413.1574648876368,10
2024-09-18 14:58:18.491,413.1623496818565,98
2024-09-18 14:58:18.515,413.1562586021323,1000
2024-09-18 14:58:18.536,413.1712649904881,102
2024-09-18 14:58:18.590,413.1460804506556,6
2024-09-18 14:58:18.694,413.15460699056695,95
2024-09-18 14:58:18.757,413.1543044869062,9
2024-09-18 14:58:18.767,413.1589438286912,1002
2024-09-18 14:58:18.790,413.1586514985306,1005
2024-09-18 14:58:18.831,413.1394383022395,997
2024-09-18 14:58:18.840,413.1198532110685,1005
2024-09-18 14:58:18.899,413.15460603214353,995
2024-09-18 14:58:18.958,413.1501005330191,102
2024-09-18 14:58:19.037,413.1475649266168,1004
2024-09-18 14:58:19.271,413.126035297234,8
2024-09-18 14:58:19.321,413.12786098352495,103
2024-09-18 14:58:19.380,413.1338547763469,1001
2024-09-18 14:58:19.489,413.1500920702115,996
2024-09-18 14:58:19.686,413.1258695404047,5
2024-09-18 14:58:19.723,413.1013370864048,997
2024-09-18 14:58:19.729,413.107288107862,5
2024-09-18 14:58:19.757,413.1222065992466,12
2024-09-18 14:58:19.760,407.999228930339,1003
2024-09-18 14:58:19.901,413.1395855099335,7
2024-09-18 14:58:20.049,413.1139172234244,104
2024-09-18 14:58:20.236,413.1258567448013,999
2024-09-18 14:58:21.000,413.1064397931384,10
2024-09-18 14:58:21.038,413.1273369494879,5
2024-09-18 14:58:21.123,413.1451901282662,15
2024-09-18 14:58:21.185,413.0752010661253,998
2024-09-18 14:58:21.228,413.0687951011817,11
2024-09-18 14:58:21.278,413.160897318365,98
2024-09-18 14:58:21.288,413.1080322136126,9
2024-09-18 14:58:21.370,413.1341631912453,1003
2024-09-18 14:58:21.376,413.1542012413532,996
2024-09-18 14:58:21.377,413.1468363304073,6
2024-09-18 14:58:21.400,413.1535409569565,97
2024-09-18 14:58:21.405,41.31286758479416,102
2024-09-18 14:58:21.443,413.10500940863074,1002
2024-09-18 14:58:21.493,413.1295047404274,1003
2024-09-18 14:58:21.521,413.1183501445768,1005
2024-09-18 14:58:21.536,413.1098763549845,95
2024-09-18 14:58:21.537,413.107113754647,1004
2024-09-18 14:58:21.542,41.31178200265508,5
2024-09-18 14:58:21.628,413.1486703211721,11
2024-09-18 14:58:21.777,413.11239680475694,1003
2024-09-18 14:58:21.806,413.1328178027914,6
2024-09-18 14:58:21.811,413.11671535553086,99
2024-09-18 14:58:21.876,413.12750781077335,1000
2024-09-18 14:58:21.968,413.0766284026704,1004
2024-09-18 14:58:22.032,413.1413515133372,95
2024-09-18 14:58:22.129,413.1318865533263,5
2024-09-18 14:58:22.167,413.13052475443146,1005
2024-09-18 14:58:22.234,413.1490619606201,10
2024-09-18 14:58:22.456,413.15399627368345,996
2024-09-18 14:58:22.532,413.1263556082541,7
2024-09-18 14:58:22.536,413.1346955131452,997
2024-09-18 14:58:22.551,413.115155360116,104
2024-09-18 14:58:22.646,413.13485213266017,103
2024-09-18 14:58:22.693,413.155584609122,995
2024-09-18 14:58:22.713,413.1426632847717,104
2024-09-18 14:58:22.795,413.13770370218566,99
2024-09-18 14:58:22.810,413.1303836514553,102
2024-09-18 14:58:22.907,413.1545920683124,998
2024-09-18 14:58:22.943,413.1308050041193,102
2024-09-18 14:58:23.006,413.13415766702224,996
2024-09-18 14:58:23.064,413.1416182619541,95
2024-09-18 14:58:23.080,413.1297227687001,99
2024-09-18 14:58:23.179,413.1303293778776,1005
2024-09-18 14:58:23.182,413.13051657417583,1004
2024-09-18 14:58:23.213,413.1247955949929,1000
2024-09-18 14:58:23.365,413.1055621447094,1002
2024-09-18 14:58:23.370,413.1519733716684,998
2024-09-18 14:58:23.389,413.11465221321976,1001
2024-09-18 14:58:23.430,413.12131827502446,100
2024-09-18 14:58:23.469,413.1174641757805,10
2024-09-18 14:58:23.515,413.1321764815547,995
2024-09-18 14:58:23.547,413.1524502353344,105
2024-09-18 14:58:23.582,413.1144566703688,7
2024-09-18 14:58:23.705,413.1066981699206,99
2024-09-18 14:58:23.758,413.11964998270446,97
2024-09-18 14:58:23.787,413.1147987032512,11
2024-09-18 14:58:23.816,413.1209470772635,10
2024-09-18 14:58:23.940,413.1367000188008,97
2024-09-18 14:58:23.957,413.1343054954098,105
2024-09-18 14:58:23.993,413.1400724780099,14
2024-09-18 14:58:24.032,413.1775420012655,1000
2024-09-18 14:58:24.324,413.145903232154,9
2024-09-18 14:58:24.383,413.1536851688357,7
2024-09-18 14:58:24.421,413.1907331574277,15
2024-09-18 14:58:24.436,413.1651806726574,96
2024-09-18 14:58:24.626,413.12972742222126,97
2024-09-18 14:58:24.820,413.1690810907166,996
2024-09-18 14:58:24.837,413.16109576599575,14
2024-09-18 14:58:24.906,413.1834807340671,996
2024-09-18 14:58:25.889,413.16299844979966,95
2024-09-18 14:58:26.003,413.1643976494431,13
2024-09-18 14:58:26.051,413.1504517840725,99
2024-09-18 14:58:26.123,413.1901992536111,1005
2024-09-18 14:58:26.155,413.17095706016113,105
2024-09-18 14:58:26.246,413.1664010583864,104
2024-09-18 14:58:26.298,413.1632212934724,10
2024-09-18 14:58:26.298,413.1822550127752,999
2024-09-18 14:58:26.325,413.1725999926848,96
2024-09-18 14:58:26.382,413.1550088219405,11
2024-09-18 14:58:26.463,413.1811417913661,99
2024-09-18 14:58:26.486,413.1908504856098,1005
2024-09-18 14:58:26.556,413.1579029008436,5
2024-09-18 14:58:26.577,413.1745111844423,997
2024-09-18 14:58:26.611,413.1664045728873,97
2024-09-18 14:58:26.748,413.1613865680675,5
2024-09-18 14:58:26.858,413.18175037123376,10
2024-09-18 14:58:26.907,413.1591694493677,98
2024-09-18 14:58:26.964,413.162914889698,1000
2024-09-18 14:58:27.283,413.1949226513451,11
2024-09-18 14:58:27.285,408.046911370576,97
2024-09-18 14:58:27.338,413.2056005931316,104
2024-09-18 14:58:27.567,413.2277094259871,9
2024-09-18 14:58:28.139,413.24518309008,998
2024-09-18 14:58:28.198,413.25413714874986,97
2024-09-18 14:58:28.225,413.2635385610779,8
2024-09-18 14:58:28.238,413.30126033536527,1002
2024-09-18 14:58:28.316,408.0032828045843,1000
2024-09-18 14:58:28.479,413.2742932188244,8
2024-09-18 14:58:28.499,413.3092723233236,101
2024-09-18 14:58:28.582,413.3142149356854,14
2024-09-18 14:58:28.624,413.3068932460086,997
2024-09-18 14:58:28.703,413.2571435560479,1000
2024-09-18 14:58:28.706,413.2587087470995,102
2024-09-18 14:58:28.733,413.29865970601287,95
2024-09-18 14:58:28.795,413.2932233934772,15
2024-09-18 14:58:28.819,413.2581280912594,11
2024-09-18 14:58:28.966,413.26801220831607,105
2024-09-18 14:58:28.968,413.2962184476836,9
2024-09-18 14:58:29.059,413.3459668043709,13
2024-09-18 14:58:29.142,407.9763914712309,10
2024-09-18 14:58:29.238,413.3187495535233,100
2024-09-18 14:58:29.589,413.3184539956854,103
2024-09-18 14:58:29.718,,5
2024-09-18 14:58:29.988,413.3268472497791,105
2024-09-18 14:58:30.016,413.2898161898148,1005
2024-09-18 14:58:30.082,413.3200361511186,995
2024-09-18 14:58:30.232,413.3196313563109,996
2024-09-18 14:58:30.369,413.3080735009527,10
2024-09-18 14:58:30.448,413.29064340111546,104
2024-09-18 14:58:30.475,413.3401456036556,102
2024-09-18 14:58:30.694,413.3079899102539,95
2024-09-18 14:58:30.742,413.2820870770389,998
2024-09-18 14:58:30.893,413.3156887014291,103
2024-09-18 14:58:30.962,413.3191853224853,96
2024-09-18 14:58:31.118,413.3828165600094,10
2024-09-18 14:58:31.205,413.340379548678,1005
2024-09-18 14:58:31.299,413.329104052848,95
2024-09-18 14:58:31.350,413.3177557215764,9
2024-09-18 14:58:31.443,413.3603276059085,15
2024-09-18 14:58:31.482,413.3329481187671,104
2024-09-18 14:58:31.508,413.3503463385218,9
2024-09-18 14:58:31.536,413.33260153569046,1004
2024-09-18 14:58:31.572,413.37618422171033,96
2024-09-18 14:58:31.658,413.3196241075981,13
2024-09-18 14:58:31.692,413.3441696607224,15
2024-09-18 14:58:31.698,413.3376564512978,11
2024-09-18 14:58:31.709,413.32769284627904,11
2024-09-18 14:58:31.797,413.3266096039641,1000
2024-09-18 14:58:31.904,413.350556352089,8
2024-09-18 14:58:31.967,413.3252203208096,104
2024-09-18 14:58:32.007,413.379168824183,103
2024-09-18 14:58:32.014,413.2612840288817,98
2024-09-18 14:58:32.070,413.24866448666506,998
2024-09-18 14:58:32.114,413.4015112612509,1000
2024-09-18 14:58:32.124,413.2790462684154,99
2024-09-18 14:58:32.146,413.2477134487339,97
2024-09-18 14:58:32.167,413.26338523417854,9
2024-09-18 14:58:32.228,413.2805077446722,10
2024-09-18 14:58:32.248,413.2704443736852,9
2024-09-18 14:58:32.251,413.3786868607128,1004
2024-09-18 14:58:32.305,413.4030277618807,1005
2024-09-18 14:58:32.403,413.2467725436803,99
2024-09-18 14:58:32.431,41.32902397345762,999
2024-09-18 14:58:32.470,413.2916465763699,102
2024-09-18 14:58:32.482,413.27741667081,995
2024-09-18 14:58:32.518,413.2838215162197,1005
2024-09-18 14:58:32.547,413.27622742773167,1002
2024-09-18 14:58:32.598,413.39176512604536,98
2024-09-18 14:58:32.609,413.2792649983697,9
2024-09-18 14:58:32.646,413.29919330688966,1000
2024-09-18 14:58:32.801,413.2622950496193,7
2024-09-18 14:58:32.824,413.36898303489534,100
2024-09-18 14:58:32.850,413.3268845186256,95
2024-09-18 14:58:32.861,413.2877395796047,15
2024-09-18 14:58:32.880,413.394633402244,1000
2024-09-18 14:58:32.912,,11
2024-09-18 14:58:32.933,413.3499892534635,15
2024-09-18 14:58:32.940,413.321167831604,96
2024-09-18 14:58:32.979,413.3719678895674,14
2024-09-18 14:58:32.993,413.2956265843472,101
2024-09-18 14:58:33.013,413.3455044866327,6
2024-09-18 14:58:33.029,413.3166897114832,15
2024-09-18 14:58:33.043,413.3655938393056,8
2024-09-18 14:58:33.097,41.33661054731027,103
2024-09-18 14:58:33.101,413.2960494364133,998
2024-09-18 14:58:33.187,413.3532837319256,15
2024-09-18 14:58:33.321,413.3544856457466,9
2024-09-18 14:58:33.378,413.327036999472,5
2024-09-18 14:58:33.420,413.3088150760121,105
2024-09-18 14:58:33.466,413.3526217430701,8
2024-09-18 14:58:33.497,413.34840299027206,9
2024-09-18 14:58:33.584,413.3632783354554,1002
2024-09-18 14:58:33.731,413.36296550488174,1002
2024-09-18 14:58:33.958,413.3541928423173,998
2024-09-18 14:58:34.157,413.40848644607286,101
2024-09-18 14:58:34.172,413.3746105760607,103
2024-09-18 14:58:34.263,413.3987878207667,9
2024-09-18 14:58:34.312,,5
2024-09-18 14:58:34.321,413.4076586564243,998
2024-09-18 14:58:34.362,413.41547488170175,105
2024-09-18 14:58:34.394,413.3962427799937,15
2024-09-18 14:58:34.419,413.396737013769,1003
2024-09-18 14:58:34.433,41.3382133716815,1001
2024-09-18 14:58:34.578,413.3985004892618,103
2024-09-18 14:58:34.603,413.3932267387677,97
2024-09-18 14:58:34.612,413.4080692978985,996
2024-09-18 14:58:34.644,413.4062882049206,1005
2024-09-18 14:58:34.785,413.4115781997583,999
2024-09-18 14:58:34.824,41.34052318426959,14
2024-09-18 14:58:34.839,413.3926567171556,102
2024-09-18 14:58:34.848,413.4024525450865,997
2024-09-18 14:58:34.880,413.4106086515443,102
2024-09-18 14:58:34.938,413.4041997060159,1002
2024-09-18 14:58:34.986,413.38743963277005,7
2024-09-18 14:58:35.353,413.4030235415141,95
2024-09-18 14:58:35.709,413.39723798812935,98
2024-09-18 14:58:35.925,413.380442546139,997
2024-09-18 14:58:36.000,413.391986324056,998
2024-09-18 14:58:36.012,413.3872827529804,11
2024-09-18 14:58:36.103,413.3700685011245,1003
2024-09-18 14:58:36.151,413.3803518452869,103
2024-09-18 14:58:36.166,413.3921999259034,103
2024-09-18 14:58:36.199,413.3836486274526,104
2024-09-18 14:58:36.204,413.3853828987756,1003
2024-09-18 14:58:36.320,413.3311390867846,1000
2024-09-18 14:58:36.421,413.3171328162078,9
2024-09-18 14:58:36.463,413.39301918001183,14
2024-09-18 14:58:36.487,413.3750942654914,12
2024-09-18 14:58:36.491,413.4098628352896,5
2024-09-18 14:58:36.501,413.4003560215608,7
2024-09-18 14:58:36.516,413.3927446324013,9
2024-09-18 14:58:36.571,413.3226419951801,13
2024-09-18 14:58:36.580,413.3870739092455,1000
2024-09-18 14:58:36.588,413.35257314398456,1003
2024-09-18 14:58:36.778,413.3217358459559,13
2024-09-18 14:58:36.796,413.3127317346291,102
2024-09-18 14:58:36.810,413.3281975151312,1004
2024-09-18 14:58:36.853,413.404507687861,1003
2024-09-18 14:58:36.855,413.3738913327671,15
2024-09-18 14:58:36.928,413.390911290965,5
2024-09-18 14:58:37.026,413.3310284890159,1002
2024-09-18 14:58:37.058,413.3069828054968,100
2024-09-18 14:58:37.084,413.3326873187482,12
2024-09-18 14:58:37.108,413.3077030694105,95
2024-09-18 14:58:37.161,413.3249463023104,1003
2024-09-18 14:58:37.189,413.2978523647132,6
2024-09-18 14:58:37.207,413.3031581484566,1005
2024-09-18 14:58:37.334,413.3171965264876,1002
2024-09-18 14:58:37.465,413.31659086198016,14
2024-09-18 14:58:37.500,413.3265194577101,1001
2024-09-18 14:58:37.517,413.317375671147,1001
2024-09-18 14:58:37.628,413.32786367509925,103
2024-09-18 14:58:37.688,413.3190510259346,996
2024-09-18 14:58:37.730,413.333432109776,6
2024-09-18 14:58:37.743,413.3224356728717,97
2024-09-18 14:58:37.822,413.29868626257246,5
2024-09-18 14:58:37.840,413.2956482124819,6
2024-09-18 14:58:37.849,413.3303995207475,7
2024-09-18 14:58:37.853,413.3255771639473,13
2024-09-18 14:58:37.873,413.33382355115504,10
2024-09-18 14:58:37.960,413.32361520602814,97
2024-09-18 14:58:37.965,413.3249962205704,14
2024-09-18 14:58:37.968,413.30944698603935,14
2024-09-18 14:58:37.972,413.328089217379,1001
2024-09-18 14:58:38.107,413.3475151796828,7
2024-09-18 14:58:38.147,413.33355742092135,14
2024-09-18 14:58:38.439,413.3232410883508,98
2024-09-18 14:58:38.486,413.3161645248797,102
2024-09-18 14:58:38.593,413.3168561991438,10
2024-09-18 14:58:38.707,413.329395278406,104
2024-09-18 14:58:38.864,413.3388389769947,100
2024-09-18 14:58:39.004,413.3460178032337,996
2024-09-18 14:58:39.021,413.3478770684591,1005
2024-09-18 14:58:39.035,413.3432252457795,11
2024-09-18 14:58:39.073,413.3601535304463,1004
2024-09-18 14:58:39.127,413.34109384886784,100
2024-09-18 14:58:39.146,413.3720510525423,105
2024-09-18 14:58:39.146,413.3754544252941,998
2024-09-18 14:58:39.164,413.3647741376894,5
2024-09-18 14:58:39.275,413.3314244581987,105
2024-09-18 14:58:39.296,413.35728206717,7
2024-09-18 14:58:39.489,413.3540308802607,104
2024-09-18 14:58:39.566,413.36659212094906,1002
2024-09-18 14:58:39.614,,13
2024-09-18 14:58:39.706,413.3532503213222,11
2024-09-18 14:58:39.779,413.3549900126096,1005
2024-09-18 14:58:39.781,413.3522353614785,13
2024-09-18 14:58:39.898,413.3672264345354,105
2024-09-18 14:58:39.913,413.3438527674312,99
2024-09-18 14:58:39.932,413.3502764773349,13
2024-09-18 14:58:39.941,413.354655889532,13
2024-09-18 14:58:39.952,413.3460811786903,996
2024-09-18 14:58:39.953,413.3643400566048,1002
2024-09-18 14:58:39.990,413.3816467903408,999
2024-09-18 14:58:40.014,413.3197816013708,96
2024-09-18 14:58:40.015,413.3505395335299,15
2024-09-18 14:58:40.062,413.3425250252271,6
2024-09-18 14:58:40.191,413.3125995417504,996
2024-09-18 14:58:40.247,413.3033192593944,7
2024-09-18 14:58:40.274,413.3213183338634,103
2024-09-18 14:58:40.302,413.2822174290233,5
2024-09-18 14:58:40.327,413.31010917607045,13
2024-09-18 14:58:40.359,413.3402117870269,98
2024-09-18 14:58:40.365,413.29908289499474,103
2024-09-18 14:58:40.369,413.30099415898826,995
2024-09-18 14:58:40.385,413.3347340515632,96
2024-09-18 14:58:40.395,413.3336849055706,1001
2024-09-18 14:58:40.416,41.33615967739306,5
2024-09-18 14:58:40.418,413.3631444459161,999
2024-09-18 14:58:40.445,413.33120908940106,1000
2024-09-18 14:58:40.475,413.3446283709554,1003
2024-09-18 14:58:40.503,413.35426946010193,14
2024-09-18 14:58:40.611,413.3391419276435,11
2024-09-18 14:58:40.630,413.366939340942,97
2024-09-18 14:58:40.631,413.3547606165487,996
2024-09-18 14:58:40.667,41.337026450338215,14
2024-09-18 14:58:40.752,408.1817828885585,9
2024-09-18 14:58:40.776,413.34055945730375,10
2024-09-18 14:58:40.893,413.3365435715563,15
2024-09-18 14:58:40.931,413.3035286286477,995
2024-09-18 14:58:40.984,413.3538396060079,99
2024-09-18 14:58:40.986,413.3419362085806,996
2024-09-18 14:58:40.999,413.2954480557191,105
2024-09-18 14:58:41.010,413.3071635685817,998
2024-09-18 14:58:41.012,413.2706678910472,104
2024-09-18 14:58:41.066,-413.3122559779208,8
2024-09-18 14:58:41.067,413.3009061763758,99
2024-09-18 14:58:41.071,413.2982992698293,11
2024-09-18 14:58:41.117,413.2640416100453,1004
2024-09-18 14:58:41.173,41.32796540207613,10
2024-09-18 14:58:41.173,413.2912353591477,998
2024-09-18 14:58:41.269,413.2804875863402,96
2024-09-18 14:58:41.272,413.31868870166926,1002
2024-09-18 14:58:41.355,413.327666476108,102
2024-09-18 14:58:41.366,413.27717349660446,12
2024-09-18 14:58:41.407,413.2890641804998,1001
2024-09-18 14:58:41.488,413.2519705019412,9
2024-09-18 14:58:41.528,413.28046777997656,104
2024-09-18 14:58:41.534,,998
2024-09-18 14:58:41.542,413.2721610280323,9
2024-09-18 14:58:41.557,413.3060741449992,97
2024-09-18 14:58:41.587,413.2855951011789,105
2024-09-18 14:58:41.614,413.2440136772325,15
2024-09-18 14:58:41.620,413.2824620563056,9
2024-09-18 14:58:41.640,413.2832897520137,95
2024-09-18 14:58:41.657,413.3116819829909,1000
2024-09-18 14:58:41.688,413.266209829287,101
2024-09-18 14:58:41.689,413.2991331245199,101
2024-09-18 14:58:41.761,413.2654361913666,15
2024-09-18 14:58:41.916,413.3112896284815,105
2024-09-18 14:58:41.926,413.32503067603193,999
2024-09-18 14:58:42.033,413.27703342754745,7
2024-09-18 14:58:42.085,413.2799282709586,999
2024-09-18 14:58:42.161,41.33102292037865,15
2024-09-18 14:58:42.183,413.2831781186219,998
2024-09-18 14:58:42.201,413.3251384672699,11
2024-09-18 14:58:42.326,413.2761623059747,101
2024-09-18 14:58:42.333,413.2743159276524,10
2024-09-18 14:58:42.348,408.2176862334488,104
2024-09-18 14:58:42.416,413.2873016248817,98
2024-09-18 14:58:42.516,413.2888149046048,1001
2024-09-18 14:58:42.517,413.2744780143631,9
2024-09-18 14:58:42.526,413.27367654180136,7
2024-09-18 14:58:42.563,-413.29411721742207,997
2024-09-18 14:58:42.673,413.272415920118,95
2024-09-18 14:58:42.763,413.2803742866215,104
2024-09-18 14:58:42.797,408.2202650250072,98
2024-09-18 14:58:42.880,413.2828215780469,1004
2024-09-18 14:58:42.958,413.2818156147898,999
2024-09-18 14:58:42.987,413.2857888314736,13
2024-09-18 14:58:43.025,413.3171208739647,995
2024-09-18 14:58:43.043,413.2876476605055,96
2024-09-18 14:58:43.117,413.2641748403207,11
2024-09-18 14:58:43.162,413.3136652911896,103
2024-09-18 14:58:43.236,413.334197439774,13
2024-09-18 14:58:43.387,413.2784562332514,995
2024-09-18 14:58:43.559,413.294664859662,15
2024-09-18 14:58:43.604,413.2909922647737,996
2024-09-18 14:58:43.668,413.2624956049559,15
2024-09-18 14:58:43.668,413.2894791433752,105
2024-09-18 14:58:43.736,413.26469355290624,999
2024-09-18 14:58:43.766,413.3154820328747,8
2024-09-18 14:58:43.908,413.2567507450345,14
2024-09-18 14:58:44.003,413.2212744453435,101
2024-09-18 14:58:44.018,413.3043110030375,103
2024-09-18 14:58:44.028,413.2579052428093,1005
2024-09-18 14:58:44.095,413.2778790916428,102
2024-09-18 14:58:44.145,413.2643225915672,13
2024-09-18 14:58:44.205,413.25270943314536,1001
2024-09-18 14:58:44.224,413.2719786464341,105
2024-09-18 14:58:44.245,413.2469291212855,1003
2024-09-18 14:58:44.305,413.2492540851031,996
2024-09-18 14:58:44.330,413.2535991755984,105
2024-09-18 14:58:44.354,413.3056621260804,95
2024-09-18 14:58:44.358,413.21825746714535,8
2024-09-18 14:58:44.423,413.2725297052281,1004
2024-09-18 14:58:44.474,413.2956975917252,99
2024-09-18 14:58:44.486,413.2534898933986,95
2024-09-18 14:58:44.500,413.27919803526487,1003
2024-09-18 14:58:44.545,413.2934068027068,6
2024-09-18 14:58:44.552,413.23235095553787,105
2024-09-18 14:58:44.554,413.2980075493579,11
2024-09-18 14:58:44.654,413.2354770262948,13
2024-09-18 14:58:44.820,413.2340067564998,995
2024-09-18 14:58:44.870,413.31667702667073,998
2024-09-18 14:58:44.895,413.2423154698433,99
2024-09-18 14:58:44.908,413.3198145048135,105
2024-09-18 14:58:44.980,413.2590545440178,997
2024-09-18 14:58:45.835,413.2696712339636,7
2024-09-18 14:58:46.084,413.25036449461095,97
2024-09-18 14:58:46.120,413.27791726216384,997
2024-09-18 14:58:46.127,413.2460401693922,996
2024-09-18 14:58:46.156,413.263329873568,96
2024-09-18 14:58:46.238,413.2584845484099,100
2024-09-18 14:58:46.282,413.2575331940962,6
2024-09-18 14:58:46.295,413.249467817677,1003
2024-09-18 14:58:46.489,413.2641867444891,95
2024-09-18 14:58:46.489,413.2626391823441,97
2024-09-18 14:58:46.511,413.2595404553919,96
2024-09-18 14:58:46.551,413.2454102649365,97
2024-09-18 14:58:46.756,413.2457925438285,1005
2024-09-18 14:58:46.810,413.25901938685513,100
2024-09-18 14:58:46.891,,14
2024-09-18 14:58:46.982,413.2446356665747,10
2024-09-18 14:58:47.006,413.1929860447278,15
2024-09-18 14:58:47.055,413.1879934692134,100
2024-09-18 14:58:47.091,,100
2024-09-18 14:58:47.179,413.195490750052,99
2024-09-18 14:58:47.186,413.1952396160548,5
2024-09-18 14:58:47.268,413.20679091044747,995
2024-09-18 14:58:47.297,-413.2264120744786,14
2024-09-18 14:58:47.317,413.2031856061365,9
2024-09-18 14:58:47.397,-413.2173525692896,1003
2024-09-18 14:58:47.481,413.196958787757,101
2024-09-18 14:58:47.547,413.1849327081164,97
2024-09-18 14:58:47.568,413.21313328342654,1000
2024-09-18 14:58:47.577,413.2237680136215,98
2024-09-18 14:58:47.618,413.2185019213388,8
2024-09-18 14:58:47.650,413.2482168629229,8
2024-09-18 14:58:47.741,413.23418456310566,995
2024-09-18 14:58:47.846,413.2217429532213,999
2024-09-18 14:58:47.855,413.2236168466441,1001
2024-09-18 14:58:47.867,413.19102990507776,1001
2024-09-18 14:58:47.919,413.20121560108464,99
2024-09-18 14:58:47.933,413.1915322521221,95
2024-09-18 14:58:48.011,413.1707353920157,5
2024-09-18 14:58:48.126,413.1407559322406,104
2024-09-18 14:58:48.144,413.14742229282393,100
2024-09-18 14:58:48.210,413.1384583714044,9
2024-09-18 14:58:48.349,413.1665488090369,11
2024-09-18 14:58:48.361,413.1516850346184,96
2024-09-18 14:58:48.432,408.11433533648767,6
2024-09-18 14:58:48.482,408.0761815812394,1003
2024-09-18 14:58:48.483,413.1546374485241,1002
2024-09-18 14:58:48.509,413.1565165727284,997
2024-09-18 14:58:48.600,413.155390061456,103
2024-09-18 14:58:48.638,413.1632114226038,995
2024-09-18 14:58:48.642,-413.1584039941778,100
2024-09-18 14:58:48.707,413.1611929955728,1004
2024-09-18 14:58:48.987,413.17311296225125,9
2024-09-18 14:58:48.990,413.1512542507692,13
2024-09-18 14:58:49.154,413.1005206317258,15
2024-09-18 14:58:49.198,413.1321718452826,1001
2024-09-18 14:58:49.209,413.09706272409215,96
2024-09-18 14:58:49.229,413.094079462817,9
2024-09-18 14:58:49.249,413.0944895651837,1005
2024-09-18 14:58:49.278,413.0768571804281,99
2024-09-18 14:58:49.450,413.0873477466377,101
2024-09-18 14:58:49.488,413.09492142292135,15
2024-09-18 14:58:49.536,413.1034027200832,99
2024-09-18 14:58:49.592,413.1346217593007,105
2024-09-18 14:58:49.609,413.0886697468716,104
2024-09-18 14:58:49.686,413.1343263572788,101
2024-09-18 14:58:49.687,413.0930750758764,8
2024-09-18 14:58:49.718,,11
2024-09-18 14:58:49.725,413.1105421494432,96
2024-09-18 14:58:49.744,413.09277842811497,105
2024-09-18 14:58:49.832,413.1016079381735,9
2024-09-18 14:58:49.849,413.0859431108873,997
2024-09-18 14:58:49.866,413.08603553847325,1003
2024-09-18 14:58:49.867,413.1178543449064,6
2024-09-18 14:58:50.078,413.1363737902088,5
2024-09-18 14:58:50.226,413.1496387233194,5
2024-09-18 14:58:50.421,408.1125184792562,997
2024-09-18 14:58:50.427,413.1408745870199,8
2024-09-18 14:58:50.460,413.1242282899154,12
2024-09-18 14:58:50.466,408.1832739358814,100
2024-09-18 14:58:50.484,413.1364788859448,103
2024-09-18 14:58:51.206,413.1998156147123,5
2024-09-18 14:58:51.458,413.203941356276,99
2024-09-18 14:58:51.588,413.2078310449468,13
2024-09-18 14:58:51.601,413.1475049355966,15
2024-09-18 14:58:51.615,413.20976458024575,99
2024-09-18 14:58:51.691,413.1789505085584,1004
2024-09-18 14:58:51.720,413.1871796320129,98
2024-09-18 14:58:51.766,413.17035761499017,997
2024-09-18 14:58:52.001,413.23693360944833,13
2024-09-18 14:58:52.238,413.21990992129895,14
2024-09-18 14:58:52.277,413.1969568002014,97
2024-09-18 14:58:52.377,413.2163692656056,1001
2024-09-18 14:58:52.548,413.2198866478949,1002
2024-09-18 14:58:52.594,413.2551631053439,1001
2024-09-18 14:58:52.701,413.24487333043095,105
2024-09-18 14:58:52.733,413.190784084902,103
2024-09-18 14:58:52.894,413.2240981373735,104
2024-09-18 14:58:52.969,413.2572943933741,995
2024-09-18 14:58:52.979,413.1990131349481,9
2024-09-18 14:58:53.053,413.2423307948414,15
2024-09-18 14:58:53.192,413.2297154415303,999
2024-09-18 14:58:53.212,413.2348795257123,999
2024-09-18 14:58:53.251,413.2271183586589,999
2024-09-18 14:58:53.418,413.24360241606513,8
2024-09-18 14:58:53.442,413.2591184820054,996
2024-09-18 14:58:53.537,413.2438930795648,98
2024-09-18 14:58:53.791,413.2425009858434,104
2024-09-18 14:58:53.811,413.2237441756236,7
2024-09-18 14:58:54.035,413.2365742201574,5
2024-09-18 14:58:54.131,413.2253848871163,96
2024-09-18 14:58:54.442,413.2132533420737,996
2024-09-18 14:58:54.695,413.232181179212,98
2024-09-18 14:58:54.815,413.2120492745111,7
2024-09-18 14:58:54.848,413.2374012101212,999
2024-09-18 14:58:55.052,413.2107813302653,95
2024-09-18 14:58:55.206,413.22084483666174,12
2024-09-18 14:58:55.799,413.23092782411806,996
2024-09-18 14:58:55.994,413.2166255018192,1001
2024-09-18 14:58:56.026,413.17451489645134,1004
2024-09-18 14:58:56.046,413.1962913028657,7
2024-09-18 14:58:56.090,413.1623757627674,103
2024-09-18 14:58:56.090,413.182357983209,5
2024-09-18 14:58:56.098,413.1788830325233,102
2024-09-18 14:58:56.102,413.187358608339,95
2024-09-18 14:58:56.136,413.1583106658311,95
2024-09-18 14:58:56.181,413.1625807691017,15
2024-09-18 14:58:56.311,-413.2066393416649,97
2024-09-18 14:58:56.364,413.178386516829,995
2024-09-18 14:58:56.467,413.1994891894801,1003
2024-09-18 14:58:56.473,413.1580729338213,12
2024-09-18 14:58:56.523,413.20603378262746,100
2024-09-18 14:58:56.617,413.1873268650734,13
2024-09-18 14:58:56.629,413.1784066053664,998
2024-09-18 14:58:56.713,413.1889805558686,13
2024-09-18 14:58:56.783,413.1425028862813,13
2024-09-18 14:58:56.843,413.1545935437565,1004
2024-09-18 14:58:56.877,413.1669945169456,6
2024-09-18 14:58:56.881,413.1816987044247,5
2024-09-18 14:58:56.913,413.1828838396596,104
2024-09-18 14:58:56.959,413.1749872934896,102
2024-09-18 14:58:56.966,41.31839936304184,1003
2024-09-18 14:58:56.973,413.17930514246456,12
2024-09-18 14:58:56.992,413.1674410535388,13
2024-09-18 14:58:57.004,413.1283584683778,999
2024-09-18 14:58:57.010,413.11437329841937,996
2024-09-18 14:58:57.084,413.1350844092268,995
2024-09-18 14:58:57.114,413.120629535418,98
2024-09-18 14:58:57.177,413.1457608900328,105
2024-09-18 14:58:57.181,413.12764239664216,1001
2024-09-18 14:58:57.195,413.1526348332991,14
2024-09-18 14:58:57.213,413.1150125265043,999
2024-09-18 14:58:57.242,413.1270748570352,100
2024-09-18 14:58:57.277,413.1570679137493,96
2024-09-18 14:58:57.318,413.1052421222837,13
2024-09-18 14:58:57.422,413.1614477554491,100
2024-09-18 14:58:57.492,,104
2024-09-18 14:58:57.506,413.1129753267487,11
2024-09-18 14:58:57.521,413.1159231333168,101
2024-09-18 14:58:57.629,413.154126876689,98
2024-09-18 14:58:57.715,413.1370731011715,103
2024-09-18 14:58:57.850,413.113874325186,998
2024-09-18 14:58:57.907,413.1324242482825,102
2024-09-18 14:58:57.968,413.1119650714623,1004
2024-09-18 14:58:57.980,413.1664516834263,98
2024-09-18 14:58:57.992,413.1241785726433,8
2024-09-18 14:58:58.356,408.3059086744677,999
2024-09-18 14:58:58.359,413.1254482120316,11
2024-09-18 14:58:58.364,413.111258769565,999
2024-09-18 14:58:58.455,413.0895717991935,11
2024-09-18 14:58:58.658,413.1077648982382,1005
2024-09-18 14:58:58.682,413.1370929966373,997
2024-09-18 14:58:58.865,413.0932977584629,5
2024-09-18 14:58:58.902,413.0808862040321,1002
2024-09-18 14:58:59.037,413.0688031759804,995
2024-09-18 14:58:59.039,413.07828054039067,999
2024-09-18 14:58:59.059,413.0878597938856,996
2024-09-18 14:58:59.077,413.120377984525,1001
2024-09-18 14:58:59.096,413.07523740462335,12
2024-09-18 14:58:59.197,413.04783981049087,6
2024-09-18 14:58:59.257,413.1316272279281,998
2024-09-18 14:58:59.265,413.0463323705432,11
2024-09-18 14:58:59.340,413.1422053994186,98
2024-09-18 14:58:59.440,413.0725619814357,10
2024-09-18 14:58:59.498,413.0732256468648,99
2024-09-18 14:58:59.505,413.12092799305935,14
2024-09-18 14:58:59.542,413.0956722018252,103
2024-09-18 14:58:59.571,413.0892392675824,13
2024-09-18 14:58:59.627,413.0911431413871,9
2024-09-18 14:58:59.652,413.0693491101935,9
2024-09-18 14:58:59.654,413.06288848806895,98
2024-09-18 14:58:59.741,413.0965736546332,9
2024-09-18 14:58:59.750,413.07930629170255,104
2024-09-18 14:58:59.753,413.052332063592,95
2024-09-18 14:58:59.913,413.0990168602636,999
2024-09-18 14:58:59.950,413.0540649720088,15
2024-09-18 14:58:59.950,413.078565938333,101
2024-09-18 14:58:59.994,413.09021255233824,7
