Timestamp,Price,Size
2024-09-20 13:30:00.005,42.93983205384117,1005
2024-09-20 13:30:00.017,42.94108373529824,1000
2024-09-20 13:30:00.167,429.4327453792639,995
2024-09-20 13:30:00.195,429.41400512422,8
2024-09-20 13:30:00.269,429.3974029397404,997
2024-09-20 13:30:00.279,429.4336240805086,100
2024-09-20 13:30:00.525,429.4079402288593,102
2024-09-20 13:30:00.613,429.4072865621473,995
2024-09-20 13:30:00.657,,6
2024-09-20 13:30:00.832,429.4375321699487,1002
2024-09-20 13:30:00.861,429.4283362308845,98
2024-09-20 13:30:00.925,429.4115318984215,995
2024-09-20 13:30:00.929,429.410041733203,5
2024-09-20 13:30:00.955,429.42243923412445,996
2024-09-20 13:30:00.977,429.42243959106025,996
2024-09-20 13:30:01.181,429.39174770041046,9
2024-09-20 13:30:01.219,429.4041954359187,15
2024-09-20 13:30:01.235,429.3920867601019,14
2024-09-20 13:30:01.245,429.3862108014043,97
2024-09-20 13:30:01.307,429.3951667334401,1000
2024-09-20 13:30:01.400,429.417463022555,96
2024-09-20 13:30:01.411,429.4136391386842,5
2024-09-20 13:30:01.562,429.38671072698526,10
2024-09-20 13:30:01.610,429.3841045290913,5
2024-09-20 13:30:01.646,429.4047934894485,7
2024-09-20 13:30:01.666,429.4022345752229,1003
2024-09-20 13:30:01.687,429.40675681959766,1003
2024-09-20 13:30:01.780,429.41274556400566,105
2024-09-20 13:30:01.868,429.3635661070722,102
2024-09-20 13:30:01.876,429.3983432920966,95
2024-09-20 13:30:01.893,429.38141579540576,1001
2024-09-20 13:30:01.925,429.39840263418137,102
2024-09-20 13:30:01.929,429.38034555708094,996
2024-09-20 13:30:01.973,429.405172478703,1002
2024-09-20 13:30:03.088,429.4037148913312,997
2024-09-20 13:30:03.178,429.3711691786827,100
2024-09-20 13:30:03.202,429.4268828698952,12
2024-09-20 13:30:03.223,429.41668512623016,997
2024-09-20 13:30:03.252,429.3809856389754,97
2024-09-20 13:30:03.332,429.4351970806241,997
2024-09-20 13:30:03.341,429.4093800224424,1005
2024-09-20 13:30:03.341,429.3841423381144,97
2024-09-20 13:30:03.347,429.408982435069,11
2024-09-20 13:30:03.362,429.4434451633948,996
2024-09-20 13:30:03.433,429.4207473631329,14
2024-09-20 13:30:03.458,429.3823259041452,98
2024-09-20 13:30:03.506,429.4309319045181,1001
2024-09-20 13:30:03.576,429.4007606038646,7
2024-09-20 13:30:03.653,429.3804863076388,13
2024-09-20 13:30:03.654,429.39207054663154,999
2024-09-20 13:30:03.692,429.3815718453407,100
2024-09-20 13:30:03.758,429.3735943530064,98
2024-09-20 13:30:03.765,429.4257571933604,997
2024-09-20 13:30:03.802,429.39839988372535,1005
2024-09-20 13:30:03.837,429.4089671898427,7
2024-09-20 13:30:03.905,429.4147792047397,95
2024-09-20 13:30:03.955,429.387582927046,95
2024-09-20 13:30:03.982,429.4410167264578,997
2024-09-20 13:30:03.999,429.3978250209237,101
2024-09-20 13:30:04.809,429.4154951869156,95
2024-09-20 13:30:04.917,429.4056999975007,1005
2024-09-20 13:30:05.053,429.44669056979626,995
2024-09-20 13:30:05.083,429.4226570894768,98
2024-09-20 13:30:05.091,429.4334425630011,104
2024-09-20 13:30:05.097,429.4228822836892,12
2024-09-20 13:30:05.121,429.4250196530568,95
2024-09-20 13:30:05.155,429.4086699914293,101
2024-09-20 13:30:05.207,429.43770311052407,6
2024-09-20 13:30:05.228,429.4105232798898,104
2024-09-20 13:30:05.257,429.4110397075721,98
2024-09-20 13:30:05.294,429.3972864564519,13
2024-09-20 13:30:05.319,429.4416193387443,96
2024-09-20 13:30:05.349,429.40236634408245,104
2024-09-20 13:30:05.444,429.44370276818086,97
2024-09-20 13:30:05.514,429.4255242564675,7
2024-09-20 13:30:05.655,429.4145110938559,6
2024-09-20 13:30:05.700,429.412201396386,1004
2024-09-20 13:30:05.801,429.4203619929451,99
2024-09-20 13:30:05.820,429.4422318715668,1005
2024-09-20 13:30:05.825,429.3886702512576,103
2024-09-20 13:30:05.826,429.4274906091465,95
2024-09-20 13:30:05.893,429.4248134145583,996
2024-09-20 13:30:05.931,429.3963997378786,1003
2024-09-20 13:30:06.058,429.47865897342433,1001
2024-09-20 13:30:06.119,429.3940178979647,1001
2024-09-20 13:30:06.144,429.38548375582457,998
2024-09-20 13:30:06.151,429.4785203718051,999
2024-09-20 13:30:06.169,429.4621882434412,103
2024-09-20 13:30:06.195,429.4889075973404,1004
2024-09-20 13:30:06.198,-429.4050324583615,999
2024-09-20 13:30:06.315,429.4574443403346,95
2024-09-20 13:30:06.372,429.4904710521466,97
2024-09-20 13:30:06.381,429.4800878889474,105
2024-09-20 13:30:06.399,429.3989588857074,1000
2024-09-20 13:30:06.438,429.4578097966096,101
2024-09-20 13:30:06.439,429.4631041003021,6
2024-09-20 13:30:06.443,,8
2024-09-20 13:30:06.447,429.4725493513901,11
2024-09-20 13:30:06.456,429.3938560303655,105
2024-09-20 13:30:06.502,429.3977816139276,1001
2024-09-20 13:30:06.567,429.4017795972866,99
2024-09-20 13:30:06.655,429.45202648667663,13
2024-09-20 13:30:06.764,429.4367277400737,11
2024-09-20 13:30:06.765,429.4666479112281,97
2024-09-20 13:30:06.786,429.41428589959327,1005
2024-09-20 13:30:06.895,429.43054387289664,6
2024-09-20 13:30:06.996,429.3843146418874,6
2024-09-20 13:30:07.179,429.56913677120895,1001
2024-09-20 13:30:07.192,429.5948971722893,1001
2024-09-20 13:30:07.199,429.5809038605088,7
2024-09-20 13:30:07.206,429.5719140075658,100
2024-09-20 13:30:07.245,429.5277129648637,102
2024-09-20 13:30:07.271,429.5921853262951,8
2024-09-20 13:30:07.297,429.57014879568175,997
2024-09-20 13:30:07.334,429.5790356504914,1002
2024-09-20 13:30:07.348,429.5955382163896,96
2024-09-20 13:30:07.471,429.4945678102146,100
2024-09-20 13:30:07.477,429.5620268293673,11
2024-09-20 13:30:07.496,429.5831072168034,96
2024-09-20 13:30:07.498,429.4859830726227,14
2024-09-20 13:30:07.620,429.5818946575221,101
2024-09-20 13:30:07.622,,100
2024-09-20 13:30:07.629,429.59923450408326,11
2024-09-20 13:30:07.703,429.497320114582,99
2024-09-20 13:30:07.769,429.4833597298109,100
2024-09-20 13:30:07.775,429.5660544148662,104
2024-09-20 13:30:07.837,429.6140837406407,998
2024-09-20 13:30:07.958,429.5891699290028,96
2024-09-20 13:30:08.012,429.6026481199656,1003
2024-09-20 13:30:08.159,429.64574525335104,5
2024-09-20 13:30:08.205,429.574452312393,997
2024-09-20 13:30:08.210,429.6384262383616,1005
2024-09-20 13:30:08.239,429.6588988006352,13
2024-09-20 13:30:08.376,429.6012304490982,15
2024-09-20 13:30:08.430,429.624828000047,8
2024-09-20 13:30:08.475,429.5799991164204,999
2024-09-20 13:30:08.525,429.6368479802506,14
2024-09-20 13:30:08.586,429.635930330693,11
2024-09-20 13:30:08.611,429.6230639061964,1002
2024-09-20 13:30:08.637,-429.57794383193743,999
2024-09-20 13:30:08.758,429.5908866474746,104
2024-09-20 13:30:08.763,42.95995925543095,5
2024-09-20 13:30:08.808,429.62909206989696,996
2024-09-20 13:30:08.823,429.65136849347147,99
2024-09-20 13:30:08.863,42.95762183679562,997
2024-09-20 13:30:08.931,429.6163885944952,12
2024-09-20 13:30:08.966,429.6109861495901,101
2024-09-20 13:30:09.081,429.6123367423357,101
2024-09-20 13:30:09.116,429.60035162691713,1003
2024-09-20 13:30:09.253,429.58364722533327,997
2024-09-20 13:30:09.377,429.6167063615093,97
2024-09-20 13:30:09.389,429.615108971125,95
2024-09-20 13:30:09.393,429.6019007307202,1002
2024-09-20 13:30:09.438,429.6091713068788,7
2024-09-20 13:30:09.445,429.6121619497572,104
2024-09-20 13:30:09.481,429.608893599702,98
2024-09-20 13:30:09.485,429.6009992672484,5
2024-09-20 13:30:09.608,429.6272109656821,997
2024-09-20 13:30:09.624,429.6075591090564,12
2024-09-20 13:30:09.849,429.5804078049536,8
2024-09-20 13:30:09.873,429.62883248843474,995
2024-09-20 13:30:10.014,429.6190732326581,996
2024-09-20 13:30:10.117,429.625333609174,999
2024-09-20 13:30:10.147,429.6153169046494,7
2024-09-20 13:30:10.149,429.62826824735447,1004
2024-09-20 13:30:10.176,429.6468395943008,15
2024-09-20 13:30:10.234,429.6036199393044,98
2024-09-20 13:30:10.279,429.6221546397993,1005
2024-09-20 13:30:10.310,429.6192007176006,10
2024-09-20 13:30:10.387,429.6244154064747,14
2024-09-20 13:30:10.448,429.608993978585,10
2024-09-20 13:30:10.529,429.6164545862556,11
2024-09-20 13:30:10.568,429.6194589183911,95
2024-09-20 13:30:10.636,429.63421823924415,101
2024-09-20 13:30:10.665,429.5982661820772,999
2024-09-20 13:30:10.679,429.6113835945904,11
2024-09-20 13:30:10.698,429.61092865210486,5
2024-09-20 13:30:10.713,429.6126317180969,1003
2024-09-20 13:30:10.851,429.6462060197687,5
2024-09-20 13:30:10.870,429.60469903287816,102
2024-09-20 13:30:11.014,429.7112169579237,997
2024-09-20 13:30:11.048,429.6676709338777,105
2024-09-20 13:30:11.073,429.7008439280302,103
2024-09-20 13:30:11.088,429.70555715432056,13
2024-09-20 13:30:11.154,429.6309168679492,999
2024-09-20 13:30:11.190,42.96471724996874,98
2024-09-20 13:30:11.211,429.6741683724576,7
2024-09-20 13:30:11.329,429.7054145489207,1001
2024-09-20 13:30:11.332,429.69406854030814,96
2024-09-20 13:30:11.395,429.6824471940456,999
2024-09-20 13:30:11.422,429.65114271839,15
2024-09-20 13:30:11.472,429.7101901702508,102
2024-09-20 13:30:11.494,429.70102881963777,997
2024-09-20 13:30:11.516,429.6708434493794,98
2024-09-20 13:30:11.655,429.6716572011452,105
2024-09-20 13:30:11.676,429.6833835705946,100
2024-09-20 13:30:11.740,429.69159367184704,6
2024-09-20 13:30:11.773,429.6756840513024,14
2024-09-20 13:30:11.784,429.64478050969103,10
2024-09-20 13:30:11.801,429.68363069789217,1005
2024-09-20 13:30:11.894,429.64197365977685,15
2024-09-20 13:30:11.898,429.7077373459319,96
2024-09-20 13:30:11.946,429.6930194736269,99
2024-09-20 13:30:11.992,429.6270121005728,14
2024-09-20 13:30:12.098,429.676952997393,1005
2024-09-20 13:30:12.131,429.6842516073837,13
2024-09-20 13:30:12.198,429.6731497756096,999
2024-09-20 13:30:12.248,429.6814028986287,1000
2024-09-20 13:30:12.424,429.6588285090254,12
2024-09-20 13:30:12.504,429.6746501968084,1004
2024-09-20 13:30:12.506,429.6718385936325,97
2024-09-20 13:30:12.533,429.67678924734696,96
2024-09-20 13:30:12.535,429.6827915622756,12
2024-09-20 13:30:12.539,429.6614971777747,999
2024-09-20 13:30:12.585,429.669208927976,1003
2024-09-20 13:30:12.760,429.6876257753809,9
2024-09-20 13:30:12.834,429.6672285016565,995
2024-09-20 13:30:12.868,429.6885985596322,99
2024-09-20 13:30:12.884,429.65956808570127,15
2024-09-20 13:30:12.934,429.6599249184823,1003
2024-09-20 13:30:13.042,429.7143398566077,101
2024-09-20 13:30:13.173,429.69668078869904,100
2024-09-20 13:30:13.186,429.7154625629857,105
2024-09-20 13:30:13.187,429.7197787965793,13
2024-09-20 13:30:13.332,429.6939717712585,6
2024-09-20 13:30:13.356,-429.7030814545935,95
2024-09-20 13:30:13.453,429.6939387607916,1004
2024-09-20 13:30:13.525,429.6765466459457,12
2024-09-20 13:30:13.550,429.70995847866914,999
2024-09-20 13:30:13.573,429.71746634351945,95
2024-09-20 13:30:13.687,429.6974783203372,104
2024-09-20 13:30:13.709,429.6818175494403,996
2024-09-20 13:30:13.743,429.72595682301807,999
2024-09-20 13:30:13.748,429.7276571283471,10
2024-09-20 13:30:13.817,42.97318794919385,1002
2024-09-20 13:30:13.819,429.6860063598757,95
2024-09-20 13:30:13.839,429.73502296146097,995
2024-09-20 13:30:13.862,429.7334378848764,1001
2024-09-20 13:30:13.884,429.7036828503228,998
2024-09-20 13:30:13.915,429.7187800853904,100
2024-09-20 13:30:13.972,429.727668829758,9
2024-09-20 13:30:14.121,429.6796164864211,1005
2024-09-20 13:30:14.169,429.683562859533,15
2024-09-20 13:30:14.908,429.6849687615903,15
2024-09-20 13:30:15.220,429.6807994272926,97
2024-09-20 13:30:15.383,429.70180533601706,11
2024-09-20 13:30:16.003,429.6524872115082,96
2024-09-20 13:30:16.052,429.6724454300983,98
2024-09-20 13:30:16.230,429.68768605610416,1003
2024-09-20 13:30:16.423,429.6525357120643,9
2024-09-20 13:30:16.471,429.6791482826021,11
2024-09-20 13:30:16.517,429.67868476078496,95
2024-09-20 13:30:16.624,429.6920726317832,96
2024-09-20 13:30:16.874,429.675866696518,96
2024-09-20 13:30:16.896,429.67627265060673,98
2024-09-20 13:30:16.961,429.67407958793024,9
2024-09-20 13:30:18.225,429.71170107697634,15
2024-09-20 13:30:18.348,429.70067439353926,9
2024-09-20 13:30:18.997,429.71552947284295,9
2024-09-20 13:30:19.322,-429.7471514792869,997
2024-09-20 13:30:19.714,,7
2024-09-20 13:30:19.945,429.7368244097979,100
2024-09-20 13:30:20.116,429.7823751258597,97
2024-09-20 13:30:20.120,429.7687930704101,6
2024-09-20 13:30:20.144,429.7913194056724,10
2024-09-20 13:30:20.163,429.8125458044348,1002
2024-09-20 13:30:20.168,429.7091527828657,996
2024-09-20 13:30:20.169,429.81044212108577,998
2024-09-20 13:30:20.172,429.7555589021161,1000
2024-09-20 13:30:20.238,429.7735685964208,102
2024-09-20 13:30:20.254,429.8044599087136,98
2024-09-20 13:30:20.291,429.79515851408337,99
2024-09-20 13:30:20.318,429.7783963225242,6
2024-09-20 13:30:20.331,429.7307210048584,104
2024-09-20 13:30:20.380,429.7105554901701,103
2024-09-20 13:30:20.383,429.7370317246567,96
2024-09-20 13:30:20.390,429.8041543759766,97
2024-09-20 13:30:20.461,429.7179242116101,103
2024-09-20 13:30:20.469,429.7416978979056,1001
2024-09-20 13:30:20.473,429.80245666683953,9
2024-09-20 13:30:20.500,429.7492991964695,7
2024-09-20 13:30:20.630,429.7941112055561,103
2024-09-20 13:30:20.677,429.7978197370579,5
2024-09-20 13:30:20.710,429.7889861491156,10
2024-09-20 13:30:20.770,429.7419244445807,1002
2024-09-20 13:30:20.939,429.7299036526746,9
2024-09-20 13:30:20.953,429.80979404479456,99
2024-09-20 13:30:21.010,429.8475149474865,999
2024-09-20 13:30:21.068,429.8425242135312,15
2024-09-20 13:30:21.132,429.8214779796164,104
2024-09-20 13:30:21.237,,96
2024-09-20 13:30:21.248,429.8985777657312,8
2024-09-20 13:30:21.341,429.8375323502636,104
2024-09-20 13:30:21.371,429.8475351568573,1002
2024-09-20 13:30:21.386,429.8291818644109,7
2024-09-20 13:30:21.417,42.98331230684104,999
2024-09-20 13:30:21.442,429.8027790717582,999
2024-09-20 13:30:21.477,429.8527569149424,1002
2024-09-20 13:30:21.645,429.8004134091595,104
2024-09-20 13:30:21.765,42.98349856422652,104
2024-09-20 13:30:21.809,429.8269467855733,998
2024-09-20 13:30:21.859,429.8281058556115,105
2024-09-20 13:30:21.910,429.81896317061006,96
2024-09-20 13:30:21.931,429.8254920958365,998
2024-09-20 13:30:21.943,429.8769729524741,997
2024-09-20 13:30:21.986,429.8311878199598,101
2024-09-20 13:30:22.024,429.8827669388267,1003
2024-09-20 13:30:22.246,429.8932888741368,8
2024-09-20 13:30:22.441,429.9096975494977,1004
2024-09-20 13:30:22.532,429.870736814126,95
2024-09-20 13:30:22.566,429.88634598843583,95
2024-09-20 13:30:22.590,429.8878549374639,105
2024-09-20 13:30:22.809,429.8801926975391,105
2024-09-20 13:30:23.079,429.90952695251866,999
2024-09-20 13:30:23.109,429.89681320878,101
2024-09-20 13:30:23.239,429.88960984531946,98
2024-09-20 13:30:23.293,429.9037770152712,997
2024-09-20 13:30:23.330,429.9017214006473,98
2024-09-20 13:30:23.394,429.90040932068814,101
2024-09-20 13:30:23.438,429.911979319072,105
2024-09-20 13:30:23.564,-429.8865246963471,105
2024-09-20 13:30:23.950,429.9016983622107,9
2024-09-20 13:30:23.966,429.90902946843374,997
2024-09-20 13:30:24.251,429.9178063313203,14
2024-09-20 13:30:24.409,429.9242447024935,95
2024-09-20 13:30:24.463,429.8986618763711,100
2024-09-20 13:30:24.479,429.92673252251694,100
2024-09-20 13:30:24.539,429.93103059096666,996
2024-09-20 13:30:24.642,429.9072416564762,14
2024-09-20 13:30:24.809,429.9151242984407,1002
2024-09-20 13:30:24.869,429.91925897923375,1004
2024-09-20 13:30:24.994,429.9319894728431,103
2024-09-20 13:30:25.017,429.9035890304058,996
2024-09-20 13:30:25.023,429.9059684529132,997
2024-09-20 13:30:25.103,429.8808492495149,6
2024-09-20 13:30:25.146,429.9298646549415,10
2024-09-20 13:30:25.240,429.9163632537708,996
2024-09-20 13:30:25.282,429.8875342289473,1003
2024-09-20 13:30:25.334,429.9186148676253,1002
2024-09-20 13:30:25.392,429.8766563774401,102
2024-09-20 13:30:25.502,429.8932261428215,105
2024-09-20 13:30:25.556,429.8828423902286,1002
2024-09-20 13:30:25.684,429.9287667514564,95
2024-09-20 13:30:25.693,429.8934612642913,104
2024-09-20 13:30:25.844,429.8986485738644,9
2024-09-20 13:30:25.881,429.87903679336864,105
2024-09-20 13:30:25.887,-429.8942541471444,101
2024-09-20 13:30:25.943,429.90086092295456,1005
2024-09-20 13:30:25.945,429.91217409055537,9
2024-09-20 13:30:26.015,429.8105352979285,10
2024-09-20 13:30:26.027,429.9218224207925,998
2024-09-20 13:30:26.028,429.9237654718493,1005
2024-09-20 13:30:26.031,429.8275503439702,996
2024-09-20 13:30:26.037,429.9405603593575,999
2024-09-20 13:30:26.087,429.93736915231,1003
2024-09-20 13:30:26.163,-429.90922565200793,12
2024-09-20 13:30:26.163,429.91665485054,996
2024-09-20 13:30:26.170,429.8612337225498,104
2024-09-20 13:30:26.181,429.9093147063218,1001
2024-09-20 13:30:26.187,429.8406759104977,99
2024-09-20 13:30:26.215,429.84120357303664,10
2024-09-20 13:30:26.235,429.8373391967911,95
2024-09-20 13:30:26.349,429.85054804481865,95
2024-09-20 13:30:26.355,429.9355408689192,8
2024-09-20 13:30:26.517,429.85341095158464,11
2024-09-20 13:30:26.572,429.9270150807928,5
2024-09-20 13:30:26.583,429.9189707599808,13
2024-09-20 13:30:26.697,429.9262977686516,105
2024-09-20 13:30:26.758,429.9159960515368,5
2024-09-20 13:30:26.775,429.8500827731573,8
2024-09-20 13:30:26.839,429.9298247285122,998
2024-09-20 13:30:26.928,429.8970369654864,997
2024-09-20 13:30:26.946,429.87544213308246,100
2024-09-20 13:30:26.988,429.9088275245516,97
2024-09-20 13:30:27.144,429.8561732472664,999
2024-09-20 13:30:27.152,429.86351971018297,10
2024-09-20 13:30:27.264,429.82907207488176,998
2024-09-20 13:30:27.283,429.8102026625771,15
2024-09-20 13:30:27.301,429.8483258967289,7
2024-09-20 13:30:27.347,429.8217096827621,1005
2024-09-20 13:30:27.434,429.7924354517964,997
2024-09-20 13:30:27.567,429.8334652811904,8
2024-09-20 13:30:27.699,429.8544888195427,1003
2024-09-20 13:30:28.107,429.7159540343548,105
2024-09-20 13:30:28.107,429.80257081958223,96
2024-09-20 13:30:28.109,429.7736588687861,9
2024-09-20 13:30:28.138,429.7195851388874,99
2024-09-20 13:30:28.160,429.7658808019669,1000
2024-09-20 13:30:28.231,429.7812203232632,14
2024-09-20 13:30:28.325,429.7292242706533,96
2024-09-20 13:30:28.340,429.7363032279744,104
2024-09-20 13:30:28.368,429.8107086662448,14
2024-09-20 13:30:28.368,429.7939378734068,97
2024-09-20 13:30:28.524,429.7605526852785,98
2024-09-20 13:30:28.527,429.8147659878972,12
2024-09-20 13:30:28.610,429.78036040200817,999
2024-09-20 13:30:28.632,429.7828697399789,6
2024-09-20 13:30:28.665,429.80293199829794,100
2024-09-20 13:30:28.700,429.7908708094446,12
2024-09-20 13:30:28.719,429.7931937007365,7
2024-09-20 13:30:28.753,429.8190295241319,1005
2024-09-20 13:30:28.764,429.7565239438717,95
2024-09-20 13:30:28.785,429.75176072013454,95
2024-09-20 13:30:28.795,429.7431347092825,1001
2024-09-20 13:30:28.805,429.7832069244888,15
2024-09-20 13:30:28.871,429.800297395118,103
2024-09-20 13:30:28.906,429.7606519085459,10
2024-09-20 13:30:28.918,429.772869568493,102
2024-09-20 13:30:28.950,429.7514275506367,13
2024-09-20 13:30:29.132,429.6621526386849,6
2024-09-20 13:30:29.139,429.7358870554884,102
2024-09-20 13:30:29.153,429.7094918320434,97
2024-09-20 13:30:29.207,429.6916454881644,997
2024-09-20 13:30:29.209,429.7227510941997,997
2024-09-20 13:30:29.247,429.7161630079232,1004
2024-09-20 13:30:29.255,429.7194695997133,1000
2024-09-20 13:30:29.316,429.6784691709807,11
2024-09-20 13:30:29.383,429.73224894234056,97
2024-09-20 13:30:29.491,429.7089483293219,105
2024-09-20 13:30:29.552,429.7327285349176,95
2024-09-20 13:30:29.603,429.73575007332175,998
2024-09-20 13:30:29.643,429.71206339205145,999
2024-09-20 13:30:29.658,429.6669510059054,96
2024-09-20 13:30:29.666,429.6612236829173,9
2024-09-20 13:30:29.729,429.7074601325296,8
2024-09-20 13:30:29.780,429.68631556171135,995
2024-09-20 13:30:29.795,429.6839038738897,1001
2024-09-20 13:30:29.796,429.667928759389,999
2024-09-20 13:30:29.799,429.7030743106344,97
2024-09-20 13:30:29.834,429.7109725817273,95
2024-09-20 13:30:29.840,429.663153113816,5
2024-09-20 13:30:29.844,429.7198746765608,997
2024-09-20 13:30:29.848,429.7333859703993,995
2024-09-20 13:30:29.857,429.6660840699063,14
2024-09-20 13:30:29.864,429.71512606251855,1003
2024-09-20 13:30:29.914,429.7024035000732,10
2024-09-20 13:30:29.947,429.7163754231996,6
2024-09-20 13:30:29.985,429.7396562964954,96
2024-09-20 13:30:30.011,429.69164232381615,1000
2024-09-20 13:30:30.034,429.7358994538932,97
2024-09-20 13:30:30.080,429.7606422315133,1005
2024-09-20 13:30:30.086,429.7158793771981,5
2024-09-20 13:30:30.190,429.7332280129874,998
2024-09-20 13:30:30.221,429.7195808430044,97
2024-09-20 13:30:30.227,429.7539233715587,999
2024-09-20 13:30:30.347,429.7508682940785,998
2024-09-20 13:30:30.360,429.7506597144554,995
2024-09-20 13:30:30.400,429.7033496604376,100
2024-09-20 13:30:30.453,429.7271586153402,11
2024-09-20 13:30:30.481,-429.7463526447627,6
2024-09-20 13:30:30.517,429.7141622565826,10
2024-09-20 13:30:30.528,429.72460721752856,997
2024-09-20 13:30:30.585,429.72018031893015,998
2024-09-20 13:30:30.684,429.72847728808216,8
2024-09-20 13:30:30.705,429.73271138345433,103
2024-09-20 13:30:30.784,429.7401166331397,999
2024-09-20 13:30:30.833,429.7331308822963,10
2024-09-20 13:30:30.906,429.7298137540637,95
2024-09-20 13:30:30.919,429.71213019334624,12
2024-09-20 13:30:30.923,429.7177298499746,8
2024-09-20 13:30:30.945,429.7087940844248,1000
2024-09-20 13:30:30.986,429.7364250073445,997
2024-09-20 13:30:31.068,429.7033741478241,97
2024-09-20 13:30:31.069,429.7209039564216,104
2024-09-20 13:30:31.096,429.7009312936741,5
2024-09-20 13:30:31.275,429.7324775459798,998
2024-09-20 13:30:31.456,429.7007897047615,6
2024-09-20 13:30:31.574,-429.7259995391867,99
2024-09-20 13:30:31.649,429.7291934800285,1001
2024-09-20 13:30:31.722,429.69827633671946,1001
2024-09-20 13:30:31.756,429.7268802368414,100
2024-09-20 13:30:31.781,429.7482533313865,1004
2024-09-20 13:30:31.911,429.7362134255615,9
2024-09-20 13:30:31.936,429.7037362395089,11
2024-09-20 13:30:32.072,429.73693285000735,101
2024-09-20 13:30:32.080,429.7156687492337,96
2024-09-20 13:30:32.116,429.70189392813006,95
2024-09-20 13:30:32.166,429.7422399672441,1004
2024-09-20 13:30:32.281,429.741208870249,97
2024-09-20 13:30:32.320,429.7147309428133,101
2024-09-20 13:30:32.336,429.72469192372864,997
2024-09-20 13:30:32.342,429.7330554543502,100
2024-09-20 13:30:32.376,429.71556202769193,1000
2024-09-20 13:30:32.420,429.7030820162569,13
2024-09-20 13:30:32.448,429.707077780064,14
2024-09-20 13:30:32.448,429.7429340089466,97
2024-09-20 13:30:32.560,429.703545768168,103
2024-09-20 13:30:32.622,429.71315375060425,12
2024-09-20 13:30:32.698,429.7233673070124,99
2024-09-20 13:30:32.933,429.7249403707367,998
2024-09-20 13:30:32.956,429.75755617085326,96
2024-09-20 13:30:32.995,429.730396706769,9
2024-09-20 13:30:33.010,429.7088061970532,97
2024-09-20 13:30:33.021,429.7585555555579,103
2024-09-20 13:30:33.050,429.7158722321034,12
2024-09-20 13:30:33.068,429.7504867547808,996
2024-09-20 13:30:33.211,429.7219307061416,7
2024-09-20 13:30:33.219,429.7298421414971,105
2024-09-20 13:30:33.294,429.747353345618,1000
2024-09-20 13:30:33.336,429.73321521075934,95
2024-09-20 13:30:33.384,429.7086153426725,14
2024-09-20 13:30:33.445,429.7150055780288,1005
2024-09-20 13:30:33.457,429.6540005047335,96
2024-09-20 13:30:33.746,429.6617568445947,9
2024-09-20 13:30:33.787,429.7281926191381,13
2024-09-20 13:30:33.875,429.6808549186342,1001
2024-09-20 13:30:33.958,429.7061535734956,12
2024-09-20 13:30:34.007,429.6648997311338,100
2024-09-20 13:30:34.039,429.67849887965696,13
2024-09-20 13:30:34.075,429.63596629016286,10
2024-09-20 13:30:34.085,429.6534671865872,99
2024-09-20 13:30:34.100,429.6659567117341,10
2024-09-20 13:30:34.152,429.6829015322926,1000
2024-09-20 13:30:34.194,429.6539574505068,11
2024-09-20 13:30:34.327,429.6224240034009,8
2024-09-20 13:30:34.464,429.67154330421846,6
2024-09-20 13:30:34.507,429.6636993872771,104
2024-09-20 13:30:34.523,429.6718226739569,995
2024-09-20 13:30:34.525,429.6769820694795,105
2024-09-20 13:30:34.554,429.6734048070289,6
2024-09-20 13:30:34.567,429.6770612548005,103
2024-09-20 13:30:34.570,429.63346902974047,7
2024-09-20 13:30:34.576,429.6551727983377,1001
2024-09-20 13:30:34.614,429.6852849018521,9
2024-09-20 13:30:34.662,429.66992945528784,999
2024-09-20 13:30:34.683,429.6846523369905,999
2024-09-20 13:30:34.697,429.660275149173,14
2024-09-20 13:30:34.822,429.6755908285356,6
2024-09-20 13:30:34.856,429.6558606284551,995
2024-09-20 13:30:34.904,429.687576279737,1000
2024-09-20 13:30:34.928,429.6786052414149,9
2024-09-20 13:30:34.948,42.96365998138309,1002
2024-09-20 13:30:35.053,429.70364328141744,9
2024-09-20 13:30:35.075,429.7419716442146,98
2024-09-20 13:30:35.238,429.65367127519744,98
2024-09-20 13:30:35.244,429.7719792972886,7
2024-09-20 13:30:35.264,429.7597078373138,104
2024-09-20 13:30:35.298,429.6834101052376,14
2024-09-20 13:30:35.378,429.759127088659,98
2024-09-20 13:30:35.413,429.750479584599,8
2024-09-20 13:30:35.454,429.71612375019487,97
2024-09-20 13:30:35.508,429.77182732584953,101
2024-09-20 13:30:35.542,429.66185272549416,8
2024-09-20 13:30:35.585,429.76069811311606,1004
2024-09-20 13:30:35.656,429.7569602697501,98
2024-09-20 13:30:35.750,429.7477687693268,1003
2024-09-20 13:30:35.870,429.77167689253065,12
2024-09-20 13:30:35.969,429.6885031793376,997
2024-09-20 13:30:36.034,429.7413549335084,997
2024-09-20 13:30:36.062,429.73894022364783,7
2024-09-20 13:30:36.192,429.71162878156736,10
2024-09-20 13:30:36.225,429.7499506387033,99
2024-09-20 13:30:36.270,429.74611467875366,96
2024-09-20 13:30:36.299,429.7379193470268,98
2024-09-20 13:30:36.339,429.7346411194368,1002
2024-09-20 13:30:36.357,429.7575139806689,101
2024-09-20 13:30:36.364,429.7092710772261,996
2024-09-20 13:30:36.499,429.7736924657468,98
2024-09-20 13:30:36.511,429.7533967532807,10
2024-09-20 13:30:36.597,429.7112777976578,8
2024-09-20 13:30:36.744,429.7183362965781,1000
2024-09-20 13:30:36.772,429.7534467176519,99
2024-09-20 13:30:36.859,429.72909118597687,104
2024-09-20 13:30:36.900,429.71890010055176,998
2024-09-20 13:30:36.935,429.7249324308576,998
2024-09-20 13:30:37.008,429.6861186601787,14
2024-09-20 13:30:37.012,429.72352069211365,15
2024-09-20 13:30:37.030,429.70016027885407,100
2024-09-20 13:30:37.156,429.73510460505577,101
2024-09-20 13:30:37.219,429.7389336776823,1005
2024-09-20 13:30:37.288,42.96797195012394,104
2024-09-20 13:30:37.306,429.7004541446693,1005
2024-09-20 13:30:37.306,429.6840997426814,7
2024-09-20 13:30:37.343,429.7333722313168,1005
2024-09-20 13:30:37.365,-429.69828669357344,100
2024-09-20 13:30:37.373,429.7355732833531,104
2024-09-20 13:30:37.378,429.6921193483332,9
2024-09-20 13:30:37.389,429.73180797006495,996
2024-09-20 13:30:37.397,429.74059544180176,103
2024-09-20 13:30:37.443,429.7181697658064,97
2024-09-20 13:30:37.556,429.7015200811082,14
2024-09-20 13:30:37.562,429.7142908601183,999
2024-09-20 13:30:37.565,429.7222468573368,1002
2024-09-20 13:30:37.613,429.7329342061883,11
2024-09-20 13:30:37.754,429.75635445274776,997
2024-09-20 13:30:37.796,429.73681179582405,97
2024-09-20 13:30:37.897,429.6862247362956,11
2024-09-20 13:30:37.910,429.7132423759713,97
2024-09-20 13:30:37.957,429.7305285493053,1004
2024-09-20 13:30:37.961,429.7387205014386,99
2024-09-20 13:30:38.071,429.62748333352647,13
2024-09-20 13:30:38.112,429.6032978332246,99
2024-09-20 13:30:38.212,429.6215820071713,95
2024-09-20 13:30:38.251,429.59904196654713,10
2024-09-20 13:30:38.266,429.67416061895074,7
2024-09-20 13:30:38.293,429.65630629308026,1002
2024-09-20 13:30:38.294,429.601946849505,8
2024-09-20 13:30:38.460,42.966588424014304,102
2024-09-20 13:30:38.522,429.6529938075892,10
2024-09-20 13:30:38.555,42.96153172575933,999
2024-09-20 13:30:38.596,429.6141317016162,998
2024-09-20 13:30:38.627,429.65154720375466,13
2024-09-20 13:30:38.643,429.6411863714691,5
2024-09-20 13:30:38.693,429.6246766095496,104
2024-09-20 13:30:38.754,429.6809774083971,15
2024-09-20 13:30:38.794,429.6306038808062,14
2024-09-20 13:30:38.813,429.6155631808204,995
2024-09-20 13:30:38.829,429.674776506632,104
2024-09-20 13:30:38.840,429.5937779427175,998
2024-09-20 13:30:38.849,429.5954456073748,997
2024-09-20 13:30:38.884,429.6232105404369,6
2024-09-20 13:30:38.919,429.6083590278535,1002
2024-09-20 13:30:38.946,429.6299752870397,1004
2024-09-20 13:30:38.956,429.6699074429635,104
2024-09-20 13:30:38.959,429.646277588283,1004
2024-09-20 13:30:39.077,429.6432897559287,1003
2024-09-20 13:30:39.804,429.623580261277,10
2024-09-20 13:30:40.057,429.63696425276254,101
2024-09-20 13:30:40.057,429.7106038938788,103
2024-09-20 13:30:40.135,429.6455831308419,95
2024-09-20 13:30:40.153,429.6403127928434,15
2024-09-20 13:30:40.202,429.66124038620165,1005
2024-09-20 13:30:40.217,429.6462316764632,10
2024-09-20 13:30:40.265,429.63829187312245,13
2024-09-20 13:30:40.304,429.64978232145126,95
2024-09-20 13:30:40.371,429.6416601455936,5
2024-09-20 13:30:40.483,429.6992591155311,95
2024-09-20 13:30:40.498,429.6340591061541,14
2024-09-20 13:30:40.526,429.7049918846394,11
2024-09-20 13:30:40.554,429.6514229951181,102
2024-09-20 13:30:40.555,429.6244388379143,7
2024-09-20 13:30:40.598,429.6387751014333,96
2024-09-20 13:30:40.701,429.639292692204,995
2024-09-20 13:30:40.718,429.64313470095817,102
2024-09-20 13:30:40.757,429.6483385687936,12
2024-09-20 13:30:40.820,429.6386870842247,13
2024-09-20 13:30:40.827,429.6399058870911,104
2024-09-20 13:30:40.859,429.6492340444836,11
2024-09-20 13:30:40.893,429.63282831458895,1002
2024-09-20 13:30:40.899,429.6275601986644,98
2024-09-20 13:30:40.988,429.64538437855146,1002
2024-09-20 13:30:42.435,429.7097454753238,105
2024-09-20 13:30:43.058,429.7664993544748,999
2024-09-20 13:30:43.060,429.7262418578413,996
2024-09-20 13:30:43.105,429.72663874040256,999
2024-09-20 13:30:43.232,429.7223398952034,9
2024-09-20 13:30:43.260,429.7167232822849,998
2024-09-20 13:30:43.286,429.7336477159888,103
2024-09-20 13:30:43.292,429.74562717273136,98
2024-09-20 13:30:43.306,429.71385931156937,995
2024-09-20 13:30:43.374,429.7448338455255,1005
2024-09-20 13:30:43.399,429.7325223979327,12
2024-09-20 13:30:43.438,429.72276354829,98
2024-09-20 13:30:43.462,429.7490192423469,13
2024-09-20 13:30:43.547,429.7387278907136,12
2024-09-20 13:30:43.574,429.7001513051149,5
2024-09-20 13:30:43.667,429.70625195524224,1001
2024-09-20 13:30:43.682,429.7028808753931,103
2024-09-20 13:30:43.713,429.75753037005205,95
2024-09-20 13:30:43.724,429.74887454024906,1002
2024-09-20 13:30:43.777,429.721148059155,12
2024-09-20 13:30:43.910,429.7074311721048,7
2024-09-20 13:30:43.986,429.7151331995775,999
2024-09-20 13:30:44.042,429.7717266716757,6
2024-09-20 13:30:44.119,429.8320588197335,9
2024-09-20 13:30:44.129,429.76959123290897,7
2024-09-20 13:30:44.160,429.86678813852006,1004
2024-09-20 13:30:44.194,429.8885931968071,999
2024-09-20 13:30:44.234,429.8810126892144,15
2024-09-20 13:30:44.241,429.8954818050777,100
2024-09-20 13:30:44.270,429.8018261874141,13
2024-09-20 13:30:44.283,429.7657903372672,102
2024-09-20 13:30:44.319,429.8875393069736,8
2024-09-20 13:30:44.369,429.8150837161821,1004
2024-09-20 13:30:44.442,429.7849314232285,996
2024-09-20 13:30:44.516,429.87323229033854,1001
2024-09-20 13:30:44.625,429.8468604732332,14
2024-09-20 13:30:44.650,429.7810160390913,13
2024-09-20 13:30:44.676,-429.804521367406,11
2024-09-20 13:30:44.691,429.8762987198611,100
2024-09-20 13:30:44.698,429.7676042611554,1003
2024-09-20 13:30:44.716,429.80366045762975,99
2024-09-20 13:30:44.722,429.7735396389306,8
2024-09-20 13:30:44.769,429.8739045143572,1005
2024-09-20 13:30:44.773,429.7753620125511,99
2024-09-20 13:30:44.808,,105
2024-09-20 13:30:44.869,429.8772966793768,96
2024-09-20 13:30:44.980,429.8924067428434,995
2024-09-20 13:30:45.038,429.81897813228784,102
2024-09-20 13:30:45.045,429.8281850676552,11
2024-09-20 13:30:45.096,429.8282576163111,1002
2024-09-20 13:30:45.102,429.8325937404272,12
2024-09-20 13:30:45.208,429.8061094645896,9
2024-09-20 13:30:45.240,429.8537017186944,99
2024-09-20 13:30:45.248,429.8074735325317,10
2024-09-20 13:30:45.301,429.87758459952624,102
2024-09-20 13:30:45.321,429.8738480777092,1001
2024-09-20 13:30:45.332,429.81288215617343,8
2024-09-20 13:30:45.441,429.8294339478058,14
2024-09-20 13:30:45.442,429.8053571321287,95
2024-09-20 13:30:45.551,429.81629578483495,11
2024-09-20 13:30:45.556,429.8252659238461,15
2024-09-20 13:30:45.605,429.8144105545683,98
2024-09-20 13:30:45.634,,11
2024-09-20 13:30:45.670,429.80303615418575,97
2024-09-20 13:30:45.694,429.8048498104219,101
2024-09-20 13:30:45.704,429.8307900338398,997
2024-09-20 13:30:45.735,429.8144771286952,1000
2024-09-20 13:30:45.798,429.8210590383098,1005
2024-09-20 13:30:45.820,429.7879956086717,1001
2024-09-20 13:30:45.861,429.7917040883114,100
2024-09-20 13:30:45.875,429.8104083254804,12
2024-09-20 13:30:45.930,429.8393223139719,7
2024-09-20 13:30:46.363,429.826552063586,8
2024-09-20 13:30:46.586,429.83016159982606,997
2024-09-20 13:30:46.673,429.830648070059,97
2024-09-20 13:30:46.715,429.8332033061152,6
2024-09-20 13:30:46.893,429.8370145077863,14
2024-09-20 13:30:47.004,429.8324000863354,102
2024-09-20 13:30:47.071,429.84571650107193,1002
2024-09-20 13:30:47.082,429.8227860212029,98
2024-09-20 13:30:47.094,429.819611580705,9
2024-09-20 13:30:47.153,429.83016018490656,5
2024-09-20 13:30:47.173,429.8267253654938,998
2024-09-20 13:30:47.199,429.8378717158439,98
2024-09-20 13:30:47.205,429.838275875839,1000
2024-09-20 13:30:47.210,429.804989463929,8
2024-09-20 13:30:47.230,429.8094437090288,1005
2024-09-20 13:30:47.367,429.8496667716032,96
2024-09-20 13:30:47.543,429.813340122922,996
2024-09-20 13:30:47.676,-429.8273628596669,15
2024-09-20 13:30:47.689,429.8128740201646,13
2024-09-20 13:30:47.754,429.85397286133554,1000
2024-09-20 13:30:47.914,429.8277902831049,98
2024-09-20 13:30:47.953,429.8453812052176,101
2024-09-20 13:30:48.043,429.8747140738751,7
2024-09-20 13:30:48.098,429.8431427951647,7
2024-09-20 13:30:48.135,429.8446145313786,8
2024-09-20 13:30:48.189,429.8536568302713,998
2024-09-20 13:30:48.201,429.8697417839152,995
2024-09-20 13:30:48.275,429.8507629970679,1001
2024-09-20 13:30:48.323,429.8305951440268,101
2024-09-20 13:30:48.357,429.8650116094219,1002
2024-09-20 13:30:48.474,429.8600111216972,1004
2024-09-20 13:30:48.481,429.8396910773501,1002
2024-09-20 13:30:48.531,429.8559211053989,98
2024-09-20 13:30:48.549,429.8371702631069,998
2024-09-20 13:30:48.555,429.8398376354724,14
2024-09-20 13:30:48.732,429.8254793480921,95
2024-09-20 13:30:48.903,429.8429686357298,14
2024-09-20 13:30:48.961,429.8726328445421,1003
2024-09-20 13:30:49.074,429.9765916995669,1004
2024-09-20 13:30:49.090,429.8836096782913,96
2024-09-20 13:30:49.134,429.985763102583,1002
2024-09-20 13:30:49.140,429.9683632359271,95
2024-09-20 13:30:49.171,429.950115739705,97
2024-09-20 13:30:49.219,429.9063659429778,999
2024-09-20 13:30:49.240,429.97795938552,14
2024-09-20 13:30:49.350,430.007237977227,99
2024-09-20 13:30:49.373,429.9762820307699,12
2024-09-20 13:30:49.411,429.976914282605,6
2024-09-20 13:30:49.424,429.9769375498731,14
2024-09-20 13:30:49.511,429.9769103425784,998
2024-09-20 13:30:49.623,429.9625613528625,6
2024-09-20 13:30:49.679,429.9930737502255,99
2024-09-20 13:30:49.719,430.0015686426536,998
2024-09-20 13:30:49.805,429.9815084539397,1004
2024-09-20 13:30:49.810,429.9492599133751,9
2024-09-20 13:30:49.840,429.97105703310496,1004
2024-09-20 13:30:49.884,429.97192241618296,104
2024-09-20 13:30:49.905,429.9898965999204,98
2024-09-20 13:30:49.907,429.90181214431016,102
2024-09-20 13:30:49.935,429.9245275360641,5
2024-09-20 13:30:49.943,429.9805586865893,11
2024-09-20 13:30:49.963,429.97482831344655,996
2024-09-20 13:30:50.062,429.97750868537634,1004
2024-09-20 13:30:50.196,429.9387748414898,1003
2024-09-20 13:30:50.236,429.937739372129,105
2024-09-20 13:30:50.463,429.91654445070895,10
2024-09-20 13:30:50.476,429.9404301766371,96
2024-09-20 13:30:50.576,42.997764879396165,103
2024-09-20 13:30:50.577,429.9537203991095,100
2024-09-20 13:30:50.612,429.9725581400125,999
2024-09-20 13:30:50.654,429.9693172343408,10
2024-09-20 13:30:50.795,429.92372575711687,14
2024-09-20 13:30:50.828,429.975092038028,96
2024-09-20 13:30:50.934,429.9369575601345,97
2024-09-20 13:30:50.979,429.93806240683006,6
2024-09-20 13:30:51.035,429.8906079569291,14
2024-09-20 13:30:51.053,429.9347603589591,997
2024-09-20 13:30:51.070,429.87607329579856,102
2024-09-20 13:30:51.157,429.8861878166199,5
2024-09-20 13:30:51.276,429.8553421119827,13
2024-09-20 13:30:51.342,429.9172835755355,13
2024-09-20 13:30:51.373,429.901835077026,6
2024-09-20 13:30:51.381,429.8870229975452,14
2024-09-20 13:30:51.427,429.92951636583456,100
2024-09-20 13:30:51.476,429.8870640191883,1001
2024-09-20 13:30:51.502,429.8762681321888,1001
2024-09-20 13:30:51.555,429.94698134211694,1003
2024-09-20 13:30:51.564,429.956603838825,1005
2024-09-20 13:30:51.584,429.8622416026636,995
2024-09-20 13:30:51.602,429.8793196051054,5
2024-09-20 13:30:51.606,,97
2024-09-20 13:30:51.684,429.8635809777156,1002
2024-09-20 13:30:51.686,429.886876826632,15
2024-09-20 13:30:51.738,429.8984901430877,12
2024-09-20 13:30:51.750,429.89081142205,1002
2024-09-20 13:30:51.889,429.8683770582074,103
2024-09-20 13:30:51.977,429.8575908592785,98
2024-09-20 13:30:52.084,429.8623655425859,97
2024-09-20 13:30:52.146,429.8456763611181,99
2024-09-20 13:30:52.220,429.8503870509808,14
2024-09-20 13:30:52.270,429.8613540902445,12
2024-09-20 13:30:52.328,429.8408761036305,5
2024-09-20 13:30:52.357,429.8590790069828,100
2024-09-20 13:30:52.440,429.909112812558,96
2024-09-20 13:30:52.547,429.8867168236725,105
2024-09-20 13:30:52.781,-429.8513222535765,5
2024-09-20 13:30:52.801,429.85992263150814,104
2024-09-20 13:30:52.841,42.98494570323216,999
2024-09-20 13:30:52.841,429.8622031304244,1005
2024-09-20 13:30:52.842,-429.8504154297409,1005
2024-09-20 13:30:52.847,429.85580753533,996
2024-09-20 13:30:52.867,429.8577537825,997
2024-09-20 13:30:52.948,429.86671417770935,102
2024-09-20 13:30:53.014,429.9565678333543,99
2024-09-20 13:30:53.021,429.94631959707937,1000
2024-09-20 13:30:53.057,429.9887521926113,103
2024-09-20 13:30:53.087,429.9735019524917,1000
2024-09-20 13:30:53.125,429.8828813895679,99
2024-09-20 13:30:53.146,429.9841583172868,101
2024-09-20 13:30:53.164,429.937929978248,100
2024-09-20 13:30:53.175,429.9477179342901,995
2024-09-20 13:30:53.203,429.96324017156536,105
2024-09-20 13:30:53.298,429.97027129676326,9
2024-09-20 13:30:53.391,429.8831529668623,98
2024-09-20 13:30:53.398,429.9027428003175,96
2024-09-20 13:30:53.492,429.976007393545,1000
2024-09-20 13:30:53.507,429.9554260571173,1005
2024-09-20 13:30:53.520,429.8835431662994,1001
2024-09-20 13:30:53.667,429.9462713328626,997
2024-09-20 13:30:53.804,429.896420422734,103
2024-09-20 13:30:53.818,429.8872021663505,999
2024-09-20 13:30:53.838,429.9311495177275,105
2024-09-20 13:30:53.851,,100
2024-09-20 13:30:53.865,429.8858297371016,997
2024-09-20 13:30:53.884,429.9756711739105,997
2024-09-20 13:30:53.919,429.961405154981,99
2024-09-20 13:30:53.948,429.9405341030721,7
2024-09-20 13:30:53.957,429.892928289972,1003
2024-09-20 13:30:54.001,430.0450740106245,1000
2024-09-20 13:30:54.021,430.0209937082164,1001
2024-09-20 13:30:54.021,429.9960231445346,1000
2024-09-20 13:30:54.165,429.9892354753479,1005
2024-09-20 13:30:54.211,430.0489023152165,98
2024-09-20 13:30:54.237,430.0195862247887,101
2024-09-20 13:30:54.364,-430.0102160458137,9
2024-09-20 13:30:54.446,430.0342819334119,96
2024-09-20 13:30:54.459,430.0512742509295,996
2024-09-20 13:30:54.491,430.00142418650887,8
2024-09-20 13:30:54.504,429.99381690223873,95
2024-09-20 13:30:54.508,430.0239479967653,7
2024-09-20 13:30:54.538,430.01221794825113,10
2024-09-20 13:30:54.548,430.0473143024845,103
2024-09-20 13:30:54.570,430.0424507137499,1001
2024-09-20 13:30:54.673,430.041799131223,104
2024-09-20 13:30:54.705,430.028473902037,105
2024-09-20 13:30:54.707,430.0234680090605,100
2024-09-20 13:30:54.838,430.0164150124561,97
2024-09-20 13:30:54.843,429.9942980584385,1001
2024-09-20 13:30:55.086,430.05080778014695,5
2024-09-20 13:30:55.130,430.02791821305306,14
2024-09-20 13:30:55.165,430.0615595742928,1003
2024-09-20 13:30:55.180,43.00468830699702,104
2024-09-20 13:30:55.183,430.0390782664738,98
2024-09-20 13:30:55.198,430.0709390574937,15
2024-09-20 13:30:55.223,430.03770994833576,6
2024-09-20 13:30:55.232,430.0507232837852,5
2024-09-20 13:30:55.311,430.0398877502986,11
2024-09-20 13:30:55.442,430.0758784862227,103
2024-09-20 13:30:55.446,430.02882717062784,5
2024-09-20 13:30:55.473,430.0490100436331,997
2024-09-20 13:30:55.483,430.06910648455016,96
2024-09-20 13:30:55.608,430.0330960603004,1004
2024-09-20 13:30:55.611,430.0470332315328,9
2024-09-20 13:30:55.667,430.04049971610766,104
2024-09-20 13:30:55.701,430.0385418832922,98
2024-09-20 13:30:55.701,430.0329787715359,100
2024-09-20 13:30:55.717,-43.00325458262368,7
2024-09-20 13:30:55.720,-430.0792309687026,103
2024-09-20 13:30:55.783,430.0483075902761,5
2024-09-20 13:30:55.820,430.0664131642905,100
2024-09-20 13:30:55.831,430.0328495440336,104
2024-09-20 13:30:55.920,430.0556055237541,102
2024-09-20 13:30:56.063,430.0239496175879,1004
2024-09-20 13:30:56.066,430.0259195553653,997
2024-09-20 13:30:56.084,430.0563691112985,15
2024-09-20 13:30:56.102,429.9816517703628,1005
2024-09-20 13:30:56.238,430.013738577897,999
2024-09-20 13:30:56.264,430.0107675638275,100
2024-09-20 13:30:56.286,430.00849465884056,97
2024-09-20 13:30:56.357,430.0091380738737,12
2024-09-20 13:30:56.414,430.04091020501664,1001
2024-09-20 13:30:56.436,430.0043944499198,98
2024-09-20 13:30:56.444,430.00941033932224,105
2024-09-20 13:30:56.461,430.0170029116345,1005
2024-09-20 13:30:56.476,430.0133993506529,996
2024-09-20 13:30:56.480,430.015583166824,1004
2024-09-20 13:30:56.516,430.0360843993631,97
2024-09-20 13:30:56.528,430.02096952968526,101
2024-09-20 13:30:56.541,429.9998205509174,997
2024-09-20 13:30:56.635,430.0120661972441,8
2024-09-20 13:30:56.640,430.0163910681511,104
2024-09-20 13:30:56.655,430.0050283623058,103
2024-09-20 13:30:56.678,430.0425498011433,105
2024-09-20 13:30:56.715,430.0321789645618,996
2024-09-20 13:30:56.872,430.04391164918144,13
2024-09-20 13:30:56.884,-430.0387146078039,10
2024-09-20 13:30:56.924,430.05267404028376,998
2024-09-20 13:30:56.926,,99
2024-09-20 13:30:56.939,430.02981666831965,97
2024-09-20 13:30:56.948,430.02534599629206,15
2024-09-20 13:30:57.071,430.0309982622944,1005
2024-09-20 13:30:57.121,430.0377295550038,997
2024-09-20 13:30:57.124,430.0373537052485,13
2024-09-20 13:30:57.176,430.0053902030893,15
2024-09-20 13:30:57.310,430.0259058517242,12
2024-09-20 13:30:57.451,430.0022387093728,15
2024-09-20 13:30:57.507,430.0087570964466,6
2024-09-20 13:30:57.509,430.014878348524,998
2024-09-20 13:30:58.092,429.9532083761449,998
2024-09-20 13:30:58.110,429.9933976517229,1005
2024-09-20 13:30:58.130,429.9595799655918,1003
2024-09-20 13:30:58.140,429.997677791451,1005
2024-09-20 13:30:58.217,429.9432197316932,1002
2024-09-20 13:30:58.217,430.0112048863218,10
2024-09-20 13:30:58.228,429.97923283109657,999
2024-09-20 13:30:58.278,430.012843541033,96
2024-09-20 13:30:58.334,429.9469433413769,101
2024-09-20 13:30:58.340,429.9831687407053,9
2024-09-20 13:30:58.411,429.9735220380141,101
2024-09-20 13:30:58.434,429.9928698773714,95
2024-09-20 13:30:58.471,429.9954225045422,100
2024-09-20 13:30:58.484,429.94118572131526,1004
2024-09-20 13:30:58.549,429.98876522102137,1005
2024-09-20 13:30:58.651,429.9479102879366,7
2024-09-20 13:30:58.667,429.99585283766777,7
2024-09-20 13:30:58.785,429.99421224764376,97
2024-09-20 13:30:58.914,429.9996263134512,104
2024-09-20 13:30:58.936,429.95179538434746,95
2024-09-20 13:30:58.991,429.9952549680168,1003
2024-09-20 13:30:59.053,429.9653475917476,99
2024-09-20 13:30:59.060,429.9679872401822,10
2024-09-20 13:30:59.064,429.9886571659026,9
2024-09-20 13:30:59.116,430.00527669164205,7
2024-09-20 13:30:59.146,429.97738733565,5
2024-09-20 13:30:59.206,429.9579404315133,105
2024-09-20 13:30:59.235,429.9364840613297,9
2024-09-20 13:30:59.259,429.9159152505868,9
2024-09-20 13:30:59.281,429.9503280173252,102
2024-09-20 13:30:59.285,430.0045412660327,14
2024-09-20 13:30:59.314,429.9988844253328,6
2024-09-20 13:30:59.334,429.90678576449767,102
2024-09-20 13:30:59.352,429.9335190179127,101
2024-09-20 13:30:59.361,430.007351041806,998
2024-09-20 13:30:59.380,429.9372034419176,997
2024-09-20 13:30:59.482,429.9804099267463,1005
2024-09-20 13:30:59.489,429.9596630904196,95
2024-09-20 13:30:59.495,429.96392437561695,97
2024-09-20 13:30:59.557,429.932502188372,997
2024-09-20 13:30:59.559,,105
2024-09-20 13:30:59.618,429.9676538809199,5
2024-09-20 13:30:59.689,430.00395810906167,105
2024-09-20 13:30:59.720,429.9726830144284,999
2024-09-20 13:30:59.747,429.9299714349251,101
2024-09-20 13:30:59.779,429.9534453096981,11
2024-09-20 13:30:59.833,430.0015106431732,995
2024-09-20 13:30:59.847,429.9680648486757,100
2024-09-20 13:30:59.891,429.9254560767837,104
2024-09-20 13:30:59.923,429.98862890119625,15
2024-09-20 13:30:59.932,429.9168017501399,1001
