Timestamp,Price,Size
2024-09-20 15:53:00.711,429.78274970899,9
2024-09-20 15:53:01.044,429.76917246186207,9
2024-09-20 15:53:01.050,429.767891641119,1004
2024-09-20 15:53:01.056,429.7537718588961,6
2024-09-20 15:53:01.111,429.75480977091496,6
2024-09-20 15:53:01.147,429.7430180704042,9
2024-09-20 15:53:01.151,429.76517394737016,104
2024-09-20 15:53:01.178,429.7650662718175,9
2024-09-20 15:53:01.281,429.7764246981327,95
2024-09-20 15:53:01.446,429.7661622836613,5
2024-09-20 15:53:01.449,-429.7308238174852,1001
2024-09-20 15:53:01.464,429.75396477936897,1005
2024-09-20 15:53:01.496,429.7485746570218,996
2024-09-20 15:53:01.497,429.76717526606495,12
2024-09-20 15:53:01.515,429.7758902135091,1003
2024-09-20 15:53:01.542,429.7716503563172,1002
2024-09-20 15:53:01.547,429.77477709012913,1000
2024-09-20 15:53:01.641,429.7587135898046,1003
2024-09-20 15:53:01.695,429.7785340397763,997
2024-09-20 15:53:01.742,429.7853417018315,12
2024-09-20 15:53:01.812,429.7525198712553,104
2024-09-20 15:53:01.820,429.7556478754112,8
2024-09-20 15:53:02.047,429.6904759844619,997
2024-09-20 15:53:02.049,429.6760141947127,97
2024-09-20 15:53:02.065,429.68013866152586,97
2024-09-20 15:53:02.070,429.693563300712,1004
2024-09-20 15:53:02.129,429.6825152391279,1000
2024-09-20 15:53:02.141,429.697767489401,7
2024-09-20 15:53:02.192,429.7526130826254,105
2024-09-20 15:53:02.286,429.6439341787129,105
2024-09-20 15:53:02.301,429.7251974535504,12
2024-09-20 15:53:02.365,429.6791172862547,99
2024-09-20 15:53:02.394,429.65426882022894,5
2024-09-20 15:53:02.478,429.6361844882305,8
2024-09-20 15:53:02.510,429.6305967480952,997
2024-09-20 15:53:02.536,429.7211021493941,101
2024-09-20 15:53:02.549,429.671400143376,997
2024-09-20 15:53:02.637,429.74222813809166,97
2024-09-20 15:53:02.705,429.7135393842309,1000
2024-09-20 15:53:02.715,429.696468396166,995
2024-09-20 15:53:02.835,429.6516906688496,10
2024-09-20 15:53:02.844,429.6524745835457,996
2024-09-20 15:53:02.874,429.7216163989802,15
2024-09-20 15:53:02.874,429.7204912523438,97
2024-09-20 15:53:02.894,429.7399746893552,97
2024-09-20 15:53:02.920,429.636741578546,105
2024-09-20 15:53:02.953,429.6732100063598,15
2024-09-20 15:53:02.956,429.7165330033429,11
2024-09-20 15:53:02.957,429.7272357713164,1000
2024-09-20 15:53:03.029,429.7129990048276,102
2024-09-20 15:53:03.101,429.73493637445614,102
2024-09-20 15:53:03.240,429.7406833188307,6
2024-09-20 15:53:03.278,429.7434071078781,10
2024-09-20 15:53:03.397,429.7458728907974,100
2024-09-20 15:53:03.420,429.7109598919361,104
2024-09-20 15:53:03.422,429.7318349734098,101
2024-09-20 15:53:03.588,429.73664535108793,1005
2024-09-20 15:53:03.634,429.74559504441055,6
2024-09-20 15:53:03.730,429.7382155638597,8
2024-09-20 15:53:03.864,429.73838717542594,996
2024-09-20 15:53:03.888,429.7235820395257,1002
2024-09-20 15:53:04.072,429.7246076687789,14
2024-09-20 15:53:04.120,429.7067757542522,12
2024-09-20 15:53:04.136,429.7047791638856,104
2024-09-20 15:53:04.150,429.7252410713032,104
2024-09-20 15:53:04.166,429.6996656973964,99
2024-09-20 15:53:04.169,429.6830529750945,11
2024-09-20 15:53:04.282,429.6946885852698,996
2024-09-20 15:53:04.286,429.6594639944065,11
2024-09-20 15:53:04.405,429.6394403319363,13
2024-09-20 15:53:04.417,429.71564095206855,999
2024-09-20 15:53:04.494,429.7238267841263,14
2024-09-20 15:53:04.528,429.6944318345416,13
2024-09-20 15:53:04.572,429.64843387572137,1000
2024-09-20 15:53:04.615,429.6520979777524,1004
2024-09-20 15:53:04.707,429.6809483255375,96
2024-09-20 15:53:04.786,429.6941355079563,8
2024-09-20 15:53:04.846,429.6986140885534,97
2024-09-20 15:53:04.932,429.72406539270986,1004
2024-09-20 15:53:04.952,429.6972703000116,1003
2024-09-20 15:53:05.048,429.5938533803467,999
2024-09-20 15:53:05.058,429.5693103045296,1005
2024-09-20 15:53:05.135,429.5923670846505,97
2024-09-20 15:53:05.217,429.5833962972124,14
2024-09-20 15:53:05.250,429.5724857189724,1000
2024-09-20 15:53:05.296,,14
2024-09-20 15:53:05.325,429.6133243976957,14
2024-09-20 15:53:05.365,429.5768841932175,99
2024-09-20 15:53:05.378,429.57959931977126,6
2024-09-20 15:53:05.386,429.602898288162,1004
2024-09-20 15:53:05.394,429.6085783545702,1004
2024-09-20 15:53:05.504,429.5997646784616,6
2024-09-20 15:53:05.517,429.5703450582657,98
2024-09-20 15:53:05.547,429.6045240384168,15
2024-09-20 15:53:05.668,42.95959363734523,7
2024-09-20 15:53:05.688,-429.5866195392397,5
2024-09-20 15:53:05.799,429.588905818567,101
2024-09-20 15:53:05.823,429.6038693296467,5
2024-09-20 15:53:05.825,429.5981997718095,999
2024-09-20 15:53:05.831,429.6080194822793,102
2024-09-20 15:53:05.831,429.6038246636982,998
2024-09-20 15:53:05.919,429.5909740417462,995
2024-09-20 15:53:05.967,429.59867365464,97
2024-09-20 15:53:05.976,429.5764676174707,997
2024-09-20 15:53:05.991,429.618222580888,100
2024-09-20 15:53:06.041,429.60374840611576,100
2024-09-20 15:53:06.157,429.5752496449797,997
2024-09-20 15:53:06.160,429.59965313222233,105
2024-09-20 15:53:06.184,429.5710008242267,13
2024-09-20 15:53:06.220,429.5936670877307,1001
2024-09-20 15:53:06.230,429.5834579575695,103
2024-09-20 15:53:06.268,429.6073489148634,103
2024-09-20 15:53:06.276,429.6091251155376,9
2024-09-20 15:53:06.300,429.5873711544171,999
2024-09-20 15:53:06.301,429.58445064152846,98
2024-09-20 15:53:06.335,429.5990954532864,13
2024-09-20 15:53:06.359,429.5707197100386,97
2024-09-20 15:53:06.391,429.6071670015625,5
2024-09-20 15:53:06.581,429.62763020772246,96
2024-09-20 15:53:06.604,429.5902827186665,101
2024-09-20 15:53:06.671,429.5861961654834,105
2024-09-20 15:53:06.688,429.6104880822707,1001
2024-09-20 15:53:06.696,429.5862632972661,1001
2024-09-20 15:53:06.712,429.6052709066776,13
2024-09-20 15:53:06.716,429.5920751497654,96
2024-09-20 15:53:06.769,429.5823890068047,8
2024-09-20 15:53:06.774,429.6091581495572,104
2024-09-20 15:53:06.795,-429.5850835758364,998
2024-09-20 15:53:06.890,429.6029533517922,98
2024-09-20 15:53:06.970,429.5696108341239,5
2024-09-20 15:53:06.978,429.5751245302603,96
2024-09-20 15:53:07.038,429.55901956168816,104
2024-09-20 15:53:07.075,429.5516535783236,1000
2024-09-20 15:53:07.084,429.57599061309816,1004
2024-09-20 15:53:07.253,429.6003298977873,10
2024-09-20 15:53:07.418,429.5760173762464,1002
2024-09-20 15:53:07.445,429.5838777470146,13
2024-09-20 15:53:07.471,429.5695504332869,100
2024-09-20 15:53:07.543,429.5845754480909,1004
2024-09-20 15:53:07.552,429.5809797613833,14
2024-09-20 15:53:07.636,429.578165577562,1002
2024-09-20 15:53:07.657,429.5809650280664,100
2024-09-20 15:53:07.686,,97
2024-09-20 15:53:07.740,429.5731174662515,96
2024-09-20 15:53:07.790,429.5930156821964,9
2024-09-20 15:53:07.796,429.56766879391006,15
2024-09-20 15:53:07.800,429.5957830717953,105
2024-09-20 15:53:07.848,429.5761973145948,105
2024-09-20 15:53:07.855,429.56442459086713,95
2024-09-20 15:53:07.861,429.569893297345,997
2024-09-20 15:53:07.876,429.5845910250746,14
2024-09-20 15:53:07.885,429.6009307380417,99
2024-09-20 15:53:07.997,429.5813551678947,10
2024-09-20 15:53:08.504,429.5429335370208,103
2024-09-20 15:53:08.558,429.5243933267126,98
2024-09-20 15:53:08.670,429.5443889819919,15
2024-09-20 15:53:09.355,429.5138134856069,10
2024-09-20 15:53:09.385,425.169355607044,103
2024-09-20 15:53:09.574,429.5144889809154,100
2024-09-20 15:53:09.685,429.50204919826166,15
2024-09-20 15:53:09.793,429.4939658569451,1005
2024-09-20 15:53:09.948,429.5118809864053,101
2024-09-20 15:53:09.969,429.503310850465,99
2024-09-20 15:53:10.062,429.4591447924723,104
2024-09-20 15:53:10.063,429.4670872126743,1004
2024-09-20 15:53:10.132,429.4575630899728,1001
2024-09-20 15:53:10.196,429.4247880055832,95
2024-09-20 15:53:10.235,429.43968660251153,997
2024-09-20 15:53:10.269,429.4686659244408,15
2024-09-20 15:53:10.351,429.4706827947317,15
2024-09-20 15:53:10.366,429.4462757922801,5
2024-09-20 15:53:10.422,429.4703066645359,103
2024-09-20 15:53:10.530,429.4474143588772,6
2024-09-20 15:53:10.560,429.44640902480216,997
2024-09-20 15:53:10.596,429.4411141841973,14
2024-09-20 15:53:10.715,429.4261094341334,9
2024-09-20 15:53:10.727,429.489622011436,95
2024-09-20 15:53:10.749,429.4718411147209,95
2024-09-20 15:53:10.786,429.4538452297543,999
2024-09-20 15:53:10.790,429.4680430335233,1005
2024-09-20 15:53:10.895,429.4768043097774,11
2024-09-20 15:53:10.934,429.4697252156467,98
2024-09-20 15:53:10.975,42.94538823175939,10
2024-09-20 15:53:10.979,429.449676496453,1000
2024-09-20 15:53:11.085,429.48130429765615,995
2024-09-20 15:53:11.240,429.46881206819353,1005
2024-09-20 15:53:11.361,429.49699557927937,1004
2024-09-20 15:53:11.363,429.49342146577015,1002
2024-09-20 15:53:11.557,429.4591163852638,1002
2024-09-20 15:53:11.653,429.44748155295343,1005
2024-09-20 15:53:11.663,429.4717990287583,996
2024-09-20 15:53:12.078,429.51176753624446,104
2024-09-20 15:53:12.142,429.4089941200968,103
2024-09-20 15:53:12.229,429.4727231946159,13
2024-09-20 15:53:12.260,429.402448579396,100
2024-09-20 15:53:12.275,429.4292432666143,95
2024-09-20 15:53:12.278,429.4873381328798,100
2024-09-20 15:53:12.290,429.49105567135285,999
2024-09-20 15:53:12.306,429.4495043202053,15
2024-09-20 15:53:12.355,429.4903956632281,11
2024-09-20 15:53:12.427,429.5040801747126,96
2024-09-20 15:53:12.489,429.49548742009085,10
2024-09-20 15:53:12.510,429.44110109335577,997
2024-09-20 15:53:12.521,429.4307766514616,97
2024-09-20 15:53:12.622,429.4573803115052,104
2024-09-20 15:53:12.627,429.4342457278273,14
2024-09-20 15:53:12.685,429.4963088106483,996
2024-09-20 15:53:12.739,429.4227581396367,995
2024-09-20 15:53:12.811,429.47530063824615,99
2024-09-20 15:53:12.837,429.4776990230087,105
2024-09-20 15:53:12.951,429.4889885751861,8
2024-09-20 15:53:12.959,429.4771564419258,997
2024-09-20 15:53:12.991,429.4317853240832,101
2024-09-20 15:53:13.003,429.5160254416344,7
2024-09-20 15:53:13.054,429.4854288584655,96
2024-09-20 15:53:13.083,429.4838751729454,15
2024-09-20 15:53:13.088,429.5073458884961,101
2024-09-20 15:53:13.102,429.51038063894,104
2024-09-20 15:53:13.179,429.5298277855375,8
2024-09-20 15:53:13.206,429.4909857677568,104
2024-09-20 15:53:13.348,429.4243022346234,11
2024-09-20 15:53:13.484,429.434619358054,6
2024-09-20 15:53:13.496,429.5019472755404,1005
2024-09-20 15:53:13.590,429.4700400411518,5
2024-09-20 15:53:13.611,429.5059477395503,97
2024-09-20 15:53:13.698,429.5262088580656,10
2024-09-20 15:53:13.778,429.4838081243368,5
2024-09-20 15:53:13.837,429.5153564950821,98
2024-09-20 15:53:14.066,429.5645527972874,105
2024-09-20 15:53:14.099,429.5487103598148,998
2024-09-20 15:53:14.104,429.5430024845229,97
2024-09-20 15:53:14.121,429.5360410243035,1001
2024-09-20 15:53:14.197,429.5284770352554,999
2024-09-20 15:53:14.264,429.5696776030751,103
2024-09-20 15:53:14.332,429.5539195693481,995
2024-09-20 15:53:14.349,429.5379464657515,11
2024-09-20 15:53:14.380,429.54798578368366,6
2024-09-20 15:53:14.462,429.5893144144335,997
2024-09-20 15:53:14.467,429.5015997315706,999
2024-09-20 15:53:14.502,429.5322877886953,100
2024-09-20 15:53:14.514,429.5125288151554,999
2024-09-20 15:53:14.587,429.5601197628056,1003
2024-09-20 15:53:14.639,429.5035185099728,8
2024-09-20 15:53:14.640,429.5554054128829,996
2024-09-20 15:53:14.716,429.5443448927914,103
2024-09-20 15:53:14.753,429.5329349412668,95
2024-09-20 15:53:14.796,429.5215667883823,14
2024-09-20 15:53:14.813,429.53995185889096,5
2024-09-20 15:53:14.858,429.513931858665,5
2024-09-20 15:53:14.935,429.5886089503954,1002
2024-09-20 15:53:14.970,429.5789419983787,1004
2024-09-20 15:53:15.069,429.519525932226,997
2024-09-20 15:53:15.202,429.50616811646137,97
2024-09-20 15:53:15.304,429.5190869409327,97
2024-09-20 15:53:15.345,429.5412876404576,104
2024-09-20 15:53:15.437,429.529111313252,96
2024-09-20 15:53:15.447,429.5643971203372,9
2024-09-20 15:53:15.450,429.5177219508348,102
2024-09-20 15:53:15.471,429.5567499977356,105
2024-09-20 15:53:15.502,429.52516964176186,1002
2024-09-20 15:53:15.530,425.0780119451592,6
2024-09-20 15:53:15.543,429.5255897941557,11
2024-09-20 15:53:15.574,429.5072494558882,1002
2024-09-20 15:53:15.602,429.5437975413213,1002
2024-09-20 15:53:15.652,429.5361069750939,6
2024-09-20 15:53:15.708,-429.521774307939,7
2024-09-20 15:53:15.762,429.5277678563323,96
2024-09-20 15:53:15.853,429.5221533838754,14
2024-09-20 15:53:15.879,429.5412596278146,97
2024-09-20 15:53:15.948,425.0537039657572,14
2024-09-20 15:53:15.963,429.5258799891836,105
2024-09-20 15:53:16.130,429.4973552776739,997
2024-09-20 15:53:16.185,429.5126331888728,99
2024-09-20 15:53:16.282,429.516926039548,100
2024-09-20 15:53:16.312,429.50143144379007,1003
2024-09-20 15:53:16.323,429.4941504888323,15
2024-09-20 15:53:16.441,429.5107415731434,95
2024-09-20 15:53:16.478,429.5033859423667,996
2024-09-20 15:53:16.563,429.5079846696024,11
2024-09-20 15:53:17.014,429.494615462614,100
2024-09-20 15:53:17.057,429.49952573972126,95
2024-09-20 15:53:17.079,429.4846089088453,105
2024-09-20 15:53:17.149,429.5097788520426,12
2024-09-20 15:53:17.170,425.0766408019434,15
2024-09-20 15:53:17.241,429.51355182952034,1000
2024-09-20 15:53:17.272,429.5184022349373,8
2024-09-20 15:53:17.278,429.4807500782551,1002
2024-09-20 15:53:17.325,429.50995988057866,14
2024-09-20 15:53:17.355,429.4823058627558,998
2024-09-20 15:53:17.383,429.5059802718088,102
2024-09-20 15:53:17.391,429.49836032164217,104
2024-09-20 15:53:17.412,429.4874628549689,6
2024-09-20 15:53:17.437,429.506889298,96
2024-09-20 15:53:17.582,429.50212625340686,999
2024-09-20 15:53:17.594,429.4619611610461,11
2024-09-20 15:53:17.668,429.4598911550853,1005
2024-09-20 15:53:17.685,429.4736888396112,995
2024-09-20 15:53:17.775,,100
2024-09-20 15:53:17.925,429.4721393632839,9
2024-09-20 15:53:17.989,429.48402528469234,1002
2024-09-20 15:53:18.081,425.06312086934713,1000
2024-09-20 15:53:18.104,429.48173885704057,98
2024-09-20 15:53:18.132,429.4866934832124,11
2024-09-20 15:53:18.158,429.4472560357749,12
2024-09-20 15:53:18.191,429.45000161043663,10
2024-09-20 15:53:18.192,429.4416252956706,95
2024-09-20 15:53:18.200,429.473740663158,13
2024-09-20 15:53:18.254,429.4954890911261,12
2024-09-20 15:53:18.256,429.44741137702607,1004
2024-09-20 15:53:18.264,429.5132781854085,1000
2024-09-20 15:53:18.359,429.4491150245223,8
2024-09-20 15:53:18.369,429.4629706792621,104
2024-09-20 15:53:18.400,429.4547304481814,8
2024-09-20 15:53:18.430,429.4532247010004,103
2024-09-20 15:53:18.448,429.4553199628763,101
2024-09-20 15:53:18.470,429.51474791765946,8
2024-09-20 15:53:18.542,429.4887954316858,15
2024-09-20 15:53:18.552,429.4446912042757,6
2024-09-20 15:53:18.566,429.491420858606,103
2024-09-20 15:53:18.615,429.5009809797948,9
2024-09-20 15:53:18.687,429.4944359644147,101
2024-09-20 15:53:18.717,429.4284043754933,100
2024-09-20 15:53:18.717,429.4558779752712,1000
2024-09-20 15:53:18.777,429.4798233189736,8
2024-09-20 15:53:18.798,429.44283571440985,10
2024-09-20 15:53:18.820,429.4439537193929,1003
2024-09-20 15:53:18.905,429.4623155665873,103
2024-09-20 15:53:18.953,429.46973336373287,13
2024-09-20 15:53:19.009,429.484567902272,7
2024-09-20 15:53:19.104,429.466790909898,95
2024-09-20 15:53:19.206,429.4516678405213,996
2024-09-20 15:53:19.217,429.49448127258415,1004
2024-09-20 15:53:19.226,429.4831551048331,10
2024-09-20 15:53:19.238,429.4668056632301,8
2024-09-20 15:53:19.267,429.4897435342875,98
2024-09-20 15:53:19.341,429.49612498350064,1005
2024-09-20 15:53:19.542,429.4646851909836,999
2024-09-20 15:53:19.594,429.4536240370902,95
2024-09-20 15:53:20.020,429.5823118156028,103
2024-09-20 15:53:20.046,429.57319379175726,5
2024-09-20 15:53:20.097,429.5210651314932,101
2024-09-20 15:53:20.128,429.55719586890336,99
2024-09-20 15:53:20.177,429.57648129170906,1001
2024-09-20 15:53:20.181,429.5604397115525,996
2024-09-20 15:53:20.256,429.5002808481118,102
2024-09-20 15:53:20.289,429.5533370712581,101
2024-09-20 15:53:20.336,429.4958233457203,9
2024-09-20 15:53:20.337,429.5863052788017,5
2024-09-20 15:53:20.362,429.5415077792664,1000
2024-09-20 15:53:20.378,429.55673314734,9
2024-09-20 15:53:20.402,429.50363104018624,997
2024-09-20 15:53:20.417,429.5642316375758,100
2024-09-20 15:53:20.422,429.5808146278077,96
2024-09-20 15:53:20.492,429.6041685699623,9
2024-09-20 15:53:20.593,429.6009337616199,11
2024-09-20 15:53:20.640,429.5098741780084,12
2024-09-20 15:53:20.743,429.57095991114426,1003
2024-09-20 15:53:20.751,429.5117094329573,5
2024-09-20 15:53:20.887,429.5491944185535,1003
2024-09-20 15:53:20.934,429.5493347504856,5
2024-09-20 15:53:20.977,429.53482220158,11
2024-09-20 15:53:21.028,429.61662845855466,1005
2024-09-20 15:53:21.073,429.62720023763,96
2024-09-20 15:53:21.202,429.6395037575612,15
2024-09-20 15:53:21.238,429.5629916996201,100
2024-09-20 15:53:21.302,429.6204743397376,1000
2024-09-20 15:53:21.327,429.5814148924055,96
2024-09-20 15:53:21.347,429.5932865831053,98
2024-09-20 15:53:21.348,429.6150945872586,99
2024-09-20 15:53:21.368,429.64048584931913,1002
2024-09-20 15:53:21.436,429.5972782020014,96
2024-09-20 15:53:21.481,429.6221866857011,100
2024-09-20 15:53:21.598,429.5740313629796,1003
2024-09-20 15:53:21.599,429.6199196561431,7
2024-09-20 15:53:21.638,429.6291771633245,6
2024-09-20 15:53:21.667,429.575709045938,104
2024-09-20 15:53:21.667,429.56950577625486,1003
2024-09-20 15:53:21.699,429.5829940849025,1004
2024-09-20 15:53:21.724,429.6380639573776,101
2024-09-20 15:53:21.739,429.64751400233393,97
2024-09-20 15:53:21.749,429.5974564157468,996
2024-09-20 15:53:21.762,429.614263877642,8
2024-09-20 15:53:21.796,429.5990656364663,15
2024-09-20 15:53:21.799,429.6238556191576,5
2024-09-20 15:53:21.813,429.6000654100635,10
2024-09-20 15:53:21.880,429.6130432234898,1000
2024-09-20 15:53:21.882,429.635713872183,96
2024-09-20 15:53:21.906,429.6427163144406,999
2024-09-20 15:53:21.936,429.6093301898465,996
2024-09-20 15:53:21.942,429.6396184702685,95
2024-09-20 15:53:21.943,429.6438206010733,5
2024-09-20 15:53:22.033,429.6144791572462,998
2024-09-20 15:53:22.100,429.6551187753659,102
2024-09-20 15:53:22.242,429.6328392705901,10
2024-09-20 15:53:22.376,429.6161798941693,105
2024-09-20 15:53:22.383,429.6196227484523,6
2024-09-20 15:53:22.644,429.67938028937874,95
2024-09-20 15:53:22.780,429.6069181745579,9
2024-09-20 15:53:22.807,429.6491967670528,102
2024-09-20 15:53:22.832,,998
2024-09-20 15:53:22.839,429.6695477935418,11
2024-09-20 15:53:22.905,429.6376481704418,1005
2024-09-20 15:53:22.911,429.6502486266999,103
2024-09-20 15:53:22.915,429.6478585191057,8
2024-09-20 15:53:23.025,429.7603745631308,11
2024-09-20 15:53:23.028,429.67763722811753,14
2024-09-20 15:53:23.079,429.7406249319558,1003
2024-09-20 15:53:23.122,429.6875738032969,1002
2024-09-20 15:53:23.179,429.7201734072989,1004
2024-09-20 15:53:23.216,429.6678656138416,99
2024-09-20 15:53:23.255,429.68347500926666,95
2024-09-20 15:53:23.264,429.7385904533571,1001
2024-09-20 15:53:23.286,429.7109106905591,10
2024-09-20 15:53:23.286,429.7116886252597,96
2024-09-20 15:53:23.347,429.7332134347716,10
2024-09-20 15:53:23.382,429.67840820045154,9
2024-09-20 15:53:23.415,429.700088403636,15
2024-09-20 15:53:23.453,429.7112707440976,12
2024-09-20 15:53:23.453,429.709989954591,7
2024-09-20 15:53:23.461,429.7125667774504,10
2024-09-20 15:53:23.522,429.7598077185755,13
2024-09-20 15:53:23.658,429.7041512754933,995
2024-09-20 15:53:23.668,425.00608427810965,10
2024-09-20 15:53:23.809,429.66909474629153,997
2024-09-20 15:53:23.821,429.7159697600158,997
2024-09-20 15:53:23.827,429.69372900071744,104
2024-09-20 15:53:23.859,429.6822652285373,97
2024-09-20 15:53:23.874,429.69421870995416,1005
2024-09-20 15:53:23.900,429.70317247600025,996
2024-09-20 15:53:23.949,429.7086107208524,103
2024-09-20 15:53:23.977,429.718023706251,105
2024-09-20 15:53:24.250,429.73159072715777,105
2024-09-20 15:53:24.773,429.7400470923592,996
2024-09-20 15:53:24.802,429.7040097497672,103
2024-09-20 15:53:25.000,429.6710905332885,10
2024-09-20 15:53:25.018,429.6518952223847,105
2024-09-20 15:53:25.056,429.67492139662914,995
2024-09-20 15:53:25.078,429.6953119618479,11
2024-09-20 15:53:25.083,429.615093659348,99
2024-09-20 15:53:25.137,429.6328106252225,9
2024-09-20 15:53:25.149,429.7039412299628,98
2024-09-20 15:53:25.300,429.7149018489423,1005
2024-09-20 15:53:25.318,429.70876347352737,96
2024-09-20 15:53:25.362,429.6201666769805,999
2024-09-20 15:53:25.373,429.6980954106469,12
2024-09-20 15:53:25.382,429.664387370864,5
2024-09-20 15:53:25.388,429.70687831310056,996
2024-09-20 15:53:25.462,429.70871188573136,996
2024-09-20 15:53:25.524,429.6312451177894,1003
2024-09-20 15:53:25.572,429.69069240419657,13
2024-09-20 15:53:25.573,429.67173595953983,15
2024-09-20 15:53:25.590,429.6141624774661,14
2024-09-20 15:53:25.639,429.6353621819218,97
2024-09-20 15:53:25.653,429.7046395132823,105
2024-09-20 15:53:25.660,429.712166328661,5
2024-09-20 15:53:25.663,429.6865549838698,14
2024-09-20 15:53:25.707,429.678145013053,102
2024-09-20 15:53:25.723,429.6830943329577,99
2024-09-20 15:53:25.780,429.69254866566206,999
2024-09-20 15:53:25.794,429.6325354994025,97
2024-09-20 15:53:25.848,429.7042014521144,7
2024-09-20 15:53:25.891,429.6833703918376,12
2024-09-20 15:53:25.965,429.6946920878106,104
2024-09-20 15:53:25.969,-429.6882223918717,96
2024-09-20 15:53:26.148,,1002
2024-09-20 15:53:26.240,429.6093767903422,997
2024-09-20 15:53:26.270,429.6144059386663,15
2024-09-20 15:53:26.318,429.61620615577823,1004
2024-09-20 15:53:26.439,429.66002953870657,999
2024-09-20 15:53:26.495,429.5709184582127,15
2024-09-20 15:53:26.555,429.6796810399146,996
2024-09-20 15:53:26.598,429.6978478871858,1004
2024-09-20 15:53:26.609,429.6367514431974,7
2024-09-20 15:53:26.698,429.5919369066394,9
2024-09-20 15:53:26.750,429.6109453063487,1005
2024-09-20 15:53:26.783,429.5927098193628,1001
2024-09-20 15:53:26.834,429.6361938707686,997
2024-09-20 15:53:26.847,429.604129919277,6
2024-09-20 15:53:26.848,429.62995484859454,1002
2024-09-20 15:53:26.853,429.58366428644655,96
2024-09-20 15:53:26.867,429.6693078206873,1002
2024-09-20 15:53:26.879,429.6677868353981,103
2024-09-20 15:53:27.013,429.5764727329603,101
2024-09-20 15:53:27.028,429.5691013160284,13
2024-09-20 15:53:27.061,429.5063610296809,997
2024-09-20 15:53:27.112,-429.51774084248177,101
2024-09-20 15:53:27.241,429.5138620639297,102
2024-09-20 15:53:27.262,429.5076486643757,1003
2024-09-20 15:53:27.268,429.5353771022556,95
2024-09-20 15:53:27.502,429.5447800038981,96
2024-09-20 15:53:27.511,429.53809179267785,96
2024-09-20 15:53:27.555,429.5417480063712,9
2024-09-20 15:53:27.587,429.5322716771553,999
2024-09-20 15:53:27.640,429.5389563136094,1002
2024-09-20 15:53:27.759,429.5692418327769,1002
2024-09-20 15:53:27.832,429.5075109489879,104
2024-09-20 15:53:28.200,429.5690119490624,1000
2024-09-20 15:53:28.246,429.5888996044145,995
2024-09-20 15:53:28.380,429.54123713587165,11
2024-09-20 15:53:28.506,429.5799490060125,1005
2024-09-20 15:53:28.560,429.5405607888152,9
2024-09-20 15:53:28.607,429.542596460483,15
2024-09-20 15:53:28.709,429.5372848764038,1005
2024-09-20 15:53:28.838,429.5804542648498,995
2024-09-20 15:53:28.887,429.56644184923897,101
2024-09-20 15:53:28.889,429.57241453505486,6
2024-09-20 15:53:28.890,429.5435701859672,8
2024-09-20 15:53:28.893,429.5737573500959,998
2024-09-20 15:53:28.929,429.53247559207057,6
2024-09-20 15:53:29.040,429.5706330817552,101
2024-09-20 15:53:29.152,429.6018273809058,1002
2024-09-20 15:53:29.209,429.6072064462922,8
2024-09-20 15:53:29.243,429.6174394423725,11
2024-09-20 15:53:29.256,429.5721998938992,12
2024-09-20 15:53:29.306,429.5530004721738,998
2024-09-20 15:53:29.360,429.6195913302894,1005
2024-09-20 15:53:29.368,429.6224215592181,15
2024-09-20 15:53:29.382,429.60284940482006,105
2024-09-20 15:53:29.405,429.57514208505296,104
2024-09-20 15:53:29.456,429.6339817856588,98
2024-09-20 15:53:29.532,429.5689080344891,996
2024-09-20 15:53:29.607,429.59621926611067,999
2024-09-20 15:53:29.613,429.6152988450506,998
2024-09-20 15:53:29.616,429.6242937241378,5
2024-09-20 15:53:29.681,429.6021555936409,5
2024-09-20 15:53:29.705,429.625152977661,97
2024-09-20 15:53:29.759,429.6201356105474,995
2024-09-20 15:53:29.816,429.56956859337146,104
2024-09-20 15:53:29.866,429.5715641910349,5
2024-09-20 15:53:29.885,429.5970183350507,1004
2024-09-20 15:53:29.938,429.570246609156,102
2024-09-20 15:53:30.094,429.591641038371,96
2024-09-20 15:53:30.224,429.7060901083526,104
2024-09-20 15:53:30.228,429.61487671030375,12
2024-09-20 15:53:30.229,429.6814293423383,6
2024-09-20 15:53:30.261,429.6039022041076,998
2024-09-20 15:53:30.326,429.5866341186984,100
2024-09-20 15:53:30.456,429.5656501797189,1001
2024-09-20 15:53:30.481,429.6868906638527,996
2024-09-20 15:53:30.685,429.6633575003072,98
2024-09-20 15:53:30.708,429.5885968951784,6
2024-09-20 15:53:30.724,429.6682552689636,1004
2024-09-20 15:53:30.815,429.6789443216,5
2024-09-20 15:53:30.826,429.6458103503192,998
2024-09-20 15:53:30.844,429.7032954105702,997
2024-09-20 15:53:30.938,429.60591059395625,100
2024-09-20 15:53:31.038,429.7178220854539,1004
2024-09-20 15:53:31.049,429.7362612542741,1003
2024-09-20 15:53:31.170,429.7488274145993,95
2024-09-20 15:53:31.176,429.755704569233,998
2024-09-20 15:53:31.195,429.74974799857824,10
2024-09-20 15:53:31.409,429.7296603451395,13
2024-09-20 15:53:31.450,429.7344952002159,101
2024-09-20 15:53:31.504,429.7030818643012,13
2024-09-20 15:53:31.595,429.7561936088903,996
2024-09-20 15:53:31.597,429.7384785941409,1004
2024-09-20 15:53:31.626,429.7276491190068,996
2024-09-20 15:53:31.626,429.7561800911958,99
2024-09-20 15:53:31.649,429.7453089978611,6
2024-09-20 15:53:31.650,429.7247145273408,999
2024-09-20 15:53:31.703,429.7394885216614,1001
2024-09-20 15:53:31.800,429.6831054409661,95
2024-09-20 15:53:31.875,429.7386537774112,1003
2024-09-20 15:53:31.966,429.76641272504907,96
2024-09-20 15:53:31.970,429.74200238015794,6
2024-09-20 15:53:32.149,429.7100176814584,1003
2024-09-20 15:53:32.220,429.7452684297899,1002
2024-09-20 15:53:32.245,429.7511337719653,13
2024-09-20 15:53:32.349,429.7107890760984,103
2024-09-20 15:53:32.441,429.74693990170607,7
2024-09-20 15:53:32.454,429.7140260330498,98
2024-09-20 15:53:32.499,429.7380548683748,1000
2024-09-20 15:53:32.499,429.7329671931008,996
2024-09-20 15:53:32.508,429.7432543618028,1002
2024-09-20 15:53:32.521,429.715307290204,1004
2024-09-20 15:53:32.689,429.7326609451595,103
2024-09-20 15:53:32.701,429.75204452600485,101
2024-09-20 15:53:32.736,429.7189021403719,6
2024-09-20 15:53:32.767,429.73990841498136,104
2024-09-20 15:53:32.778,429.73559462440096,99
2024-09-20 15:53:32.827,429.7447578742567,103
2024-09-20 15:53:32.857,429.7438588471316,13
2024-09-20 15:53:32.907,429.75136516147546,5
2024-09-20 15:53:32.940,,997
2024-09-20 15:53:32.971,429.7161848991621,10
2024-09-20 15:53:33.573,429.7003559168828,101
2024-09-20 15:53:33.948,429.6855974325472,104
2024-09-20 15:53:34.165,429.6937804675134,11
2024-09-20 15:53:34.542,429.6874346555508,96
2024-09-20 15:53:34.565,429.6879154433436,996
2024-09-20 15:53:34.574,429.6812303092299,103
2024-09-20 15:53:34.955,429.6951975721403,1001
2024-09-20 15:53:35.006,429.6714869681968,5
2024-09-20 15:53:35.025,429.67345538099664,103
2024-09-20 15:53:35.073,429.666202809627,997
2024-09-20 15:53:35.077,429.6887548047512,1003
2024-09-20 15:53:35.112,429.66028789471886,1000
2024-09-20 15:53:35.138,429.663156357964,999
2024-09-20 15:53:35.149,429.6640263054479,100
2024-09-20 15:53:35.173,429.6697868801554,99
2024-09-20 15:53:35.206,429.6869815083256,1003
2024-09-20 15:53:35.243,429.66476379908846,1003
2024-09-20 15:53:35.270,429.65413815673935,13
2024-09-20 15:53:35.301,429.6303974343352,5
2024-09-20 15:53:35.302,429.6543615961653,5
2024-09-20 15:53:35.330,429.68612968144697,95
2024-09-20 15:53:35.474,429.6697999469967,1004
2024-09-20 15:53:35.498,429.6543782124293,101
2024-09-20 15:53:35.577,429.6679153980838,9
2024-09-20 15:53:35.590,429.6602223651316,6
2024-09-20 15:53:35.710,429.6738585321371,6
2024-09-20 15:53:35.752,429.6520996885678,102
2024-09-20 15:53:35.757,429.6662383795344,1001
2024-09-20 15:53:35.776,429.6690724168529,6
2024-09-20 15:53:35.796,429.6751706016869,102
2024-09-20 15:53:35.808,429.6377015794861,105
2024-09-20 15:53:35.864,429.6531366664647,105
2024-09-20 15:53:35.867,429.68494321099473,995
2024-09-20 15:53:35.879,429.66655956386,98
2024-09-20 15:53:35.999,429.68705192089993,13
2024-09-20 15:53:36.724,429.6694551306989,100
2024-09-20 15:53:36.734,429.6796947111849,9
2024-09-20 15:53:36.809,429.6713732328304,95
2024-09-20 15:53:38.008,429.7175316430551,101
2024-09-20 15:53:38.033,429.7311865935968,100
2024-09-20 15:53:38.035,429.72751663817326,101
2024-09-20 15:53:38.079,429.7277765216451,1000
2024-09-20 15:53:38.079,429.66364093926137,10
2024-09-20 15:53:38.098,429.6814102565483,9
2024-09-20 15:53:38.250,429.7363737295967,11
2024-09-20 15:53:38.259,429.6904925890744,97
2024-09-20 15:53:38.396,429.67249360385176,14
2024-09-20 15:53:38.507,429.6760059932034,6
2024-09-20 15:53:38.634,424.9095710767045,105
2024-09-20 15:53:38.692,429.6559365904607,6
2024-09-20 15:53:38.757,429.6543508217561,1001
2024-09-20 15:53:38.781,429.6842820813083,105
2024-09-20 15:53:38.848,429.725095565,14
2024-09-20 15:53:38.949,429.6317130392597,96
2024-09-20 15:53:38.949,429.6670169431863,97
2024-09-20 15:53:38.998,429.6682213198937,98
2024-09-20 15:53:39.006,429.7397645902536,996
2024-09-20 15:53:39.008,429.7374724532074,15
2024-09-20 15:53:39.143,429.7778156385489,101
2024-09-20 15:53:39.545,429.72956261257394,97
2024-09-20 15:53:39.755,429.7660895990522,6
2024-09-20 15:53:39.817,429.73162892587015,11
2024-09-20 15:53:39.884,429.7314159812207,10
2024-09-20 15:53:40.130,429.797119248267,1000
2024-09-20 15:53:40.179,429.7949049092739,104
2024-09-20 15:53:40.350,429.7832691951943,10
2024-09-20 15:53:40.461,429.7856076505428,12
2024-09-20 15:53:40.466,429.7710880342763,99
2024-09-20 15:53:40.529,429.7493396985831,996
2024-09-20 15:53:40.561,429.798987872748,13
2024-09-20 15:53:40.706,429.788470671205,996
2024-09-20 15:53:40.896,429.7882210411459,105
2024-09-20 15:53:40.905,429.8068805667481,7
2024-09-20 15:53:40.911,429.7895561152348,99
2024-09-20 15:53:40.955,429.7663995375589,104
2024-09-20 15:53:40.972,429.784190015285,98
2024-09-20 15:53:40.980,429.7825144918768,1003
2024-09-20 15:53:40.985,42.9797131353785,996
2024-09-20 15:53:41.051,429.7546395858998,104
2024-09-20 15:53:41.091,429.7621930207062,100
2024-09-20 15:53:41.100,429.7542639329534,1005
2024-09-20 15:53:41.109,429.7414744684673,1000
2024-09-20 15:53:41.134,429.7463320147842,998
2024-09-20 15:53:41.228,429.7065815664193,6
2024-09-20 15:53:41.229,429.7294278426662,99
2024-09-20 15:53:41.282,429.73324734280266,10
2024-09-20 15:53:41.305,429.7215159756899,1000
2024-09-20 15:53:41.396,429.7268874560372,105
2024-09-20 15:53:41.497,429.73122769182623,1001
2024-09-20 15:53:41.645,429.7300524003907,98
2024-09-20 15:53:41.645,429.7559440069589,1002
2024-09-20 15:53:41.693,429.7578917870695,104
2024-09-20 15:53:41.700,429.7444863084204,8
2024-09-20 15:53:41.737,429.7557448947253,13
2024-09-20 15:53:41.750,429.7433005648794,1000
2024-09-20 15:53:41.784,429.76479120622594,1005
2024-09-20 15:53:41.811,429.6900569375789,9
2024-09-20 15:53:41.811,429.743419048532,10
2024-09-20 15:53:41.842,429.74727264946176,11
2024-09-20 15:53:41.843,429.7029829830582,996
2024-09-20 15:53:41.873,429.7279320274624,1005
2024-09-20 15:53:41.879,429.7614044542411,7
2024-09-20 15:53:41.894,429.7303559216269,14
2024-09-20 15:53:41.917,429.7135790276776,998
2024-09-20 15:53:41.949,429.70547654300447,5
2024-09-20 15:53:41.958,429.7535595284304,1002
2024-09-20 15:53:41.988,429.75174005024286,100
2024-09-20 15:53:41.991,42.97508987766281,995
2024-09-20 15:53:42.003,429.7182552788105,102
2024-09-20 15:53:42.168,429.65661083233954,8
2024-09-20 15:53:42.188,429.6595489014138,7
2024-09-20 15:53:42.273,429.6904423410241,99
2024-09-20 15:53:42.288,429.7000698842695,13
2024-09-20 15:53:42.406,429.6830677039724,998
2024-09-20 15:53:42.510,429.73079559825504,103
2024-09-20 15:53:42.515,429.7181456937251,11
2024-09-20 15:53:42.542,429.73690507908407,10
2024-09-20 15:53:42.549,429.6462355069296,1000
2024-09-20 15:53:42.572,429.7119716283239,998
2024-09-20 15:53:42.577,429.7110731106476,996
2024-09-20 15:53:42.582,429.69261843100026,1001
2024-09-20 15:53:42.768,429.7173442174412,100
2024-09-20 15:53:42.856,429.6562509142849,9
2024-09-20 15:53:42.917,429.7413150084786,12
2024-09-20 15:53:42.939,429.7018020820071,9
2024-09-20 15:53:42.958,429.726101064964,1003
2024-09-20 15:53:42.999,429.6560138146054,13
2024-09-20 15:53:43.081,429.7994979404781,14
2024-09-20 15:53:43.115,429.7369438375974,1001
2024-09-20 15:53:43.153,-429.7576780238754,997
2024-09-20 15:53:43.206,429.7720658355146,15
2024-09-20 15:53:43.210,429.7480519541149,98
2024-09-20 15:53:43.211,429.7581580030456,998
2024-09-20 15:53:43.214,429.807864325276,10
2024-09-20 15:53:43.261,429.7562660548896,96
2024-09-20 15:53:43.312,42.97603591416923,100
2024-09-20 15:53:43.503,429.8048033848097,98
2024-09-20 15:53:43.522,429.743112302434,100
2024-09-20 15:53:43.551,429.7840268852256,1005
2024-09-20 15:53:43.569,429.7578158766305,1005
2024-09-20 15:53:43.581,429.7819737353944,5
2024-09-20 15:53:43.619,429.7825250910637,100
2024-09-20 15:53:43.629,429.7966316049018,105
2024-09-20 15:53:43.734,429.7727004476045,10
2024-09-20 15:53:43.742,429.7629043601978,1003
2024-09-20 15:53:43.753,429.7103430829069,13
2024-09-20 15:53:43.830,429.77159047979546,999
2024-09-20 15:53:43.875,429.7574923442589,1002
2024-09-20 15:53:43.884,429.7762415930417,14
2024-09-20 15:53:43.899,429.7613170860008,104
2024-09-20 15:53:43.935,-429.7446063252303,10
2024-09-20 15:53:43.958,429.7627988432437,15
2024-09-20 15:53:43.965,429.72663138276994,1005
2024-09-20 15:53:43.989,429.7379254579075,12
2024-09-20 15:53:44.025,429.77779070869417,998
2024-09-20 15:53:44.086,429.7590002313772,101
2024-09-20 15:53:44.161,429.7614409081756,6
2024-09-20 15:53:44.241,429.7752129062203,10
2024-09-20 15:53:44.463,429.7602067911069,1002
2024-09-20 15:53:44.632,429.7345000022426,12
2024-09-20 15:53:44.680,429.7511457352724,999
2024-09-20 15:53:44.719,429.7678977458983,5
2024-09-20 15:53:44.724,429.76295483023455,13
2024-09-20 15:53:44.757,429.7565552811652,103
2024-09-20 15:53:44.765,429.76218785414096,995
2024-09-20 15:53:44.799,429.7867371208322,100
2024-09-20 15:53:44.813,429.7846686329684,14
2024-09-20 15:53:44.973,429.7599535313026,1002
2024-09-20 15:53:45.097,429.7670392934242,5
2024-09-20 15:53:45.158,429.7680167322643,1005
2024-09-20 15:53:45.247,429.7944241338093,1003
2024-09-20 15:53:45.298,429.7896781979697,9
2024-09-20 15:53:45.317,429.7932041679963,998
2024-09-20 15:53:45.373,429.7689100094762,104
2024-09-20 15:53:45.376,429.7895010075189,997
2024-09-20 15:53:45.389,429.7537375093916,98
2024-09-20 15:53:45.488,429.778820193688,98
2024-09-20 15:53:45.489,429.7977304821233,1000
2024-09-20 15:53:45.655,429.8242073213772,1005
2024-09-20 15:53:45.696,429.781360072974,1005
2024-09-20 15:53:45.700,429.7824529198194,995
2024-09-20 15:53:45.861,429.8093772372307,105
2024-09-20 15:53:46.044,429.8061746832557,102
2024-09-20 15:53:46.044,429.7820194853826,1000
2024-09-20 15:53:46.046,429.83441373812906,6
2024-09-20 15:53:46.077,429.8298255766653,995
2024-09-20 15:53:46.135,429.8399502031265,13
2024-09-20 15:53:46.168,429.8059854146181,15
2024-09-20 15:53:46.228,429.7919591590146,6
2024-09-20 15:53:46.231,429.7915521252394,995
2024-09-20 15:53:46.277,42.9777330639714,1000
2024-09-20 15:53:46.307,429.8047583237697,5
2024-09-20 15:53:46.327,429.81678944729344,1001
2024-09-20 15:53:46.337,429.8319183000233,13
2024-09-20 15:53:46.360,429.8005031469589,5
2024-09-20 15:53:46.367,429.8491409699711,999
2024-09-20 15:53:46.378,429.8432219361946,100
2024-09-20 15:53:46.411,429.7948800580665,1000
2024-09-20 15:53:46.426,429.7908150455775,10
2024-09-20 15:53:46.459,429.7985146776493,105
2024-09-20 15:53:46.493,429.8228788163156,1002
2024-09-20 15:53:46.536,429.7999411473418,1003
2024-09-20 15:53:46.539,429.7826542206327,12
2024-09-20 15:53:46.562,429.86237974832017,102
2024-09-20 15:53:46.601,429.8514483578272,9
2024-09-20 15:53:46.622,429.8529602641841,14
2024-09-20 15:53:46.757,429.7831756941247,95
2024-09-20 15:53:46.810,429.8383949653527,5
2024-09-20 15:53:46.847,429.81082247128506,11
2024-09-20 15:53:46.856,429.7876169921182,996
2024-09-20 15:53:46.914,429.8164506953276,7
2024-09-20 15:53:46.990,429.7870167115853,9
2024-09-20 15:53:47.015,429.8034085663277,7
2024-09-20 15:53:47.024,429.84515320125706,95
2024-09-20 15:53:47.096,429.8273506975378,1000
2024-09-20 15:53:47.205,429.85459566778127,997
2024-09-20 15:53:47.322,429.8571154275916,95
2024-09-20 15:53:47.335,429.8437665390485,1005
2024-09-20 15:53:47.420,429.847125097036,10
2024-09-20 15:53:47.429,429.8496117120262,97
2024-09-20 15:53:47.432,429.8486032744267,101
2024-09-20 15:53:47.447,429.8173341768813,11
2024-09-20 15:53:47.477,429.8543729930364,96
2024-09-20 15:53:47.483,429.7703365275246,105
2024-09-20 15:53:47.504,429.7913985884738,104
2024-09-20 15:53:47.552,429.8213092895508,998
2024-09-20 15:53:47.664,429.8057686162367,1000
2024-09-20 15:53:47.690,429.8136584065496,11
2024-09-20 15:53:47.701,429.8429868791839,9
2024-09-20 15:53:47.718,429.8622893246521,9
2024-09-20 15:53:47.781,,104
2024-09-20 15:53:47.783,429.8557329353743,1004
2024-09-20 15:53:47.819,429.7563111653271,98
2024-09-20 15:53:47.889,429.8571179871567,1001
2024-09-20 15:53:47.895,429.85120299818783,999
2024-09-20 15:53:47.917,429.8094554185448,105
2024-09-20 15:53:47.952,429.858328329674,1002
2024-09-20 15:53:48.967,429.77664183729473,1001
2024-09-20 15:53:49.047,429.8831248623797,9
2024-09-20 15:53:49.097,429.85772945240615,95
2024-09-20 15:53:49.099,429.8754309810907,1000
2024-09-20 15:53:49.167,429.8961769871224,996
2024-09-20 15:53:49.184,429.7922761669316,8
2024-09-20 15:53:49.237,429.8835803466846,5
2024-09-20 15:53:49.309,429.8454578573613,1005
2024-09-20 15:53:49.310,429.8486232474514,999
2024-09-20 15:53:49.341,429.7978960827644,95
2024-09-20 15:53:49.381,429.8037948544255,101
2024-09-20 15:53:49.383,429.870684070057,998
2024-09-20 15:53:49.415,429.78926096496417,5
2024-09-20 15:53:49.487,429.79700726620695,9
2024-09-20 15:53:49.509,429.7938757416923,96
2024-09-20 15:53:49.532,429.8937024368816,5
2024-09-20 15:53:49.584,429.7993480774904,100
2024-09-20 15:53:49.603,429.7989765003689,998
2024-09-20 15:53:49.622,429.8596305505106,13
2024-09-20 15:53:49.693,429.8126212937325,1005
2024-09-20 15:53:49.714,429.86664021177177,97
2024-09-20 15:53:49.842,429.8523577344468,996
2024-09-20 15:53:49.845,42.9798380895447,1005
2024-09-20 15:53:49.861,429.87342934315393,96
2024-09-20 15:53:49.877,429.8772445465548,997
2024-09-20 15:53:49.910,429.7936847914118,101
2024-09-20 15:53:49.913,429.8828233965333,1003
2024-09-20 15:53:49.927,429.8253681432608,11
2024-09-20 15:53:49.949,429.8608255117503,998
2024-09-20 15:53:50.166,429.9253032663879,95
2024-09-20 15:53:50.189,429.9159141426022,12
2024-09-20 15:53:50.245,429.89682448457353,105
2024-09-20 15:53:50.374,429.9033781523915,998
2024-09-20 15:53:50.492,429.9101363251741,15
2024-09-20 15:53:50.583,429.9034896907695,105
2024-09-20 15:53:50.669,429.924630375617,13
2024-09-20 15:53:50.855,429.9269115090079,15
2024-09-20 15:53:50.908,429.8761205403555,15
2024-09-20 15:53:50.975,429.90526653352833,102
2024-09-20 15:53:51.486,429.9109126169191,5
2024-09-20 15:53:51.514,429.8976478157316,95
2024-09-20 15:53:51.690,429.8940291320122,102
2024-09-20 15:53:52.078,429.8983387110376,1002
2024-09-20 15:53:52.092,429.90586935034383,95
2024-09-20 15:53:52.116,429.90812274607913,11
2024-09-20 15:53:52.121,429.91650422711785,98
2024-09-20 15:53:52.155,429.87693819660655,96
2024-09-20 15:53:52.161,429.8747143639583,1003
2024-09-20 15:53:52.179,429.8692936783279,996
2024-09-20 15:53:52.215,429.8301105751367,996
2024-09-20 15:53:52.232,-429.8373896990586,7
2024-09-20 15:53:52.443,429.80955128931055,1001
2024-09-20 15:53:52.534,429.826286362748,101
2024-09-20 15:53:52.639,429.9153306952152,103
2024-09-20 15:53:52.644,429.8112402416123,13
2024-09-20 15:53:52.649,429.8359832406338,999
2024-09-20 15:53:52.657,,99
2024-09-20 15:53:52.658,429.9105534002341,1000
2024-09-20 15:53:52.675,429.88874595392383,104
2024-09-20 15:53:52.723,429.8410657500199,7
2024-09-20 15:53:52.737,429.8477508780669,1005
2024-09-20 15:53:52.765,429.8144401284652,103
2024-09-20 15:53:52.848,429.814123734502,13
2024-09-20 15:53:52.888,429.88870404962944,101
2024-09-20 15:53:53.021,429.8505191044351,15
2024-09-20 15:53:53.154,429.8238104764652,1004
2024-09-20 15:53:53.338,429.8401316140543,10
2024-09-20 15:53:53.518,429.86859948978577,103
2024-09-20 15:53:53.523,429.828330489288,105
2024-09-20 15:53:53.612,429.8797096341461,15
2024-09-20 15:53:53.755,429.8607430651253,996
2024-09-20 15:53:53.805,429.8418782287628,12
2024-09-20 15:53:53.819,429.8172556124509,102
2024-09-20 15:53:53.945,429.8727660886657,104
2024-09-20 15:53:54.201,429.86782021243386,97
2024-09-20 15:53:55.190,429.86793165766153,1001
2024-09-20 15:53:55.277,429.8823340887954,102
2024-09-20 15:53:55.572,-429.85095460194384,13
2024-09-20 15:53:55.660,429.8708555293536,13
2024-09-20 15:53:55.740,429.8527094932536,7
2024-09-20 15:53:56.013,429.8758828849836,1005
2024-09-20 15:53:56.021,429.8881380379604,6
2024-09-20 15:53:56.024,429.87231131165646,995
2024-09-20 15:53:56.100,429.89841516725625,9
2024-09-20 15:53:56.224,429.8390584093898,101
2024-09-20 15:53:56.354,429.8796479612683,996
2024-09-20 15:53:56.445,429.90534038177424,102
2024-09-20 15:53:56.464,429.8739008691242,1000
2024-09-20 15:53:56.475,429.89687370839823,996
2024-09-20 15:53:56.629,429.9004171865773,7
2024-09-20 15:53:56.666,429.8744581489538,14
2024-09-20 15:53:56.673,429.8728978332945,104
2024-09-20 15:53:56.709,429.89725339561016,1000
2024-09-20 15:53:56.726,429.8933540397885,8
2024-09-20 15:53:56.880,429.885268791368,995
2024-09-20 15:53:56.912,429.9110609486905,997
2024-09-20 15:53:57.061,429.89707644931553,1003
2024-09-20 15:53:57.118,429.87678810173975,101
2024-09-20 15:53:57.147,429.8534420111587,11
2024-09-20 15:53:57.209,429.8775145629626,1004
2024-09-20 15:53:57.344,429.85011398558873,1000
2024-09-20 15:53:57.355,429.8568050096651,5
2024-09-20 15:53:57.362,429.9009164946932,105
2024-09-20 15:53:57.428,429.866395345784,1003
2024-09-20 15:53:57.429,429.8455895055605,10
2024-09-20 15:53:57.438,429.8426346269273,13
2024-09-20 15:53:57.452,429.8978256487305,1002
2024-09-20 15:53:57.467,429.9005740503991,1005
2024-09-20 15:53:57.471,429.908347510937,8
2024-09-20 15:53:57.478,429.904150793884,997
2024-09-20 15:53:57.506,429.9131537255609,15
2024-09-20 15:53:57.534,429.8858622227594,8
2024-09-20 15:53:57.626,429.8461135324415,12
2024-09-20 15:53:57.654,429.9020471218765,1000
2024-09-20 15:53:57.867,429.92432905755777,96
2024-09-20 15:53:57.882,429.8828722542321,103
2024-09-20 15:53:57.909,429.9238953868349,99
2024-09-20 15:53:57.949,429.841321934536,10
2024-09-20 15:53:57.949,429.83765812819246,995
2024-09-20 15:53:57.962,429.83880593372766,1005
2024-09-20 15:53:57.979,429.9080619079575,104
2024-09-20 15:53:58.084,429.8845292700824,1004
2024-09-20 15:53:58.086,429.8884182810352,1002
2024-09-20 15:53:58.105,429.8662651327239,15
2024-09-20 15:53:58.218,429.86047553388784,995
2024-09-20 15:53:58.220,429.8357814866993,1005
2024-09-20 15:53:58.245,429.8862261321677,1000
2024-09-20 15:53:58.270,429.904326388184,11
2024-09-20 15:53:58.376,429.8792478101876,1004
2024-09-20 15:53:58.488,429.8948323377136,104
2024-09-20 15:53:58.541,429.898488137554,104
2024-09-20 15:53:58.647,429.8718217129447,1000
2024-09-20 15:53:58.670,429.8986018029728,7
2024-09-20 15:53:58.693,429.8922905066704,997
2024-09-20 15:53:58.774,429.8497237210495,12
2024-09-20 15:53:58.789,429.84476453675785,1002
2024-09-20 15:53:58.805,429.9048594258233,6
2024-09-20 15:53:58.837,429.8820080076494,99
2024-09-20 15:53:59.195,429.8801779244557,14
2024-09-20 15:53:59.296,429.8992872042171,997
2024-09-20 15:53:59.439,429.8628384048882,996
2024-09-20 15:53:59.444,429.8920609181631,98
2024-09-20 15:53:59.523,429.881962197312,98
2024-09-20 15:53:59.614,429.8930256602814,6
2024-09-20 15:53:59.922,429.8728282156876,995
2024-09-20 15:53:59.977,429.8763496726809,6
