Timestamp,Price,Size
2024-09-17 14:39:00.034,407.5612618624782,9
2024-09-17 14:39:00.060,407.5303261837817,1000
2024-09-17 14:39:00.142,407.5353394017972,95
2024-09-17 14:39:00.156,407.5619768541143,15
2024-09-17 14:39:00.170,407.45858328571177,995
2024-09-17 14:39:00.184,407.5743427549189,104
2024-09-17 14:39:00.213,407.4283713548836,8
2024-09-17 14:39:00.260,407.4952341540489,8
2024-09-17 14:39:00.356,407.5100379310328,11
2024-09-17 14:39:00.395,407.4710927516521,95
2024-09-17 14:39:00.511,407.5013079627191,5
2024-09-17 14:39:00.517,407.5421187591677,10
2024-09-17 14:39:00.522,407.5016180095296,9
2024-09-17 14:39:00.542,407.5043871604909,9
2024-09-17 14:39:00.581,407.4650176518769,1002
2024-09-17 14:39:00.586,407.5739282868132,1005
2024-09-17 14:39:00.644,407.46003849313627,96
2024-09-17 14:39:00.675,407.51883798717023,9
2024-09-17 14:39:00.681,407.5627995614128,7
2024-09-17 14:39:00.699,407.51016493271527,998
2024-09-17 14:39:00.826,,5
2024-09-17 14:39:00.848,407.50849591848186,103
2024-09-17 14:39:00.883,407.5742528001414,104
2024-09-17 14:39:00.893,407.4424660127152,15
2024-09-17 14:39:00.934,407.5216330660622,1002
2024-09-17 14:39:00.935,407.5651509185293,103
2024-09-17 14:39:00.937,407.4315338649829,99
2024-09-17 14:39:00.989,407.4785338242859,11
2024-09-17 14:39:01.143,407.3703690538798,103
2024-09-17 14:39:01.240,407.3872949660405,996
2024-09-17 14:39:01.446,-416.6060811671167,998
2024-09-17 14:39:01.459,407.38559276583374,5
2024-09-17 14:39:01.609,407.41525543442776,996
2024-09-17 14:39:01.612,416.6023717893518,10
2024-09-17 14:39:01.685,416.5868642953732,1005
2024-09-17 14:39:01.721,407.4364051926567,1004
2024-09-17 14:39:02.188,407.3977967920743,7
2024-09-17 14:39:02.444,407.3967293334513,995
2024-09-17 14:39:02.769,407.3902873714756,7
2024-09-17 14:39:02.872,407.3807167677043,1004
2024-09-17 14:39:03.001,407.37759539444914,99
2024-09-17 14:39:03.077,407.4050871237876,995
2024-09-17 14:39:03.198,407.38615611846296,7
2024-09-17 14:39:03.224,407.43751819390855,103
2024-09-17 14:39:03.234,407.4137786528304,1000
2024-09-17 14:39:03.240,407.4336707216644,998
2024-09-17 14:39:03.256,407.405295177688,1002
2024-09-17 14:39:03.360,407.4283899468792,11
2024-09-17 14:39:03.498,407.41957559983285,102
2024-09-17 14:39:03.529,407.437279935654,13
2024-09-17 14:39:03.533,407.44298544361504,1001
2024-09-17 14:39:03.575,407.3767545316193,97
2024-09-17 14:39:03.588,407.42554744920346,1000
2024-09-17 14:39:03.619,407.4473556154813,98
2024-09-17 14:39:03.620,407.37386774379024,1000
2024-09-17 14:39:03.665,407.4070280488473,1004
2024-09-17 14:39:03.761,407.4315070090953,99
2024-09-17 14:39:03.779,407.4329151545791,14
2024-09-17 14:39:03.809,407.403635316888,96
2024-09-17 14:39:03.837,407.4324241837732,103
2024-09-17 14:39:03.924,407.4435348041073,104
2024-09-17 14:39:03.930,407.434477367822,15
2024-09-17 14:39:04.050,407.4033972759261,102
2024-09-17 14:39:04.266,407.3357988285348,11
2024-09-17 14:39:04.330,407.362344707282,103
2024-09-17 14:39:04.417,407.3518392124563,99
2024-09-17 14:39:04.419,407.3435137119705,99
2024-09-17 14:39:04.476,407.306650903583,97
2024-09-17 14:39:04.481,407.34846291619897,101
2024-09-17 14:39:04.580,407.35471898685694,8
2024-09-17 14:39:04.596,407.32872701081465,95
2024-09-17 14:39:04.630,407.3189586350461,1003
2024-09-17 14:39:04.696,407.32467826664674,996
2024-09-17 14:39:04.706,407.3656219458209,98
2024-09-17 14:39:04.745,407.4100734699985,12
2024-09-17 14:39:04.832,-407.4108642620825,11
2024-09-17 14:39:04.889,407.4097293550193,97
2024-09-17 14:39:04.951,407.3384772192145,96
2024-09-17 14:39:04.959,407.3797686850593,101
2024-09-17 14:39:04.973,407.36632278582607,1002
2024-09-17 14:39:05.277,407.3164329772137,11
2024-09-17 14:39:05.368,407.3193586146676,103
2024-09-17 14:39:05.397,407.31911393138,999
2024-09-17 14:39:05.403,407.326088785785,1004
2024-09-17 14:39:05.459,407.32807219174185,14
2024-09-17 14:39:05.484,407.3234344816662,1000
2024-09-17 14:39:05.516,407.3024660231242,15
2024-09-17 14:39:05.609,407.3320449172034,6
2024-09-17 14:39:05.652,407.3216234072126,102
2024-09-17 14:39:05.872,407.3254918655661,98
2024-09-17 14:39:05.879,407.3234766466342,15
2024-09-17 14:39:05.898,407.3294534675664,999
2024-09-17 14:39:05.902,407.3136300534532,6
2024-09-17 14:39:06.018,407.3940225830575,103
2024-09-17 14:39:06.018,407.4044817511625,11
2024-09-17 14:39:06.068,407.39614432285794,11
2024-09-17 14:39:06.163,407.3854597720329,998
2024-09-17 14:39:06.427,407.403491367097,104
2024-09-17 14:39:06.495,407.3952849164219,7
2024-09-17 14:39:06.513,407.3746366833732,1000
2024-09-17 14:39:06.525,407.3431199184229,996
2024-09-17 14:39:06.565,407.42739672395226,997
2024-09-17 14:39:06.602,407.3636928405456,104
2024-09-17 14:39:06.609,407.405069207117,99
2024-09-17 14:39:06.629,407.4106291010808,7
2024-09-17 14:39:06.676,407.3991035937744,11
2024-09-17 14:39:06.704,407.35245616857645,11
2024-09-17 14:39:06.947,407.3866407143784,13
2024-09-17 14:39:06.948,407.4046245213981,1002
2024-09-17 14:39:07.014,416.546976901598,1000
2024-09-17 14:39:07.049,407.4337895127725,101
2024-09-17 14:39:07.290,407.415966405983,104
2024-09-17 14:39:07.337,407.4125410411609,6
2024-09-17 14:39:07.343,407.40888694479975,99
2024-09-17 14:39:07.403,407.446092953252,13
2024-09-17 14:39:07.441,407.4197141345133,99
2024-09-17 14:39:07.560,407.4165848943875,1003
2024-09-17 14:39:07.565,407.4325879914954,103
2024-09-17 14:39:07.852,407.4073872539975,998
2024-09-17 14:39:07.919,407.38140931273193,98
2024-09-17 14:39:07.926,407.4376674956606,1003
2024-09-17 14:39:08.036,407.3620116374406,11
2024-09-17 14:39:08.089,407.3723541479599,104
2024-09-17 14:39:08.141,407.3590168850259,104
2024-09-17 14:39:08.439,407.3740584494364,7
2024-09-17 14:39:08.482,407.3608956987935,995
2024-09-17 14:39:08.523,407.3668478087373,5
2024-09-17 14:39:08.744,407.36805705869546,1004
2024-09-17 14:39:08.826,407.37284475514815,15
2024-09-17 14:39:09.045,407.4339449215592,8
2024-09-17 14:39:09.058,407.4474079776047,11
2024-09-17 14:39:09.071,407.3940296133741,5
2024-09-17 14:39:09.074,407.4784597370543,14
2024-09-17 14:39:09.094,407.4629122627199,102
2024-09-17 14:39:09.150,407.4100976449705,15
2024-09-17 14:39:09.203,407.4677446441325,995
2024-09-17 14:39:09.224,407.37866151648575,999
2024-09-17 14:39:09.307,407.4068121661181,5
2024-09-17 14:39:09.337,407.3677130792888,10
2024-09-17 14:39:09.515,407.4109539941977,100
2024-09-17 14:39:09.554,407.36622153683385,1003
2024-09-17 14:39:09.566,407.3946306788568,1000
2024-09-17 14:39:09.577,407.41807929089913,101
2024-09-17 14:39:09.603,407.4094093935187,101
2024-09-17 14:39:09.745,407.4143964745232,1004
2024-09-17 14:39:09.757,407.4589874223234,5
2024-09-17 14:39:09.781,407.4827858533667,14
2024-09-17 14:39:09.806,407.3595901796947,14
2024-09-17 14:39:09.806,407.4077400693727,8
2024-09-17 14:39:09.880,407.4038636057856,14
2024-09-17 14:39:09.919,407.3618870774226,14
2024-09-17 14:39:09.951,407.47988840214026,996
2024-09-17 14:39:09.971,407.4707177494522,104
2024-09-17 14:39:09.986,407.4164469232807,997
2024-09-17 14:39:10.017,407.4330324336959,10
2024-09-17 14:39:10.047,407.51364119329344,96
2024-09-17 14:39:10.107,407.48736680386367,100
2024-09-17 14:39:10.121,407.5130672407511,97
2024-09-17 14:39:10.255,407.4832929731588,999
2024-09-17 14:39:10.295,407.5280342319198,96
2024-09-17 14:39:10.328,407.4867801082799,996
2024-09-17 14:39:10.442,407.5065001394277,96
2024-09-17 14:39:10.445,407.4260106870312,1003
2024-09-17 14:39:10.448,407.5025667623201,12
2024-09-17 14:39:10.495,407.46972771616976,996
2024-09-17 14:39:10.499,40.74901458316764,95
2024-09-17 14:39:10.589,407.5064515583464,95
2024-09-17 14:39:10.676,407.4981499464088,14
2024-09-17 14:39:10.688,407.4759469538712,999
2024-09-17 14:39:10.689,407.4849394412777,100
2024-09-17 14:39:10.692,407.4903254498368,5
2024-09-17 14:39:10.746,407.43401062679527,96
2024-09-17 14:39:10.811,407.49815703317927,104
2024-09-17 14:39:10.826,407.46733101790886,10
2024-09-17 14:39:10.911,407.4516167173006,999
2024-09-17 14:39:10.912,407.4632295250393,999
2024-09-17 14:39:10.914,407.4959901933415,1002
2024-09-17 14:39:10.961,407.477996699379,96
2024-09-17 14:39:11.161,407.434345064254,13
2024-09-17 14:39:11.583,407.4313748174568,1002
2024-09-17 14:39:12.037,407.41305062260994,995
2024-09-17 14:39:12.176,407.3999706248259,1004
2024-09-17 14:39:12.228,407.39773394013633,998
2024-09-17 14:39:12.260,407.3992923813863,96
2024-09-17 14:39:12.264,407.38450485520747,9
2024-09-17 14:39:12.300,407.4220810748265,996
2024-09-17 14:39:12.390,407.4092410451631,1003
2024-09-17 14:39:12.391,407.3911570579844,1003
2024-09-17 14:39:12.406,407.38187619485177,5
2024-09-17 14:39:12.584,407.3897887972393,7
2024-09-17 14:39:12.587,407.3922625973482,995
2024-09-17 14:39:12.596,,5
2024-09-17 14:39:12.730,407.37327080590046,1002
2024-09-17 14:39:12.755,407.40320024576977,100
2024-09-17 14:39:12.832,407.3749289857371,103
2024-09-17 14:39:12.922,407.3763592709526,8
2024-09-17 14:39:13.345,407.3344023810576,14
2024-09-17 14:39:13.540,407.3466709324918,1003
2024-09-17 14:39:13.984,407.3719033387069,12
2024-09-17 14:39:14.065,407.3197734568331,995
2024-09-17 14:39:14.100,407.2974296370445,97
2024-09-17 14:39:14.234,407.2999487391122,97
2024-09-17 14:39:14.280,407.2983759228295,1002
2024-09-17 14:39:14.281,407.3124292379799,105
2024-09-17 14:39:14.305,407.3193307694961,105
2024-09-17 14:39:14.423,407.3225853795928,5
2024-09-17 14:39:14.462,407.2878764172975,999
2024-09-17 14:39:14.465,407.3202240184123,1001
2024-09-17 14:39:14.538,-407.30197210095776,1003
2024-09-17 14:39:14.749,407.28876387721925,7
2024-09-17 14:39:14.877,407.3293544072509,96
2024-09-17 14:39:14.905,407.3130912193055,1001
2024-09-17 14:39:15.009,407.28284763877656,101
2024-09-17 14:39:15.043,407.2411105460091,1001
2024-09-17 14:39:15.082,407.2684312389355,6
2024-09-17 14:39:15.116,407.29160272775727,1000
2024-09-17 14:39:15.122,407.29170480825394,6
2024-09-17 14:39:15.203,407.2357144422559,13
2024-09-17 14:39:15.210,407.2887523861704,15
2024-09-17 14:39:15.284,407.2595874552648,12
2024-09-17 14:39:15.324,407.3018256607065,1003
2024-09-17 14:39:15.327,407.2474100359594,7
2024-09-17 14:39:15.349,407.2570796346645,996
2024-09-17 14:39:15.380,407.24223566750834,101
2024-09-17 14:39:15.534,407.30762332859456,6
2024-09-17 14:39:15.675,407.2469300979729,95
2024-09-17 14:39:15.737,407.256004414298,1002
2024-09-17 14:39:15.818,407.25096524452334,8
2024-09-17 14:39:15.841,407.245845858274,1005
2024-09-17 14:39:15.843,407.2729556928795,1003
2024-09-17 14:39:15.871,407.2607637641679,7
2024-09-17 14:39:15.886,407.2808573005641,101
2024-09-17 14:39:15.914,407.2420797191847,8
2024-09-17 14:39:15.961,407.2593690996089,1002
2024-09-17 14:39:15.974,407.2541164289189,9
2024-09-17 14:39:16.034,407.23155181282254,102
2024-09-17 14:39:16.290,407.2361795947305,100
2024-09-17 14:39:16.414,407.2452880190877,5
2024-09-17 14:39:16.869,407.22699332521984,1003
2024-09-17 14:39:16.964,407.2383538867212,15
2024-09-17 14:39:17.027,407.1877629037522,13
2024-09-17 14:39:17.096,407.21631880558095,10
2024-09-17 14:39:17.110,407.2633956877231,11
2024-09-17 14:39:17.159,407.2724120816544,1001
2024-09-17 14:39:17.178,407.2354758821864,14
2024-09-17 14:39:17.200,407.1910074159467,103
2024-09-17 14:39:17.215,407.2580959018781,96
2024-09-17 14:39:17.294,407.1952700556672,9
2024-09-17 14:39:17.301,407.2262881606795,1005
2024-09-17 14:39:17.326,407.1671606476231,100
2024-09-17 14:39:17.496,40.72260858150804,1005
2024-09-17 14:39:17.508,407.1969299438071,7
2024-09-17 14:39:17.508,407.2013408532356,101
2024-09-17 14:39:17.527,407.2090774525578,996
2024-09-17 14:39:17.575,407.2061487647944,996
2024-09-17 14:39:17.677,407.1945209919692,997
2024-09-17 14:39:17.879,407.22219435585913,1004
2024-09-17 14:39:17.883,407.2063024494451,1001
2024-09-17 14:39:17.884,407.21899744748686,7
2024-09-17 14:39:17.898,407.21447905147227,14
2024-09-17 14:39:17.903,,105
2024-09-17 14:39:17.910,407.2768214115728,1000
2024-09-17 14:39:17.919,407.2451022667107,995
2024-09-17 14:39:17.972,407.1993904523637,5
2024-09-17 14:39:17.976,407.1986118683097,1005
2024-09-17 14:39:18.056,407.1793008477344,997
2024-09-17 14:39:18.089,407.17779188541306,105
2024-09-17 14:39:18.116,407.1642517494468,9
2024-09-17 14:39:18.259,407.1813395238396,14
2024-09-17 14:39:18.281,407.2143583845564,102
2024-09-17 14:39:18.282,,14
2024-09-17 14:39:18.290,407.2023662013711,8
2024-09-17 14:39:18.310,407.1909617854316,1003
2024-09-17 14:39:18.369,407.2147317994993,100
2024-09-17 14:39:18.463,407.15493710776246,1005
2024-09-17 14:39:18.635,407.16895445773855,996
2024-09-17 14:39:18.690,407.1653955379286,1001
2024-09-17 14:39:18.706,407.1916567537905,997
2024-09-17 14:39:18.794,407.21194813547567,13
2024-09-17 14:39:19.028,407.1868181924365,998
2024-09-17 14:39:19.137,407.09089619952766,105
2024-09-17 14:39:19.157,407.08825816648505,100
2024-09-17 14:39:19.217,407.1323527580678,11
2024-09-17 14:39:19.219,407.1098059627972,1001
2024-09-17 14:39:19.239,407.0744734151908,103
2024-09-17 14:39:19.260,407.1753236757427,1003
2024-09-17 14:39:19.262,407.08528111907833,12
2024-09-17 14:39:19.274,407.1595479817837,1003
2024-09-17 14:39:19.288,407.1234273930164,1001
2024-09-17 14:39:19.396,407.1692185929626,95
2024-09-17 14:39:19.401,407.1441079784678,10
2024-09-17 14:39:19.413,407.0966605606072,15
2024-09-17 14:39:19.444,407.11225232833465,105
2024-09-17 14:39:19.450,407.1907902474829,11
2024-09-17 14:39:19.469,407.0838378875395,103
2024-09-17 14:39:19.547,407.0942124808207,8
2024-09-17 14:39:19.719,407.0939987323942,6
2024-09-17 14:39:19.732,407.0911495279881,15
2024-09-17 14:39:19.780,407.0868813628813,15
2024-09-17 14:39:19.821,407.1007536932711,1000
2024-09-17 14:39:19.826,407.137396043064,105
2024-09-17 14:39:19.827,407.1654508122376,1003
2024-09-17 14:39:19.851,407.1036039820876,6
2024-09-17 14:39:19.870,407.11985556289153,15
2024-09-17 14:39:19.881,407.0773447469404,98
2024-09-17 14:39:19.960,407.11230483743606,102
2024-09-17 14:39:19.967,407.1080824728451,1002
2024-09-17 14:39:19.976,407.19234815699934,1003
2024-09-17 14:39:19.991,407.0823461656085,96
2024-09-17 14:39:20.002,407.2045839412158,14
2024-09-17 14:39:20.052,407.2210076853884,8
2024-09-17 14:39:20.084,407.1911096951993,6
2024-09-17 14:39:20.098,407.2375794703495,1005
2024-09-17 14:39:20.145,407.2215531861448,13
2024-09-17 14:39:20.183,407.2121078532964,1002
2024-09-17 14:39:20.234,407.2056969548615,997
2024-09-17 14:39:20.276,407.19887743702674,104
2024-09-17 14:39:20.348,407.1793626364856,5
2024-09-17 14:39:20.433,416.38023862619326,1000
2024-09-17 14:39:20.669,407.1832041588862,8
2024-09-17 14:39:20.706,407.2266406996039,99
2024-09-17 14:39:20.741,407.1641034920213,100
2024-09-17 14:39:20.750,407.2090539998575,95
2024-09-17 14:39:20.790,407.2171935063812,1004
2024-09-17 14:39:20.826,407.2325034924876,13
2024-09-17 14:39:20.901,407.1699148325505,102
2024-09-17 14:39:21.051,407.1850894368272,1003
2024-09-17 14:39:21.087,407.1877550829832,6
2024-09-17 14:39:21.143,407.22067872828313,1000
2024-09-17 14:39:21.201,407.2139176055246,997
2024-09-17 14:39:21.210,407.2032791330077,999
2024-09-17 14:39:21.250,407.2388298339128,997
2024-09-17 14:39:21.270,407.15010087730127,998
2024-09-17 14:39:21.274,407.2102872045844,1001
2024-09-17 14:39:21.291,407.2231734948108,11
2024-09-17 14:39:21.302,407.2083557313734,9
2024-09-17 14:39:21.307,407.2101282864547,101
2024-09-17 14:39:21.393,407.1661707004978,995
2024-09-17 14:39:21.397,407.2147518346943,997
2024-09-17 14:39:21.408,407.2355009615228,1004
2024-09-17 14:39:21.433,-407.2335507476325,101
2024-09-17 14:39:21.445,407.1455497484863,995
2024-09-17 14:39:21.581,407.2291429612264,8
2024-09-17 14:39:21.619,407.18323416745744,12
2024-09-17 14:39:21.638,407.14955151380127,6
2024-09-17 14:39:21.739,407.2203993330306,102
2024-09-17 14:39:21.781,407.17876141427513,96
2024-09-17 14:39:21.826,407.19834440459226,7
2024-09-17 14:39:21.833,407.2218155418239,11
2024-09-17 14:39:21.854,407.1978906754577,11
2024-09-17 14:39:21.879,407.1851415010454,995
2024-09-17 14:39:21.888,407.145192918387,15
2024-09-17 14:39:21.947,407.1731446619828,5
2024-09-17 14:39:21.954,407.1594368103058,101
2024-09-17 14:39:21.980,407.1481571903215,102
2024-09-17 14:39:22.028,407.2326214363095,103
2024-09-17 14:39:22.163,407.2432394751893,14
2024-09-17 14:39:22.176,407.2105661834973,1004
2024-09-17 14:39:22.258,407.2099307149511,13
2024-09-17 14:39:22.275,407.3130699105562,12
2024-09-17 14:39:22.291,407.2147416814851,8
2024-09-17 14:39:22.306,407.1939994371127,997
2024-09-17 14:39:22.315,407.215491727784,96
2024-09-17 14:39:22.321,407.2222692209701,14
2024-09-17 14:39:22.443,407.312573515614,10
2024-09-17 14:39:22.519,407.3299237700864,1001
2024-09-17 14:39:22.530,407.26327927418566,995
2024-09-17 14:39:22.545,407.2073393273732,995
2024-09-17 14:39:22.641,407.18998921701575,999
2024-09-17 14:39:22.650,407.21053748114815,105
2024-09-17 14:39:22.777,407.2414000104391,6
2024-09-17 14:39:22.787,407.2801364351018,998
2024-09-17 14:39:22.865,407.24307297315386,96
2024-09-17 14:39:22.868,407.1957756181824,97
2024-09-17 14:39:22.869,407.2917311137037,97
2024-09-17 14:39:22.968,407.2328432758522,101
2024-09-17 14:39:22.995,407.28347527363394,1001
2024-09-17 14:39:23.040,407.3222030370469,104
2024-09-17 14:39:23.111,407.32059841466753,103
2024-09-17 14:39:23.437,407.32045026734767,13
2024-09-17 14:39:23.835,407.3212901946206,5
2024-09-17 14:39:24.024,407.5226569358341,15
2024-09-17 14:39:24.065,407.4285099549954,7
2024-09-17 14:39:24.125,407.3455436803481,104
2024-09-17 14:39:24.131,407.4491590917151,101
2024-09-17 14:39:24.136,407.4837043588869,12
2024-09-17 14:39:24.211,407.4454717779138,999
2024-09-17 14:39:24.226,407.44249842594286,10
2024-09-17 14:39:24.239,407.5222027442388,6
2024-09-17 14:39:24.274,407.3551068612464,1001
2024-09-17 14:39:24.299,407.337687340808,995
2024-09-17 14:39:24.327,407.3985662492525,997
2024-09-17 14:39:24.357,407.3804268704189,14
2024-09-17 14:39:24.377,407.34911411440106,9
2024-09-17 14:39:24.382,407.5286109763485,99
2024-09-17 14:39:24.500,407.5461529125787,1004
2024-09-17 14:39:24.500,407.5427891404304,101
2024-09-17 14:39:24.502,407.438463192128,105
2024-09-17 14:39:24.513,407.5012936390627,6
2024-09-17 14:39:24.607,407.51334302253184,98
2024-09-17 14:39:24.667,407.35858644407074,999
2024-09-17 14:39:24.751,407.3362939605786,95
2024-09-17 14:39:24.759,407.4281733899062,101
2024-09-17 14:39:24.845,407.52593750387,8
2024-09-17 14:39:24.882,407.49100434333633,1000
2024-09-17 14:39:24.950,407.5273667667207,9
2024-09-17 14:39:24.959,407.4619559096032,104
2024-09-17 14:39:24.965,407.5065356187049,1004
2024-09-17 14:39:24.975,407.4391785213985,6
2024-09-17 14:39:25.345,407.53258427744976,997
2024-09-17 14:39:25.545,407.53526312669305,995
2024-09-17 14:39:25.812,407.5563173034813,96
2024-09-17 14:39:25.894,407.5360799826449,7
2024-09-17 14:39:26.129,407.48398380408594,1004
2024-09-17 14:39:26.137,407.4518650598103,12
2024-09-17 14:39:26.174,407.5100322800853,1005
2024-09-17 14:39:26.183,-407.4573139571549,11
2024-09-17 14:39:26.236,407.5087932528271,7
2024-09-17 14:39:26.295,407.5364210393025,1001
2024-09-17 14:39:26.407,407.5321531012032,999
2024-09-17 14:39:26.553,407.5204170280767,104
2024-09-17 14:39:26.559,407.53229240607743,97
2024-09-17 14:39:26.563,407.4935494502914,13
2024-09-17 14:39:26.570,407.5395001629028,15
2024-09-17 14:39:26.601,407.5115258457977,12
2024-09-17 14:39:26.654,407.5070222832022,11
2024-09-17 14:39:26.685,407.5383766548133,12
2024-09-17 14:39:26.748,407.5242130885133,14
2024-09-17 14:39:26.750,407.4814888006045,11
2024-09-17 14:39:26.767,407.467803240706,11
2024-09-17 14:39:26.788,407.5307067857222,95
2024-09-17 14:39:26.894,407.5106408070088,995
2024-09-17 14:39:26.975,407.5059909941807,14
2024-09-17 14:39:27.012,407.4433415867262,97
2024-09-17 14:39:27.035,407.3706889328138,1001
2024-09-17 14:39:27.048,407.3580730029828,1003
2024-09-17 14:39:27.069,407.35592164848606,14
2024-09-17 14:39:27.144,407.3600853114228,12
2024-09-17 14:39:27.195,40.73715802757636,9
2024-09-17 14:39:27.291,407.3775422244968,11
2024-09-17 14:39:27.295,407.41697267616496,97
2024-09-17 14:39:27.299,407.438089425056,101
2024-09-17 14:39:27.319,407.3892907746255,104
2024-09-17 14:39:27.345,407.407693181062,105
2024-09-17 14:39:27.378,407.3853515262084,998
2024-09-17 14:39:27.408,407.37632340133314,995
2024-09-17 14:39:27.523,407.3734718383852,9
2024-09-17 14:39:27.691,407.3787325437421,99
2024-09-17 14:39:27.698,407.3882890645599,998
2024-09-17 14:39:27.718,407.3684906609688,96
2024-09-17 14:39:27.750,-407.3777823615417,10
2024-09-17 14:39:27.763,407.3709556992311,5
2024-09-17 14:39:27.818,407.392315010886,14
2024-09-17 14:39:27.818,407.375010355222,995
2024-09-17 14:39:27.860,407.3697832592042,15
2024-09-17 14:39:27.888,407.43761663530273,15
2024-09-17 14:39:27.940,407.33970390546887,995
2024-09-17 14:39:27.966,407.3845671367106,12
2024-09-17 14:39:28.286,407.3419366845399,11
2024-09-17 14:39:28.319,407.35553604479406,1005
2024-09-17 14:39:28.715,407.34580391087496,104
2024-09-17 14:39:28.763,407.3549314191658,1005
2024-09-17 14:39:29.217,407.3225999909823,5
2024-09-17 14:39:29.332,407.3371223476472,6
2024-09-17 14:39:29.332,407.33928772783446,997
2024-09-17 14:39:29.393,407.3397786672236,13
2024-09-17 14:39:29.443,407.3336894697167,13
2024-09-17 14:39:29.462,407.3292395197371,14
2024-09-17 14:39:29.467,407.3354361332106,15
2024-09-17 14:39:29.561,407.3480011667356,996
2024-09-17 14:39:29.587,407.32613013132993,14
2024-09-17 14:39:29.600,407.3306430132495,104
2024-09-17 14:39:29.615,407.3447049505713,14
2024-09-17 14:39:29.745,407.3445519999101,96
2024-09-17 14:39:29.765,407.3299806126684,7
2024-09-17 14:39:29.781,407.3366027395997,96
2024-09-17 14:39:29.790,407.3457925234171,998
2024-09-17 14:39:29.902,407.3249290182069,11
2024-09-17 14:39:29.935,407.3403350575159,15
2024-09-17 14:39:29.992,407.34696757443817,102
2024-09-17 14:39:30.038,407.3195820660105,97
2024-09-17 14:39:30.077,407.3468892567496,6
2024-09-17 14:39:30.236,407.3136376062884,98
2024-09-17 14:39:30.486,407.3229716878723,1002
2024-09-17 14:39:30.490,407.34221269545,997
2024-09-17 14:39:30.515,407.323009235514,996
2024-09-17 14:39:30.589,407.3189664280745,998
2024-09-17 14:39:30.660,407.32253062381005,1001
2024-09-17 14:39:30.743,407.3340490482909,101
2024-09-17 14:39:30.765,407.3517520984064,95
2024-09-17 14:39:30.875,407.31344332309607,97
2024-09-17 14:39:30.949,407.317286045177,100
2024-09-17 14:39:30.969,407.3242693960313,102
2024-09-17 14:39:31.112,407.3453175061011,7
2024-09-17 14:39:31.121,407.3139031207753,10
2024-09-17 14:39:31.348,407.324070029761,12
2024-09-17 14:39:32.058,407.35447239306376,11
2024-09-17 14:39:32.145,407.3292245017611,1002
2024-09-17 14:39:32.588,407.31789885909495,12
2024-09-17 14:39:32.671,407.3590795139079,999
2024-09-17 14:39:32.759,416.3247964049835,999
2024-09-17 14:39:33.016,407.306730427056,6
2024-09-17 14:39:33.072,407.2966721049688,97
2024-09-17 14:39:33.138,407.3077125996086,998
2024-09-17 14:39:33.175,407.2949414744468,6
2024-09-17 14:39:33.414,407.306901302928,1004
2024-09-17 14:39:33.529,407.3147707795848,100
2024-09-17 14:39:33.545,407.30624914507473,7
2024-09-17 14:39:33.550,407.2922897640369,5
2024-09-17 14:39:33.887,407.3035221860956,104
2024-09-17 14:39:34.001,407.2387512352352,8
2024-09-17 14:39:34.010,407.30738777200094,997
2024-09-17 14:39:34.015,407.2507332701381,11
2024-09-17 14:39:34.048,407.2547656961809,104
2024-09-17 14:39:34.067,407.2465198046632,96
2024-09-17 14:39:34.073,407.2936721328642,104
2024-09-17 14:39:34.080,407.284050840411,11
2024-09-17 14:39:34.099,,96
2024-09-17 14:39:34.205,407.2555888382743,103
2024-09-17 14:39:34.252,407.24069720072913,102
2024-09-17 14:39:34.301,407.28678312715584,100
2024-09-17 14:39:34.319,407.3045547681581,11
2024-09-17 14:39:34.326,407.3080342147815,96
2024-09-17 14:39:34.354,407.2881913804641,95
2024-09-17 14:39:34.466,407.3067858971086,999
2024-09-17 14:39:34.520,407.26578862943086,1000
2024-09-17 14:39:34.541,407.3125622709818,999
2024-09-17 14:39:34.560,407.2938030354521,5
2024-09-17 14:39:34.576,407.2602643450065,997
2024-09-17 14:39:34.580,407.2765972245799,103
2024-09-17 14:39:34.629,407.2464295646973,9
2024-09-17 14:39:34.644,407.2258957682292,102
2024-09-17 14:39:34.770,407.26933458519306,1000
2024-09-17 14:39:34.883,407.2961232576423,5
2024-09-17 14:39:34.945,407.2945249951028,98
2024-09-17 14:39:34.997,407.2641736071263,997
2024-09-17 14:39:35.606,407.2256344202533,13
2024-09-17 14:39:36.056,407.2190352918632,11
2024-09-17 14:39:36.057,407.195578757417,99
2024-09-17 14:39:36.101,407.2025662028199,1001
2024-09-17 14:39:36.151,407.2142992173794,95
2024-09-17 14:39:36.209,407.21647990448497,1003
2024-09-17 14:39:36.304,407.2179154143745,97
2024-09-17 14:39:36.350,407.2360858705477,7
2024-09-17 14:39:36.405,407.2130980793152,96
2024-09-17 14:39:36.432,407.2327516649621,6
2024-09-17 14:39:36.438,407.21615312118615,995
2024-09-17 14:39:36.524,407.17187993739526,100
2024-09-17 14:39:36.625,407.2085417710858,6
2024-09-17 14:39:36.653,407.24146608046505,101
2024-09-17 14:39:36.655,407.2170301144681,105
2024-09-17 14:39:36.664,407.1851393747122,96
2024-09-17 14:39:36.716,407.1813660356008,1003
2024-09-17 14:39:36.721,407.2103212004559,8
2024-09-17 14:39:36.788,407.2276217226098,1002
2024-09-17 14:39:36.900,407.2183378502472,1003
2024-09-17 14:39:36.972,407.2093237847645,1001
2024-09-17 14:39:36.995,407.216024549492,11
2024-09-17 14:39:37.233,407.200607581053,8
2024-09-17 14:39:38.081,407.1825482894809,7
2024-09-17 14:39:38.176,407.175866269306,98
2024-09-17 14:39:38.203,407.21832917129615,104
2024-09-17 14:39:38.262,407.1823714447091,13
2024-09-17 14:39:38.262,407.2045248097692,1002
2024-09-17 14:39:38.292,407.1793177113542,15
2024-09-17 14:39:38.320,407.2069356880007,995
2024-09-17 14:39:38.342,407.20386398792914,105
2024-09-17 14:39:38.354,407.17607936572495,97
2024-09-17 14:39:38.465,407.16540465511247,95
2024-09-17 14:39:38.491,407.1689122853271,95
2024-09-17 14:39:38.526,407.2090284221288,8
2024-09-17 14:39:38.555,407.1947594363736,98
2024-09-17 14:39:38.657,407.18177677871785,102
2024-09-17 14:39:38.697,407.1824234594101,10
2024-09-17 14:39:38.787,407.19036792835846,1000
2024-09-17 14:39:38.794,407.1838325974821,5
2024-09-17 14:39:38.857,407.1841226564488,1000
2024-09-17 14:39:38.928,407.197969415182,9
2024-09-17 14:39:39.026,407.18399324055775,13
2024-09-17 14:39:39.048,407.202938226577,13
2024-09-17 14:39:39.111,407.2112090267877,101
2024-09-17 14:39:39.188,407.1750832993403,9
2024-09-17 14:39:39.278,407.2197924351115,14
2024-09-17 14:39:39.503,407.1984278083078,1000
2024-09-17 14:39:39.506,407.2168774685487,1001
2024-09-17 14:39:39.506,407.21419721515167,997
2024-09-17 14:39:39.549,407.1908165022437,1000
2024-09-17 14:39:39.773,407.2011954639662,1002
2024-09-17 14:39:39.958,407.2129477454744,97
2024-09-17 14:39:40.101,407.1824709613469,6
2024-09-17 14:39:40.211,407.19486085312326,1005
2024-09-17 14:39:40.285,407.18673281193736,12
2024-09-17 14:39:40.376,407.2228377963868,1000
2024-09-17 14:39:40.386,407.19660797717455,104
2024-09-17 14:39:40.421,407.2188727705123,105
2024-09-17 14:39:40.479,407.19957304895627,103
2024-09-17 14:39:40.525,407.2056868099991,8
2024-09-17 14:39:40.574,407.1840337054407,100
2024-09-17 14:39:40.615,407.22911516562766,13
2024-09-17 14:39:40.655,407.1907328821224,11
2024-09-17 14:39:40.829,407.1966360848114,8
2024-09-17 14:39:40.912,407.1931826869022,9
2024-09-17 14:39:40.921,407.1834307300877,100
2024-09-17 14:39:41.119,40.71893153150657,1001
2024-09-17 14:39:41.320,407.2532455902616,1001
2024-09-17 14:39:41.376,407.247301553656,99
2024-09-17 14:39:41.446,407.2416338695736,1002
2024-09-17 14:39:41.446,407.2354992245659,5
2024-09-17 14:39:41.449,407.1865782096924,998
2024-09-17 14:39:41.558,407.195241438846,103
2024-09-17 14:39:41.562,407.2418562391126,14
2024-09-17 14:39:41.571,407.2215922457795,98
2024-09-17 14:39:41.576,407.2122894221668,999
2024-09-17 14:39:41.617,407.2139678680636,1000
2024-09-17 14:39:41.747,407.2066608076765,7
2024-09-17 14:39:41.812,407.1926014477321,96
2024-09-17 14:39:41.833,407.1803095748282,1001
2024-09-17 14:39:41.875,407.2373056607127,12
2024-09-17 14:39:41.906,407.2312026108883,999
2024-09-17 14:39:42.000,407.2185501194828,12
2024-09-17 14:39:42.294,407.23304996799743,103
2024-09-17 14:39:42.524,407.2094137763197,5
2024-09-17 14:39:43.072,407.3173256316196,996
2024-09-17 14:39:43.118,407.3210787189399,12
2024-09-17 14:39:43.223,407.2600506729205,99
2024-09-17 14:39:43.264,407.2426906998145,11
2024-09-17 14:39:43.342,407.3098321409472,100
2024-09-17 14:39:43.602,407.32741625895136,996
2024-09-17 14:39:43.631,407.261502645022,998
2024-09-17 14:39:43.670,407.315707005048,1003
2024-09-17 14:39:43.674,407.2517782026257,95
2024-09-17 14:39:43.683,407.28662034016025,96
2024-09-17 14:39:43.714,416.3516764053192,99
2024-09-17 14:39:43.739,407.26326336431487,999
2024-09-17 14:39:43.838,407.27686109833513,8
2024-09-17 14:39:43.940,407.2529134930716,6
2024-09-17 14:39:44.048,407.3033917697136,99
2024-09-17 14:39:44.086,416.124731527979,1001
2024-09-17 14:39:44.288,407.32321917549865,996
2024-09-17 14:39:44.580,40.73232552617263,6
2024-09-17 14:39:44.588,407.3171449764044,1002
2024-09-17 14:39:44.693,407.29471605313216,997
2024-09-17 14:39:44.774,407.3120587214489,95
2024-09-17 14:39:44.795,416.123365708772,996
2024-09-17 14:39:45.013,407.30552647704445,8
2024-09-17 14:39:45.043,407.3337382176388,998
2024-09-17 14:39:45.047,407.3058056490428,1002
2024-09-17 14:39:45.078,416.235150005558,105
2024-09-17 14:39:45.087,407.34204516798144,995
2024-09-17 14:39:45.141,407.2905484736914,105
2024-09-17 14:39:45.155,407.27173712086784,101
2024-09-17 14:39:45.210,407.32821001785896,13
2024-09-17 14:39:45.302,407.2730029155599,999
2024-09-17 14:39:45.431,407.31556865200497,996
2024-09-17 14:39:45.438,407.3081684992648,11
2024-09-17 14:39:45.442,407.33559822453697,101
2024-09-17 14:39:45.633,407.3340443233546,9
2024-09-17 14:39:45.645,407.3332881843732,1002
2024-09-17 14:39:45.789,407.301571923697,997
2024-09-17 14:39:46.020,407.3048099357564,1001
2024-09-17 14:39:46.043,407.30149586881,8
2024-09-17 14:39:46.105,407.3007497494928,997
2024-09-17 14:39:46.140,407.28518918664287,8
2024-09-17 14:39:46.152,407.2649505326686,10
2024-09-17 14:39:46.163,407.3133609751626,12
2024-09-17 14:39:46.207,407.26136813680665,5
2024-09-17 14:39:46.208,407.3093498185495,96
2024-09-17 14:39:46.233,407.2689745029435,103
2024-09-17 14:39:46.237,407.27359078226,98
2024-09-17 14:39:46.249,407.30080252317646,11
2024-09-17 14:39:46.291,407.2940214956532,995
2024-09-17 14:39:46.332,407.2821337024793,1001
2024-09-17 14:39:46.358,407.2878224085898,1003
2024-09-17 14:39:46.379,407.3055413667017,99
2024-09-17 14:39:46.388,407.2705892069794,1000
2024-09-17 14:39:46.395,40.73080608416724,1001
2024-09-17 14:39:46.402,407.316277717824,14
2024-09-17 14:39:46.446,407.31060344605777,95
2024-09-17 14:39:46.448,407.2774854170673,10
2024-09-17 14:39:46.502,407.2806431496842,96
2024-09-17 14:39:46.507,407.3210992162219,9
2024-09-17 14:39:46.601,407.3153246014817,101
2024-09-17 14:39:46.658,407.29362510575953,14
2024-09-17 14:39:46.671,416.2191304810659,995
2024-09-17 14:39:46.708,407.30263522711016,101
2024-09-17 14:39:46.799,407.2852472880567,1005
2024-09-17 14:39:46.817,407.2696822164829,100
2024-09-17 14:39:46.941,407.31819900284086,104
2024-09-17 14:39:46.983,407.27325265123625,100
2024-09-17 14:39:47.027,407.2685017234066,104
2024-09-17 14:39:47.044,407.2644766507904,6
2024-09-17 14:39:47.063,407.2750091268098,102
2024-09-17 14:39:47.071,407.2524798569645,95
2024-09-17 14:39:47.076,407.2617840342916,1002
2024-09-17 14:39:47.167,407.279505798637,15
2024-09-17 14:39:47.224,407.2572463618994,1000
2024-09-17 14:39:47.263,40.72549729298795,15
2024-09-17 14:39:47.419,407.2738313499791,1004
2024-09-17 14:39:47.469,407.24212959771575,996
2024-09-17 14:39:47.544,407.2731785694253,104
2024-09-17 14:39:47.573,407.270093035374,1001
2024-09-17 14:39:47.594,407.2764571400879,102
2024-09-17 14:39:47.703,407.26878793232873,96
2024-09-17 14:39:47.924,407.28936226758873,998
2024-09-17 14:39:48.390,407.2547732681009,7
2024-09-17 14:39:48.482,407.25231113236254,1000
2024-09-17 14:39:48.512,407.2232514964157,97
2024-09-17 14:39:48.533,407.23775798756486,1004
2024-09-17 14:39:48.591,407.24836144050784,7
2024-09-17 14:39:48.808,407.24813927528754,1003
2024-09-17 14:39:48.875,407.2241436031652,998
2024-09-17 14:39:49.177,407.2367299389561,104
2024-09-17 14:39:50.081,407.249313401846,100
2024-09-17 14:39:50.174,407.31701277482574,99
2024-09-17 14:39:50.203,407.24299363542775,997
2024-09-17 14:39:50.245,407.239880813824,104
2024-09-17 14:39:50.312,407.2347037590099,1005
2024-09-17 14:39:50.318,407.30508841623407,6
2024-09-17 14:39:50.331,407.2865754044002,104
2024-09-17 14:39:50.359,407.3442245506652,97
2024-09-17 14:39:50.420,407.3591010025296,997
2024-09-17 14:39:50.442,407.3060137684653,9
2024-09-17 14:39:50.476,407.31064872442585,95
2024-09-17 14:39:50.524,407.2716484954768,100
2024-09-17 14:39:50.549,407.3206085120384,995
2024-09-17 14:39:50.571,407.3407767621356,105
2024-09-17 14:39:50.644,407.2627704159709,99
2024-09-17 14:39:50.694,407.2651030948253,101
2024-09-17 14:39:50.966,407.2603079587783,995
2024-09-17 14:39:50.969,407.2677020843545,104
2024-09-17 14:39:52.029,407.32544875681504,102
2024-09-17 14:39:52.049,407.3824958039332,11
2024-09-17 14:39:52.078,407.3617470876189,105
2024-09-17 14:39:52.095,407.3905739172635,12
2024-09-17 14:39:52.098,407.3885058080856,998
2024-09-17 14:39:52.130,407.378740061076,98
2024-09-17 14:39:52.180,407.4207248225057,10
2024-09-17 14:39:52.184,407.3932202241242,13
2024-09-17 14:39:52.240,407.373916262922,96
2024-09-17 14:39:52.307,407.40401637999565,102
2024-09-17 14:39:52.334,407.3564515140915,1002
2024-09-17 14:39:52.388,407.3724613469473,10
2024-09-17 14:39:52.406,407.37284204451527,97
2024-09-17 14:39:52.460,407.34954734975946,96
2024-09-17 14:39:52.465,407.3978997392435,997
2024-09-17 14:39:52.481,407.3720717165099,96
2024-09-17 14:39:52.503,407.36444996530463,101
2024-09-17 14:39:52.558,407.35362814334735,104
2024-09-17 14:39:52.584,407.3851225993723,11
2024-09-17 14:39:52.706,407.3759739656319,997
2024-09-17 14:39:52.733,407.3773744044268,10
2024-09-17 14:39:52.823,407.35141621487776,998
2024-09-17 14:39:52.825,407.4013946700604,102
2024-09-17 14:39:52.834,407.3781352263003,101
2024-09-17 14:39:52.845,407.4258445954329,8
2024-09-17 14:39:52.898,407.3970160647952,5
2024-09-17 14:39:52.938,407.4034080205073,8
2024-09-17 14:39:52.973,407.3853541092542,996
2024-09-17 14:39:52.990,407.405699261242,103
2024-09-17 14:39:53.037,407.406213551617,104
2024-09-17 14:39:53.090,407.395466403267,1002
2024-09-17 14:39:53.096,407.37376433690974,998
2024-09-17 14:39:53.315,407.39319736414217,95
2024-09-17 14:39:53.359,407.3549051756073,102
2024-09-17 14:39:53.369,407.3684153286076,105
2024-09-17 14:39:53.389,407.3674799829322,95
2024-09-17 14:39:53.469,407.3607227073544,101
2024-09-17 14:39:53.555,407.3377817068357,13
2024-09-17 14:39:53.590,407.3885537413095,1003
2024-09-17 14:39:53.639,407.38340297512633,998
2024-09-17 14:39:53.671,407.3478086711622,14
2024-09-17 14:39:53.699,,1003
2024-09-17 14:39:53.702,407.3996872676806,99
2024-09-17 14:39:53.760,407.39958385270194,1001
2024-09-17 14:39:53.778,407.38169783934615,8
2024-09-17 14:39:53.819,407.40440624744025,998
2024-09-17 14:39:53.844,407.37690293579806,996
2024-09-17 14:39:53.867,407.3317270936012,11
2024-09-17 14:39:53.879,407.3625869371968,102
2024-09-17 14:39:53.927,407.39004474158384,5
2024-09-17 14:39:54.095,407.32676131957294,12
2024-09-17 14:39:54.182,407.3027595467902,1001
2024-09-17 14:39:54.312,407.3073770796908,1000
2024-09-17 14:39:55.000,407.34987510445785,996
2024-09-17 14:39:55.010,407.3581374965384,6
2024-09-17 14:39:55.057,407.3534650771342,7
2024-09-17 14:39:55.095,407.32761692930745,997
2024-09-17 14:39:55.107,407.3603575863697,8
2024-09-17 14:39:55.146,407.34179441765656,5
2024-09-17 14:39:55.153,407.3484878461727,6
2024-09-17 14:39:55.185,407.36570845433,96
2024-09-17 14:39:55.232,407.3212411309028,13
2024-09-17 14:39:55.272,407.33455443874885,997
2024-09-17 14:39:55.356,407.35639526962456,11
2024-09-17 14:39:55.366,407.3260940017335,1004
2024-09-17 14:39:55.419,407.3674881789877,999
2024-09-17 14:39:55.451,407.3292222568173,1002
2024-09-17 14:39:55.489,407.3743434178624,1003
2024-09-17 14:39:55.540,407.3544944861295,104
2024-09-17 14:39:55.604,,102
2024-09-17 14:39:55.676,407.32114142028473,999
2024-09-17 14:39:55.699,407.2930775424045,99
2024-09-17 14:39:55.704,407.3235460795912,10
2024-09-17 14:39:55.740,407.3381008154018,997
2024-09-17 14:39:55.852,407.3546423003199,96
2024-09-17 14:39:55.903,407.2905574690351,12
2024-09-17 14:39:55.912,407.3686266177796,8
2024-09-17 14:39:55.925,407.3326007165665,1001
2024-09-17 14:39:55.992,407.3379629050841,104
2024-09-17 14:39:56.061,407.28986048388754,103
2024-09-17 14:39:56.094,407.2719923662289,9
2024-09-17 14:39:56.152,407.317019123425,1003
2024-09-17 14:39:56.241,407.3607833590201,1000
2024-09-17 14:39:56.268,407.28861754498826,104
2024-09-17 14:39:56.281,407.2923621180207,1002
2024-09-17 14:39:56.299,407.28911965852194,97
2024-09-17 14:39:56.318,407.35092038044365,102
2024-09-17 14:39:56.341,407.2962557799469,8
2024-09-17 14:39:56.376,407.263862274078,999
2024-09-17 14:39:56.421,407.2948195566789,997
2024-09-17 14:39:56.444,407.30117126029023,103
2024-09-17 14:39:56.466,407.29858419222046,9
2024-09-17 14:39:56.474,407.2982176481548,15
2024-09-17 14:39:56.483,407.3539068663978,1005
2024-09-17 14:39:56.485,407.2588448543123,98
2024-09-17 14:39:56.598,40.73283606113389,13
2024-09-17 14:39:56.611,407.2958562650333,9
2024-09-17 14:39:56.677,407.3236167108423,1003
2024-09-17 14:39:56.733,407.30418811952177,5
2024-09-17 14:39:56.822,407.2784640123463,9
2024-09-17 14:39:56.865,407.31817492536754,15
2024-09-17 14:39:56.895,407.27709449256514,97
2024-09-17 14:39:56.955,407.2824623956293,13
2024-09-17 14:39:56.984,407.2859842121893,104
2024-09-17 14:39:57.045,407.279834197293,5
2024-09-17 14:39:57.087,407.2648633496625,99
2024-09-17 14:39:57.096,407.2763355741011,13
2024-09-17 14:39:57.109,407.2507959520416,998
2024-09-17 14:39:57.168,407.28115320287066,8
2024-09-17 14:39:57.200,407.2601318570086,15
2024-09-17 14:39:57.225,407.2411646776701,996
2024-09-17 14:39:57.269,407.2350945573456,7
2024-09-17 14:39:57.280,407.246991990297,1002
2024-09-17 14:39:57.303,407.277226432724,100
2024-09-17 14:39:57.375,407.2706947950602,101
2024-09-17 14:39:57.404,407.2737469133697,5
2024-09-17 14:39:57.412,407.2815292243027,1000
2024-09-17 14:39:57.471,407.2718275371016,6
2024-09-17 14:39:57.577,407.2852175150016,96
2024-09-17 14:39:57.651,407.2626786616644,98
2024-09-17 14:39:57.656,407.271569654347,10
2024-09-17 14:39:57.673,407.291236359168,96
2024-09-17 14:39:57.685,407.2728162234695,1000
2024-09-17 14:39:57.779,407.2835857541799,1001
2024-09-17 14:39:57.789,407.27575287061535,1003
2024-09-17 14:39:57.891,407.2736857280372,104
2024-09-17 14:39:57.912,407.2635446890087,995
2024-09-17 14:39:58.026,407.27327863301656,5
2024-09-17 14:39:58.138,407.2613993815756,10
2024-09-17 14:39:58.166,407.2732598416464,1003
2024-09-17 14:39:58.184,407.2661865406711,6
2024-09-17 14:39:58.208,407.2453254391999,1003
2024-09-17 14:39:58.228,407.27027262007766,12
2024-09-17 14:39:58.288,407.2753265818936,15
2024-09-17 14:39:58.288,407.2879469965906,997
2024-09-17 14:39:58.319,407.2614409207813,103
2024-09-17 14:39:58.331,407.3035717503582,1002
2024-09-17 14:39:58.403,407.313563509471,9
2024-09-17 14:39:58.417,407.28593105280834,103
2024-09-17 14:39:58.449,415.9386443121102,999
2024-09-17 14:39:58.551,415.9494917993789,9
2024-09-17 14:39:58.602,407.27043736946496,95
2024-09-17 14:39:58.607,407.25740981298577,105
2024-09-17 14:39:58.633,407.3013931741101,8
2024-09-17 14:39:58.651,407.2557368706245,995
2024-09-17 14:39:58.841,407.2651896647932,1000
2024-09-17 14:39:58.924,407.29103238110224,97
2024-09-17 14:39:58.947,407.2990304221207,1003
2024-09-17 14:39:58.953,407.2916462526629,996
2024-09-17 14:39:59.046,407.22132518981647,105
2024-09-17 14:39:59.068,407.2537479740242,102
2024-09-17 14:39:59.106,407.2497930234241,1004
2024-09-17 14:39:59.107,407.2287853965352,1004
2024-09-17 14:39:59.250,407.2437671772392,1002
2024-09-17 14:39:59.435,407.2488331729253,10
2024-09-17 14:39:59.467,407.241631306762,103
2024-09-17 14:39:59.468,407.1898892142991,999
2024-09-17 14:39:59.471,407.2379765195501,98
2024-09-17 14:39:59.490,407.2093772935288,998
2024-09-17 14:39:59.571,407.2355842492461,103
2024-09-17 14:39:59.608,407.2618613976504,999
2024-09-17 14:39:59.657,407.24691067235295,103
2024-09-17 14:39:59.689,407.194404918224,8
2024-09-17 14:39:59.783,407.25475357342793,1004
2024-09-17 14:39:59.837,407.2119079413704,101
2024-09-17 14:39:59.852,407.2678114813037,13
2024-09-17 14:39:59.857,407.2525319842191,6
2024-09-17 14:39:59.896,407.236372411432,102
2024-09-17 14:39:59.898,407.281129177836,100
2024-09-17 14:39:59.932,407.2671479858069,11
2024-09-17 14:39:59.981,407.2275140088654,1002
2024-09-17 14:39:59.985,407.2452485466351,14
2024-09-17 14:39:59.993,407.2692220794248,99
