Timestamp,Price,Size
2024-09-17 15:25:00.006,407.7815622766683,1003
2024-09-17 15:25:00.099,407.7808702562846,15
2024-09-17 15:25:00.283,407.7641761778557,96
2024-09-17 15:25:00.286,407.7781957995346,9
2024-09-17 15:25:00.315,407.7792994565704,11
2024-09-17 15:25:00.505,407.7756735473098,1005
2024-09-17 15:25:00.561,407.7970541174555,998
2024-09-17 15:25:00.581,407.7732907058236,101
2024-09-17 15:25:00.596,407.7824901566493,96
2024-09-17 15:25:00.609,407.7790365818171,1003
2024-09-17 15:25:00.615,407.7763354770533,96
2024-09-17 15:25:00.626,407.78123530612913,97
2024-09-17 15:25:00.666,407.7741280447891,996
2024-09-17 15:25:00.763,407.7832734600702,10
2024-09-17 15:25:00.771,,105
2024-09-17 15:25:00.776,407.7923848330717,996
2024-09-17 15:25:00.821,407.7828757426683,102
2024-09-17 15:25:00.863,407.7801501378905,10
2024-09-17 15:25:00.960,407.7867335033009,98
2024-09-17 15:25:01.602,407.78890588438566,102
2024-09-17 15:25:01.904,407.789137447198,100
2024-09-17 15:25:02.007,407.7322293382561,1003
2024-09-17 15:25:02.020,407.6771639054932,12
2024-09-17 15:25:02.078,407.7325866741993,1004
2024-09-17 15:25:02.116,407.6962263124898,9
2024-09-17 15:25:02.151,407.7038493553003,996
2024-09-17 15:25:02.162,407.7202092966116,998
2024-09-17 15:25:02.210,407.6915920248372,5
2024-09-17 15:25:02.257,407.6973371049934,8
2024-09-17 15:25:02.267,407.759614670446,101
2024-09-17 15:25:02.348,407.7371405254085,12
2024-09-17 15:25:02.348,407.7069800829677,95
2024-09-17 15:25:02.441,407.71496544664114,5
2024-09-17 15:25:02.453,407.7278968509005,100
2024-09-17 15:25:02.539,407.73552418324806,6
2024-09-17 15:25:02.579,407.7360148081479,97
2024-09-17 15:25:02.588,407.7052569143668,100
2024-09-17 15:25:02.602,407.7182045591013,999
2024-09-17 15:25:02.605,407.7130343759808,98
2024-09-17 15:25:02.612,407.7070281363745,15
2024-09-17 15:25:02.618,407.72131327051386,5
2024-09-17 15:25:02.720,407.6991086148059,98
2024-09-17 15:25:02.724,407.6900693066564,995
2024-09-17 15:25:02.728,407.7429329287912,1003
2024-09-17 15:25:02.740,407.7645820917441,8
2024-09-17 15:25:02.873,407.7040400555805,13
2024-09-17 15:25:02.926,407.7325171550496,14
2024-09-17 15:25:03.072,407.6833142870356,1000
2024-09-17 15:25:03.244,407.6824194565036,105
2024-09-17 15:25:03.289,407.66664364607794,1004
2024-09-17 15:25:03.308,407.6980391192053,10
2024-09-17 15:25:03.347,407.6910212656713,8
2024-09-17 15:25:03.398,407.68106311295753,99
2024-09-17 15:25:03.424,407.7081233571038,104
2024-09-17 15:25:03.905,407.6974452928816,1001
2024-09-17 15:25:04.298,407.7150788379586,998
2024-09-17 15:25:04.333,407.7191655577058,105
2024-09-17 15:25:04.488,407.6998131554598,1002
2024-09-17 15:25:04.614,407.7177726495237,1004
2024-09-17 15:25:04.707,407.71183634505405,998
2024-09-17 15:25:04.770,407.70316335733855,12
2024-09-17 15:25:04.844,407.7134861179841,9
2024-09-17 15:25:05.138,407.7385101681176,98
2024-09-17 15:25:05.157,407.7388498513828,96
2024-09-17 15:25:05.165,407.72706881904617,101
2024-09-17 15:25:05.268,407.7132746364057,98
2024-09-17 15:25:05.316,407.7391487392173,12
2024-09-17 15:25:05.354,407.7149206037847,105
2024-09-17 15:25:05.357,407.7550555654204,999
2024-09-17 15:25:05.921,407.7435523552064,7
2024-09-17 15:25:05.954,414.6442036102324,1005
2024-09-17 15:25:05.969,407.7364710691921,95
2024-09-17 15:25:06.004,407.82441687154113,103
2024-09-17 15:25:06.074,407.7694329803796,7
2024-09-17 15:25:06.114,407.82901256497206,7
2024-09-17 15:25:06.116,407.84073884454,97
2024-09-17 15:25:06.233,407.8407020972736,104
2024-09-17 15:25:06.237,407.8768035471815,95
2024-09-17 15:25:06.257,407.8789920138347,996
2024-09-17 15:25:06.320,407.8511832669568,13
2024-09-17 15:25:06.372,407.8795585005422,15
2024-09-17 15:25:06.396,407.7591796655303,101
2024-09-17 15:25:06.419,407.78311490537743,997
2024-09-17 15:25:06.572,407.834596328888,95
2024-09-17 15:25:06.583,407.7692120022424,97
2024-09-17 15:25:06.630,407.85268752986775,1003
2024-09-17 15:25:06.653,407.8017270636904,95
2024-09-17 15:25:06.655,407.7827454063206,96
2024-09-17 15:25:06.665,407.87604628611297,9
2024-09-17 15:25:06.744,407.8636148645493,15
2024-09-17 15:25:06.754,407.7993974234991,1003
2024-09-17 15:25:06.771,407.81408388602495,102
2024-09-17 15:25:06.782,407.8071814357459,998
2024-09-17 15:25:06.866,407.79977441787815,7
2024-09-17 15:25:06.872,407.83772671565646,13
2024-09-17 15:25:06.922,-407.8741647960175,105
2024-09-17 15:25:06.947,407.8394331367176,15
2024-09-17 15:25:06.952,407.8525387144364,6
2024-09-17 15:25:06.986,407.8499862342268,1005
2024-09-17 15:25:06.996,414.6637183853321,14
2024-09-17 15:25:07.019,407.8161706643278,10
2024-09-17 15:25:07.059,407.8674182257296,1002
2024-09-17 15:25:07.075,407.85118649153645,5
2024-09-17 15:25:07.157,-407.82429929268966,5
2024-09-17 15:25:07.265,407.8629796961448,105
2024-09-17 15:25:07.297,407.8826393236688,1005
2024-09-17 15:25:07.377,407.8482755715661,97
2024-09-17 15:25:07.525,407.8083929198657,998
2024-09-17 15:25:07.723,407.8138681630149,103
2024-09-17 15:25:07.769,407.8061024224454,996
2024-09-17 15:25:07.968,407.8701285272947,998
2024-09-17 15:25:07.969,407.8528544059629,1001
2024-09-17 15:25:08.017,407.85793985241,998
2024-09-17 15:25:08.028,407.8117700116488,996
2024-09-17 15:25:08.034,407.8336113500384,1003
2024-09-17 15:25:08.139,407.811807959865,9
2024-09-17 15:25:08.242,407.8257149696698,104
2024-09-17 15:25:08.254,407.8221021994499,997
2024-09-17 15:25:08.365,407.8398365576209,1004
2024-09-17 15:25:08.490,407.80954343391176,100
2024-09-17 15:25:08.519,407.8252351315479,1002
2024-09-17 15:25:08.567,407.8059023482903,98
2024-09-17 15:25:08.569,407.845611753852,14
2024-09-17 15:25:08.575,407.8262763841191,8
2024-09-17 15:25:08.608,407.8141899794912,1005
2024-09-17 15:25:08.654,407.826379152507,998
2024-09-17 15:25:08.696,407.8429114269453,95
2024-09-17 15:25:08.800,407.83751517301926,997
2024-09-17 15:25:08.839,407.8200870170459,98
2024-09-17 15:25:09.058,407.8350235019397,105
2024-09-17 15:25:09.164,407.8257083819092,6
2024-09-17 15:25:09.165,407.82467259850335,12
2024-09-17 15:25:09.323,414.62025091344617,15
2024-09-17 15:25:09.401,407.8213522540872,99
2024-09-17 15:25:09.451,407.8252052977315,8
2024-09-17 15:25:09.690,407.8066478517337,10
2024-09-17 15:25:09.701,407.8252980041359,98
2024-09-17 15:25:09.712,407.8355254966439,98
2024-09-17 15:25:09.717,407.8319503122097,7
2024-09-17 15:25:09.760,407.8190108869707,9
2024-09-17 15:25:09.800,407.8035514399873,998
2024-09-17 15:25:09.932,407.8465583638768,1004
2024-09-17 15:25:10.009,407.85265524570207,9
2024-09-17 15:25:10.093,407.88131918147633,997
2024-09-17 15:25:10.103,407.8858391243954,10
2024-09-17 15:25:10.129,407.893303306089,103
2024-09-17 15:25:10.141,407.8569814529368,1005
2024-09-17 15:25:10.285,-414.65823199016137,99
2024-09-17 15:25:10.435,407.9178895117244,998
2024-09-17 15:25:10.543,407.8551615346583,100
2024-09-17 15:25:10.606,407.8734929936011,15
2024-09-17 15:25:10.780,407.8492045686469,105
2024-09-17 15:25:10.864,407.8689185848176,101
2024-09-17 15:25:10.871,414.6528499640023,9
2024-09-17 15:25:10.997,407.85617662853696,998
2024-09-17 15:25:10.997,407.8714258362028,100
2024-09-17 15:25:11.101,407.906313379183,11
2024-09-17 15:25:11.226,407.9234497799128,1005
2024-09-17 15:25:11.291,407.9051810502108,15
2024-09-17 15:25:11.323,407.8889095757036,99
2024-09-17 15:25:11.331,407.8550263434529,15
2024-09-17 15:25:11.336,407.8853113161927,10
2024-09-17 15:25:11.481,407.8618207064027,105
2024-09-17 15:25:11.617,407.89208539574594,13
2024-09-17 15:25:11.720,407.8781599659019,15
2024-09-17 15:25:11.740,407.858156512745,14
2024-09-17 15:25:11.888,407.87765990481137,13
2024-09-17 15:25:11.935,,6
2024-09-17 15:25:11.951,407.8730186539718,95
2024-09-17 15:25:11.994,407.8421324444849,995
2024-09-17 15:25:12.180,407.8800695029333,12
2024-09-17 15:25:12.241,407.8990383708212,9
2024-09-17 15:25:12.305,407.86941731936855,101
2024-09-17 15:25:12.347,407.9261982461616,1004
2024-09-17 15:25:12.409,407.8730233949624,100
2024-09-17 15:25:12.596,407.9403341803327,7
2024-09-17 15:25:12.598,407.891263559642,5
2024-09-17 15:25:12.629,407.8731595620876,97
2024-09-17 15:25:12.674,,96
2024-09-17 15:25:12.839,407.91003938312656,1001
2024-09-17 15:25:12.902,407.9503282580473,14
2024-09-17 15:25:12.912,407.9467846845785,1003
2024-09-17 15:25:13.007,407.97806412280056,103
2024-09-17 15:25:13.007,408.0142385868803,995
2024-09-17 15:25:13.033,,14
2024-09-17 15:25:13.041,408.01151583710345,8
2024-09-17 15:25:13.069,407.9995779525328,8
2024-09-17 15:25:13.131,408.0321464301712,15
2024-09-17 15:25:13.156,408.0233281753033,99
2024-09-17 15:25:13.163,408.0183301061009,998
2024-09-17 15:25:13.231,407.9968462037894,996
2024-09-17 15:25:13.273,407.9843218828497,13
2024-09-17 15:25:13.315,408.009664139614,103
2024-09-17 15:25:13.334,408.0149741431598,9
2024-09-17 15:25:13.506,408.0081227150449,6
2024-09-17 15:25:13.507,408.0321833774254,998
2024-09-17 15:25:13.523,407.9545552765914,998
2024-09-17 15:25:13.565,407.9803556132567,102
2024-09-17 15:25:13.585,407.9787375503369,995
2024-09-17 15:25:13.592,407.9988103040721,12
2024-09-17 15:25:13.595,408.0357444780077,996
2024-09-17 15:25:13.625,407.99172673704953,8
2024-09-17 15:25:13.639,408.0350340338272,7
2024-09-17 15:25:13.701,408.0317222243268,996
2024-09-17 15:25:13.751,408.0331798497209,995
2024-09-17 15:25:13.760,407.99183374184014,100
2024-09-17 15:25:13.802,407.92784934202575,102
2024-09-17 15:25:13.848,408.0025096626222,8
2024-09-17 15:25:13.932,408.0075887955245,1005
2024-09-17 15:25:13.945,408.0328682949669,96
2024-09-17 15:25:13.971,407.99038435044906,103
2024-09-17 15:25:14.062,408.094955401161,12
2024-09-17 15:25:14.131,408.0903344138736,5
2024-09-17 15:25:14.147,408.1085804183259,1000
2024-09-17 15:25:14.188,408.062643311224,101
2024-09-17 15:25:14.229,408.070820238996,996
2024-09-17 15:25:14.274,408.0423601613567,5
2024-09-17 15:25:14.337,408.0840492474948,10
2024-09-17 15:25:14.378,408.0053980629473,11
2024-09-17 15:25:14.457,408.0333502613518,101
2024-09-17 15:25:14.475,408.02963146103474,14
2024-09-17 15:25:14.533,408.0760886965164,105
2024-09-17 15:25:14.536,408.06803622479737,9
2024-09-17 15:25:14.561,408.0920833961707,997
2024-09-17 15:25:14.708,408.0776827679319,95
2024-09-17 15:25:14.743,408.09100506458816,12
2024-09-17 15:25:15.149,407.98418110501416,100
2024-09-17 15:25:15.527,407.9596191470906,14
2024-09-17 15:25:15.653,407.9663334036711,97
2024-09-17 15:25:15.677,407.9957535910661,103
2024-09-17 15:25:15.836,407.9741541495399,105
2024-09-17 15:25:15.884,407.9768469816239,100
2024-09-17 15:25:15.974,407.96203499202016,998
2024-09-17 15:25:16.022,408.0016034035769,103
2024-09-17 15:25:16.064,408.0024457594904,1000
2024-09-17 15:25:16.084,407.98766116206,8
2024-09-17 15:25:16.089,407.9983706257213,105
2024-09-17 15:25:16.090,407.9770093359795,1000
2024-09-17 15:25:16.123,407.98532289511854,96
2024-09-17 15:25:16.126,407.9836834137372,101
2024-09-17 15:25:16.167,408.01479047870646,12
2024-09-17 15:25:16.191,407.9920055446997,103
2024-09-17 15:25:16.192,407.98678425790615,98
2024-09-17 15:25:16.193,407.98548976229154,7
2024-09-17 15:25:16.225,407.9892765448235,13
2024-09-17 15:25:16.232,407.9927667632168,997
2024-09-17 15:25:16.283,407.9959991529873,97
2024-09-17 15:25:16.320,408.00642703793886,98
2024-09-17 15:25:16.339,407.9796060233678,99
2024-09-17 15:25:16.348,407.9977703783752,101
2024-09-17 15:25:16.481,408.0098116494199,102
2024-09-17 15:25:16.505,407.97883555806345,5
2024-09-17 15:25:16.508,407.99181013638736,5
2024-09-17 15:25:16.510,408.0018673709212,8
2024-09-17 15:25:16.594,407.9902390637348,8
2024-09-17 15:25:16.663,407.9994986151946,10
2024-09-17 15:25:16.693,408.00441391203486,1004
2024-09-17 15:25:16.918,407.9942212849345,99
2024-09-17 15:25:16.959,407.9938581515865,100
2024-09-17 15:25:17.017,407.9589455284243,996
2024-09-17 15:25:17.091,407.9456557403996,10
2024-09-17 15:25:17.185,408.01161670344857,1003
2024-09-17 15:25:17.210,408.00153580830977,96
2024-09-17 15:25:17.294,407.9307028988921,13
2024-09-17 15:25:17.301,408.0080164509845,1004
2024-09-17 15:25:17.352,407.985105831685,1003
2024-09-17 15:25:17.365,407.9699877204816,997
2024-09-17 15:25:17.454,407.9749675673922,98
2024-09-17 15:25:17.468,407.953804481396,103
2024-09-17 15:25:17.469,407.9833135222459,98
2024-09-17 15:25:17.503,407.9792061528155,997
2024-09-17 15:25:17.506,407.9445328851228,14
2024-09-17 15:25:17.515,408.0078793772568,99
2024-09-17 15:25:17.548,408.00223876277886,998
2024-09-17 15:25:17.549,407.9580938777527,14
2024-09-17 15:25:17.605,407.9972072820972,1002
2024-09-17 15:25:17.605,407.95417251774205,7
2024-09-17 15:25:17.607,414.6453857709591,1004
2024-09-17 15:25:17.734,-407.9584616920072,14
2024-09-17 15:25:17.854,408.0050084327707,99
2024-09-17 15:25:17.865,408.0128324534852,1000
2024-09-17 15:25:17.874,407.9954480228031,97
2024-09-17 15:25:17.875,40.80028676896606,7
2024-09-17 15:25:17.901,407.9986730351399,13
2024-09-17 15:25:17.951,408.0253862765597,12
2024-09-17 15:25:17.959,408.0098063063471,6
2024-09-17 15:25:18.010,407.8972744817177,1003
2024-09-17 15:25:18.061,407.9224727982016,1000
2024-09-17 15:25:18.129,407.92633717659487,7
2024-09-17 15:25:18.244,-407.88728312391646,1001
2024-09-17 15:25:18.245,407.9235015799496,996
2024-09-17 15:25:18.318,407.89276666568014,995
2024-09-17 15:25:18.369,407.8934235765832,96
2024-09-17 15:25:18.373,407.8874938272992,98
2024-09-17 15:25:18.381,407.9274933927863,1003
2024-09-17 15:25:18.403,407.9175163020497,8
2024-09-17 15:25:18.438,407.9190137775155,15
2024-09-17 15:25:18.526,407.9115220583004,995
2024-09-17 15:25:18.575,407.9214839636357,7
2024-09-17 15:25:18.608,407.9084628073625,1005
2024-09-17 15:25:18.679,407.9234671714685,97
2024-09-17 15:25:18.690,407.895942434952,6
2024-09-17 15:25:18.786,407.8937560263087,1001
2024-09-17 15:25:18.798,407.89885315117175,997
2024-09-17 15:25:19.023,407.89882858003006,104
2024-09-17 15:25:19.071,-407.8980808715896,1004
2024-09-17 15:25:19.096,407.9036640717064,10
2024-09-17 15:25:19.146,407.9163731441913,95
2024-09-17 15:25:19.217,40.791515999532834,10
2024-09-17 15:25:19.329,407.9076327619466,105
2024-09-17 15:25:19.574,407.8690934460855,98
2024-09-17 15:25:19.668,407.9048346323447,1004
2024-09-17 15:25:19.887,407.8821039131293,6
2024-09-17 15:25:20.036,407.9223847036926,97
2024-09-17 15:25:20.246,407.9205607565123,12
2024-09-17 15:25:20.252,407.91960300789833,9
2024-09-17 15:25:20.537,40.79035812529353,1000
2024-09-17 15:25:20.724,407.9399401666578,97
2024-09-17 15:25:20.747,407.93077731907175,14
2024-09-17 15:25:20.823,407.9052576733695,98
2024-09-17 15:25:20.893,407.9272827776902,1002
2024-09-17 15:25:20.903,407.9292679049222,101
2024-09-17 15:25:20.931,407.9433111469922,9
2024-09-17 15:25:20.969,407.9321462685039,6
2024-09-17 15:25:21.214,407.9147656068826,9
2024-09-17 15:25:21.317,407.93273620261976,1004
2024-09-17 15:25:21.394,414.5037410609603,99
2024-09-17 15:25:21.400,407.9029325103254,1002
2024-09-17 15:25:21.479,407.9255802710624,95
2024-09-17 15:25:21.494,407.92230806031694,102
2024-09-17 15:25:21.499,407.9360951959695,100
2024-09-17 15:25:21.628,407.9221005506,1005
2024-09-17 15:25:21.639,407.9207049580309,101
2024-09-17 15:25:21.692,407.9330902659626,995
2024-09-17 15:25:21.731,407.9330523513468,8
2024-09-17 15:25:21.790,407.9338929925417,15
2024-09-17 15:25:21.901,407.9037099502447,1005
2024-09-17 15:25:22.202,407.97226343872575,1003
2024-09-17 15:25:22.396,407.937572027037,7
2024-09-17 15:25:22.399,407.9397074577463,105
2024-09-17 15:25:22.516,407.962515167862,10
2024-09-17 15:25:22.921,407.9511119229061,105
2024-09-17 15:25:23.039,408.05325746114255,101
2024-09-17 15:25:23.086,408.0962354817216,96
2024-09-17 15:25:23.175,408.0368316413917,101
2024-09-17 15:25:23.254,407.9826002144336,1000
2024-09-17 15:25:23.273,408.07060622941344,1003
2024-09-17 15:25:23.294,408.1055033024704,997
2024-09-17 15:25:23.349,407.97187533413705,7
2024-09-17 15:25:23.393,408.0698937367239,997
2024-09-17 15:25:23.434,407.9825563184387,1001
2024-09-17 15:25:23.457,407.9862848503147,5
2024-09-17 15:25:23.466,408.10893406519705,7
2024-09-17 15:25:23.515,408.0968356729524,104
2024-09-17 15:25:23.617,408.0679364236789,11
2024-09-17 15:25:23.690,408.0972313987082,1000
2024-09-17 15:25:23.724,408.0819516530792,102
2024-09-17 15:25:23.766,408.0147749229421,12
2024-09-17 15:25:23.794,407.9814463086816,97
2024-09-17 15:25:23.882,408.049157130034,1003
2024-09-17 15:25:23.895,408.0710110886666,10
2024-09-17 15:25:23.917,407.9822927229213,12
2024-09-17 15:25:24.022,408.0776987023767,999
2024-09-17 15:25:24.029,408.0606970645161,1005
2024-09-17 15:25:24.070,408.0778182079352,100
2024-09-17 15:25:24.220,408.06624097039867,7
2024-09-17 15:25:24.237,408.0336437720967,1001
2024-09-17 15:25:24.304,408.0534188797717,99
2024-09-17 15:25:24.322,408.0262440624057,9
2024-09-17 15:25:24.382,408.0590669785233,996
2024-09-17 15:25:24.490,408.0687001052795,8
2024-09-17 15:25:24.540,408.0817729117549,995
2024-09-17 15:25:24.550,,996
2024-09-17 15:25:24.620,408.0595604334405,10
2024-09-17 15:25:24.640,408.0282026196258,96
2024-09-17 15:25:24.675,408.07640663055776,11
2024-09-17 15:25:24.733,408.0771195289524,15
2024-09-17 15:25:24.756,408.0398015065915,11
2024-09-17 15:25:24.765,408.0714019959286,995
2024-09-17 15:25:24.853,408.0758735140235,5
2024-09-17 15:25:24.894,408.06912148332754,12
2024-09-17 15:25:24.943,408.0809903741517,997
2024-09-17 15:25:24.945,408.0779257523759,105
2024-09-17 15:25:24.984,408.0691657294656,1001
2024-09-17 15:25:24.997,408.0746617958801,995
2024-09-17 15:25:25.046,414.49207983500986,995
2024-09-17 15:25:25.242,408.01860182482375,96
2024-09-17 15:25:25.440,407.97472040634,1000
2024-09-17 15:25:25.534,408.0052967355962,15
2024-09-17 15:25:25.683,408.04331196377166,995
2024-09-17 15:25:25.799,408.0016423341253,997
2024-09-17 15:25:25.905,408.0518230007193,1000
2024-09-17 15:25:25.943,408.0141854635866,101
2024-09-17 15:25:25.983,408.0186408216374,1005
2024-09-17 15:25:26.008,407.9671704538072,1000
2024-09-17 15:25:26.036,408.0106490269875,1003
2024-09-17 15:25:26.072,408.0514138134293,1003
2024-09-17 15:25:26.076,408.0402125811579,1000
2024-09-17 15:25:26.081,407.98598470273146,13
2024-09-17 15:25:26.103,408.0441031187491,103
2024-09-17 15:25:26.159,407.9975039579113,1001
2024-09-17 15:25:26.166,407.9756070839091,1000
2024-09-17 15:25:26.234,407.9702326120148,99
2024-09-17 15:25:26.239,407.9935067417185,8
2024-09-17 15:25:26.269,408.034135142392,5
2024-09-17 15:25:26.272,407.96675298209766,1004
2024-09-17 15:25:26.299,408.0021683585514,97
2024-09-17 15:25:26.401,408.0042370514518,95
2024-09-17 15:25:26.537,408.02964304255113,100
2024-09-17 15:25:26.583,408.0179759649386,995
2024-09-17 15:25:26.584,408.0233484503572,11
2024-09-17 15:25:26.601,407.9750833008667,11
2024-09-17 15:25:26.646,407.9761379010201,11
2024-09-17 15:25:26.670,407.9749071783155,995
2024-09-17 15:25:26.813,407.9733482552516,999
2024-09-17 15:25:26.852,407.9862374050945,9
2024-09-17 15:25:26.854,408.0088323811701,998
2024-09-17 15:25:26.885,407.9860056813093,102
2024-09-17 15:25:26.921,408.04420386864666,11
2024-09-17 15:25:26.971,408.03678798718346,998
2024-09-17 15:25:27.300,407.94922263096527,100
2024-09-17 15:25:27.327,407.9638864043191,999
2024-09-17 15:25:27.481,407.9739178284048,1004
2024-09-17 15:25:27.675,407.978842125764,10
2024-09-17 15:25:27.852,407.9566447831906,96
2024-09-17 15:25:27.952,407.97073142803686,1000
2024-09-17 15:25:28.039,407.9534227543364,5
2024-09-17 15:25:28.046,407.9657735979304,1002
2024-09-17 15:25:28.155,407.96134927503886,104
2024-09-17 15:25:28.185,407.94454571901247,9
2024-09-17 15:25:28.419,40.79587085488618,1001
2024-09-17 15:25:29.016,407.9487886617488,104
2024-09-17 15:25:29.088,407.9490562091452,9
2024-09-17 15:25:29.097,407.9443193457928,14
2024-09-17 15:25:29.111,407.9583336062663,1002
2024-09-17 15:25:29.183,407.990308515593,99
2024-09-17 15:25:29.237,407.9605557503902,103
2024-09-17 15:25:29.315,407.9505767001872,1005
2024-09-17 15:25:29.365,407.94775076440254,6
2024-09-17 15:25:29.435,407.9471272055385,6
2024-09-17 15:25:29.446,407.9686734400125,999
2024-09-17 15:25:29.486,407.958493977261,7
2024-09-17 15:25:29.652,407.94778303818754,14
2024-09-17 15:25:29.652,,99
2024-09-17 15:25:29.660,407.9577543964308,100
2024-09-17 15:25:29.680,407.99150295912096,996
2024-09-17 15:25:29.768,407.9385183248775,105
2024-09-17 15:25:29.886,407.9716480680431,1004
2024-09-17 15:25:29.900,407.94960064588224,102
2024-09-17 15:25:29.910,407.9930115761642,105
2024-09-17 15:25:29.919,407.9289294512173,8
2024-09-17 15:25:29.965,407.994063215452,102
2024-09-17 15:25:31.031,407.9438605384775,1001
2024-09-17 15:25:31.046,407.9312644376265,96
2024-09-17 15:25:31.068,407.95914142701287,96
2024-09-17 15:25:31.089,407.9561324358038,104
2024-09-17 15:25:31.191,407.899008198265,99
2024-09-17 15:25:31.255,407.915395920677,996
2024-09-17 15:25:31.298,407.94544825403983,1002
2024-09-17 15:25:31.366,407.9398345763576,102
2024-09-17 15:25:31.406,407.92538902798617,6
2024-09-17 15:25:31.408,407.9456118775868,6
2024-09-17 15:25:31.423,407.9197519818656,101
2024-09-17 15:25:31.456,40.79504019405013,12
2024-09-17 15:25:31.471,407.9288485786439,95
2024-09-17 15:25:31.490,407.9182499764984,105
2024-09-17 15:25:31.593,407.90861743735655,9
2024-09-17 15:25:31.731,407.9569210851733,96
2024-09-17 15:25:31.767,407.9430474091466,1000
2024-09-17 15:25:31.902,407.9556048573268,5
2024-09-17 15:25:31.948,407.9542210077892,996
2024-09-17 15:25:31.959,407.9108726190356,997
2024-09-17 15:25:32.024,407.9169448841596,7
2024-09-17 15:25:32.038,407.93896554915375,15
2024-09-17 15:25:32.126,40.79523224259195,1005
2024-09-17 15:25:32.141,407.9364297457786,10
2024-09-17 15:25:32.173,407.9023854364264,14
2024-09-17 15:25:32.186,407.9432707997687,99
2024-09-17 15:25:32.286,407.9682506690432,5
2024-09-17 15:25:32.376,407.98863235388,1005
2024-09-17 15:25:32.745,407.89116889201705,1003
2024-09-17 15:25:32.774,407.9778207836697,1000
2024-09-17 15:25:32.853,407.9780330764231,13
2024-09-17 15:25:32.961,407.9716843994698,995
2024-09-17 15:25:32.970,407.9052445389956,95
2024-09-17 15:25:33.006,407.9736000585401,8
2024-09-17 15:25:33.022,408.0756491279995,105
2024-09-17 15:25:33.038,408.01021687507233,97
2024-09-17 15:25:33.049,408.01266715992335,1004
2024-09-17 15:25:33.049,407.9954073632606,6
2024-09-17 15:25:33.110,407.99910062842537,995
2024-09-17 15:25:33.113,408.0015452359381,11
2024-09-17 15:25:33.141,407.96148825396,100
2024-09-17 15:25:33.271,407.9987806879226,7
2024-09-17 15:25:33.279,407.9638294436724,5
2024-09-17 15:25:33.307,407.9926560847956,95
2024-09-17 15:25:33.309,408.07571329393744,101
2024-09-17 15:25:33.311,408.01985768495416,15
2024-09-17 15:25:33.324,407.9760115235059,997
2024-09-17 15:25:33.346,408.059858478266,97
2024-09-17 15:25:33.416,,996
2024-09-17 15:25:33.499,408.0781052701273,102
2024-09-17 15:25:33.584,408.0162071478824,13
2024-09-17 15:25:33.693,408.0401985045305,101
2024-09-17 15:25:33.748,407.962509823649,15
2024-09-17 15:25:33.843,408.0023615830915,1002
2024-09-17 15:25:33.896,408.0121477527001,1003
2024-09-17 15:25:33.999,407.9641466430624,1000
2024-09-17 15:25:34.428,408.0835975287977,103
2024-09-17 15:25:34.512,408.0748775770293,7
2024-09-17 15:25:34.595,408.05047526922345,95
2024-09-17 15:25:34.762,408.0783186827258,9
2024-09-17 15:25:34.884,408.0703589229279,9
2024-09-17 15:25:35.178,408.0326738126324,5
2024-09-17 15:25:35.226,407.98615729192034,10
2024-09-17 15:25:35.242,408.0386973430656,13
2024-09-17 15:25:35.287,407.98789040936094,1004
2024-09-17 15:25:35.365,408.0083120870905,15
2024-09-17 15:25:35.426,408.01072719333865,98
2024-09-17 15:25:35.551,407.9811722925989,95
2024-09-17 15:25:35.867,407.9918474475284,15
2024-09-17 15:25:35.888,408.0125514927422,1002
2024-09-17 15:25:35.897,407.9949785207186,7
2024-09-17 15:25:35.909,408.0014829511727,104
2024-09-17 15:25:36.004,408.0018398149718,13
2024-09-17 15:25:36.084,407.9981956981114,995
2024-09-17 15:25:36.142,407.9911789320038,1004
2024-09-17 15:25:36.149,408.0095094442594,14
2024-09-17 15:25:36.242,408.0185791937634,104
2024-09-17 15:25:36.281,407.9941948870836,14
2024-09-17 15:25:36.318,407.9861596472818,97
2024-09-17 15:25:36.368,407.9899900082086,98
2024-09-17 15:25:36.380,407.9972371818837,1004
2024-09-17 15:25:36.391,407.9856671047032,1001
2024-09-17 15:25:36.528,408.0168894044925,10
2024-09-17 15:25:36.546,407.9928875837455,1005
2024-09-17 15:25:36.750,408.0124150464461,13
2024-09-17 15:25:36.869,407.9983844602268,1000
2024-09-17 15:25:36.915,407.982623180067,105
2024-09-17 15:25:36.938,407.9961874882799,101
2024-09-17 15:25:37.007,407.9600939304252,12
2024-09-17 15:25:37.048,407.98218744189177,1003
2024-09-17 15:25:37.053,408.0163686980549,95
2024-09-17 15:25:37.078,407.98022863801225,98
2024-09-17 15:25:37.127,408.0020846210816,104
2024-09-17 15:25:37.130,408.00950008046425,1003
2024-09-17 15:25:37.186,408.00462710680426,97
2024-09-17 15:25:37.199,407.9551800682176,99
2024-09-17 15:25:37.277,407.9705254241183,995
2024-09-17 15:25:37.277,408.0252421785294,1003
2024-09-17 15:25:37.304,407.9599764152534,1005
2024-09-17 15:25:37.416,408.0044870012386,13
2024-09-17 15:25:37.451,407.9638714316798,997
2024-09-17 15:25:37.509,407.9784386404072,10
2024-09-17 15:25:37.524,407.9767577899782,98
2024-09-17 15:25:37.610,408.02158107830974,9
2024-09-17 15:25:37.632,408.0097696455291,997
2024-09-17 15:25:37.660,408.015965713126,10
2024-09-17 15:25:37.686,408.0106855960629,1001
2024-09-17 15:25:37.721,408.0019347338346,98
2024-09-17 15:25:37.735,408.0049355534747,12
2024-09-17 15:25:37.744,407.9828404925445,995
2024-09-17 15:25:37.787,407.9700205957114,104
2024-09-17 15:25:37.826,407.9992552855507,13
2024-09-17 15:25:37.839,408.0348908253829,104
2024-09-17 15:25:37.848,407.9920812509043,103
2024-09-17 15:25:37.862,408.0027400373591,1001
2024-09-17 15:25:37.927,408.0040147582949,1002
2024-09-17 15:25:37.974,408.0123388550435,1000
2024-09-17 15:25:38.033,407.89231749016415,101
2024-09-17 15:25:38.096,,15
2024-09-17 15:25:38.116,407.8764286804456,97
2024-09-17 15:25:38.120,407.9205187854735,998
2024-09-17 15:25:38.194,407.9017887661384,12
2024-09-17 15:25:38.195,407.9240377375426,1002
2024-09-17 15:25:38.208,407.8859795306881,96
2024-09-17 15:25:38.231,407.9020202617021,1000
2024-09-17 15:25:38.245,407.93494999104064,103
2024-09-17 15:25:38.279,407.91232802483097,11
2024-09-17 15:25:38.294,407.8975931311522,98
2024-09-17 15:25:38.332,407.9243783575936,14
2024-09-17 15:25:38.427,407.9015824940912,97
2024-09-17 15:25:38.444,407.9321685654383,105
2024-09-17 15:25:38.522,407.9154641978607,105
2024-09-17 15:25:38.579,407.9404529761551,100
2024-09-17 15:25:38.673,407.886479573161,1002
2024-09-17 15:25:38.675,407.87539951732646,12
2024-09-17 15:25:38.702,407.8787069936821,998
2024-09-17 15:25:38.772,407.87489350935255,1000
2024-09-17 15:25:38.805,407.9271458069532,9
2024-09-17 15:25:38.807,407.9139425649653,1005
2024-09-17 15:25:38.829,407.8988425334597,96
2024-09-17 15:25:38.859,407.91605336973794,15
2024-09-17 15:25:38.905,407.8903045518417,105
2024-09-17 15:25:38.916,407.8930138890408,102
2024-09-17 15:25:38.917,407.8752152351102,96
2024-09-17 15:25:38.934,407.8857942908135,97
2024-09-17 15:25:38.994,40.79325459552697,7
2024-09-17 15:25:39.246,407.8629738428897,1001
2024-09-17 15:25:39.294,414.8249129062783,95
2024-09-17 15:25:39.548,407.8792468720423,9
2024-09-17 15:25:39.652,407.87162716877697,11
2024-09-17 15:25:39.690,407.8647269913959,96
2024-09-17 15:25:40.130,407.8973195067541,102
2024-09-17 15:25:40.166,407.87667814670095,102
2024-09-17 15:25:40.182,407.8732931811135,101
2024-09-17 15:25:40.207,407.8426822005019,7
2024-09-17 15:25:40.218,407.89785723769097,1004
2024-09-17 15:25:40.280,407.884461930639,9
2024-09-17 15:25:40.287,407.8992167982526,6
2024-09-17 15:25:40.343,407.88217873556346,1004
2024-09-17 15:25:40.391,407.90781842954266,101
2024-09-17 15:25:40.405,407.8354963801939,8
2024-09-17 15:25:40.507,407.8567644099504,101
2024-09-17 15:25:40.598,407.855601052302,1005
2024-09-17 15:25:40.621,407.8711679579581,104
2024-09-17 15:25:40.632,407.88515517277,11
2024-09-17 15:25:40.636,407.9049760840096,995
2024-09-17 15:25:40.688,407.8432289081605,8
2024-09-17 15:25:40.714,407.87312111658207,97
2024-09-17 15:25:40.728,407.85395510324327,97
2024-09-17 15:25:40.742,407.9115943302055,995
2024-09-17 15:25:40.765,407.8767553965692,12
2024-09-17 15:25:40.766,407.86635790148017,996
2024-09-17 15:25:40.862,407.9170681525407,998
2024-09-17 15:25:40.866,407.916004521291,995
2024-09-17 15:25:40.877,407.89185215357486,5
2024-09-17 15:25:40.945,407.81577916484713,1002
2024-09-17 15:25:40.978,407.9190686147089,96
2024-09-17 15:25:40.984,407.90547476944687,7
2024-09-17 15:25:41.028,407.7780904018385,105
2024-09-17 15:25:41.074,407.80427553524254,95
2024-09-17 15:25:41.089,407.805765377358,1004
2024-09-17 15:25:41.116,407.8126499553642,1002
2024-09-17 15:25:41.154,407.8061320495973,97
2024-09-17 15:25:41.416,407.7996321704122,10
2024-09-17 15:25:41.655,407.7999877276623,97
2024-09-17 15:25:41.682,407.7968637374528,104
2024-09-17 15:25:41.742,407.81793564847874,101
2024-09-17 15:25:41.745,407.7932303003808,999
2024-09-17 15:25:42.099,407.80555272306094,102
2024-09-17 15:25:42.149,407.8447306959884,1004
2024-09-17 15:25:42.231,-407.7760166197943,1000
2024-09-17 15:25:42.325,407.76742454308913,995
2024-09-17 15:25:42.333,407.78400981794334,1005
2024-09-17 15:25:42.360,407.78616145578377,105
2024-09-17 15:25:42.430,407.8289752883168,100
2024-09-17 15:25:42.511,407.8330976065138,100
2024-09-17 15:25:42.547,407.7914855527419,13
2024-09-17 15:25:42.573,407.830170395223,996
2024-09-17 15:25:42.574,407.7723652621876,1001
2024-09-17 15:25:42.581,407.79910495934354,98
2024-09-17 15:25:42.622,407.7789581156683,15
2024-09-17 15:25:42.657,407.8017164816192,103
2024-09-17 15:25:42.680,407.7950892998821,95
2024-09-17 15:25:42.711,407.7653036941677,1005
2024-09-17 15:25:42.752,407.7897752528044,97
2024-09-17 15:25:42.782,407.78564279111697,1001
2024-09-17 15:25:42.822,407.7997862279069,998
2024-09-17 15:25:42.851,407.7986728807729,995
2024-09-17 15:25:42.867,407.8280744395456,95
2024-09-17 15:25:42.885,407.7864451382443,14
2024-09-17 15:25:42.899,407.8320324209151,7
2024-09-17 15:25:42.960,407.7980309494501,9
2024-09-17 15:25:42.982,407.8153772563626,12
2024-09-17 15:25:42.988,407.7817826906708,1005
2024-09-17 15:25:43.097,407.85226595598175,995
2024-09-17 15:25:43.526,407.8431227375587,996
2024-09-17 15:25:43.764,407.82272070024834,995
2024-09-17 15:25:43.798,407.8235815254422,96
2024-09-17 15:25:44.060,407.8239603290824,12
2024-09-17 15:25:44.229,407.8039704898305,6
2024-09-17 15:25:44.242,407.83284038196086,1001
2024-09-17 15:25:44.352,407.8423084572922,102
2024-09-17 15:25:44.383,40.78295303991638,1003
2024-09-17 15:25:44.396,407.82145489826576,105
2024-09-17 15:25:44.446,407.8073676109798,999
2024-09-17 15:25:44.482,407.7987303051279,15
2024-09-17 15:25:44.780,407.7916487576537,9
2024-09-17 15:25:44.900,407.8405848023706,101
2024-09-17 15:25:44.964,407.8018833207959,13
2024-09-17 15:25:45.297,407.7757678198082,995
2024-09-17 15:25:45.340,407.79471330216205,10
2024-09-17 15:25:46.000,407.8473929548141,1002
2024-09-17 15:25:46.008,407.8516106896746,1003
2024-09-17 15:25:46.039,407.811123138069,96
2024-09-17 15:25:46.104,407.8262252933253,1002
2024-09-17 15:25:46.274,407.85902307568426,12
2024-09-17 15:25:46.293,407.883656256043,102
2024-09-17 15:25:46.317,407.8219205257185,102
2024-09-17 15:25:46.397,407.8350966028941,12
2024-09-17 15:25:46.418,407.7965431817021,9
2024-09-17 15:25:46.456,407.785049779796,8
2024-09-17 15:25:46.520,407.7815865987593,1002
2024-09-17 15:25:46.542,407.7908165007679,97
2024-09-17 15:25:46.545,407.7766406330653,1001
2024-09-17 15:25:46.634,407.8666687892602,8
2024-09-17 15:25:46.715,407.7907862446246,100
2024-09-17 15:25:46.807,407.7992401443952,6
2024-09-17 15:25:46.860,407.80911646328616,13
2024-09-17 15:25:46.870,407.8638027654351,95
2024-09-17 15:25:46.887,407.7998323470358,997
2024-09-17 15:25:46.920,407.80258555394494,12
2024-09-17 15:25:46.957,407.88287721469936,999
2024-09-17 15:25:47.008,407.8968046668571,98
2024-09-17 15:25:47.016,,7
2024-09-17 15:25:47.054,407.87168548372966,7
2024-09-17 15:25:47.139,407.89312082031006,1005
2024-09-17 15:25:47.154,407.87119831027104,998
2024-09-17 15:25:47.271,407.90008154475765,12
2024-09-17 15:25:47.271,407.8617510284836,14
2024-09-17 15:25:47.281,407.8899695732962,1004
2024-09-17 15:25:47.292,407.9310026262576,15
2024-09-17 15:25:47.315,407.8802493986359,102
2024-09-17 15:25:47.321,407.90959932615016,12
2024-09-17 15:25:47.354,407.8743112498543,1005
2024-09-17 15:25:47.389,407.8733419964376,10
2024-09-17 15:25:47.423,407.89290502351736,96
2024-09-17 15:25:47.452,407.9214593892382,100
2024-09-17 15:25:47.453,407.9166899330156,97
2024-09-17 15:25:47.468,-407.8763304757074,95
2024-09-17 15:25:47.489,407.87432860559903,1001
2024-09-17 15:25:47.539,407.91683168662325,99
2024-09-17 15:25:47.667,407.89652590464055,995
2024-09-17 15:25:47.708,407.9127620631951,997
2024-09-17 15:25:47.713,407.92709697342383,999
2024-09-17 15:25:47.811,407.8686412280829,1003
2024-09-17 15:25:47.863,407.86591240083953,99
2024-09-17 15:25:47.868,407.9148173781599,101
2024-09-17 15:25:47.883,407.8845748983115,1004
2024-09-17 15:25:47.903,407.8798353876977,6
2024-09-17 15:25:47.954,407.8927076283065,15
2024-09-17 15:25:47.964,407.9138120090556,100
2024-09-17 15:25:47.973,407.89672964319647,100
2024-09-17 15:25:48.134,407.8919545169509,99
2024-09-17 15:25:48.269,407.881902409028,10
2024-09-17 15:25:48.357,-407.882262761659,101
2024-09-17 15:25:48.496,,9
2024-09-17 15:25:48.546,407.8497830161416,97
2024-09-17 15:25:48.639,407.8751598415121,995
2024-09-17 15:25:48.882,407.8584425653329,15
2024-09-17 15:25:48.905,407.8621020430485,5
2024-09-17 15:25:49.088,407.871671489143,1001
2024-09-17 15:25:49.115,407.8947343644354,9
2024-09-17 15:25:49.226,407.9066506994727,97
2024-09-17 15:25:49.671,407.8753349526736,95
2024-09-17 15:25:49.969,407.9168736813991,1001
2024-09-17 15:25:50.031,-407.9270797687559,15
2024-09-17 15:25:50.067,407.9556918523602,1001
2024-09-17 15:25:50.091,407.9541766546128,103
2024-09-17 15:25:50.121,407.8981099579153,10
2024-09-17 15:25:50.208,407.9002553606275,7
2024-09-17 15:25:50.221,407.9018985322114,997
2024-09-17 15:25:50.229,407.9383673407378,14
2024-09-17 15:25:50.267,407.8929184218185,97
2024-09-17 15:25:50.285,407.9402863733617,996
2024-09-17 15:25:50.289,407.9450213788672,9
2024-09-17 15:25:50.326,407.9070516831708,996
2024-09-17 15:25:50.329,407.9180366758464,1003
2024-09-17 15:25:50.403,407.9546109313823,996
2024-09-17 15:25:50.407,407.91984098916913,5
2024-09-17 15:25:50.500,407.9069363919365,14
2024-09-17 15:25:50.714,407.9619853957342,9
2024-09-17 15:25:50.778,407.9389061200796,99
2024-09-17 15:25:50.791,407.9249768040038,998
2024-09-17 15:25:50.919,407.9263674438311,9
2024-09-17 15:25:50.927,407.8981305905255,5
2024-09-17 15:25:50.945,407.9476706752337,5
2024-09-17 15:25:51.926,407.9688273184569,95
2024-09-17 15:25:52.000,407.9440781450367,97
2024-09-17 15:25:52.095,407.9485020935927,1000
2024-09-17 15:25:52.129,407.9424769023284,6
2024-09-17 15:25:52.132,407.93290257328846,1002
2024-09-17 15:25:52.168,407.957205858918,99
2024-09-17 15:25:52.326,407.9459852536793,12
2024-09-17 15:25:52.338,407.9334480164384,999
2024-09-17 15:25:52.379,407.91806764606696,102
2024-09-17 15:25:52.401,407.9715158399654,12
2024-09-17 15:25:52.454,407.9602470382263,9
2024-09-17 15:25:52.463,407.9637985109426,1004
2024-09-17 15:25:52.470,407.92551899210105,995
2024-09-17 15:25:52.506,407.9636664531337,1004
2024-09-17 15:25:52.610,407.9397873895904,6
2024-09-17 15:25:52.680,407.9648880689859,105
2024-09-17 15:25:52.683,407.96425667867777,97
2024-09-17 15:25:52.690,407.9280886048266,8
2024-09-17 15:25:52.739,407.9554875464665,100
2024-09-17 15:25:52.784,407.92882036454967,96
2024-09-17 15:25:52.812,407.95412936170345,1001
2024-09-17 15:25:52.819,407.9394730837902,5
2024-09-17 15:25:52.867,407.95008354050685,13
2024-09-17 15:25:52.894,407.94844523380806,102
2024-09-17 15:25:52.895,407.974968608941,996
2024-09-17 15:25:52.902,-407.9805990678596,99
2024-09-17 15:25:53.457,407.9438777606312,100
2024-09-17 15:25:54.048,408.0012647924216,998
2024-09-17 15:25:54.082,407.9745556881214,1001
2024-09-17 15:25:54.143,408.0137443161562,1002
2024-09-17 15:25:54.180,,10
2024-09-17 15:25:54.180,407.9911348065432,1001
2024-09-17 15:25:54.202,407.9503291026901,97
2024-09-17 15:25:54.290,407.99051160592495,103
2024-09-17 15:25:54.317,408.01730851552776,99
2024-09-17 15:25:54.375,407.9227036762712,997
2024-09-17 15:25:54.378,407.9970298450959,103
2024-09-17 15:25:54.419,407.99811147629765,6
2024-09-17 15:25:54.437,407.9972330209639,996
2024-09-17 15:25:54.455,407.9542460001625,105
2024-09-17 15:25:54.505,408.0093800297248,11
2024-09-17 15:25:54.506,408.0093029586708,1005
2024-09-17 15:25:54.571,407.97405716579016,97
2024-09-17 15:25:54.609,408.0154286435078,995
2024-09-17 15:25:54.634,407.9915700118988,97
2024-09-17 15:25:54.734,407.99084302379214,10
2024-09-17 15:25:54.749,408.0093994045824,999
2024-09-17 15:25:54.955,407.9973697601629,104
2024-09-17 15:25:55.058,407.9752091398824,1003
2024-09-17 15:25:55.326,407.9866176244077,1001
2024-09-17 15:25:55.352,407.9772098715685,103
2024-09-17 15:25:55.410,407.9811897552906,12
2024-09-17 15:25:55.422,407.97169551804944,5
2024-09-17 15:25:55.433,407.9560842139594,9
2024-09-17 15:25:55.478,407.9727362177955,1003
2024-09-17 15:25:55.553,408.0025015097236,13
2024-09-17 15:25:55.570,407.992257418118,1002
2024-09-17 15:25:55.593,407.9866098893656,100
2024-09-17 15:25:55.922,408.00126521614993,995
2024-09-17 15:25:56.014,407.9700287860907,996
2024-09-17 15:25:56.563,407.9930148969578,98
2024-09-17 15:25:56.824,408.016226075809,997
2024-09-17 15:25:56.859,407.9747683943491,10
2024-09-17 15:25:56.885,407.9679190093045,99
2024-09-17 15:25:56.963,407.9657955184695,101
2024-09-17 15:25:56.979,407.9971827751861,102
2024-09-17 15:25:57.821,408.0237625881016,101
2024-09-17 15:25:58.199,407.9862757271152,98
2024-09-17 15:25:58.336,408.00523264007984,98
2024-09-17 15:25:58.432,407.98713240071066,1004
2024-09-17 15:25:58.454,407.9808447478061,105
2024-09-17 15:25:58.530,407.989622802102,15
2024-09-17 15:25:58.593,407.9846464381144,98
2024-09-17 15:25:58.872,-408.0125179976296,12
2024-09-17 15:25:58.994,407.9915353372336,996
2024-09-17 15:25:59.001,407.9112229178087,99
2024-09-17 15:25:59.056,407.9815773886958,1003
2024-09-17 15:25:59.093,40.795865574756455,95
2024-09-17 15:25:59.139,407.94776444467135,11
2024-09-17 15:25:59.181,407.96267547716,102
2024-09-17 15:25:59.260,407.9235240508684,6
2024-09-17 15:25:59.383,407.963855330834,13
2024-09-17 15:25:59.470,407.95136348899655,100
2024-09-17 15:25:59.490,407.9424059213701,101
2024-09-17 15:25:59.491,407.9881104822942,1005
2024-09-17 15:25:59.507,407.9353759053516,104
2024-09-17 15:25:59.508,407.99471969824623,10
2024-09-17 15:25:59.595,407.971646531268,97
2024-09-17 15:25:59.617,407.99568334103054,1002
2024-09-17 15:25:59.628,408.0065990151626,95
2024-09-17 15:25:59.638,407.9136294295155,104
2024-09-17 15:25:59.676,407.978081348212,14
2024-09-17 15:25:59.696,407.9263933627766,1002
2024-09-17 15:25:59.705,407.98831125687553,1000
2024-09-17 15:25:59.726,407.931096539966,13
2024-09-17 15:25:59.740,407.9543519848775,104
2024-09-17 15:25:59.740,407.92433095844433,95
2024-09-17 15:25:59.760,407.9669412003616,11
2024-09-17 15:25:59.778,407.9211659937788,1002
2024-09-17 15:25:59.866,407.93561985093146,10
2024-09-17 15:25:59.964,407.9942456537492,10
2024-09-17 15:25:59.984,407.934627399896,10
