Timestamp,Price,Size
2024-09-18 11:10:00.014,416.0194148338288,13
2024-09-18 11:10:00.050,415.9941468346472,999
2024-09-18 11:10:00.163,416.0172643651041,1001
2024-09-18 11:10:00.307,415.9964008291117,11
2024-09-18 11:10:00.523,416.02644098010825,103
2024-09-18 11:10:00.613,416.0067150543932,997
2024-09-18 11:10:00.871,416.02814592739054,102
2024-09-18 11:10:01.026,416.0230318621681,9
2024-09-18 11:10:01.028,416.00016098088895,998
2024-09-18 11:10:01.065,416.0247191803313,998
2024-09-18 11:10:01.078,416.0266551246896,1004
2024-09-18 11:10:01.092,415.9923035956069,6
2024-09-18 11:10:01.114,416.0312124492083,104
2024-09-18 11:10:01.172,416.0055595751003,1003
2024-09-18 11:10:01.188,416.0112793523308,7
2024-09-18 11:10:01.255,416.0238635632161,101
2024-09-18 11:10:01.325,416.0307295618895,97
2024-09-18 11:10:01.450,416.0182354229839,14
2024-09-18 11:10:01.456,416.0063348706876,1005
2024-09-18 11:10:01.578,416.03643534364886,101
2024-09-18 11:10:01.578,415.9940872592946,1002
2024-09-18 11:10:01.599,415.9830081512935,14
2024-09-18 11:10:01.616,416.01770818513984,95
2024-09-18 11:10:01.633,416.02475657008335,13
2024-09-18 11:10:01.704,415.9954634844969,10
2024-09-18 11:10:01.718,415.9965679662589,6
2024-09-18 11:10:01.735,416.0119796466178,8
2024-09-18 11:10:01.738,416.0244543386521,100
2024-09-18 11:10:01.904,416.0367203800228,996
2024-09-18 11:10:01.967,416.023329704533,12
2024-09-18 11:10:02.032,415.93619503897565,1003
2024-09-18 11:10:02.065,415.963502848778,11
2024-09-18 11:10:02.109,415.9182482496213,5
2024-09-18 11:10:02.132,415.9222186570482,1004
2024-09-18 11:10:02.153,415.9964134691453,95
2024-09-18 11:10:02.172,415.9299822684994,104
2024-09-18 11:10:02.191,415.9183651427736,103
2024-09-18 11:10:02.315,415.95456232600543,15
2024-09-18 11:10:02.349,415.93202166346015,100
2024-09-18 11:10:02.411,416.0199103352641,98
2024-09-18 11:10:02.472,415.9298769580475,1003
2024-09-18 11:10:02.503,415.9483964112237,100
2024-09-18 11:10:02.654,416.0075752026851,105
2024-09-18 11:10:02.754,415.95195278132974,95
2024-09-18 11:10:02.810,415.9343582626898,998
2024-09-18 11:10:02.825,415.978528644635,1002
2024-09-18 11:10:02.831,415.9699304520751,98
2024-09-18 11:10:02.931,415.9672184501233,8
2024-09-18 11:10:02.939,415.950365410658,105
2024-09-18 11:10:02.981,415.9275893404397,11
2024-09-18 11:10:03.095,415.9192299465825,996
2024-09-18 11:10:03.118,415.9946035520872,998
2024-09-18 11:10:03.160,415.9763815336289,11
2024-09-18 11:10:03.168,415.9572086548324,101
2024-09-18 11:10:03.264,415.937068091458,1003
2024-09-18 11:10:03.284,416.0246483832522,102
2024-09-18 11:10:03.341,415.9583332674228,11
2024-09-18 11:10:03.448,415.943737706989,100
2024-09-18 11:10:03.466,416.0012218488938,995
2024-09-18 11:10:03.477,416.02740783281496,6
2024-09-18 11:10:03.570,415.9910980914474,99
2024-09-18 11:10:03.587,415.982973906185,105
2024-09-18 11:10:03.613,415.99195352647735,15
2024-09-18 11:10:03.674,415.9904191096512,9
2024-09-18 11:10:03.677,415.9536126308964,100
2024-09-18 11:10:03.748,415.94860951421913,996
2024-09-18 11:10:03.764,416.0156108013617,99
2024-09-18 11:10:03.771,416.01287407563575,995
2024-09-18 11:10:03.796,415.9620030774174,6
2024-09-18 11:10:03.806,416.0265142225379,12
2024-09-18 11:10:03.860,415.9569296915756,999
2024-09-18 11:10:03.960,416.0147717656231,101
2024-09-18 11:10:03.960,415.98908771229856,6
2024-09-18 11:10:03.964,415.9693379589121,100
2024-09-18 11:10:04.003,415.9968008074818,996
2024-09-18 11:10:04.291,415.9898800167061,1004
2024-09-18 11:10:04.356,416.0010233548093,9
2024-09-18 11:10:04.778,415.9862765283024,995
2024-09-18 11:10:04.784,415.9792510472864,999
2024-09-18 11:10:04.799,415.98043142458624,103
2024-09-18 11:10:04.927,415.99601312369504,100
2024-09-18 11:10:05.014,416.0162878217084,1003
2024-09-18 11:10:05.015,415.9944255952352,1003
2024-09-18 11:10:05.055,415.9974024745716,7
2024-09-18 11:10:05.144,415.9796619591024,104
2024-09-18 11:10:05.162,415.9645473642972,14
2024-09-18 11:10:05.200,416.00163367038897,995
2024-09-18 11:10:05.251,415.9920432404025,15
2024-09-18 11:10:05.308,416.01210517390274,99
2024-09-18 11:10:05.310,415.989674689314,996
2024-09-18 11:10:05.323,415.9923415611929,1004
2024-09-18 11:10:05.356,415.99791621366,9
2024-09-18 11:10:05.362,416.0148451658495,1004
2024-09-18 11:10:05.377,416.0046317191023,105
2024-09-18 11:10:05.400,415.9925478326719,1002
2024-09-18 11:10:05.420,416.00686599147,5
2024-09-18 11:10:05.448,415.99777942118527,97
2024-09-18 11:10:05.499,416.0094360660549,999
2024-09-18 11:10:05.521,415.9934089364475,997
2024-09-18 11:10:05.606,415.9642268075495,1002
2024-09-18 11:10:05.648,415.9962427968942,9
2024-09-18 11:10:05.670,416.0125207100247,103
2024-09-18 11:10:05.675,415.9711485360756,1004
2024-09-18 11:10:05.715,415.9946093520385,1003
2024-09-18 11:10:05.738,416.0028899989003,6
2024-09-18 11:10:05.883,416.00020221915975,1001
2024-09-18 11:10:05.893,415.9919925371393,995
2024-09-18 11:10:05.989,416.0002058024172,11
2024-09-18 11:10:06.002,415.98256370941033,1001
2024-09-18 11:10:06.004,416.0045229106502,12
2024-09-18 11:10:06.030,416.0182011631549,97
2024-09-18 11:10:06.124,416.0042470797625,10
2024-09-18 11:10:06.165,416.02420261056415,95
2024-09-18 11:10:06.184,415.9817510939285,1002
2024-09-18 11:10:06.231,416.0202537231494,6
2024-09-18 11:10:06.235,415.9907298549781,102
2024-09-18 11:10:06.292,416.0239744259839,1001
2024-09-18 11:10:06.321,415.9792047588255,15
2024-09-18 11:10:06.356,415.9910610343296,1000
2024-09-18 11:10:06.413,-415.9927799078616,1001
2024-09-18 11:10:06.481,416.003349608456,104
2024-09-18 11:10:06.487,415.9805234264978,12
2024-09-18 11:10:06.501,415.9994588236785,1001
2024-09-18 11:10:06.506,416.0183741374839,100
2024-09-18 11:10:06.512,416.0552481082346,9
2024-09-18 11:10:06.537,-415.9945948880622,98
2024-09-18 11:10:06.563,416.0169690427264,99
2024-09-18 11:10:06.612,416.0150411581322,10
2024-09-18 11:10:06.691,416.02446070648045,102
2024-09-18 11:10:06.713,,13
2024-09-18 11:10:06.744,415.98428810120186,1003
2024-09-18 11:10:06.789,415.9845632222744,96
2024-09-18 11:10:06.815,415.9949937401852,6
2024-09-18 11:10:06.836,415.9928163754725,103
2024-09-18 11:10:06.846,416.0122126614151,10
2024-09-18 11:10:06.935,416.03715232137705,104
2024-09-18 11:10:06.953,416.0158450186524,1005
2024-09-18 11:10:07.052,415.95564791786745,999
2024-09-18 11:10:07.220,416.0104685533264,103
2024-09-18 11:10:07.225,415.983561967826,1004
2024-09-18 11:10:07.225,415.97250826870976,101
2024-09-18 11:10:07.231,416.0072608794257,7
2024-09-18 11:10:07.322,415.9680392850877,1001
2024-09-18 11:10:07.327,415.9549882805988,995
2024-09-18 11:10:07.352,415.956761922211,105
2024-09-18 11:10:07.368,415.9644392629781,105
2024-09-18 11:10:07.376,415.96051888515456,104
2024-09-18 11:10:07.386,415.9516862126748,104
2024-09-18 11:10:07.485,416.02648054004686,105
2024-09-18 11:10:07.509,415.9624808948296,15
2024-09-18 11:10:07.572,415.9690350663913,13
2024-09-18 11:10:07.638,415.9586870575907,998
2024-09-18 11:10:07.645,415.95005750061614,98
2024-09-18 11:10:07.690,416.0340632528756,96
2024-09-18 11:10:07.733,415.9417365463624,99
2024-09-18 11:10:07.764,415.9786935274845,98
2024-09-18 11:10:07.776,416.0306068723922,10
2024-09-18 11:10:07.778,416.0010260186266,103
2024-09-18 11:10:07.789,416.0420854983876,8
2024-09-18 11:10:07.840,41.60180917959553,15
2024-09-18 11:10:07.993,415.9607758976391,1004
2024-09-18 11:10:08.024,415.9494369439749,99
2024-09-18 11:10:08.070,415.9623602212709,100
2024-09-18 11:10:08.170,415.9604356207144,101
2024-09-18 11:10:08.386,415.9579833562692,105
2024-09-18 11:10:08.707,415.96859627657926,997
2024-09-18 11:10:08.801,415.9576412481493,100
2024-09-18 11:10:09.005,415.9654875973565,96
2024-09-18 11:10:09.007,415.9689493573994,1002
2024-09-18 11:10:09.180,415.96392557753177,13
2024-09-18 11:10:09.348,-415.9565825164247,101
2024-09-18 11:10:09.377,415.9730131362708,1002
2024-09-18 11:10:10.164,415.95387028122246,1000
2024-09-18 11:10:10.298,415.9680169980693,8
2024-09-18 11:10:10.362,415.9634223098664,97
2024-09-18 11:10:10.630,415.9566614366389,96
2024-09-18 11:10:10.833,415.9694816791914,13
2024-09-18 11:10:10.898,415.9825930076317,97
2024-09-18 11:10:11.041,415.9801205562976,98
2024-09-18 11:10:11.058,416.0165666693715,104
2024-09-18 11:10:11.080,415.9876899855113,997
2024-09-18 11:10:11.088,415.9663169516649,7
2024-09-18 11:10:11.094,415.9914093382497,1003
2024-09-18 11:10:11.097,416.0235102813393,102
2024-09-18 11:10:11.103,415.9700193053012,103
2024-09-18 11:10:11.126,416.0161113265393,104
2024-09-18 11:10:11.140,415.9951875532384,99
2024-09-18 11:10:11.177,41.5973420483578,1001
2024-09-18 11:10:11.187,415.9871933340818,101
2024-09-18 11:10:11.201,415.9897479220977,96
2024-09-18 11:10:11.261,416.0067792728164,96
2024-09-18 11:10:11.491,416.01298779475127,9
2024-09-18 11:10:11.537,416.0073916790624,105
2024-09-18 11:10:11.592,415.9820966098101,1000
2024-09-18 11:10:11.698,415.9936047849139,96
2024-09-18 11:10:11.719,415.99772639374544,98
2024-09-18 11:10:11.829,415.98582638812167,9
2024-09-18 11:10:11.870,416.046235444277,8
2024-09-18 11:10:11.884,415.97950962815065,998
2024-09-18 11:10:11.954,415.98183021021015,103
2024-09-18 11:10:12.116,415.95877173326016,95
2024-09-18 11:10:12.172,415.9371020652737,104
2024-09-18 11:10:12.251,415.93684559510416,1003
2024-09-18 11:10:12.253,415.9130923857517,995
2024-09-18 11:10:12.287,415.9506249719775,105
2024-09-18 11:10:12.367,416.0054378653911,996
2024-09-18 11:10:12.494,,1001
2024-09-18 11:10:12.534,415.93963535740767,11
2024-09-18 11:10:12.539,415.9057940455773,9
2024-09-18 11:10:12.553,415.9980788406802,997
2024-09-18 11:10:12.563,415.98168075738,8
2024-09-18 11:10:12.568,415.94450463418906,13
2024-09-18 11:10:12.641,415.9300041604977,13
2024-09-18 11:10:12.654,415.97044765792407,100
2024-09-18 11:10:12.717,415.9589339157488,1001
2024-09-18 11:10:12.897,415.8807617533606,105
2024-09-18 11:10:12.978,415.95870472765233,105
2024-09-18 11:10:12.995,415.9320311257167,14
2024-09-18 11:10:13.015,415.87904790376285,102
2024-09-18 11:10:13.044,415.842292669484,101
2024-09-18 11:10:13.054,415.8627036762175,100
2024-09-18 11:10:13.069,415.8557485023866,14
2024-09-18 11:10:13.109,415.85656645906647,997
2024-09-18 11:10:13.117,415.86530730275456,998
2024-09-18 11:10:13.154,415.8765192134573,104
2024-09-18 11:10:13.178,415.883077729719,10
2024-09-18 11:10:13.206,415.86542635835065,9
2024-09-18 11:10:13.305,415.8985724350071,998
2024-09-18 11:10:13.419,415.8774992529642,1003
2024-09-18 11:10:13.504,415.8677039291409,15
2024-09-18 11:10:13.534,415.84539765537215,98
2024-09-18 11:10:13.535,415.8407949818847,14
2024-09-18 11:10:13.547,,996
2024-09-18 11:10:13.626,415.8672717253291,5
2024-09-18 11:10:13.780,415.8859816753488,8
2024-09-18 11:10:13.825,415.8359538377979,104
2024-09-18 11:10:13.837,415.87072162570894,13
2024-09-18 11:10:13.884,-415.8582952649372,1005
2024-09-18 11:10:13.967,415.86496484928574,11
2024-09-18 11:10:14.005,415.7555930062333,995
2024-09-18 11:10:14.017,415.7905783166838,10
2024-09-18 11:10:14.124,415.7625099256827,996
2024-09-18 11:10:14.156,415.7617410708626,8
2024-09-18 11:10:14.165,415.7571613182409,103
2024-09-18 11:10:14.167,415.6957111412471,1005
2024-09-18 11:10:14.188,415.7974054796432,998
2024-09-18 11:10:14.219,415.8055614314229,103
2024-09-18 11:10:14.279,415.8306117782605,97
2024-09-18 11:10:14.500,415.8410903390984,9
2024-09-18 11:10:14.506,415.8357525515243,5
2024-09-18 11:10:14.572,415.7776964852858,7
2024-09-18 11:10:14.598,415.81964237758433,999
2024-09-18 11:10:14.794,415.8241287672712,104
2024-09-18 11:10:14.804,415.7209906905522,95
2024-09-18 11:10:14.812,415.7698998556856,12
2024-09-18 11:10:14.884,415.76422950787054,997
2024-09-18 11:10:14.888,415.7549042716287,1000
2024-09-18 11:10:14.904,415.7465120757032,101
2024-09-18 11:10:14.939,415.8267886631545,995
2024-09-18 11:10:15.003,415.6708666061244,5
2024-09-18 11:10:15.019,415.6690047007071,14
2024-09-18 11:10:15.067,415.67422301034975,998
2024-09-18 11:10:15.086,415.64853817019736,99
2024-09-18 11:10:15.096,415.6736137106988,9
2024-09-18 11:10:15.158,415.6940206934316,997
2024-09-18 11:10:15.164,415.6492861281979,95
2024-09-18 11:10:15.177,415.7124501339556,1005
2024-09-18 11:10:15.179,415.6973481263402,5
2024-09-18 11:10:15.211,415.67442641044016,98
2024-09-18 11:10:15.262,415.6678201565925,7
2024-09-18 11:10:15.305,415.6604285070301,1004
2024-09-18 11:10:15.336,415.690146733844,103
2024-09-18 11:10:15.453,415.6973024185448,10
2024-09-18 11:10:15.473,415.671518031268,97
2024-09-18 11:10:15.479,415.6802232162917,1002
2024-09-18 11:10:15.548,415.6759789247251,98
2024-09-18 11:10:15.558,415.7063294449597,101
2024-09-18 11:10:15.739,415.67917976789465,997
2024-09-18 11:10:15.747,415.6596461674532,11
2024-09-18 11:10:15.756,415.68644609705257,1003
2024-09-18 11:10:15.781,415.67613028730096,5
2024-09-18 11:10:15.816,415.6836477257167,99
2024-09-18 11:10:15.857,415.670490371963,1003
2024-09-18 11:10:15.955,415.6606168268742,1005
2024-09-18 11:10:16.040,415.6288863293864,1003
2024-09-18 11:10:16.080,415.6801367040911,10
2024-09-18 11:10:16.089,415.7256581568126,13
2024-09-18 11:10:16.169,415.6871729357963,995
2024-09-18 11:10:16.186,415.7287639703522,996
2024-09-18 11:10:16.199,415.655596017108,996
2024-09-18 11:10:16.216,415.7040088989093,995
2024-09-18 11:10:16.219,415.7214023354514,97
2024-09-18 11:10:16.280,415.6809078306069,13
2024-09-18 11:10:16.300,-415.6394219385596,5
2024-09-18 11:10:16.301,415.6695275230365,6
2024-09-18 11:10:16.338,415.6981999352322,100
2024-09-18 11:10:16.455,415.66170376632266,996
2024-09-18 11:10:16.485,415.7239744549424,6
2024-09-18 11:10:16.545,415.6402620295132,1005
2024-09-18 11:10:16.549,415.72294424320586,999
2024-09-18 11:10:16.639,415.7002938979534,12
2024-09-18 11:10:16.657,415.7514896162525,96
2024-09-18 11:10:16.748,415.7416241813268,998
2024-09-18 11:10:16.796,415.67967989803566,99
2024-09-18 11:10:16.817,415.6971896252699,7
2024-09-18 11:10:16.838,415.6395769442513,11
2024-09-18 11:10:16.922,415.6397251006288,101
2024-09-18 11:10:16.984,415.68330944055725,9
2024-09-18 11:10:18.010,415.72508812288976,1005
2024-09-18 11:10:18.153,415.7218175571985,103
2024-09-18 11:10:18.217,415.7477532315563,998
2024-09-18 11:10:18.232,415.72204646418425,13
2024-09-18 11:10:18.247,-415.7701526536492,99
2024-09-18 11:10:18.409,415.7635634267165,104
2024-09-18 11:10:18.459,415.7665121448082,1003
2024-09-18 11:10:18.482,415.7668425593303,1002
2024-09-18 11:10:18.665,415.7657811323037,15
2024-09-18 11:10:18.799,415.75780736716575,96
2024-09-18 11:10:18.822,415.7534805198929,100
2024-09-18 11:10:18.842,415.7374375185983,105
2024-09-18 11:10:19.261,415.7733260549523,14
2024-09-18 11:10:19.470,415.78384665941167,7
2024-09-18 11:10:19.474,415.7894929566976,105
2024-09-18 11:10:19.551,415.759138640674,10
2024-09-18 11:10:19.608,415.75374838500375,7
2024-09-18 11:10:19.637,415.7580028623236,13
2024-09-18 11:10:21.085,415.7665659186738,1002
2024-09-18 11:10:21.228,415.77889545904657,995
2024-09-18 11:10:21.255,415.7946203823956,103
2024-09-18 11:10:21.302,415.7709889619085,6
2024-09-18 11:10:21.408,415.75893568342383,14
2024-09-18 11:10:21.463,415.7781688602994,15
2024-09-18 11:10:21.765,415.79216362440735,1005
2024-09-18 11:10:21.838,415.7870217759223,98
2024-09-18 11:10:21.979,415.7781602987077,98
2024-09-18 11:10:22.202,415.7732441558138,7
2024-09-18 11:10:22.257,415.7718103579282,95
2024-09-18 11:10:22.349,415.7748347759645,14
2024-09-18 11:10:22.445,415.7658758417108,995
2024-09-18 11:10:22.519,415.7784851556961,997
2024-09-18 11:10:22.604,415.7806697819223,6
2024-09-18 11:10:22.743,415.78279280944105,6
2024-09-18 11:10:22.744,415.7729094551669,1002
2024-09-18 11:10:22.801,415.7657656346413,10
2024-09-18 11:10:22.944,415.7547701950526,1002
2024-09-18 11:10:23.386,415.7727863685741,1001
2024-09-18 11:10:23.467,415.7881749425048,1005
2024-09-18 11:10:23.604,415.7943613735103,98
2024-09-18 11:10:24.004,415.8140494298686,11
2024-09-18 11:10:24.026,415.7934809716152,96
2024-09-18 11:10:24.069,415.7884055110171,999
2024-09-18 11:10:24.241,-415.781836639179,1001
2024-09-18 11:10:24.286,415.7775735582475,6
2024-09-18 11:10:24.316,415.8135610658022,15
2024-09-18 11:10:24.369,415.8092939198144,15
2024-09-18 11:10:24.399,415.81319457105934,1002
2024-09-18 11:10:24.404,415.79101622873617,100
2024-09-18 11:10:24.428,415.798463590992,14
2024-09-18 11:10:24.435,415.8085340194617,1000
2024-09-18 11:10:24.462,415.7667252515468,104
2024-09-18 11:10:24.516,415.810532383072,997
2024-09-18 11:10:24.518,415.8101525496739,99
2024-09-18 11:10:24.550,415.7824481107089,997
2024-09-18 11:10:24.574,415.78804474019927,998
2024-09-18 11:10:24.609,415.8516284584006,10
2024-09-18 11:10:24.624,415.8107564090619,1003
2024-09-18 11:10:24.681,415.8081559150224,1001
2024-09-18 11:10:24.710,415.8113748863744,999
2024-09-18 11:10:24.721,415.7900551630698,996
2024-09-18 11:10:24.765,415.78340553973294,95
2024-09-18 11:10:24.780,415.8521642521846,102
2024-09-18 11:10:24.796,415.8081631473183,105
2024-09-18 11:10:24.853,415.8578797816038,101
2024-09-18 11:10:24.927,415.79752970728,98
2024-09-18 11:10:24.950,415.8268691581255,1003
2024-09-18 11:10:24.986,415.8660118115613,995
2024-09-18 11:10:25.029,415.8591506153684,100
2024-09-18 11:10:25.293,415.8640284625002,97
2024-09-18 11:10:25.384,415.8448369307573,104
2024-09-18 11:10:25.424,415.8240758129324,13
2024-09-18 11:10:25.647,415.8420207889668,1003
2024-09-18 11:10:25.666,415.8455981068538,10
2024-09-18 11:10:26.023,415.8706390201074,99
2024-09-18 11:10:26.085,415.8436030177345,103
2024-09-18 11:10:26.543,415.84247318328215,995
2024-09-18 11:10:26.983,415.8636449862387,11
2024-09-18 11:10:27.089,415.8914285758784,14
2024-09-18 11:10:27.157,415.900485503364,13
2024-09-18 11:10:27.429,415.8659758545151,96
2024-09-18 11:10:27.803,415.88417784719,99
2024-09-18 11:10:27.875,415.8796113280611,997
2024-09-18 11:10:28.012,415.8743936169907,1001
2024-09-18 11:10:28.023,,996
2024-09-18 11:10:28.032,415.82611986871984,12
2024-09-18 11:10:28.209,415.8825843537157,96
2024-09-18 11:10:28.235,415.864204529939,1005
2024-09-18 11:10:28.335,415.85545375026936,1000
2024-09-18 11:10:28.360,415.8516622810814,97
2024-09-18 11:10:28.380,415.81441235306704,103
2024-09-18 11:10:28.449,415.85247670806905,1004
2024-09-18 11:10:28.660,415.8870634822696,1002
2024-09-18 11:10:28.699,415.8816907405042,1002
2024-09-18 11:10:28.724,415.8753351024036,103
2024-09-18 11:10:28.755,415.8847521451333,996
2024-09-18 11:10:28.774,415.8490727046933,998
2024-09-18 11:10:28.805,415.8360715465042,105
2024-09-18 11:10:28.872,415.8681489591156,6
2024-09-18 11:10:28.936,415.8376647659532,1001
2024-09-18 11:10:28.958,415.8590246287132,14
2024-09-18 11:10:28.985,415.8381660099528,6
2024-09-18 11:10:28.997,415.8109965713491,99
2024-09-18 11:10:29.061,415.82036120570393,105
2024-09-18 11:10:29.324,415.8017846615989,100
2024-09-18 11:10:29.497,415.8118494500739,999
2024-09-18 11:10:29.508,415.8178677012539,104
2024-09-18 11:10:29.731,415.8325971522759,98
2024-09-18 11:10:29.766,415.819994493562,9
2024-09-18 11:10:29.891,415.80526466269606,997
2024-09-18 11:10:29.913,415.814964168125,7
2024-09-18 11:10:29.946,415.84066609088944,11
2024-09-18 11:10:29.999,415.8216189423572,10
2024-09-18 11:10:30.138,415.90021424762114,997
2024-09-18 11:10:30.185,415.8382462056616,98
2024-09-18 11:10:30.189,415.889915079865,12
2024-09-18 11:10:30.250,415.8530032304904,1005
2024-09-18 11:10:30.288,415.88975179788446,103
2024-09-18 11:10:30.338,415.8663437215337,1004
2024-09-18 11:10:30.351,415.8510475824223,100
2024-09-18 11:10:30.398,415.87629964286737,7
2024-09-18 11:10:30.441,415.8501502607082,1002
2024-09-18 11:10:30.546,415.8403657294821,11
2024-09-18 11:10:30.684,415.8949179324768,8
2024-09-18 11:10:30.701,415.8394188679627,5
2024-09-18 11:10:30.739,415.8702072226242,9
2024-09-18 11:10:30.753,415.8335400573189,96
2024-09-18 11:10:30.779,415.8882340052154,997
2024-09-18 11:10:30.813,415.8316132300605,997
2024-09-18 11:10:30.852,-415.8872197011561,996
2024-09-18 11:10:30.861,415.8792552213562,1004
2024-09-18 11:10:30.866,415.8447746853536,15
2024-09-18 11:10:30.894,415.8901184361543,104
2024-09-18 11:10:30.894,415.844140017544,1003
2024-09-18 11:10:31.030,415.859611067442,11
2024-09-18 11:10:31.185,415.8714175211004,1001
2024-09-18 11:10:31.290,415.8585252859969,1000
2024-09-18 11:10:31.437,415.8711705787336,14
2024-09-18 11:10:31.593,415.8675072385493,7
2024-09-18 11:10:31.599,415.8538121425656,99
2024-09-18 11:10:31.879,415.8602073590708,95
2024-09-18 11:10:31.916,415.84689850445153,1003
2024-09-18 11:10:32.018,415.9749918350031,7
2024-09-18 11:10:32.056,415.89570081711446,15
2024-09-18 11:10:32.087,415.9369426204382,100
2024-09-18 11:10:32.162,415.91198974508205,103
2024-09-18 11:10:32.180,415.9742043654047,12
2024-09-18 11:10:32.248,415.91843538664887,1003
2024-09-18 11:10:32.288,415.9308142321363,96
2024-09-18 11:10:32.290,415.9175448997003,1004
2024-09-18 11:10:32.343,415.86721875904766,6
2024-09-18 11:10:32.357,-415.9041806416327,97
2024-09-18 11:10:32.365,415.8917906034752,7
2024-09-18 11:10:32.420,415.9084969922847,1001
2024-09-18 11:10:32.432,415.96681835124895,100
2024-09-18 11:10:32.434,415.9030433322813,11
2024-09-18 11:10:32.512,415.88157960478674,97
2024-09-18 11:10:32.529,415.9767713013849,12
2024-09-18 11:10:32.553,415.88965548123736,9
2024-09-18 11:10:32.556,,98
2024-09-18 11:10:32.575,415.8750589244988,1004
2024-09-18 11:10:32.660,415.89536721622846,96
2024-09-18 11:10:32.662,415.9523728819704,1003
2024-09-18 11:10:32.706,415.89882438730535,9
2024-09-18 11:10:32.755,415.9309974566117,102
2024-09-18 11:10:32.847,415.9375704841073,102
2024-09-18 11:10:32.857,415.9247357150258,1003
2024-09-18 11:10:32.893,415.90197894598896,96
2024-09-18 11:10:32.902,415.8919272688512,103
2024-09-18 11:10:32.993,-415.9063254945011,6
2024-09-18 11:10:33.006,415.9847925613333,996
2024-09-18 11:10:33.043,415.8412135304209,998
2024-09-18 11:10:33.046,415.9023463379095,99
2024-09-18 11:10:33.189,415.9604311137589,12
2024-09-18 11:10:33.192,415.9284498443919,97
2024-09-18 11:10:33.304,415.9078564287362,105
2024-09-18 11:10:33.349,415.9115834504785,5
2024-09-18 11:10:33.350,415.9406938086001,999
2024-09-18 11:10:33.402,415.8486458031415,996
2024-09-18 11:10:33.476,,8
2024-09-18 11:10:33.622,415.8913208202767,95
2024-09-18 11:10:33.623,415.8912720989401,5
2024-09-18 11:10:33.635,415.9314007243017,999
2024-09-18 11:10:33.710,415.9308865266768,12
2024-09-18 11:10:33.765,415.8743872235691,8
2024-09-18 11:10:33.818,415.9237934906144,105
2024-09-18 11:10:33.862,415.8881975852836,101
2024-09-18 11:10:33.900,415.8659050898965,95
2024-09-18 11:10:33.910,415.9147294573394,101
2024-09-18 11:10:33.990,415.8584855248258,997
2024-09-18 11:10:33.997,415.9487292541912,995
2024-09-18 11:10:34.002,415.7826446454461,8
2024-09-18 11:10:34.111,415.87230250137367,98
2024-09-18 11:10:34.162,415.7846561630233,100
2024-09-18 11:10:34.165,415.8000336472191,6
2024-09-18 11:10:34.203,415.8189063346461,13
2024-09-18 11:10:34.248,415.8065034753489,1001
2024-09-18 11:10:34.255,415.8227403002608,104
2024-09-18 11:10:34.268,415.81572088326186,104
2024-09-18 11:10:34.283,415.7648509819311,5
2024-09-18 11:10:34.335,415.8798774429157,96
2024-09-18 11:10:34.352,415.82086915197806,14
2024-09-18 11:10:34.400,41.58037386692723,9
2024-09-18 11:10:34.491,415.83933000944114,998
2024-09-18 11:10:34.519,415.82232159372336,999
2024-09-18 11:10:34.568,415.8474070880932,1005
2024-09-18 11:10:34.624,415.7733002538563,105
2024-09-18 11:10:34.693,415.8049019378204,1004
2024-09-18 11:10:34.693,415.8757695936408,105
2024-09-18 11:10:34.752,415.8378157620627,996
2024-09-18 11:10:34.769,415.8688391752827,1003
2024-09-18 11:10:34.791,415.8256960983063,11
2024-09-18 11:10:34.791,415.8182732913892,1001
2024-09-18 11:10:34.926,415.7544961622226,103
2024-09-18 11:10:34.992,415.7809264824807,97
2024-09-18 11:10:35.537,415.7395604741943,11
2024-09-18 11:10:35.578,415.7554942086846,1004
2024-09-18 11:10:35.632,415.7394885488727,9
2024-09-18 11:10:35.836,415.7484520463518,12
2024-09-18 11:10:35.927,415.7507194735753,96
2024-09-18 11:10:35.967,415.7481353490765,104
2024-09-18 11:10:36.028,415.72879568521296,12
2024-09-18 11:10:36.203,415.7463361249975,104
2024-09-18 11:10:36.212,415.7741965066256,105
2024-09-18 11:10:36.439,415.7453321098113,5
2024-09-18 11:10:36.482,415.7415382946375,11
2024-09-18 11:10:36.778,415.7718759559341,103
2024-09-18 11:10:36.803,415.73862757589967,15
2024-09-18 11:10:36.872,415.76742018837774,10
2024-09-18 11:10:37.055,415.6742461186136,98
2024-09-18 11:10:37.115,415.7011832371808,999
2024-09-18 11:10:37.188,415.7121732681086,1002
2024-09-18 11:10:37.220,415.6786897582361,1001
2024-09-18 11:10:37.301,415.6844204029524,1001
2024-09-18 11:10:37.329,415.716953499032,8
2024-09-18 11:10:37.348,415.7119721864742,1005
2024-09-18 11:10:37.362,415.6994907238124,995
2024-09-18 11:10:37.378,415.7077423366832,1003
2024-09-18 11:10:37.388,415.6890664666322,998
2024-09-18 11:10:37.446,415.6777433153956,96
2024-09-18 11:10:37.499,415.73028303476593,105
2024-09-18 11:10:37.613,415.6774566624112,95
2024-09-18 11:10:37.616,415.66677192581005,10
2024-09-18 11:10:37.625,415.6857880443649,1004
2024-09-18 11:10:37.685,415.6712794747816,999
2024-09-18 11:10:37.838,415.7078588483077,8
2024-09-18 11:10:37.898,415.7029820928629,995
2024-09-18 11:10:37.942,415.66733733647897,997
2024-09-18 11:10:37.980,415.6957926722366,1005
2024-09-18 11:10:37.986,415.6579635460622,105
2024-09-18 11:10:37.986,415.6714572184177,9
2024-09-18 11:10:38.032,415.66615418751496,96
2024-09-18 11:10:38.049,415.6652857386289,995
2024-09-18 11:10:38.080,415.6819914149143,997
2024-09-18 11:10:38.609,415.6828596352359,11
2024-09-18 11:10:38.949,415.6693392381287,1005
2024-09-18 11:10:39.003,415.71044439242246,100
2024-09-18 11:10:39.035,415.7527902811032,5
2024-09-18 11:10:39.061,415.7238782061351,98
2024-09-18 11:10:39.085,415.73211627496926,101
2024-09-18 11:10:39.117,415.7156706278509,998
2024-09-18 11:10:39.123,415.7155689630046,15
2024-09-18 11:10:39.186,415.6938135564994,1005
2024-09-18 11:10:39.291,415.76289319170536,100
2024-09-18 11:10:39.538,415.6899947835069,100
2024-09-18 11:10:39.563,415.7256562348349,103
2024-09-18 11:10:39.622,415.685318886346,999
2024-09-18 11:10:39.762,415.7472741558245,101
2024-09-18 11:10:39.877,415.68757611412417,5
2024-09-18 11:10:39.909,415.7015699815398,9
2024-09-18 11:10:39.956,415.6939068990687,7
2024-09-18 11:10:39.975,415.7027343639275,1001
2024-09-18 11:10:39.997,415.7404642318669,1002
2024-09-18 11:10:39.998,415.6663368519387,1002
2024-09-18 11:10:40.062,415.7524143797632,1001
2024-09-18 11:10:40.178,415.7442639141677,7
2024-09-18 11:10:40.180,415.71339391765656,105
2024-09-18 11:10:40.264,415.724526118565,100
2024-09-18 11:10:40.295,415.7157645648185,104
2024-09-18 11:10:40.342,415.7205309474881,98
2024-09-18 11:10:40.363,415.7535669822501,104
2024-09-18 11:10:40.471,415.7094296498772,9
2024-09-18 11:10:40.607,415.7533503988798,104
2024-09-18 11:10:40.647,415.72300445672255,1000
2024-09-18 11:10:40.725,415.7218772090021,996
2024-09-18 11:10:40.801,415.7335084141076,97
2024-09-18 11:10:40.931,415.72459624540073,1004
2024-09-18 11:10:42.002,415.69907869844224,997
2024-09-18 11:10:42.100,415.6671190850152,95
2024-09-18 11:10:42.135,415.7554390118236,1002
2024-09-18 11:10:42.136,415.7551840195847,1002
2024-09-18 11:10:42.141,415.7018178428689,1001
2024-09-18 11:10:42.199,415.73962270960806,1003
2024-09-18 11:10:42.231,415.7385004778079,9
2024-09-18 11:10:42.250,415.6860576453603,96
2024-09-18 11:10:42.260,415.66416819496624,1001
2024-09-18 11:10:42.383,415.7031457536799,103
2024-09-18 11:10:42.389,415.6644682722392,97
2024-09-18 11:10:42.411,415.7507381453896,1005
2024-09-18 11:10:42.463,415.7609322255491,12
2024-09-18 11:10:42.528,415.7388431184769,1000
2024-09-18 11:10:42.531,415.7210989397009,9
2024-09-18 11:10:42.602,415.72342401512304,10
2024-09-18 11:10:42.672,-415.76226528039706,999
2024-09-18 11:10:42.730,415.7496485835847,10
2024-09-18 11:10:42.753,415.7644104206752,101
2024-09-18 11:10:42.759,415.6774851107826,6
2024-09-18 11:10:42.841,415.7262502354233,99
2024-09-18 11:10:42.861,415.7347641515568,5
2024-09-18 11:10:42.870,415.7441870344807,1004
2024-09-18 11:10:42.941,415.76053261796784,998
2024-09-18 11:10:42.994,41.56631263819688,996
2024-09-18 11:10:43.026,415.6879760468507,100
2024-09-18 11:10:43.100,415.640455423054,12
2024-09-18 11:10:43.213,415.6634337410064,102
2024-09-18 11:10:43.226,415.6530314356617,13
2024-09-18 11:10:43.304,415.6476308699068,12
2024-09-18 11:10:43.336,415.6547119678677,102
2024-09-18 11:10:43.364,415.668877041035,7
2024-09-18 11:10:43.379,415.67663592210494,15
2024-09-18 11:10:43.527,415.6358888242472,11
2024-09-18 11:10:43.635,415.6781440306841,999
2024-09-18 11:10:43.751,415.66471136418056,104
2024-09-18 11:10:43.840,-415.7049432880237,7
2024-09-18 11:10:43.870,415.6465426255632,999
2024-09-18 11:10:43.926,415.66335056576514,1000
2024-09-18 11:10:43.962,415.6525062883836,12
2024-09-18 11:10:44.060,415.6557753258358,100
2024-09-18 11:10:44.089,415.6613199323676,995
2024-09-18 11:10:44.167,415.64923475234303,1005
2024-09-18 11:10:44.204,415.6520277971727,105
2024-09-18 11:10:44.368,415.66695491963566,102
2024-09-18 11:10:44.468,415.6650872234113,97
2024-09-18 11:10:44.757,415.6482568171449,98
2024-09-18 11:10:44.798,415.64438563426,5
2024-09-18 11:10:45.013,415.5785881787244,105
2024-09-18 11:10:45.029,415.60169623667815,999
2024-09-18 11:10:45.042,415.6212701999557,11
2024-09-18 11:10:45.176,415.6049343761593,99
2024-09-18 11:10:45.211,415.5668522124277,6
2024-09-18 11:10:45.242,415.6370022974116,11
2024-09-18 11:10:45.257,415.58665992716857,102
2024-09-18 11:10:45.316,415.6152312343314,996
2024-09-18 11:10:45.470,415.5749469043,1000
2024-09-18 11:10:45.489,415.6047960954984,1003
2024-09-18 11:10:45.547,415.59528572225264,104
2024-09-18 11:10:45.605,415.591429689827,12
2024-09-18 11:10:45.625,415.5855639407972,12
2024-09-18 11:10:45.689,415.6330304053579,1003
2024-09-18 11:10:45.747,415.6035239711052,9
2024-09-18 11:10:45.767,415.5682487128546,10
2024-09-18 11:10:45.810,415.584590487218,8
2024-09-18 11:10:45.885,415.6118580820881,1004
2024-09-18 11:10:45.892,415.5971395471877,998
2024-09-18 11:10:45.980,415.6328331660061,10
2024-09-18 11:10:45.987,415.63459501692864,100
2024-09-18 11:10:46.046,415.5894772920057,5
2024-09-18 11:10:46.151,415.6049025689702,1000
2024-09-18 11:10:46.226,415.5557701037064,1002
2024-09-18 11:10:46.227,415.56691754673614,7
2024-09-18 11:10:46.264,415.5579443974416,1003
2024-09-18 11:10:46.332,415.5610019022607,8
2024-09-18 11:10:46.475,415.5541466442872,100
2024-09-18 11:10:46.490,415.549864561036,97
2024-09-18 11:10:46.548,415.617839372804,11
2024-09-18 11:10:46.549,415.551605311792,1001
2024-09-18 11:10:46.550,415.5695046753205,98
2024-09-18 11:10:46.563,415.5317830319142,1005
2024-09-18 11:10:46.645,415.56337119612704,96
2024-09-18 11:10:46.833,415.5537794628507,1003
2024-09-18 11:10:47.017,415.5581238734336,103
2024-09-18 11:10:47.072,415.55204130613663,8
2024-09-18 11:10:47.081,415.5182068388331,1000
2024-09-18 11:10:47.081,415.55492442390965,101
2024-09-18 11:10:47.186,415.4856989005965,8
2024-09-18 11:10:47.201,415.5302995138045,11
2024-09-18 11:10:47.417,415.5229119700242,15
2024-09-18 11:10:47.452,415.5175584380185,997
2024-09-18 11:10:47.608,415.5160995710069,1003
2024-09-18 11:10:47.685,415.5504961220835,6
2024-09-18 11:10:47.728,415.5165292029833,1005
2024-09-18 11:10:47.743,415.49488269373927,997
2024-09-18 11:10:47.755,415.54460464720273,15
2024-09-18 11:10:47.762,415.5267006187785,13
2024-09-18 11:10:47.842,415.5464135217392,9
2024-09-18 11:10:47.983,415.5397840398997,5
2024-09-18 11:10:47.984,415.5758812850849,95
2024-09-18 11:10:47.998,415.5867254530381,997
2024-09-18 11:10:48.104,415.4710650111063,99
2024-09-18 11:10:48.191,415.4712028893433,995
2024-09-18 11:10:48.230,415.447739388125,96
2024-09-18 11:10:48.594,415.4411032843411,105
2024-09-18 11:10:48.606,415.4591453522472,995
2024-09-18 11:10:48.632,415.4485020213101,1001
2024-09-18 11:10:48.701,415.45999461509047,9
2024-09-18 11:10:48.815,415.46209882157547,101
2024-09-18 11:10:48.905,415.4457209648401,103
2024-09-18 11:10:49.110,415.4851336572029,105
2024-09-18 11:10:49.116,,101
2024-09-18 11:10:49.150,415.4231148518346,99
2024-09-18 11:10:49.159,415.4195574551773,96
2024-09-18 11:10:49.336,415.427946920364,98
2024-09-18 11:10:49.446,415.455313061805,1005
2024-09-18 11:10:49.571,415.4375705875264,9
2024-09-18 11:10:49.602,415.4516743931402,99
2024-09-18 11:10:49.651,415.4876653550417,996
2024-09-18 11:10:49.743,415.47124339279736,1002
2024-09-18 11:10:49.799,415.4482148742918,6
2024-09-18 11:10:49.821,415.4492226318306,96
2024-09-18 11:10:49.922,415.4430824478627,102
2024-09-18 11:10:49.928,415.4460031685744,1001
2024-09-18 11:10:49.945,415.4427228443206,100
2024-09-18 11:10:50.052,415.4423349495664,101
2024-09-18 11:10:50.089,415.4320344718512,9
2024-09-18 11:10:50.117,415.4342237668643,103
2024-09-18 11:10:50.122,415.4356473375484,12
2024-09-18 11:10:50.132,415.42695086674223,1002
2024-09-18 11:10:50.181,415.4641838111382,14
2024-09-18 11:10:50.221,415.420459219505,1000
2024-09-18 11:10:50.252,415.4383983722204,1003
2024-09-18 11:10:50.273,415.4180848152865,13
2024-09-18 11:10:50.288,415.4444240609431,995
2024-09-18 11:10:50.332,415.4490282938297,5
2024-09-18 11:10:50.354,415.3915329886364,1001
2024-09-18 11:10:50.362,415.4619744849763,12
2024-09-18 11:10:50.497,415.4558388771516,101
2024-09-18 11:10:50.528,415.4692819699949,1000
2024-09-18 11:10:50.578,41.544730414684565,998
2024-09-18 11:10:50.601,415.431101493421,100
2024-09-18 11:10:50.763,-415.4365839602791,105
2024-09-18 11:10:50.790,415.4533628554645,97
2024-09-18 11:10:50.831,415.4505600336004,98
2024-09-18 11:10:50.861,,9
2024-09-18 11:10:50.950,415.4546091963184,96
2024-09-18 11:10:50.981,415.4075912773368,100
2024-09-18 11:10:50.987,415.4586873107321,1004
2024-09-18 11:10:51.602,415.43602969567,995
2024-09-18 11:10:51.881,415.43559665863626,999
2024-09-18 11:10:52.031,415.43235141961526,99
2024-09-18 11:10:52.057,415.4313506251673,7
2024-09-18 11:10:52.111,415.4219195884907,999
2024-09-18 11:10:52.130,415.45319667960047,1005
2024-09-18 11:10:52.145,415.4310499525568,999
2024-09-18 11:10:52.263,415.438951855807,1003
2024-09-18 11:10:52.350,415.423531529077,13
2024-09-18 11:10:52.439,415.416443146005,14
2024-09-18 11:10:52.514,415.432152890669,1002
2024-09-18 11:10:52.577,415.42770872080354,96
2024-09-18 11:10:52.594,415.4258029387608,103
2024-09-18 11:10:52.638,415.4385699358799,9
2024-09-18 11:10:52.643,415.4162945883006,5
2024-09-18 11:10:52.695,415.44571277005866,101
2024-09-18 11:10:52.734,415.4549022328709,997
2024-09-18 11:10:52.883,415.4298287791305,104
2024-09-18 11:10:52.929,415.4474530451024,99
2024-09-18 11:10:52.966,415.4457752405504,1000
2024-09-18 11:10:53.144,415.4408441517016,995
2024-09-18 11:10:53.235,415.4482421326685,996
2024-09-18 11:10:53.305,415.4594411018128,13
2024-09-18 11:10:53.372,415.4274087932589,1001
2024-09-18 11:10:53.531,415.4487285870874,1005
2024-09-18 11:10:53.558,415.4499871055506,96
2024-09-18 11:10:53.647,415.4354049995083,105
2024-09-18 11:10:53.677,415.4390523563814,1004
2024-09-18 11:10:53.704,415.4416532302988,1002
2024-09-18 11:10:53.849,415.4528121692556,1001
2024-09-18 11:10:53.888,415.4250703876983,9
2024-09-18 11:10:53.914,415.4381501062619,105
2024-09-18 11:10:54.038,415.4795334064705,1001
2024-09-18 11:10:54.086,415.4507402674705,8
2024-09-18 11:10:54.171,415.45766400794247,95
2024-09-18 11:10:54.327,415.45366321474427,997
2024-09-18 11:10:54.334,415.4652271664031,14
2024-09-18 11:10:54.430,415.4601830780797,105
2024-09-18 11:10:54.439,415.46789397271823,103
2024-09-18 11:10:54.583,415.4614097436825,8
2024-09-18 11:10:54.855,415.47112258699855,97
2024-09-18 11:10:54.878,415.4513387535248,98
2024-09-18 11:10:54.943,415.46175516913786,8
2024-09-18 11:10:54.959,415.455758373415,101
2024-09-18 11:10:54.964,415.4556997448077,12
2024-09-18 11:10:55.197,415.4304193478108,999
2024-09-18 11:10:55.216,415.4179420531701,5
2024-09-18 11:10:55.338,415.4135384316043,5
2024-09-18 11:10:55.339,415.4099515799765,11
2024-09-18 11:10:55.865,415.4360451832086,5
2024-09-18 11:10:55.884,415.4225449634776,6
2024-09-18 11:10:56.597,415.4161745333281,1000
2024-09-18 11:10:57.160,415.3636850260124,1001
2024-09-18 11:10:57.291,415.3727181065089,105
2024-09-18 11:10:57.300,415.4260385875722,5
2024-09-18 11:10:57.378,415.382038249325,11
2024-09-18 11:10:57.438,415.3791399551809,13
2024-09-18 11:10:57.487,415.3893117726438,997
2024-09-18 11:10:57.534,415.3988600980795,996
2024-09-18 11:10:57.537,415.4281734025157,14
2024-09-18 11:10:57.569,415.3798059187909,97
2024-09-18 11:10:57.582,415.38446536015306,13
2024-09-18 11:10:57.595,415.384678850148,995
2024-09-18 11:10:57.612,415.4020338658614,97
2024-09-18 11:10:57.612,415.40656526174513,5
2024-09-18 11:10:57.614,415.3852032480215,996
2024-09-18 11:10:57.634,415.39476426941366,1003
2024-09-18 11:10:57.715,,102
2024-09-18 11:10:57.718,415.37077490595647,1000
2024-09-18 11:10:57.812,415.3627115684406,105
2024-09-18 11:10:57.830,415.3804230888561,96
2024-09-18 11:10:57.881,415.389293551764,995
2024-09-18 11:10:57.943,415.419421870033,1000
2024-09-18 11:10:57.967,415.4402640993675,999
2024-09-18 11:10:57.982,415.3713213758048,1003
2024-09-18 11:10:57.983,415.4251546605194,97
2024-09-18 11:10:58.022,415.4260670942019,1004
2024-09-18 11:10:58.034,415.3885692672572,97
2024-09-18 11:10:58.117,415.41195692371866,1005
2024-09-18 11:10:58.244,415.40951083413023,101
2024-09-18 11:10:58.265,415.3848686203763,1004
2024-09-18 11:10:58.347,-415.38777401599145,995
2024-09-18 11:10:58.517,415.4351101498056,9
2024-09-18 11:10:58.519,415.3848944793381,1001
2024-09-18 11:10:58.832,41.53916184823484,996
2024-09-18 11:10:58.873,415.4222277822664,6
2024-09-18 11:10:58.902,415.400364835069,13
2024-09-18 11:10:58.959,415.3895331239132,995
2024-09-18 11:10:58.993,415.37693504510696,95
2024-09-18 11:10:59.009,415.3379280171884,1001
2024-09-18 11:10:59.022,415.36228534484,102
2024-09-18 11:10:59.048,415.3712159450792,15
2024-09-18 11:10:59.228,415.36080947002336,1005
2024-09-18 11:10:59.292,415.3308342027416,11
2024-09-18 11:10:59.321,415.3690967868877,10
2024-09-18 11:10:59.373,415.3900829317312,12
2024-09-18 11:10:59.376,415.3524217681074,7
2024-09-18 11:10:59.459,415.3382339429833,96
2024-09-18 11:10:59.547,415.36054905169215,1001
2024-09-18 11:10:59.714,415.3906364347022,102
2024-09-18 11:10:59.737,415.338531263037,1002
2024-09-18 11:10:59.772,415.3630096206384,1003
2024-09-18 11:10:59.802,415.3458868560055,1000
2024-09-18 11:10:59.807,415.33620853468506,9
2024-09-18 11:10:59.812,415.3795454690238,96
2024-09-18 11:10:59.842,,11
2024-09-18 11:10:59.866,415.3549466940398,8
2024-09-18 11:10:59.923,415.36752674404266,15
2024-09-18 11:10:59.966,415.334866119162,95
2024-09-18 11:10:59.966,415.3750043683639,104
2024-09-18 11:10:59.976,415.3275045209495,98
