Timestamp,Price,Size
2024-09-18 13:53:00.005,414.75554021998687,998
2024-09-18 13:53:00.128,414.74039432855466,1005
2024-09-18 13:53:00.152,414.7832283436243,997
2024-09-18 13:53:00.183,414.7252053995636,999
2024-09-18 13:53:00.349,414.7413634139409,996
2024-09-18 13:53:00.419,414.78125084194846,1002
2024-09-18 13:53:00.481,414.7477489893722,1001
2024-09-18 13:53:00.558,414.7769099800401,100
2024-09-18 13:53:00.628,-414.7950325255992,1004
2024-09-18 13:53:00.668,414.76583688759393,15
2024-09-18 13:53:00.693,414.74442548118566,13
2024-09-18 13:53:00.814,414.7651423993338,13
2024-09-18 13:53:00.822,414.7349884062281,100
2024-09-18 13:53:00.917,41.47443916478108,95
2024-09-18 13:53:01.010,414.7543658142416,995
2024-09-18 13:53:01.028,414.79028800687234,995
2024-09-18 13:53:01.079,414.7512187748136,1004
2024-09-18 13:53:01.197,414.765757243182,998
2024-09-18 13:53:01.298,414.7368779087346,13
2024-09-18 13:53:01.301,414.7551445483471,995
2024-09-18 13:53:01.328,414.7510038497622,998
2024-09-18 13:53:01.385,414.76258934768526,1001
2024-09-18 13:53:01.421,414.77113649075136,999
2024-09-18 13:53:01.466,414.7555546655653,15
2024-09-18 13:53:01.575,414.7726447528467,105
2024-09-18 13:53:01.592,414.7520487734506,996
2024-09-18 13:53:01.602,414.7594467887027,998
2024-09-18 13:53:01.675,414.7745871056752,996
2024-09-18 13:53:01.697,-414.7567349084201,1005
2024-09-18 13:53:01.828,414.77866199346175,1005
2024-09-18 13:53:01.861,414.7411178899878,99
2024-09-18 13:53:01.982,414.7546665443234,96
2024-09-18 13:53:02.136,414.7291643433989,15
2024-09-18 13:53:02.289,414.7000579695785,1004
2024-09-18 13:53:02.336,414.7167804616878,102
2024-09-18 13:53:02.378,414.7163470913251,11
2024-09-18 13:53:02.516,414.707197697663,97
2024-09-18 13:53:02.557,414.7117807492706,1001
2024-09-18 13:53:02.722,414.734362586699,1003
2024-09-18 13:53:02.763,414.714519958276,11
2024-09-18 13:53:02.883,414.72921500567975,13
2024-09-18 13:53:03.144,414.7421001359714,5
2024-09-18 13:53:03.145,414.7619775185183,105
2024-09-18 13:53:03.174,414.74918005818455,6
2024-09-18 13:53:03.262,,1004
2024-09-18 13:53:03.266,414.7618618398015,999
2024-09-18 13:53:03.288,414.78055168745954,105
2024-09-18 13:53:03.580,414.7159859750975,1004
2024-09-18 13:53:03.676,414.71642014630856,100
2024-09-18 13:53:04.038,414.7932419959916,95
2024-09-18 13:53:04.068,414.8121559767986,5
2024-09-18 13:53:04.073,414.799255964652,1000
2024-09-18 13:53:04.095,414.823132132955,103
2024-09-18 13:53:04.099,414.7923268313973,6
2024-09-18 13:53:04.144,414.818489358339,9
2024-09-18 13:53:04.217,414.80096811110656,10
2024-09-18 13:53:04.247,414.8522806682153,96
2024-09-18 13:53:04.297,414.8082209263401,10
2024-09-18 13:53:04.332,414.8419894471859,99
2024-09-18 13:53:04.420,414.81354029667256,12
2024-09-18 13:53:04.437,414.8094336170586,14
2024-09-18 13:53:04.440,414.8088818109335,99
2024-09-18 13:53:04.522,414.8167639119516,1002
2024-09-18 13:53:04.526,414.8188195066016,98
2024-09-18 13:53:04.539,414.81093029186775,5
2024-09-18 13:53:04.557,414.8241536742095,103
2024-09-18 13:53:04.574,414.8174453699069,98
2024-09-18 13:53:04.580,,1000
2024-09-18 13:53:04.587,414.8197185915451,101
2024-09-18 13:53:04.619,414.8180434597472,6
2024-09-18 13:53:04.625,414.82395883198114,1003
2024-09-18 13:53:04.685,414.8178656386588,101
2024-09-18 13:53:04.724,414.8248048493357,996
2024-09-18 13:53:04.744,414.8061464753174,995
2024-09-18 13:53:04.919,414.823522337168,12
2024-09-18 13:53:05.007,414.8645460723069,12
2024-09-18 13:53:05.219,414.8634229301914,102
2024-09-18 13:53:05.500,414.8635471820362,105
2024-09-18 13:53:05.575,,13
2024-09-18 13:53:05.693,414.87297038126536,8
2024-09-18 13:53:05.707,414.8438656306199,1000
2024-09-18 13:53:05.776,414.8647573285925,101
2024-09-18 13:53:05.853,414.8592865505223,11
2024-09-18 13:53:06.020,-414.8857152449877,11
2024-09-18 13:53:06.061,414.8549544503558,10
2024-09-18 13:53:06.108,414.8464397530038,98
2024-09-18 13:53:06.109,414.8917891517552,12
2024-09-18 13:53:06.202,414.8824493252911,101
2024-09-18 13:53:06.223,414.8595868489,97
2024-09-18 13:53:06.374,414.8938550276664,1003
2024-09-18 13:53:06.399,414.8880575998402,98
2024-09-18 13:53:06.460,414.8651786535909,1003
2024-09-18 13:53:06.470,414.8861739007255,1000
2024-09-18 13:53:06.506,414.88970098457264,97
2024-09-18 13:53:06.640,414.9136981279742,14
2024-09-18 13:53:06.673,414.8690917198508,14
2024-09-18 13:53:06.715,414.8868843970089,13
2024-09-18 13:53:06.877,414.8438579254883,999
2024-09-18 13:53:06.878,414.8907590745711,1001
2024-09-18 13:53:06.924,414.868063038939,997
2024-09-18 13:53:06.981,414.8446368828992,1005
2024-09-18 13:53:07.201,414.81783142172384,5
2024-09-18 13:53:07.256,414.8276983558222,14
2024-09-18 13:53:07.261,414.8349174020962,13
2024-09-18 13:53:07.362,414.8429398582492,10
2024-09-18 13:53:07.441,414.8344133931817,1004
2024-09-18 13:53:07.575,414.8409451979129,1005
2024-09-18 13:53:07.684,414.8378032380006,997
2024-09-18 13:53:07.758,414.8553546381223,103
2024-09-18 13:53:07.805,414.8526413228749,101
2024-09-18 13:53:07.927,414.83404161934726,13
2024-09-18 13:53:08.582,414.88412238088057,1005
2024-09-18 13:53:08.628,414.8505939377514,96
2024-09-18 13:53:08.753,414.8725041533998,102
2024-09-18 13:53:08.953,41.48308624715571,5
2024-09-18 13:53:09.015,414.8598319820729,1003
2024-09-18 13:53:09.083,414.8933106488994,8
2024-09-18 13:53:09.116,414.84223931844485,15
2024-09-18 13:53:09.187,414.8694276124278,1005
2024-09-18 13:53:09.209,414.8774920684029,997
2024-09-18 13:53:09.227,414.85354099316777,11
2024-09-18 13:53:09.244,414.8553200773922,13
2024-09-18 13:53:09.264,414.90453648113385,95
2024-09-18 13:53:09.312,414.8621772658352,10
2024-09-18 13:53:09.325,414.8894895778981,100
2024-09-18 13:53:09.334,414.8834370097604,8
2024-09-18 13:53:09.377,414.8894347896282,5
2024-09-18 13:53:09.380,414.8937996643001,13
2024-09-18 13:53:09.386,414.856620004126,6
2024-09-18 13:53:09.450,414.8525355649616,96
2024-09-18 13:53:09.467,414.8830075686245,1002
2024-09-18 13:53:09.528,414.8641265448404,95
2024-09-18 13:53:09.551,414.9102281989053,101
2024-09-18 13:53:09.557,414.8876372336562,99
2024-09-18 13:53:09.561,414.89810104719015,100
2024-09-18 13:53:09.607,414.88292013612266,1005
2024-09-18 13:53:09.661,414.8912215806135,99
2024-09-18 13:53:09.664,414.85050326360494,100
2024-09-18 13:53:09.705,414.8663507577532,6
2024-09-18 13:53:09.807,414.8809740390063,95
2024-09-18 13:53:09.869,414.8357907013246,8
2024-09-18 13:53:09.872,414.8848051898152,15
2024-09-18 13:53:09.907,414.8567553671208,13
2024-09-18 13:53:09.913,414.8888831077769,15
2024-09-18 13:53:09.941,414.8327048487656,104
2024-09-18 13:53:10.066,414.85736808722095,97
2024-09-18 13:53:11.146,414.8637924236708,1003
2024-09-18 13:53:11.150,414.8555723185253,1005
2024-09-18 13:53:11.218,414.8888785185332,1001
2024-09-18 13:53:11.239,414.8890298185362,7
2024-09-18 13:53:11.250,414.8973048211644,999
2024-09-18 13:53:11.275,414.8679580692274,95
2024-09-18 13:53:11.291,414.88044357083135,102
2024-09-18 13:53:11.319,414.8714749974315,1005
2024-09-18 13:53:11.323,414.8952541562569,1004
2024-09-18 13:53:11.357,414.9012143403125,14
2024-09-18 13:53:11.361,414.91063058962425,1005
2024-09-18 13:53:11.396,414.883465172178,105
2024-09-18 13:53:11.407,414.8502377208425,998
2024-09-18 13:53:11.514,414.87780935182406,997
2024-09-18 13:53:11.540,414.8855358428252,7
2024-09-18 13:53:11.600,414.8739151153205,10
2024-09-18 13:53:11.634,414.8907131141479,100
2024-09-18 13:53:11.691,414.8768521891786,99
2024-09-18 13:53:11.710,414.8612900161642,95
2024-09-18 13:53:11.765,414.9035421341461,998
2024-09-18 13:53:11.937,414.8756091328283,9
2024-09-18 13:53:11.985,41.4861746199576,7
2024-09-18 13:53:11.997,414.9122673805692,96
2024-09-18 13:53:12.027,414.9158823884129,102
2024-09-18 13:53:12.109,414.8931835067362,104
2024-09-18 13:53:12.467,414.8950638456668,95
2024-09-18 13:53:12.502,414.92469628253247,98
2024-09-18 13:53:12.763,414.9211981988812,8
2024-09-18 13:53:12.781,414.9374097648613,1000
2024-09-18 13:53:12.931,414.9189093864058,103
2024-09-18 13:53:12.959,414.91246392343663,1002
2024-09-18 13:53:12.995,414.9294897071428,996
2024-09-18 13:53:13.062,414.944532216139,8
2024-09-18 13:53:13.141,414.9490020898151,101
2024-09-18 13:53:13.144,414.9902396754143,99
2024-09-18 13:53:13.152,414.9603306796374,1003
2024-09-18 13:53:13.179,414.9773624000219,998
2024-09-18 13:53:13.201,415.0078430085967,104
2024-09-18 13:53:13.377,,101
2024-09-18 13:53:13.423,414.9909654355998,7
2024-09-18 13:53:13.430,414.9701053093461,103
2024-09-18 13:53:13.544,414.924759648451,997
2024-09-18 13:53:13.634,415.0055779221862,98
2024-09-18 13:53:13.735,414.9534551496215,15
2024-09-18 13:53:13.744,414.953743776268,97
2024-09-18 13:53:13.750,415.0013688905319,102
2024-09-18 13:53:14.044,415.0381075294354,96
2024-09-18 13:53:14.281,415.03058250019865,95
2024-09-18 13:53:14.612,415.04142838402174,1004
2024-09-18 13:53:14.809,415.0089586731098,996
2024-09-18 13:53:15.129,415.0410039974736,10
2024-09-18 13:53:15.196,415.0478789297449,1000
2024-09-18 13:53:15.226,415.039930383276,98
2024-09-18 13:53:15.313,415.0390470280792,104
2024-09-18 13:53:15.329,415.0437007152663,95
2024-09-18 13:53:15.373,415.03613278349405,99
2024-09-18 13:53:15.387,415.04959552021273,8
2024-09-18 13:53:15.420,415.0418842233809,1002
2024-09-18 13:53:15.504,-415.0321843510068,7
2024-09-18 13:53:15.547,415.04330950205946,98
2024-09-18 13:53:15.573,415.0533279133358,97
2024-09-18 13:53:15.741,415.0404831976491,100
2024-09-18 13:53:15.863,415.0423547610493,10
2024-09-18 13:53:15.892,415.0297640480927,13
2024-09-18 13:53:15.901,415.04054290911375,13
2024-09-18 13:53:15.903,415.026356109323,104
2024-09-18 13:53:15.965,415.0243741274133,1000
2024-09-18 13:53:16.046,415.0342643324472,98
2024-09-18 13:53:16.057,415.0556558161702,998
2024-09-18 13:53:16.065,415.0374827005689,1002
2024-09-18 13:53:16.075,415.0479063870855,12
2024-09-18 13:53:16.123,415.03826774176,11
2024-09-18 13:53:16.141,415.0668098323689,105
2024-09-18 13:53:16.142,415.0505966391842,9
2024-09-18 13:53:16.143,415.03023800790567,1001
2024-09-18 13:53:16.172,415.0542395497968,996
2024-09-18 13:53:16.173,415.05623300486445,104
2024-09-18 13:53:16.176,415.0329458346532,7
2024-09-18 13:53:16.244,415.0402418607633,102
2024-09-18 13:53:16.322,415.0168818432708,995
2024-09-18 13:53:16.370,415.047274961182,99
2024-09-18 13:53:16.426,415.0459497667297,104
2024-09-18 13:53:16.490,415.0337972420026,996
2024-09-18 13:53:16.557,415.0305739436225,97
2024-09-18 13:53:16.601,415.0123661754666,95
2024-09-18 13:53:16.655,415.0433246930608,1003
2024-09-18 13:53:16.663,415.0330780156505,8
2024-09-18 13:53:16.698,415.0578390820327,999
2024-09-18 13:53:16.714,415.0428807145778,14
2024-09-18 13:53:16.782,415.0408670732431,5
2024-09-18 13:53:16.807,415.041958844045,1004
2024-09-18 13:53:16.831,415.04239580772094,103
2024-09-18 13:53:16.915,415.0146942758397,96
2024-09-18 13:53:16.948,415.0454163899246,7
2024-09-18 13:53:16.951,415.0345270407712,996
2024-09-18 13:53:16.967,415.0111722267288,1003
2024-09-18 13:53:17.009,415.0313318119384,998
2024-09-18 13:53:17.035,415.0055612362386,6
2024-09-18 13:53:17.057,415.03985277665385,1000
2024-09-18 13:53:17.061,415.03897191875,6
2024-09-18 13:53:17.135,415.00202680480544,997
2024-09-18 13:53:17.143,415.0076046316986,15
2024-09-18 13:53:17.211,415.0611242622651,7
2024-09-18 13:53:17.231,415.0350055832534,96
2024-09-18 13:53:17.264,415.0225583687673,104
2024-09-18 13:53:17.277,415.020028019398,8
2024-09-18 13:53:17.300,414.9941765609423,1000
2024-09-18 13:53:17.343,415.0140070740101,14
2024-09-18 13:53:17.374,415.03374057965874,997
2024-09-18 13:53:17.406,415.0249263644957,97
2024-09-18 13:53:17.461,415.015717269694,5
2024-09-18 13:53:17.491,414.9813388859375,8
2024-09-18 13:53:17.498,414.9909682582961,12
2024-09-18 13:53:17.504,415.0179318914641,5
2024-09-18 13:53:17.514,415.0590151834611,999
2024-09-18 13:53:17.647,415.0227211485711,13
2024-09-18 13:53:17.694,415.0010328919173,99
2024-09-18 13:53:17.853,415.0153667388474,13
2024-09-18 13:53:17.862,415.0108494587392,105
2024-09-18 13:53:17.863,415.02468634841375,1005
2024-09-18 13:53:17.880,415.0520949386096,998
2024-09-18 13:53:17.899,415.00727719106345,99
2024-09-18 13:53:17.924,41.50156745709981,5
2024-09-18 13:53:17.931,415.0092438175672,1005
2024-09-18 13:53:17.956,415.0001143032241,8
2024-09-18 13:53:18.126,414.99362268142016,1000
2024-09-18 13:53:18.160,415.0169721866844,1004
2024-09-18 13:53:18.389,414.9945949372638,6
2024-09-18 13:53:18.611,414.9962387467235,103
2024-09-18 13:53:18.763,415.03771892694414,10
2024-09-18 13:53:18.945,415.0017052539006,999
2024-09-18 13:53:19.361,415.0009445410976,100
2024-09-18 13:53:19.768,415.0128790691559,1002
2024-09-18 13:53:20.010,414.98522073489033,100
2024-09-18 13:53:20.024,414.9621060754655,12
2024-09-18 13:53:20.119,415.00920603313233,999
2024-09-18 13:53:20.129,-415.00951598359,13
2024-09-18 13:53:20.172,414.9706940368672,1003
2024-09-18 13:53:20.185,414.9601178903375,15
2024-09-18 13:53:20.263,414.95974683375744,999
2024-09-18 13:53:20.294,414.9456296563382,14
2024-09-18 13:53:20.328,415.00973468776704,99
2024-09-18 13:53:20.380,-414.9503504323579,104
2024-09-18 13:53:20.395,414.9726190363753,5
2024-09-18 13:53:20.471,414.9581967336471,102
2024-09-18 13:53:20.472,414.9638207502844,11
2024-09-18 13:53:20.491,415.0062641613102,1004
2024-09-18 13:53:20.502,415.01467601831314,995
2024-09-18 13:53:20.505,414.9505676003749,1003
2024-09-18 13:53:20.526,414.9491984247077,999
2024-09-18 13:53:20.537,414.9704580763165,9
2024-09-18 13:53:20.574,415.0052308873069,97
2024-09-18 13:53:20.577,414.9858975707427,11
2024-09-18 13:53:20.581,414.97781617900375,7
2024-09-18 13:53:20.623,41.49524293300442,95
2024-09-18 13:53:20.689,414.9792302300961,95
2024-09-18 13:53:20.690,414.9741128411564,96
2024-09-18 13:53:20.699,414.9661076565793,997
2024-09-18 13:53:20.702,414.9618454978722,95
2024-09-18 13:53:20.801,414.962052510362,14
2024-09-18 13:53:20.814,414.9670482058023,11
2024-09-18 13:53:20.908,414.989353232679,997
2024-09-18 13:53:21.007,414.9534256114636,13
2024-09-18 13:53:21.039,415.00034722871567,99
2024-09-18 13:53:21.063,415.0407765882215,1005
2024-09-18 13:53:21.181,415.0455362235597,10
2024-09-18 13:53:21.250,414.9847295692544,5
2024-09-18 13:53:21.310,415.05162281776967,105
2024-09-18 13:53:21.390,414.9931320025785,13
2024-09-18 13:53:21.411,414.9625664112151,9
2024-09-18 13:53:21.417,414.99605757886735,14
2024-09-18 13:53:21.425,415.024848439737,13
2024-09-18 13:53:21.434,415.0000946463277,996
2024-09-18 13:53:21.509,414.9891330374825,7
2024-09-18 13:53:21.552,414.9875701912599,9
2024-09-18 13:53:21.616,414.9990040324456,5
2024-09-18 13:53:21.654,414.9925136997538,1001
2024-09-18 13:53:21.745,415.0023057410788,998
2024-09-18 13:53:21.751,415.0032997244328,9
2024-09-18 13:53:21.816,415.0540715368043,6
2024-09-18 13:53:21.845,414.9798634196276,998
2024-09-18 13:53:21.908,,105
2024-09-18 13:53:22.012,415.077710533174,100
2024-09-18 13:53:22.014,415.08801186993634,99
2024-09-18 13:53:22.091,415.0791398375991,6
2024-09-18 13:53:22.109,415.009007235059,14
2024-09-18 13:53:22.131,415.032591837052,997
2024-09-18 13:53:22.132,415.1263228581042,96
2024-09-18 13:53:22.195,415.0339474185674,997
2024-09-18 13:53:22.237,415.0831147571153,96
2024-09-18 13:53:22.270,415.0976223879357,10
2024-09-18 13:53:22.325,415.0212606947096,98
2024-09-18 13:53:22.337,415.0338333002609,9
2024-09-18 13:53:22.349,415.09926564249554,1002
2024-09-18 13:53:22.410,415.0400577386005,99
2024-09-18 13:53:22.414,415.0897961521216,96
2024-09-18 13:53:22.511,415.0618077787162,100
2024-09-18 13:53:22.597,415.0158038477298,7
2024-09-18 13:53:22.647,415.039201755522,9
2024-09-18 13:53:22.674,415.102240226261,1001
2024-09-18 13:53:22.756,415.039962299632,1002
2024-09-18 13:53:22.756,415.1161375872509,97
2024-09-18 13:53:22.805,415.0893954790832,996
2024-09-18 13:53:22.816,415.07052784625535,1000
2024-09-18 13:53:22.820,415.0959358937148,8
2024-09-18 13:53:22.863,415.1097579673405,1004
2024-09-18 13:53:22.881,415.0406491128029,96
2024-09-18 13:53:22.913,415.0853065763839,102
2024-09-18 13:53:23.069,415.0700788946225,9
2024-09-18 13:53:23.089,415.0782688745657,1003
2024-09-18 13:53:23.121,415.0482422613049,8
2024-09-18 13:53:23.191,415.0842490563304,1001
2024-09-18 13:53:23.311,415.10502453544905,998
2024-09-18 13:53:23.331,415.0477288532376,996
2024-09-18 13:53:23.437,415.0845013725909,99
2024-09-18 13:53:23.453,415.037913822782,15
2024-09-18 13:53:23.494,,98
2024-09-18 13:53:23.517,415.0484734864349,1003
2024-09-18 13:53:23.525,415.1119703919632,97
2024-09-18 13:53:23.541,415.1011518831311,11
2024-09-18 13:53:23.600,415.06569362622696,97
2024-09-18 13:53:23.601,415.0376855257338,104
2024-09-18 13:53:23.607,415.0932417351592,14
2024-09-18 13:53:23.623,415.10612624407577,1003
2024-09-18 13:53:23.646,415.1167122434335,97
2024-09-18 13:53:23.709,,101
2024-09-18 13:53:23.714,415.0342943178504,9
2024-09-18 13:53:23.756,415.1009787372551,995
2024-09-18 13:53:23.773,415.1261651938594,13
2024-09-18 13:53:23.868,415.0603021277263,996
2024-09-18 13:53:23.879,415.1146917723763,98
2024-09-18 13:53:23.895,415.1008674149156,104
2024-09-18 13:53:24.004,415.1273792643726,99
2024-09-18 13:53:24.060,415.0994282579197,1003
2024-09-18 13:53:24.103,415.1437171143752,8
2024-09-18 13:53:24.198,415.1242092435485,1002
2024-09-18 13:53:24.198,415.1009832810382,999
2024-09-18 13:53:24.282,415.1199295010695,12
2024-09-18 13:53:24.284,415.09790549516265,103
2024-09-18 13:53:24.659,415.0993384146157,999
2024-09-18 13:53:24.726,415.1415926056364,13
2024-09-18 13:53:24.816,415.1124184882328,999
2024-09-18 13:53:24.851,415.134265425175,105
2024-09-18 13:53:24.864,415.117618938358,100
2024-09-18 13:53:24.912,-415.0855501632051,12
2024-09-18 13:53:24.917,415.1291999589412,103
2024-09-18 13:53:24.979,415.1236255077282,102
2024-09-18 13:53:25.017,415.078770211204,9
2024-09-18 13:53:25.122,415.0798769830537,14
2024-09-18 13:53:25.154,-415.08852758313446,13
2024-09-18 13:53:25.171,415.0803826791013,15
2024-09-18 13:53:25.264,415.0835537926561,7
2024-09-18 13:53:25.280,415.06952204804986,104
2024-09-18 13:53:25.432,415.0844300505906,102
2024-09-18 13:53:25.578,415.0858734991513,1001
2024-09-18 13:53:25.719,415.0829891770874,1004
2024-09-18 13:53:25.729,415.0755186476039,995
2024-09-18 13:53:25.734,415.0981909243386,1002
2024-09-18 13:53:25.881,415.0722710819769,97
2024-09-18 13:53:25.900,415.0812391048244,95
2024-09-18 13:53:25.907,415.0742075566354,102
2024-09-18 13:53:26.007,415.1484566978724,1004
2024-09-18 13:53:26.010,415.1522894860749,99
2024-09-18 13:53:26.043,415.08099677394864,11
2024-09-18 13:53:26.049,415.1049032264266,1001
2024-09-18 13:53:26.057,415.1158245289764,999
2024-09-18 13:53:26.066,415.1293900488733,98
2024-09-18 13:53:26.111,415.15893169428415,11
2024-09-18 13:53:26.235,415.0834600521384,1001
2024-09-18 13:53:26.316,415.1282893174662,98
2024-09-18 13:53:26.401,415.12815015627496,15
2024-09-18 13:53:26.419,415.1507412237324,13
2024-09-18 13:53:26.462,415.0916073139194,15
2024-09-18 13:53:26.484,415.0916977662586,103
2024-09-18 13:53:26.489,415.1203179303984,103
2024-09-18 13:53:26.504,415.1651802101335,10
2024-09-18 13:53:26.603,415.13320222691937,1004
2024-09-18 13:53:26.613,415.1160453960596,1003
2024-09-18 13:53:26.614,415.1204630390749,9
2024-09-18 13:53:26.663,415.083586902321,1004
2024-09-18 13:53:26.665,415.1690049666378,9
2024-09-18 13:53:26.757,415.1512975625349,104
2024-09-18 13:53:26.768,415.080734843285,15
2024-09-18 13:53:26.831,415.11423870943975,104
2024-09-18 13:53:26.842,415.1541778284963,6
2024-09-18 13:53:26.872,415.1127006492612,96
2024-09-18 13:53:26.894,415.1497114046144,95
2024-09-18 13:53:26.955,415.098098172392,996
2024-09-18 13:53:26.962,415.0937171813261,105
2024-09-18 13:53:26.981,415.09097635291545,12
2024-09-18 13:53:26.993,415.0809522143058,9
2024-09-18 13:53:27.291,415.1671052163962,996
2024-09-18 13:53:28.114,415.1694786510653,100
2024-09-18 13:53:28.160,415.15086152426505,97
2024-09-18 13:53:28.220,415.17403282978063,97
2024-09-18 13:53:28.298,415.15187936472455,12
2024-09-18 13:53:28.298,415.1566163224809,99
2024-09-18 13:53:28.304,415.1912482006737,9
2024-09-18 13:53:28.636,415.137084937804,1001
2024-09-18 13:53:28.665,415.1736515574525,97
2024-09-18 13:53:28.717,415.1462904194804,1005
2024-09-18 13:53:28.736,415.1759342083061,1002
2024-09-18 13:53:28.738,415.1925299304066,5
2024-09-18 13:53:28.794,41.51718455824238,6
2024-09-18 13:53:28.805,415.1619471796648,8
2024-09-18 13:53:28.870,415.1518751308245,1002
2024-09-18 13:53:28.894,415.1845181757285,1003
2024-09-18 13:53:29.036,415.21446784290606,5
2024-09-18 13:53:29.074,415.23042343843935,996
2024-09-18 13:53:29.078,415.22195620592896,96
2024-09-18 13:53:29.110,415.1902886691698,998
2024-09-18 13:53:29.127,415.1910701801431,102
2024-09-18 13:53:29.193,415.2141946291293,95
2024-09-18 13:53:29.225,415.2049864928632,8
2024-09-18 13:53:29.301,415.2209706731985,98
2024-09-18 13:53:29.308,415.2477551951106,15
2024-09-18 13:53:29.325,415.2405244496643,103
2024-09-18 13:53:29.412,415.1913992828797,97
2024-09-18 13:53:29.461,415.1767208422442,1004
2024-09-18 13:53:29.464,415.20832276198433,999
2024-09-18 13:53:29.481,415.2217655766922,997
2024-09-18 13:53:29.534,415.2268839701732,6
2024-09-18 13:53:29.818,415.1743561803791,105
2024-09-18 13:53:29.828,415.2556302471594,995
2024-09-18 13:53:29.846,415.2162053194281,1000
2024-09-18 13:53:29.865,415.2511750298792,1000
2024-09-18 13:53:29.952,415.1877065838648,103
2024-09-18 13:53:30.059,415.292317635746,7
2024-09-18 13:53:30.088,415.31747834236967,997
2024-09-18 13:53:30.098,415.2108086160902,7
2024-09-18 13:53:30.117,415.23046116604144,1000
2024-09-18 13:53:30.136,415.3354417813345,999
2024-09-18 13:53:30.211,415.2483159622934,998
2024-09-18 13:53:30.217,415.290923021306,995
2024-09-18 13:53:30.286,415.2007079075892,997
2024-09-18 13:53:30.299,415.2282926409025,10
2024-09-18 13:53:30.308,415.3190293285653,1005
2024-09-18 13:53:30.315,415.3087454812112,995
2024-09-18 13:53:30.360,415.29567035305513,1001
2024-09-18 13:53:30.361,415.2067894833324,11
2024-09-18 13:53:30.426,415.2910634123294,1004
2024-09-18 13:53:30.520,415.2121360097235,9
2024-09-18 13:53:30.526,415.3015204405349,100
2024-09-18 13:53:30.556,415.2038500633893,996
2024-09-18 13:53:30.603,415.2938218855121,998
2024-09-18 13:53:30.698,415.30002915107417,101
2024-09-18 13:53:30.706,415.2146895231457,103
2024-09-18 13:53:30.726,415.21821069169295,1004
2024-09-18 13:53:30.736,415.22223654912347,96
2024-09-18 13:53:30.764,415.20172870535214,8
2024-09-18 13:53:30.779,415.2170379974013,103
2024-09-18 13:53:30.848,415.2105761485775,102
2024-09-18 13:53:30.867,,103
2024-09-18 13:53:30.901,415.29935493037897,1003
2024-09-18 13:53:30.932,415.2125164604418,97
2024-09-18 13:53:30.987,41.52614356342031,15
2024-09-18 13:53:31.012,415.3184543437882,98
2024-09-18 13:53:31.016,415.31518909565136,1002
2024-09-18 13:53:31.154,415.3258095293824,10
2024-09-18 13:53:31.217,415.31539642556857,103
2024-09-18 13:53:31.236,415.29447370036416,1001
2024-09-18 13:53:31.301,415.32576602774833,1002
2024-09-18 13:53:31.403,415.3252986636172,998
2024-09-18 13:53:31.441,415.31480812909246,997
2024-09-18 13:53:31.477,415.2981586105231,1004
2024-09-18 13:53:31.505,415.3146462365468,99
2024-09-18 13:53:31.635,415.31299270473096,995
2024-09-18 13:53:31.667,415.3468088296687,96
2024-09-18 13:53:31.668,415.3076720771738,11
2024-09-18 13:53:31.670,415.281694853745,96
2024-09-18 13:53:31.702,415.29407358130106,100
2024-09-18 13:53:31.793,415.2873998064949,996
2024-09-18 13:53:31.826,415.3092547191622,7
2024-09-18 13:53:31.915,415.3368627146723,98
2024-09-18 13:53:33.208,415.31123488456245,6
2024-09-18 13:53:33.281,415.3533917775592,101
2024-09-18 13:53:33.283,415.3204037338755,5
2024-09-18 13:53:33.316,415.29324484912553,14
2024-09-18 13:53:33.360,415.3315959641548,1005
2024-09-18 13:53:33.401,415.31391921145615,996
2024-09-18 13:53:33.415,415.31109374183126,98
2024-09-18 13:53:33.509,415.33135885648585,1000
2024-09-18 13:53:33.533,415.3283084000516,1000
2024-09-18 13:53:33.547,415.3471025660676,1005
2024-09-18 13:53:33.553,415.3142248917528,104
2024-09-18 13:53:33.892,415.28648173366577,6
2024-09-18 13:53:33.926,415.3187525399748,1005
2024-09-18 13:53:34.030,415.3820816187852,101
2024-09-18 13:53:34.047,415.3641942673952,1004
2024-09-18 13:53:34.079,415.3590259806423,95
2024-09-18 13:53:34.127,415.3476247716374,104
2024-09-18 13:53:34.213,415.3549057378493,995
2024-09-18 13:53:34.323,,999
2024-09-18 13:53:34.398,415.376316969662,95
2024-09-18 13:53:34.404,415.3706050964454,99
2024-09-18 13:53:34.417,415.3518379811744,999
2024-09-18 13:53:34.422,415.36331783239024,1002
2024-09-18 13:53:34.462,415.3568351346801,999
2024-09-18 13:53:34.579,415.35776547490303,99
2024-09-18 13:53:34.879,415.36784412337687,5
2024-09-18 13:53:34.887,415.3665974202461,1004
2024-09-18 13:53:34.984,415.3732188226461,1004
2024-09-18 13:53:35.030,415.3231561036322,102
2024-09-18 13:53:35.064,415.3706732309725,5
2024-09-18 13:53:35.136,415.3489537822512,996
2024-09-18 13:53:35.138,415.32914325554094,1003
2024-09-18 13:53:35.189,415.3155961352473,12
2024-09-18 13:53:35.229,415.3690774809599,103
2024-09-18 13:53:35.278,415.3274290524978,15
2024-09-18 13:53:35.300,415.31291250947817,101
2024-09-18 13:53:35.305,415.3166123262788,100
2024-09-18 13:53:35.403,415.3238199852627,10
2024-09-18 13:53:35.405,415.3057655910817,12
2024-09-18 13:53:35.449,415.3283442139912,100
2024-09-18 13:53:35.526,,5
2024-09-18 13:53:35.555,415.31286984947263,15
2024-09-18 13:53:35.586,415.3227602854499,105
2024-09-18 13:53:35.632,415.3273567452808,1001
2024-09-18 13:53:35.640,415.328449344526,1003
2024-09-18 13:53:35.731,415.38506515939787,1001
2024-09-18 13:53:35.786,415.3166325246712,13
2024-09-18 13:53:35.808,415.3341313068256,6
2024-09-18 13:53:35.911,415.335880608095,101
2024-09-18 13:53:35.970,415.33313765285567,15
2024-09-18 13:53:36.081,415.3167543451021,9
2024-09-18 13:53:36.326,415.2935868531957,95
2024-09-18 13:53:36.360,415.2853748049631,12
2024-09-18 13:53:36.367,415.3070007834157,14
2024-09-18 13:53:36.713,415.2696855224315,1003
2024-09-18 13:53:36.769,415.2583651770112,98
2024-09-18 13:53:36.841,415.31650083144666,10
2024-09-18 13:53:36.881,415.2724927571341,7
2024-09-18 13:53:37.038,41.52688923474479,8
2024-09-18 13:53:37.081,415.2824822104145,5
2024-09-18 13:53:37.116,415.2615711593639,7
2024-09-18 13:53:37.253,415.24484458951713,6
2024-09-18 13:53:37.269,415.255926221029,10
2024-09-18 13:53:37.365,415.2495701483448,8
2024-09-18 13:53:37.370,415.2462325463496,98
2024-09-18 13:53:37.427,415.3040726075781,1000
2024-09-18 13:53:37.464,415.25784588258784,98
2024-09-18 13:53:37.469,415.3001711440143,5
2024-09-18 13:53:37.719,,1001
2024-09-18 13:53:37.769,415.3101116475545,95
2024-09-18 13:53:37.779,415.2557711385471,104
2024-09-18 13:53:37.805,415.2426929029984,1004
2024-09-18 13:53:37.839,415.2742092949734,7
2024-09-18 13:53:37.933,415.2357342129234,7
2024-09-18 13:53:38.174,415.3084713096554,100
2024-09-18 13:53:38.665,415.3251151464898,1003
2024-09-18 13:53:38.676,415.2912430743008,95
2024-09-18 13:53:38.875,415.2928505314435,14
2024-09-18 13:53:38.953,415.3127270159756,996
2024-09-18 13:53:38.965,415.3121600112102,12
2024-09-18 13:53:39.030,415.2720301406658,1004
2024-09-18 13:53:39.080,415.2762300615073,9
2024-09-18 13:53:39.315,415.2770943360485,995
2024-09-18 13:53:39.420,415.2847186506048,97
2024-09-18 13:53:39.442,415.28735754577394,95
2024-09-18 13:53:39.471,415.2863819867148,15
2024-09-18 13:53:39.586,415.2790418374428,10
2024-09-18 13:53:40.279,415.27790351653925,7
2024-09-18 13:53:41.020,415.2359419848299,995
2024-09-18 13:53:41.111,415.2460320909175,100
2024-09-18 13:53:41.287,415.242041014058,1002
2024-09-18 13:53:41.498,415.263509094374,15
2024-09-18 13:53:41.501,415.2449381841246,97
2024-09-18 13:53:41.547,415.2195071545574,8
2024-09-18 13:53:41.550,415.2395244529937,13
2024-09-18 13:53:41.560,415.245464933094,11
2024-09-18 13:53:41.692,415.25538714143687,1002
2024-09-18 13:53:41.876,415.2261775429888,104
2024-09-18 13:53:41.885,415.2699119046736,97
2024-09-18 13:53:41.966,415.2405472209539,6
2024-09-18 13:53:43.152,415.31884760831207,105
2024-09-18 13:53:43.221,415.2704153052535,95
2024-09-18 13:53:43.284,415.2490476541015,98
2024-09-18 13:53:43.416,415.34701217621074,6
2024-09-18 13:53:43.429,415.30017935162,998
2024-09-18 13:53:43.434,415.2819462677127,1001
2024-09-18 13:53:43.541,415.2747602533624,8
2024-09-18 13:53:43.584,415.3000946807426,1000
2024-09-18 13:53:43.648,415.3054577186048,95
2024-09-18 13:53:43.664,415.30743485975495,98
2024-09-18 13:53:43.714,415.3039281878001,102
2024-09-18 13:53:43.740,415.258979462,8
2024-09-18 13:53:43.785,415.2781994269128,996
2024-09-18 13:53:43.785,415.29526742305967,101
2024-09-18 13:53:43.792,415.3485548339234,1001
2024-09-18 13:53:43.793,415.2961829128977,11
2024-09-18 13:53:43.869,415.2822361992051,1004
2024-09-18 13:53:43.877,415.3309377379598,8
2024-09-18 13:53:43.918,415.2784720228651,99
2024-09-18 13:53:43.924,415.2778823363993,997
2024-09-18 13:53:43.988,415.2860830356633,999
2024-09-18 13:53:44.012,415.36944839986415,13
2024-09-18 13:53:44.040,41.53922947576808,99
2024-09-18 13:53:44.124,415.3696936660771,997
2024-09-18 13:53:44.131,415.3521952287133,95
2024-09-18 13:53:44.198,415.3734491503475,1003
2024-09-18 13:53:44.226,415.368777277719,1000
2024-09-18 13:53:44.278,415.36365829214384,1004
2024-09-18 13:53:44.287,415.355350653972,1004
2024-09-18 13:53:44.312,415.37831144497454,997
2024-09-18 13:53:44.367,415.36690532146594,13
2024-09-18 13:53:44.370,415.4056823054708,5
2024-09-18 13:53:44.406,415.3980455120369,15
2024-09-18 13:53:44.407,415.3776277651382,1002
2024-09-18 13:53:44.435,415.3820923280108,5
2024-09-18 13:53:44.446,415.3565394751644,6
2024-09-18 13:53:44.547,415.36991282146295,101
2024-09-18 13:53:44.554,415.3693196445804,996
2024-09-18 13:53:44.625,415.38545372324126,995
2024-09-18 13:53:44.638,415.3715812897984,5
2024-09-18 13:53:44.661,415.3615816019175,95
2024-09-18 13:53:44.770,415.3719541923917,998
2024-09-18 13:53:44.779,415.3748038090961,98
2024-09-18 13:53:44.787,415.3524269001304,996
2024-09-18 13:53:44.808,415.3482515651489,105
2024-09-18 13:53:44.864,415.3642394639717,999
2024-09-18 13:53:44.886,415.3657390545621,997
2024-09-18 13:53:44.932,415.3770329221368,101
2024-09-18 13:53:44.936,415.3807469632065,997
2024-09-18 13:53:44.996,415.3685899127939,13
2024-09-18 13:53:45.297,415.3553436981376,12
2024-09-18 13:53:45.389,415.34055805071927,105
2024-09-18 13:53:45.558,415.3813981118091,105
2024-09-18 13:53:45.574,415.3536342792423,8
2024-09-18 13:53:45.594,415.3570422497572,13
2024-09-18 13:53:45.800,415.3651869245661,103
2024-09-18 13:53:46.004,415.432781800948,998
2024-09-18 13:53:46.027,415.418259994461,96
2024-09-18 13:53:46.038,415.4440513299733,1003
2024-09-18 13:53:46.057,415.44215646791554,96
2024-09-18 13:53:46.205,415.438094929366,13
2024-09-18 13:53:46.303,415.4023322009802,102
2024-09-18 13:53:46.326,415.3517064908895,13
2024-09-18 13:53:46.356,415.3654608168139,15
2024-09-18 13:53:46.396,415.35829305146376,98
2024-09-18 13:53:46.404,415.4202608204855,102
2024-09-18 13:53:46.467,415.3462079312149,1002
2024-09-18 13:53:46.493,415.3903040992256,15
2024-09-18 13:53:46.565,415.4328033716903,995
2024-09-18 13:53:46.589,415.3564817522078,6
2024-09-18 13:53:46.720,415.4158507523686,996
2024-09-18 13:53:46.763,415.3679382054534,995
2024-09-18 13:53:46.974,415.3719537994463,96
2024-09-18 13:53:47.134,415.3305214754864,100
2024-09-18 13:53:47.224,415.29888630345897,103
2024-09-18 13:53:47.265,415.3235962547091,99
2024-09-18 13:53:47.368,415.298300638663,1002
2024-09-18 13:53:47.434,415.32332209785807,5
2024-09-18 13:53:47.436,415.32448780885295,102
2024-09-18 13:53:47.546,415.3266059282763,995
2024-09-18 13:53:47.586,415.3048687675068,98
2024-09-18 13:53:47.638,415.3039896998717,6
2024-09-18 13:53:47.652,415.3238941444217,12
2024-09-18 13:53:47.693,415.31170067099646,96
2024-09-18 13:53:47.706,415.3409081278398,999
2024-09-18 13:53:47.729,415.320829174618,13
2024-09-18 13:53:47.770,415.3294268847442,998
2024-09-18 13:53:47.778,415.3312895946037,105
2024-09-18 13:53:47.783,,998
2024-09-18 13:53:47.827,415.2886934737989,10
2024-09-18 13:53:47.848,415.33904247242265,1001
2024-09-18 13:53:47.880,415.3210824335691,15
2024-09-18 13:53:47.926,415.3227277155384,1003
2024-09-18 13:53:48.217,415.3042357330106,102
2024-09-18 13:53:48.226,415.2928736751677,8
2024-09-18 13:53:48.310,415.2948233497176,998
2024-09-18 13:53:48.327,415.32296661747887,95
2024-09-18 13:53:49.291,415.2531847655996,95
2024-09-18 13:53:49.592,415.29957355338473,1001
2024-09-18 13:53:49.668,415.2814394800136,14
2024-09-18 13:53:49.833,415.26789023987993,1001
2024-09-18 13:53:49.859,415.2663228452444,998
2024-09-18 13:53:49.897,415.2739522151367,12
2024-09-18 13:53:50.050,415.2552907011484,1003
2024-09-18 13:53:50.077,415.2778013523896,104
2024-09-18 13:53:50.142,415.2736579134564,998
2024-09-18 13:53:50.159,415.2681302085195,100
2024-09-18 13:53:50.494,415.27840050080994,96
2024-09-18 13:53:50.517,415.2408687004555,1001
2024-09-18 13:53:50.527,415.2835648904618,12
2024-09-18 13:53:50.543,415.26699843102585,997
2024-09-18 13:53:50.763,415.26529230939207,96
2024-09-18 13:53:50.811,415.2756118255532,98
2024-09-18 13:53:50.861,415.27146932771166,1004
2024-09-18 13:53:51.046,415.3387089349149,999
2024-09-18 13:53:51.082,415.3515148926602,998
2024-09-18 13:53:51.244,415.2849166712514,99
2024-09-18 13:53:51.268,415.3363326037065,1004
2024-09-18 13:53:51.273,415.3196703627386,1000
2024-09-18 13:53:51.282,415.2971454697943,102
2024-09-18 13:53:51.291,415.32452545787226,1003
2024-09-18 13:53:51.348,415.3005111343459,103
2024-09-18 13:53:51.390,415.35448897682113,102
2024-09-18 13:53:51.476,415.33220006983726,1001
2024-09-18 13:53:51.555,415.3308581767743,104
2024-09-18 13:53:51.586,415.3371108729878,6
2024-09-18 13:53:51.637,415.3331738791052,998
2024-09-18 13:53:51.653,415.3236152860763,998
2024-09-18 13:53:51.689,415.3197888881631,6
2024-09-18 13:53:51.728,415.29418771933416,11
2024-09-18 13:53:51.730,415.3137855983656,100
2024-09-18 13:53:51.758,415.324951747665,5
2024-09-18 13:53:51.760,415.3200469159527,98
2024-09-18 13:53:51.791,415.3574756871195,97
2024-09-18 13:53:51.854,415.3066035891296,11
2024-09-18 13:53:51.861,415.3490799516528,11
2024-09-18 13:53:51.872,415.3561651888387,99
2024-09-18 13:53:51.883,415.3370455297113,13
2024-09-18 13:53:51.957,415.28183508562864,104
2024-09-18 13:53:51.974,415.3305413819583,1000
2024-09-18 13:53:52.035,415.283612978336,8
2024-09-18 13:53:52.046,415.2897864281854,10
2024-09-18 13:53:52.075,415.2788366861678,997
2024-09-18 13:53:52.081,415.2980582726928,8
2024-09-18 13:53:52.094,415.2777035952673,98
2024-09-18 13:53:52.293,415.2917576335097,1003
2024-09-18 13:53:52.357,415.2692637142389,995
2024-09-18 13:53:52.397,415.29279740859823,97
2024-09-18 13:53:52.414,415.30674238212015,102
2024-09-18 13:53:52.417,415.2913333414575,104
2024-09-18 13:53:52.428,415.2718246253402,1002
2024-09-18 13:53:52.528,415.2966907061981,1000
2024-09-18 13:53:52.606,415.2701103525632,13
2024-09-18 13:53:52.766,415.2885398203546,101
2024-09-18 13:53:52.917,415.31198499179,100
2024-09-18 13:53:52.920,415.2572488642409,101
2024-09-18 13:53:53.025,415.2385779950961,9
2024-09-18 13:53:53.080,415.2596440753159,8
2024-09-18 13:53:53.088,415.259324431826,997
2024-09-18 13:53:53.131,415.262232250554,98
2024-09-18 13:53:53.168,415.2094424048242,996
2024-09-18 13:53:53.182,415.2187032872891,95
2024-09-18 13:53:53.223,415.2854233431555,1001
2024-09-18 13:53:53.235,415.2281134297913,10
2024-09-18 13:53:53.237,415.2884788887863,9
2024-09-18 13:53:53.255,415.2388449008093,102
2024-09-18 13:53:53.274,415.2352710274355,11
2024-09-18 13:53:53.335,415.27429615313895,9
2024-09-18 13:53:53.396,415.2701783720348,96
2024-09-18 13:53:53.485,415.1863204270045,104
2024-09-18 13:53:53.495,415.2332360724082,99
2024-09-18 13:53:53.618,415.2400201403272,8
2024-09-18 13:53:53.652,415.25483851267046,1001
2024-09-18 13:53:53.660,415.2550063502399,1003
2024-09-18 13:53:53.777,415.2350755550172,103
2024-09-18 13:53:53.814,415.2239090408005,995
2024-09-18 13:53:53.887,415.2705641656566,1005
2024-09-18 13:53:53.928,415.24795197533535,100
2024-09-18 13:53:53.936,415.2820588888696,1002
2024-09-18 13:53:53.937,415.2119893952956,101
2024-09-18 13:53:53.987,415.2677156272173,10
2024-09-18 13:53:54.050,415.2154124741916,100
2024-09-18 13:53:54.053,415.1835750875259,101
2024-09-18 13:53:54.059,415.221531104892,14
2024-09-18 13:53:54.166,41.5225479074178,999
2024-09-18 13:53:54.178,415.2225955162182,101
2024-09-18 13:53:54.233,415.2016297102731,6
2024-09-18 13:53:54.306,415.21637979565776,997
2024-09-18 13:53:54.320,415.2114366300623,6
2024-09-18 13:53:54.384,415.1973724365782,6
2024-09-18 13:53:54.450,415.2093306924426,1003
2024-09-18 13:53:54.508,415.2189098227118,13
2024-09-18 13:53:54.551,-415.2096599347838,995
2024-09-18 13:53:54.561,415.1924658144701,13
2024-09-18 13:53:54.594,415.2136482531746,1003
2024-09-18 13:53:54.660,415.2154099105082,97
2024-09-18 13:53:54.715,415.2016275642537,11
2024-09-18 13:53:54.720,415.21766930954414,6
2024-09-18 13:53:54.768,415.2258979781111,102
2024-09-18 13:53:54.783,415.2255728719505,1001
2024-09-18 13:53:54.796,415.23186738743175,103
2024-09-18 13:53:54.800,415.2129542785555,996
2024-09-18 13:53:54.827,415.2295533407284,101
2024-09-18 13:53:54.996,415.2043061752108,105
2024-09-18 13:53:55.010,415.18346520798576,11
2024-09-18 13:53:55.200,415.17212025798426,996
2024-09-18 13:53:55.632,415.18731918102986,1001
2024-09-18 13:53:55.654,415.2010556393018,13
2024-09-18 13:53:56.010,415.1646174421454,105
2024-09-18 13:53:56.226,415.1887766734235,12
2024-09-18 13:53:56.417,415.1865131431113,96
2024-09-18 13:53:56.567,415.1545622524758,15
2024-09-18 13:53:56.586,415.1786431429111,14
2024-09-18 13:53:56.623,415.1572137623697,1002
2024-09-18 13:53:56.696,415.1547009122961,7
2024-09-18 13:53:56.735,415.1395498317034,996
2024-09-18 13:53:56.791,415.17303640639057,102
2024-09-18 13:53:56.842,415.1690968466882,105
2024-09-18 13:53:56.986,415.154337722417,1005
2024-09-18 13:53:57.095,415.1606540033144,996
2024-09-18 13:53:57.352,415.1647685563436,104
2024-09-18 13:53:57.471,415.1729498010282,98
2024-09-18 13:53:57.529,415.1550593386155,9
2024-09-18 13:53:57.535,415.15772571095766,95
2024-09-18 13:53:57.616,415.162812590496,103
2024-09-18 13:53:57.639,415.1591003539656,995
2024-09-18 13:53:57.660,415.1639367653149,101
2024-09-18 13:53:57.661,415.1720109959845,100
2024-09-18 13:53:57.671,415.13948692560535,104
2024-09-18 13:53:57.676,415.1545678415577,1002
2024-09-18 13:53:57.684,415.16351568959584,98
2024-09-18 13:53:57.692,415.1615628422969,1000
2024-09-18 13:53:57.721,415.146470134128,102
2024-09-18 13:53:57.823,415.1641449438282,13
2024-09-18 13:53:57.852,415.1715823407398,1003
2024-09-18 13:53:57.887,415.1708747362504,5
2024-09-18 13:53:57.947,415.1793534495284,996
2024-09-18 13:53:58.017,415.15079532193096,98
2024-09-18 13:53:58.031,415.1342633630675,98
2024-09-18 13:53:58.033,415.1268592447417,998
2024-09-18 13:53:58.163,415.1514193110468,996
2024-09-18 13:53:58.349,415.1439226100635,1003
2024-09-18 13:53:58.534,415.1170001180999,1003
2024-09-18 13:53:58.640,415.10778449322254,996
2024-09-18 13:53:58.669,415.15109219385545,102
2024-09-18 13:53:58.715,415.1356487076251,9
2024-09-18 13:53:58.721,415.1299014532437,1004
2024-09-18 13:53:58.903,415.1247610609815,998
2024-09-18 13:53:58.920,415.1517496018757,996
2024-09-18 13:53:59.004,415.1354463279864,10
2024-09-18 13:53:59.015,415.1346411620121,995
2024-09-18 13:53:59.026,415.1386134884476,996
2024-09-18 13:53:59.031,415.1358600849733,14
2024-09-18 13:53:59.092,415.1497128759998,103
2024-09-18 13:53:59.176,415.1689048006916,997
2024-09-18 13:53:59.233,415.21287728618944,15
2024-09-18 13:53:59.339,415.1483086770436,98
2024-09-18 13:53:59.391,415.17810007287056,6
2024-09-18 13:53:59.435,415.1789707984445,12
2024-09-18 13:53:59.499,415.1440097401476,105
2024-09-18 13:53:59.557,41.51709653711072,1005
2024-09-18 13:53:59.596,415.158852366648,12
2024-09-18 13:53:59.862,415.13393191737913,995
2024-09-18 13:53:59.865,415.140026990073,1004
