Timestamp,Price,Size
2024-09-16 13:16:00.018,414.8543770358098,102
2024-09-16 13:16:00.150,414.857248127153,98
2024-09-16 13:16:00.156,414.8335030660377,104
2024-09-16 13:16:00.201,414.878958168762,98
2024-09-16 13:16:00.317,414.8599216025773,1004
2024-09-16 13:16:00.513,414.87525685346645,1003
2024-09-16 13:16:00.633,414.847920124044,13
2024-09-16 13:16:00.721,414.8575521987575,1000
2024-09-16 13:16:01.065,414.8259194556164,1003
2024-09-16 13:16:01.102,414.8197933665132,95
2024-09-16 13:16:01.130,414.8399306901841,996
2024-09-16 13:16:01.143,414.8090661722821,104
2024-09-16 13:16:01.218,414.82000961497664,101
2024-09-16 13:16:01.231,414.841015795409,996
2024-09-16 13:16:01.255,414.82073257561416,7
2024-09-16 13:16:01.352,414.8371411954074,997
2024-09-16 13:16:01.357,414.8374786545037,95
2024-09-16 13:16:01.396,414.8267555512722,1005
2024-09-16 13:16:01.428,414.8317833832838,996
2024-09-16 13:16:01.611,414.83225346531714,102
2024-09-16 13:16:01.717,414.8223021568349,11
2024-09-16 13:16:01.762,,6
2024-09-16 13:16:01.842,414.8268584162555,6
2024-09-16 13:16:01.894,414.8362687334953,1001
2024-09-16 13:16:01.977,414.8298278012151,6
2024-09-16 13:16:02.166,414.8474799572448,1004
2024-09-16 13:16:02.491,414.84808496094206,12
2024-09-16 13:16:03.021,414.8628951049748,8
2024-09-16 13:16:03.377,414.86619725341,13
2024-09-16 13:16:03.391,414.9060511906044,8
2024-09-16 13:16:03.463,414.86125274751294,101
2024-09-16 13:16:03.520,414.8580920042447,14
2024-09-16 13:16:03.778,414.88661158203735,5
2024-09-16 13:16:03.853,414.8921961637834,14
2024-09-16 13:16:03.911,414.90244291549305,99
2024-09-16 13:16:03.966,414.9183543166004,9
2024-09-16 13:16:04.034,414.9371216812951,999
2024-09-16 13:16:04.047,414.9052219887245,98
2024-09-16 13:16:04.101,414.9007951699114,998
2024-09-16 13:16:04.108,414.92146030475976,997
2024-09-16 13:16:04.128,414.9310875821194,101
2024-09-16 13:16:04.214,414.9369142457674,10
2024-09-16 13:16:04.294,414.9137172474731,995
2024-09-16 13:16:04.335,414.91077118286086,12
2024-09-16 13:16:04.363,,10
2024-09-16 13:16:04.649,414.9310504091418,997
2024-09-16 13:16:04.650,414.9437777951963,10
2024-09-16 13:16:04.708,414.9435186638569,15
2024-09-16 13:16:04.796,414.9265936280146,1001
2024-09-16 13:16:04.813,414.9240076034142,998
2024-09-16 13:16:04.836,414.916596857504,1004
2024-09-16 13:16:04.992,414.9123304845602,98
2024-09-16 13:16:05.086,414.8908769710512,11
2024-09-16 13:16:05.376,414.895324618144,9
2024-09-16 13:16:05.436,,12
2024-09-16 13:16:05.458,414.8861834219877,103
2024-09-16 13:16:05.637,414.8863831405343,14
2024-09-16 13:16:05.888,414.8814040565439,105
2024-09-16 13:16:06.028,414.8724593599536,10
2024-09-16 13:16:06.034,414.8992776468236,9
2024-09-16 13:16:06.163,414.877296455883,104
2024-09-16 13:16:06.197,414.9109622830976,996
2024-09-16 13:16:06.241,414.9075422449741,98
2024-09-16 13:16:06.252,414.9188889640188,14
2024-09-16 13:16:06.311,414.901633783047,13
2024-09-16 13:16:06.329,414.9214384177823,12
2024-09-16 13:16:06.438,414.9304200283981,102
2024-09-16 13:16:06.468,414.890528681472,6
2024-09-16 13:16:06.490,414.9049351246516,10
2024-09-16 13:16:06.740,414.9203498169448,105
2024-09-16 13:16:06.763,414.90808077330047,100
2024-09-16 13:16:06.796,414.9101540507878,102
2024-09-16 13:16:08.012,414.8189097520859,5
2024-09-16 13:16:08.026,414.8408268028794,97
2024-09-16 13:16:08.097,414.8301598068984,13
2024-09-16 13:16:08.157,414.8309453426735,999
2024-09-16 13:16:08.199,,1000
2024-09-16 13:16:08.202,414.8145367249222,105
2024-09-16 13:16:08.229,414.8346953017897,1002
2024-09-16 13:16:08.230,414.8814657955949,12
2024-09-16 13:16:08.237,414.8242270475876,11
2024-09-16 13:16:08.252,414.8727664058568,1000
2024-09-16 13:16:08.254,414.8492992904413,995
2024-09-16 13:16:08.277,414.84783297995966,14
2024-09-16 13:16:08.302,414.83254713620187,100
2024-09-16 13:16:08.306,414.8594269688596,8
2024-09-16 13:16:08.310,414.8614141500298,1004
2024-09-16 13:16:08.351,414.8259512346698,102
2024-09-16 13:16:08.484,414.8489122065523,104
2024-09-16 13:16:08.604,414.8457136330748,1002
2024-09-16 13:16:08.621,414.81659070043617,105
2024-09-16 13:16:08.634,414.81110631504833,9
2024-09-16 13:16:08.646,41.48162491178903,1001
2024-09-16 13:16:08.815,414.8104478294616,99
2024-09-16 13:16:08.837,414.82992218579375,997
2024-09-16 13:16:08.852,414.8372538546126,1001
2024-09-16 13:16:08.875,414.8470231909253,98
2024-09-16 13:16:08.919,414.8482989402912,105
2024-09-16 13:16:09.022,414.89052003723936,102
2024-09-16 13:16:09.054,414.9266286124661,1000
2024-09-16 13:16:09.141,414.9596155205937,999
2024-09-16 13:16:09.141,414.9554573974004,1001
2024-09-16 13:16:09.144,414.9750141811605,98
2024-09-16 13:16:09.166,414.8843081773119,104
2024-09-16 13:16:09.190,414.89744570348216,995
2024-09-16 13:16:09.250,414.9850297201452,104
2024-09-16 13:16:09.282,414.8850620346828,995
2024-09-16 13:16:09.485,414.8501000907512,15
2024-09-16 13:16:09.488,414.9030968647953,997
2024-09-16 13:16:09.573,414.8924308384872,99
2024-09-16 13:16:09.687,,1003
2024-09-16 13:16:09.695,414.96773745386497,8
2024-09-16 13:16:09.699,414.9212255399282,14
2024-09-16 13:16:09.702,414.9203850660842,101
2024-09-16 13:16:09.704,414.8705301283256,1002
2024-09-16 13:16:09.716,414.9808076447607,102
2024-09-16 13:16:09.796,414.8678049344024,105
2024-09-16 13:16:09.838,414.9775273349185,1003
2024-09-16 13:16:09.944,414.9188594263771,13
2024-09-16 13:16:09.961,414.9027115759673,100
2024-09-16 13:16:09.973,414.904064920072,1002
2024-09-16 13:16:10.004,414.9953952744232,10
2024-09-16 13:16:10.023,414.996121137486,105
2024-09-16 13:16:10.064,414.95883974432274,14
2024-09-16 13:16:10.101,414.9778477345504,998
2024-09-16 13:16:10.105,415.0015614779789,1003
2024-09-16 13:16:10.114,414.9619042421661,96
2024-09-16 13:16:10.116,414.9834711220696,95
2024-09-16 13:16:10.160,414.9783563457006,1000
2024-09-16 13:16:10.219,414.98565943045793,6
2024-09-16 13:16:10.249,415.0049586635297,10
2024-09-16 13:16:10.309,414.976884510296,14
2024-09-16 13:16:10.334,414.9800835402975,14
2024-09-16 13:16:10.365,415.0026823152314,996
2024-09-16 13:16:10.414,414.9223940230871,98
2024-09-16 13:16:10.482,414.9802731977974,103
2024-09-16 13:16:10.581,414.9229779982954,1000
2024-09-16 13:16:10.608,414.9827711807851,15
2024-09-16 13:16:10.612,415.0019135071003,1005
2024-09-16 13:16:10.637,414.9912696873481,999
2024-09-16 13:16:10.673,414.9112425091615,1003
2024-09-16 13:16:10.782,414.9796052018033,995
2024-09-16 13:16:10.782,414.99959985691135,14
2024-09-16 13:16:10.800,414.9830359232831,12
2024-09-16 13:16:10.896,414.9978260208211,12
2024-09-16 13:16:10.923,414.9805474620181,10
2024-09-16 13:16:10.943,414.9227159699528,1001
2024-09-16 13:16:11.062,414.90789978797926,8
2024-09-16 13:16:11.069,414.8925411659718,1003
2024-09-16 13:16:11.202,414.88792928335016,101
2024-09-16 13:16:11.234,-414.9188657598426,95
2024-09-16 13:16:11.440,414.9125913659702,100
2024-09-16 13:16:11.502,414.9145904339542,15
2024-09-16 13:16:11.594,-414.8901288340667,7
2024-09-16 13:16:11.702,414.9030069976332,15
2024-09-16 13:16:11.812,414.9216251854869,98
2024-09-16 13:16:11.872,414.9168543580097,103
2024-09-16 13:16:12.106,414.87179866023934,15
2024-09-16 13:16:12.175,414.88948739277913,999
2024-09-16 13:16:12.285,414.8957856931437,1004
2024-09-16 13:16:12.347,414.8929629649871,104
2024-09-16 13:16:12.515,414.9228926193294,104
2024-09-16 13:16:12.519,414.9222591738143,1000
2024-09-16 13:16:12.536,414.88921653774366,8
2024-09-16 13:16:12.578,414.90233658124566,13
2024-09-16 13:16:12.625,414.9171630459694,102
2024-09-16 13:16:12.641,414.87330743234577,996
2024-09-16 13:16:12.743,414.9172558211511,15
2024-09-16 13:16:12.762,414.8772623137109,1000
2024-09-16 13:16:12.805,414.9011749179365,6
2024-09-16 13:16:12.868,414.8950733025438,15
2024-09-16 13:16:12.893,414.86392652158855,10
2024-09-16 13:16:12.979,-414.9026025605176,102
2024-09-16 13:16:13.217,414.8815424732042,103
2024-09-16 13:16:13.441,414.8901826215925,98
2024-09-16 13:16:13.740,414.9029535912538,995
2024-09-16 13:16:13.934,,98
2024-09-16 13:16:14.002,414.91907141635096,7
2024-09-16 13:16:14.122,414.8990798314997,1002
2024-09-16 13:16:14.549,414.9159611439974,9
2024-09-16 13:16:14.821,414.9081479426248,998
2024-09-16 13:16:14.862,414.88478942737424,101
2024-09-16 13:16:14.979,414.87655735826814,101
2024-09-16 13:16:15.094,414.9270418680957,6
2024-09-16 13:16:15.190,414.9041341724733,105
2024-09-16 13:16:15.205,414.8898442759445,999
2024-09-16 13:16:15.212,414.8918949614865,998
2024-09-16 13:16:15.255,414.9102209263734,99
2024-09-16 13:16:15.258,414.91674219394815,998
2024-09-16 13:16:15.324,414.90811349184577,102
2024-09-16 13:16:15.371,414.906998234858,999
2024-09-16 13:16:15.385,414.9098298162464,9
2024-09-16 13:16:15.501,414.89838690015927,100
2024-09-16 13:16:15.526,414.9082781972994,7
2024-09-16 13:16:15.633,414.9009467042012,11
2024-09-16 13:16:15.709,414.9128882565543,10
2024-09-16 13:16:15.725,41.48957121321386,12
2024-09-16 13:16:15.836,414.89965219622366,1002
2024-09-16 13:16:15.995,414.9155484436406,1000
2024-09-16 13:16:16.052,414.92491442395306,1001
2024-09-16 13:16:16.091,414.9510589736333,996
2024-09-16 13:16:16.091,414.9713589338232,997
2024-09-16 13:16:16.175,414.998691511161,15
2024-09-16 13:16:16.277,414.9289097643749,5
2024-09-16 13:16:16.280,414.9658293616895,999
2024-09-16 13:16:16.285,414.9856660903632,97
2024-09-16 13:16:16.334,414.9797105221649,7
2024-09-16 13:16:16.336,414.9793983442625,99
2024-09-16 13:16:16.432,414.9477341161794,96
2024-09-16 13:16:16.494,414.9457554704513,101
2024-09-16 13:16:16.571,414.9577978711462,1000
2024-09-16 13:16:16.585,414.9763178291459,95
2024-09-16 13:16:16.598,414.97918860004086,105
2024-09-16 13:16:16.696,414.9789157037412,1003
2024-09-16 13:16:16.699,414.9661217444213,14
2024-09-16 13:16:16.782,414.9295249768975,99
2024-09-16 13:16:16.810,414.9519333303591,15
2024-09-16 13:16:16.832,414.9363368426324,11
2024-09-16 13:16:16.875,414.99362291133576,9
2024-09-16 13:16:16.876,414.9736599676638,1005
2024-09-16 13:16:16.910,414.9577271406536,96
2024-09-16 13:16:16.945,414.98137786683833,1004
2024-09-16 13:16:17.045,415.0340313394243,7
2024-09-16 13:16:17.047,414.9941451520149,12
2024-09-16 13:16:17.127,414.9968275995521,10
2024-09-16 13:16:17.136,414.9639517477955,1000
2024-09-16 13:16:17.142,415.0041354681823,1004
2024-09-16 13:16:17.195,415.0264308614845,11
2024-09-16 13:16:17.307,414.98022461849,96
2024-09-16 13:16:17.338,415.0268876867548,13
2024-09-16 13:16:17.350,414.97131324116623,9
2024-09-16 13:16:17.436,414.99918701115024,6
2024-09-16 13:16:17.484,414.9825870573212,5
2024-09-16 13:16:17.611,415.0020307394227,1003
2024-09-16 13:16:17.613,415.02797772652406,105
2024-09-16 13:16:17.670,415.0155299590058,998
2024-09-16 13:16:17.685,-414.9949389328905,9
2024-09-16 13:16:17.699,414.9944923128602,97
2024-09-16 13:16:17.701,414.9834425435711,1005
2024-09-16 13:16:17.737,414.9890691202134,996
2024-09-16 13:16:17.826,414.9973651843509,104
2024-09-16 13:16:17.827,414.97764892721983,102
2024-09-16 13:16:17.901,414.9730769173559,9
2024-09-16 13:16:17.934,415.0154369298047,996
2024-09-16 13:16:17.964,415.0134178757265,99
2024-09-16 13:16:18.005,415.0004377335811,996
2024-09-16 13:16:18.012,415.0386531508397,13
2024-09-16 13:16:18.025,415.0418323906994,13
2024-09-16 13:16:18.052,415.0339709528906,999
2024-09-16 13:16:18.105,415.03459759833225,15
2024-09-16 13:16:18.111,415.01941617563455,1003
2024-09-16 13:16:18.113,415.0473221237871,98
2024-09-16 13:16:18.122,415.0147105507004,8
2024-09-16 13:16:18.130,415.0323132725246,996
2024-09-16 13:16:18.161,415.0288021852252,8
2024-09-16 13:16:18.242,415.0084598604618,1001
2024-09-16 13:16:18.243,415.0378820186,97
2024-09-16 13:16:18.246,415.01067559333626,103
2024-09-16 13:16:18.290,415.0152333521006,999
2024-09-16 13:16:18.306,414.9997965382542,11
2024-09-16 13:16:18.340,415.0015867435313,1005
2024-09-16 13:16:18.355,414.9952577270874,1005
2024-09-16 13:16:18.386,415.03430937928783,12
2024-09-16 13:16:18.397,415.0256843753201,1002
2024-09-16 13:16:18.462,415.0132059450698,12
2024-09-16 13:16:18.677,415.032261962907,96
2024-09-16 13:16:18.677,414.99320811256194,99
2024-09-16 13:16:18.677,415.0324076772528,13
2024-09-16 13:16:18.692,415.0258177467543,1005
2024-09-16 13:16:18.696,415.0123602437247,99
2024-09-16 13:16:18.833,415.0173018854544,999
2024-09-16 13:16:18.934,415.04038684151567,96
2024-09-16 13:16:19.075,415.0134008776661,6
2024-09-16 13:16:19.212,415.0120453927115,12
2024-09-16 13:16:19.219,415.0191537769193,999
2024-09-16 13:16:19.299,415.0388151389487,5
2024-09-16 13:16:19.338,415.0416614944808,8
2024-09-16 13:16:19.343,415.0358188974608,997
2024-09-16 13:16:19.429,415.0124529103732,9
2024-09-16 13:16:19.604,415.017533459888,97
2024-09-16 13:16:19.634,415.0152789414571,6
2024-09-16 13:16:19.648,415.0122926931609,1003
2024-09-16 13:16:19.782,415.0370807881983,1002
2024-09-16 13:16:19.802,415.0608119120898,1005
2024-09-16 13:16:19.914,,1001
2024-09-16 13:16:19.982,415.00554750836375,998
2024-09-16 13:16:20.373,415.00155641272136,104
2024-09-16 13:16:20.479,415.0040941306559,100
2024-09-16 13:16:21.020,415.01720972139424,999
2024-09-16 13:16:21.080,415.00471694250535,1005
2024-09-16 13:16:21.097,415.0090252533684,105
2024-09-16 13:16:21.104,414.99049939703,98
2024-09-16 13:16:21.148,415.0051024720775,1000
2024-09-16 13:16:21.248,415.0069529595541,997
2024-09-16 13:16:21.537,415.0156364656873,10
2024-09-16 13:16:21.602,414.9971051182599,1005
2024-09-16 13:16:21.608,415.0420440337148,10
2024-09-16 13:16:21.837,415.0346437417427,997
2024-09-16 13:16:21.851,415.0096730815208,998
2024-09-16 13:16:21.928,415.0214799651319,1004
2024-09-16 13:16:21.944,415.01553462991984,103
2024-09-16 13:16:21.954,415.00044157574206,5
2024-09-16 13:16:22.046,-414.9626465659314,96
2024-09-16 13:16:22.359,414.96707824692646,104
2024-09-16 13:16:22.918,414.9484041097074,99
2024-09-16 13:16:23.026,414.9380665276369,97
2024-09-16 13:16:23.054,414.9198929788564,104
2024-09-16 13:16:23.077,414.9358819382671,999
2024-09-16 13:16:23.146,414.938279565738,97
2024-09-16 13:16:23.221,414.9553595272063,1000
2024-09-16 13:16:23.226,414.9246160915313,998
2024-09-16 13:16:23.231,414.9452347878082,95
2024-09-16 13:16:23.232,41.49520253822118,1004
2024-09-16 13:16:23.410,414.9309655350757,7
2024-09-16 13:16:23.445,414.9428540251479,96
2024-09-16 13:16:23.534,414.9277720121147,995
2024-09-16 13:16:23.541,414.9349004316482,1003
2024-09-16 13:16:23.642,414.9433296129667,996
2024-09-16 13:16:23.645,414.95634862041936,99
2024-09-16 13:16:23.650,414.9439695479619,998
2024-09-16 13:16:23.674,414.949180810408,96
2024-09-16 13:16:23.749,414.9464824382383,104
2024-09-16 13:16:23.801,414.9311414909131,9
2024-09-16 13:16:23.809,414.9320698303906,15
2024-09-16 13:16:23.817,414.9355584409627,14
2024-09-16 13:16:23.933,414.949467100256,1005
2024-09-16 13:16:23.947,414.9464311534852,105
2024-09-16 13:16:24.058,414.9288079350608,8
2024-09-16 13:16:24.260,414.94091039306,95
2024-09-16 13:16:24.320,414.9827983014846,9
2024-09-16 13:16:24.425,414.9429622499472,15
2024-09-16 13:16:24.440,414.9535863809257,1005
2024-09-16 13:16:24.624,414.9239472885947,99
2024-09-16 13:16:24.651,414.9748775671435,97
2024-09-16 13:16:24.672,414.93729347636906,98
2024-09-16 13:16:24.771,414.93515039849393,996
2024-09-16 13:16:24.799,414.9458444512516,1005
2024-09-16 13:16:24.978,414.9489396883544,104
2024-09-16 13:16:25.127,415.01406282680887,998
2024-09-16 13:16:25.130,414.90433658487103,15
2024-09-16 13:16:25.149,414.95949606639465,1005
2024-09-16 13:16:25.153,414.97041364699606,7
2024-09-16 13:16:25.189,415.0040969865231,100
2024-09-16 13:16:25.283,414.9778990574076,998
2024-09-16 13:16:25.295,414.9004154433821,11
2024-09-16 13:16:25.336,414.96905331662686,998
2024-09-16 13:16:25.368,415.0247284170844,101
2024-09-16 13:16:25.393,415.01968659571753,97
2024-09-16 13:16:25.424,414.9546968636503,999
2024-09-16 13:16:25.479,414.99784081302033,100
2024-09-16 13:16:25.534,414.9280005647177,12
2024-09-16 13:16:25.534,414.98518216064207,97
2024-09-16 13:16:25.547,414.9737294512557,12
2024-09-16 13:16:25.550,414.99056003303673,999
2024-09-16 13:16:25.593,415.00650565717626,14
2024-09-16 13:16:25.629,415.00008884894936,1001
2024-09-16 13:16:25.640,414.9781877203482,10
2024-09-16 13:16:25.723,415.0024386415106,95
2024-09-16 13:16:25.744,415.01720372103495,1003
2024-09-16 13:16:25.749,415.0065036796274,95
2024-09-16 13:16:25.777,414.96976929941377,1001
2024-09-16 13:16:25.816,415.0097569414276,1001
2024-09-16 13:16:25.835,414.9840150380703,1000
2024-09-16 13:16:25.934,414.9626024362869,998
2024-09-16 13:16:25.946,414.9518743445662,8
2024-09-16 13:16:25.951,414.98962354914414,98
2024-09-16 13:16:25.963,414.9269833295768,97
2024-09-16 13:16:26.206,414.9147490631964,98
2024-09-16 13:16:26.250,414.93359905992565,105
2024-09-16 13:16:26.303,414.9251387217638,1000
2024-09-16 13:16:26.335,414.9498341239012,12
2024-09-16 13:16:26.434,414.9181404841392,10
2024-09-16 13:16:26.441,414.8823779671045,102
2024-09-16 13:16:26.460,414.9162398793229,7
2024-09-16 13:16:26.507,414.9177742303679,11
2024-09-16 13:16:26.510,414.91583410011,13
2024-09-16 13:16:26.566,414.9161070774711,10
2024-09-16 13:16:26.658,414.9204127511177,9
2024-09-16 13:16:26.697,414.937916474749,15
2024-09-16 13:16:26.719,414.89623662679486,98
2024-09-16 13:16:26.732,414.9263098982273,101
2024-09-16 13:16:26.822,414.8791037732346,995
2024-09-16 13:16:26.869,,8
2024-09-16 13:16:26.884,414.9159490507115,103
2024-09-16 13:16:26.913,-414.8862755612835,6
2024-09-16 13:16:27.557,414.99725716280767,5
2024-09-16 13:16:27.806,414.98523970474463,14
2024-09-16 13:16:27.939,414.9916617619225,1003
2024-09-16 13:16:27.991,414.9848451515458,7
2024-09-16 13:16:28.231,414.9764999171588,8
2024-09-16 13:16:28.849,414.9910084525299,1004
2024-09-16 13:16:29.198,414.9932427791571,12
2024-09-16 13:16:29.519,414.98486138406594,103
2024-09-16 13:16:29.540,414.96942080684784,101
2024-09-16 13:16:29.555,414.97780970398384,1000
2024-09-16 13:16:29.623,414.97728630907017,7
2024-09-16 13:16:29.807,414.98089532922,7
2024-09-16 13:16:29.981,414.9499146212764,7
2024-09-16 13:16:29.982,414.99618346401513,96
2024-09-16 13:16:30.001,414.9370141405711,96
2024-09-16 13:16:30.005,414.97530174647153,1003
2024-09-16 13:16:30.029,414.94835716415247,97
2024-09-16 13:16:30.046,414.9514256000804,5
2024-09-16 13:16:30.090,414.94716231447137,999
2024-09-16 13:16:30.118,414.9389455606618,996
2024-09-16 13:16:30.243,414.9524963543369,15
2024-09-16 13:16:30.265,414.9737130163132,10
2024-09-16 13:16:30.272,414.960301235216,1003
2024-09-16 13:16:30.286,414.9462358984384,103
2024-09-16 13:16:30.336,414.94587329556464,999
2024-09-16 13:16:30.359,414.9532820956604,11
2024-09-16 13:16:30.371,414.9410719946448,103
2024-09-16 13:16:30.373,414.9575838944921,999
2024-09-16 13:16:30.455,414.93487690887935,101
2024-09-16 13:16:30.521,414.934407301246,998
2024-09-16 13:16:30.560,414.952790119207,1001
2024-09-16 13:16:30.562,414.9755739789304,97
2024-09-16 13:16:30.620,414.985383276742,1003
2024-09-16 13:16:30.628,414.9418083288128,12
2024-09-16 13:16:30.650,414.9323471386021,10
2024-09-16 13:16:30.655,414.95585257913547,10
2024-09-16 13:16:30.784,414.9385136825748,998
2024-09-16 13:16:30.871,414.9485522861541,10
2024-09-16 13:16:30.976,414.9528813940318,102
2024-09-16 13:16:31.032,414.96337019704896,998
2024-09-16 13:16:31.250,414.9598977712764,101
2024-09-16 13:16:31.301,414.94379221289535,11
2024-09-16 13:16:31.405,414.95875765085,96
2024-09-16 13:16:31.413,414.9428056596384,99
2024-09-16 13:16:31.465,414.9446853090214,1004
2024-09-16 13:16:31.482,414.9474838531127,997
2024-09-16 13:16:31.611,414.9519369543432,95
2024-09-16 13:16:32.239,414.98487097380735,98
2024-09-16 13:16:32.328,414.97176831133737,999
2024-09-16 13:16:32.396,414.95991778817216,96
2024-09-16 13:16:32.478,414.97228670793214,99
2024-09-16 13:16:32.774,414.9678220411231,5
2024-09-16 13:16:32.954,414.9783248565592,1001
2024-09-16 13:16:33.077,415.0907544312511,1002
2024-09-16 13:16:33.116,415.0950925892875,1000
2024-09-16 13:16:33.220,415.1061252009616,102
2024-09-16 13:16:33.267,415.1108985243823,12
2024-09-16 13:16:33.294,415.1014034132711,5
2024-09-16 13:16:33.299,415.1035097382694,101
2024-09-16 13:16:33.318,415.10332288384416,12
2024-09-16 13:16:33.359,415.1079521495335,5
2024-09-16 13:16:33.406,415.00629873252507,11
2024-09-16 13:16:33.473,415.1058098399481,1002
2024-09-16 13:16:33.482,415.0618324964348,997
2024-09-16 13:16:33.522,415.1061084365987,12
2024-09-16 13:16:33.596,415.0980150962618,103
2024-09-16 13:16:33.668,415.1182150972065,101
2024-09-16 13:16:33.675,415.08899042791,1002
2024-09-16 13:16:33.708,415.0802704771012,995
2024-09-16 13:16:33.719,415.09549781299023,105
2024-09-16 13:16:33.806,414.9861490819681,1000
2024-09-16 13:16:33.830,415.0874519531677,105
2024-09-16 13:16:33.877,415.0968911741536,996
2024-09-16 13:16:33.878,415.04099420127073,96
2024-09-16 13:16:33.929,415.0929989277243,14
2024-09-16 13:16:33.936,415.05454089508834,14
2024-09-16 13:16:33.954,415.1001443151362,997
2024-09-16 13:16:33.993,415.0837228677317,11
2024-09-16 13:16:34.978,415.1125391744742,100
2024-09-16 13:16:35.101,415.1094775642252,996
2024-09-16 13:16:35.156,415.0863419011093,10
2024-09-16 13:16:35.158,415.0948094365318,96
2024-09-16 13:16:35.198,415.110487848289,104
2024-09-16 13:16:35.198,415.1190307826468,100
2024-09-16 13:16:35.302,415.1011804237628,7
2024-09-16 13:16:35.314,415.1245352413658,9
2024-09-16 13:16:35.358,-415.1350242736645,97
2024-09-16 13:16:35.374,415.0928724363541,102
2024-09-16 13:16:35.459,415.1028427696201,98
2024-09-16 13:16:35.498,415.1190981690446,10
2024-09-16 13:16:35.561,415.0997290707233,102
2024-09-16 13:16:35.591,415.1100406317013,96
2024-09-16 13:16:35.676,415.1288006836213,1002
2024-09-16 13:16:35.721,415.11070058637273,99
2024-09-16 13:16:35.732,415.0871476808008,998
2024-09-16 13:16:35.734,415.10513384546,15
2024-09-16 13:16:35.824,415.11851338332025,103
2024-09-16 13:16:35.832,415.1176432326794,96
2024-09-16 13:16:35.845,415.10827815647184,105
2024-09-16 13:16:35.872,415.1045573252388,6
2024-09-16 13:16:35.962,415.0967381328619,15
2024-09-16 13:16:36.035,415.1383913659194,102
2024-09-16 13:16:36.035,415.1461419360063,98
2024-09-16 13:16:36.122,415.1258468087333,1003
2024-09-16 13:16:36.304,415.1474568193263,999
2024-09-16 13:16:36.355,415.1101214655633,996
2024-09-16 13:16:36.368,415.1047864289481,14
2024-09-16 13:16:36.490,415.1051049593173,105
2024-09-16 13:16:36.549,415.1438148424279,97
2024-09-16 13:16:36.553,415.1093196621304,1002
2024-09-16 13:16:36.595,415.1180140747148,1005
2024-09-16 13:16:36.617,415.1057970142396,1003
2024-09-16 13:16:36.651,415.0933544368221,101
2024-09-16 13:16:36.666,415.15523121798174,7
2024-09-16 13:16:36.730,415.13473866350057,1005
2024-09-16 13:16:36.802,415.1019146387717,95
2024-09-16 13:16:36.816,41.51042430824146,995
2024-09-16 13:16:36.831,415.10780619088285,1002
2024-09-16 13:16:36.833,415.16884859938136,5
2024-09-16 13:16:36.842,415.1103731244106,10
2024-09-16 13:16:36.929,415.136881786094,13
2024-09-16 13:16:36.933,415.09641642131874,1003
2024-09-16 13:16:36.957,415.1000340740922,8
2024-09-16 13:16:37.021,415.11069120468056,998
2024-09-16 13:16:37.026,415.1414585631589,995
2024-09-16 13:16:37.036,415.1410522997328,105
2024-09-16 13:16:37.123,415.1445029756377,100
2024-09-16 13:16:37.295,415.1036240238943,10
2024-09-16 13:16:37.334,415.1623296982092,995
2024-09-16 13:16:37.357,415.1108658522357,5
2024-09-16 13:16:37.369,415.1632778914482,6
2024-09-16 13:16:37.412,415.0965558525843,5
2024-09-16 13:16:37.413,415.1638440178022,11
2024-09-16 13:16:37.451,415.1613101541088,95
2024-09-16 13:16:37.451,415.1071859454031,10
2024-09-16 13:16:37.468,415.1339870604005,102
2024-09-16 13:16:37.546,415.1440580614571,14
2024-09-16 13:16:37.608,415.1252595708669,102
2024-09-16 13:16:37.643,415.11097304996576,7
2024-09-16 13:16:37.718,415.09629018201855,15
2024-09-16 13:16:37.724,415.1431567129597,7
2024-09-16 13:16:37.753,415.1159781922034,101
2024-09-16 13:16:37.755,415.1456822562821,6
2024-09-16 13:16:37.793,415.1384196124973,1004
2024-09-16 13:16:37.845,415.11423556931584,101
2024-09-16 13:16:37.890,415.0872160313089,1005
2024-09-16 13:16:37.922,415.1721320762045,13
2024-09-16 13:16:37.990,415.1624443277869,7
2024-09-16 13:16:38.099,415.0509229387988,99
2024-09-16 13:16:38.119,415.05691189557473,97
2024-09-16 13:16:38.130,415.07851000246063,1005
2024-09-16 13:16:38.248,415.0574227369905,99
2024-09-16 13:16:38.328,415.0649192361263,104
2024-09-16 13:16:38.328,415.0465010455791,104
2024-09-16 13:16:38.343,415.0836135213839,15
2024-09-16 13:16:38.376,415.0505327032877,1005
2024-09-16 13:16:38.458,415.0507628528612,996
2024-09-16 13:16:38.459,415.0489784960568,11
2024-09-16 13:16:38.481,415.0576481737486,5
2024-09-16 13:16:38.534,415.06166448555183,98
2024-09-16 13:16:38.589,415.0851602071842,97
2024-09-16 13:16:38.604,415.0520958038833,96
2024-09-16 13:16:38.621,415.04342360157466,97
2024-09-16 13:16:38.645,415.0687606798581,6
2024-09-16 13:16:38.733,415.0535335673063,8
2024-09-16 13:16:38.807,415.06797896547937,11
2024-09-16 13:16:38.915,415.0549203968491,96
2024-09-16 13:16:38.933,415.0878074840402,103
2024-09-16 13:16:39.017,414.9965280719885,11
2024-09-16 13:16:39.057,415.0311528517805,11
2024-09-16 13:16:39.058,415.02264560102896,996
2024-09-16 13:16:39.066,415.03596717261377,98
2024-09-16 13:16:39.121,415.022919948916,997
2024-09-16 13:16:39.130,414.9991722625424,1003
2024-09-16 13:16:39.138,415.0254599470344,100
2024-09-16 13:16:39.271,415.0328914178073,98
2024-09-16 13:16:39.342,415.0463366878019,8
2024-09-16 13:16:39.345,415.0523128810402,99
2024-09-16 13:16:39.349,415.02991163215,105
2024-09-16 13:16:39.501,415.0612159528732,6
2024-09-16 13:16:39.707,415.0205948401859,95
2024-09-16 13:16:39.859,415.06314502500857,102
2024-09-16 13:16:39.980,415.05578589460345,1005
2024-09-16 13:16:40.210,415.0272248744576,8
2024-09-16 13:16:40.345,415.01566240386825,1005
2024-09-16 13:16:40.360,415.0450284003775,1003
2024-09-16 13:16:40.430,415.0290314489648,997
2024-09-16 13:16:40.577,414.9801991426163,95
2024-09-16 13:16:40.681,415.0674453798552,10
2024-09-16 13:16:40.868,415.04910148093137,104
2024-09-16 13:16:40.959,415.0461128394896,8
2024-09-16 13:16:41.050,414.979032964298,1005
2024-09-16 13:16:41.065,414.9690065433539,999
2024-09-16 13:16:41.145,414.9867022267365,1001
2024-09-16 13:16:41.247,414.9741357412602,10
2024-09-16 13:16:41.310,414.9704503272107,1004
2024-09-16 13:16:41.323,414.9762641698859,13
2024-09-16 13:16:41.388,414.9827594780659,14
2024-09-16 13:16:41.536,414.9724051068634,97
2024-09-16 13:16:41.557,414.97563060573736,98
2024-09-16 13:16:41.811,414.9734950015039,98
2024-09-16 13:16:41.821,414.98116854330885,10
2024-09-16 13:16:41.891,414.96933415325503,998
2024-09-16 13:16:42.035,414.9588759133133,999
2024-09-16 13:16:42.043,414.9437198965402,7
2024-09-16 13:16:42.054,414.92761890063593,5
2024-09-16 13:16:42.056,414.9437313700952,1003
2024-09-16 13:16:42.128,414.936118445804,96
2024-09-16 13:16:42.145,414.9290179013925,102
2024-09-16 13:16:42.236,414.941224885745,12
2024-09-16 13:16:42.295,414.9572712625607,1002
2024-09-16 13:16:42.331,414.972392057446,99
2024-09-16 13:16:42.362,414.9587481504029,99
2024-09-16 13:16:42.425,414.946980590152,13
2024-09-16 13:16:42.444,414.94290744428366,12
2024-09-16 13:16:42.460,414.8979813201474,998
2024-09-16 13:16:42.503,414.94004273524007,99
2024-09-16 13:16:42.567,414.9825008679814,1002
2024-09-16 13:16:42.578,414.94798954533496,1000
2024-09-16 13:16:42.628,414.9397410555957,999
2024-09-16 13:16:42.676,414.9341963527923,996
2024-09-16 13:16:42.706,414.9386174172028,5
2024-09-16 13:16:42.730,414.9503871776207,98
2024-09-16 13:16:42.746,414.94651123545736,104
2024-09-16 13:16:42.790,414.9477098174051,97
2024-09-16 13:16:42.868,414.9098210378188,1005
2024-09-16 13:16:42.874,414.9238861855499,1005
2024-09-16 13:16:42.879,414.9256253247751,101
2024-09-16 13:16:42.905,414.95118810981535,15
2024-09-16 13:16:42.909,414.9198489191496,105
2024-09-16 13:16:43.190,414.9776920215812,999
2024-09-16 13:16:43.224,414.9360462244416,13
2024-09-16 13:16:43.321,414.9430801279156,95
2024-09-16 13:16:43.349,414.9492583465424,15
2024-09-16 13:16:43.376,414.94438902684107,996
2024-09-16 13:16:43.449,414.9625562390434,997
2024-09-16 13:16:43.464,414.9221756105326,100
2024-09-16 13:16:43.468,414.9412240629507,99
2024-09-16 13:16:43.564,414.9332251769984,102
2024-09-16 13:16:43.630,414.9625759418601,97
2024-09-16 13:16:43.646,414.9457240267325,1005
2024-09-16 13:16:43.647,414.93335885285296,1002
2024-09-16 13:16:43.659,414.91274195673947,1005
2024-09-16 13:16:43.762,414.9576456973014,11
2024-09-16 13:16:43.783,414.9341159407068,998
2024-09-16 13:16:43.805,414.9431738256908,101
2024-09-16 13:16:43.810,414.9305062132221,5
2024-09-16 13:16:43.816,,1004
2024-09-16 13:16:43.825,414.9285111484048,15
2024-09-16 13:16:43.836,414.9313644189626,98
2024-09-16 13:16:43.879,414.9536524943491,997
2024-09-16 13:16:43.898,414.9329513810764,997
2024-09-16 13:16:43.921,414.9487573165288,1002
2024-09-16 13:16:43.928,414.93088345007146,999
2024-09-16 13:16:43.970,414.93006722064,14
2024-09-16 13:16:44.068,414.9877373594326,101
2024-09-16 13:16:44.134,414.9969283681439,101
2024-09-16 13:16:44.181,414.98694161490494,104
2024-09-16 13:16:44.222,414.95438528997454,10
2024-09-16 13:16:44.259,414.9614721392762,996
2024-09-16 13:16:44.304,415.0024280425984,1004
2024-09-16 13:16:44.322,414.98326409059615,96
2024-09-16 13:16:44.346,414.9947621121259,9
2024-09-16 13:16:44.374,415.0191552015879,1004
2024-09-16 13:16:44.494,415.0146309702551,15
2024-09-16 13:16:44.505,414.98585937552514,101
2024-09-16 13:16:44.619,414.99667135440814,7
2024-09-16 13:16:44.779,414.980989818416,1002
2024-09-16 13:16:44.824,415.00770069790735,1000
2024-09-16 13:16:44.825,415.00855748342246,5
2024-09-16 13:16:44.891,414.9650485413685,14
2024-09-16 13:16:44.936,414.9842855473465,105
2024-09-16 13:16:44.952,414.9960872049297,102
2024-09-16 13:16:45.005,414.8876243179776,996
2024-09-16 13:16:45.061,414.9346997561198,98
2024-09-16 13:16:45.068,414.90867556049466,12
2024-09-16 13:16:45.150,414.88526472707184,1001
2024-09-16 13:16:45.182,414.8957544939796,13
2024-09-16 13:16:45.200,414.9280414911527,5
2024-09-16 13:16:45.366,414.8801970450476,96
2024-09-16 13:16:45.388,414.8881189341129,13
2024-09-16 13:16:45.440,414.8937174293759,100
2024-09-16 13:16:45.484,414.90116149220046,98
2024-09-16 13:16:45.499,414.9200698715383,96
2024-09-16 13:16:45.516,414.9215781224507,96
2024-09-16 13:16:45.524,414.90537520995576,1004
2024-09-16 13:16:45.651,414.8963206595535,8
2024-09-16 13:16:45.713,414.89673633507954,10
2024-09-16 13:16:45.753,414.8840997060687,11
2024-09-16 13:16:45.818,414.8862698007608,6
2024-09-16 13:16:45.854,414.9212337500898,98
2024-09-16 13:16:45.950,414.9157090489383,102
2024-09-16 13:16:46.059,414.8918441562709,1005
2024-09-16 13:16:46.136,414.9003924975918,1001
2024-09-16 13:16:46.302,414.89467737372814,1003
2024-09-16 13:16:46.342,414.88135150572776,998
2024-09-16 13:16:46.475,414.8940693401375,997
2024-09-16 13:16:46.540,414.8789488604505,12
2024-09-16 13:16:46.550,414.8980636404573,8
2024-09-16 13:16:46.557,414.8800362475441,96
2024-09-16 13:16:46.559,414.8844639999695,5
2024-09-16 13:16:46.669,414.9063024837152,1000
2024-09-16 13:16:46.709,414.8876266627272,6
2024-09-16 13:16:46.792,414.8957549928811,97
2024-09-16 13:16:46.862,414.8977967227155,12
2024-09-16 13:16:46.867,414.8779526561664,7
2024-09-16 13:16:46.902,414.8849225003597,11
2024-09-16 13:16:46.944,414.8950861677818,8
2024-09-16 13:16:47.277,41.48845439478386,96
2024-09-16 13:16:47.358,414.89154934875154,12
2024-09-16 13:16:47.711,414.9115854212416,100
2024-09-16 13:16:47.754,414.9315186646993,97
2024-09-16 13:16:47.801,414.9102189242529,10
2024-09-16 13:16:48.092,414.8898403523515,15
2024-09-16 13:16:48.563,414.8589238468518,102
2024-09-16 13:16:48.626,414.8665756919623,1002
2024-09-16 13:16:50.025,414.916164274325,14
2024-09-16 13:16:50.084,414.911283600634,1000
2024-09-16 13:16:50.196,414.87105071699887,14
2024-09-16 13:16:50.214,414.8709692166439,12
2024-09-16 13:16:50.326,414.8908011825952,995
2024-09-16 13:16:50.424,414.89003693525206,101
2024-09-16 13:16:50.459,414.9129322246261,15
2024-09-16 13:16:50.517,414.9112766762807,996
2024-09-16 13:16:50.529,414.9253490060584,97
2024-09-16 13:16:50.588,414.8613242217261,1001
2024-09-16 13:16:50.605,414.8652468983371,1001
2024-09-16 13:16:50.663,414.86241467563457,1004
2024-09-16 13:16:50.692,414.8710667240537,96
2024-09-16 13:16:50.695,414.8479371251781,999
2024-09-16 13:16:50.721,414.87922975041664,7
2024-09-16 13:16:50.727,414.8873017308883,1004
2024-09-16 13:16:50.870,414.9224292549921,996
2024-09-16 13:16:51.005,,98
2024-09-16 13:16:51.008,414.9007424840532,5
2024-09-16 13:16:51.064,414.9261596567797,105
2024-09-16 13:16:51.079,414.916803356044,1003
2024-09-16 13:16:51.145,414.8935867183616,8
2024-09-16 13:16:51.200,414.92549563741295,99
2024-09-16 13:16:51.239,414.90800836544526,996
2024-09-16 13:16:51.251,414.891687340864,104
2024-09-16 13:16:51.272,414.896641946108,100
2024-09-16 13:16:51.320,414.9399837739665,995
2024-09-16 13:16:51.379,414.89592725719854,997
2024-09-16 13:16:51.386,414.9098776790776,101
2024-09-16 13:16:51.396,414.89669592945165,14
2024-09-16 13:16:51.485,414.9065999934635,105
2024-09-16 13:16:51.498,414.85877361034585,998
2024-09-16 13:16:51.527,414.87617669023285,100
2024-09-16 13:16:51.657,414.8683612635231,6
2024-09-16 13:16:51.686,414.89247387696713,7
2024-09-16 13:16:51.697,414.8892286721834,102
2024-09-16 13:16:51.703,414.909074750892,9
2024-09-16 13:16:51.731,414.9025373247464,15
2024-09-16 13:16:51.739,414.87676332940026,1004
2024-09-16 13:16:51.835,414.8996708057663,11
2024-09-16 13:16:51.854,414.8963206436662,1005
2024-09-16 13:16:51.879,414.9016436294738,10
2024-09-16 13:16:51.881,414.92634692736726,1001
2024-09-16 13:16:51.896,414.8694347899616,1001
2024-09-16 13:16:51.992,414.8954866150712,15
2024-09-16 13:16:52.041,414.95581656043976,5
2024-09-16 13:16:52.080,414.9391305154061,11
2024-09-16 13:16:52.168,414.96722123451934,13
2024-09-16 13:16:52.246,414.9862199629793,9
2024-09-16 13:16:52.339,-414.9425197353944,10
2024-09-16 13:16:52.363,414.9546121738154,103
2024-09-16 13:16:52.374,414.95480607764136,100
2024-09-16 13:16:52.499,414.94426422564686,11
2024-09-16 13:16:52.505,414.9518873948402,105
2024-09-16 13:16:52.522,414.9427761831362,995
2024-09-16 13:16:52.565,414.92835514587694,5
2024-09-16 13:16:52.589,415.0009816851583,5
2024-09-16 13:16:52.688,414.99801925549184,5
2024-09-16 13:16:52.704,414.9784898018387,5
2024-09-16 13:16:52.841,414.9826751924988,15
2024-09-16 13:16:52.919,414.9669557161861,95
2024-09-16 13:16:52.934,415.0228139904608,11
2024-09-16 13:16:52.987,415.0333277539043,9
2024-09-16 13:16:53.074,415.0873680844382,97
2024-09-16 13:16:53.342,415.050534365674,1004
2024-09-16 13:16:53.369,415.0662576987387,100
2024-09-16 13:16:53.495,415.0504049552296,104
2024-09-16 13:16:53.503,415.0400587553012,995
2024-09-16 13:16:53.594,415.030751816962,104
2024-09-16 13:16:53.800,415.0353794841632,1002
2024-09-16 13:16:53.872,415.0279171157615,98
2024-09-16 13:16:54.063,415.0913466229616,1003
2024-09-16 13:16:54.270,415.0860843826668,13
2024-09-16 13:16:54.283,415.0820596913167,999
2024-09-16 13:16:54.299,415.07634429670696,100
2024-09-16 13:16:54.320,415.0829128463485,15
2024-09-16 13:16:54.464,415.0839383153089,14
2024-09-16 13:16:54.468,415.08741936895655,12
2024-09-16 13:16:54.609,415.0699206076222,95
2024-09-16 13:16:54.691,415.0860385854313,12
2024-09-16 13:16:54.735,415.0571792168879,9
2024-09-16 13:16:54.833,415.0930272457052,98
2024-09-16 13:16:54.849,415.0786660201978,104
2024-09-16 13:16:55.063,415.09252900907615,998
2024-09-16 13:16:55.120,415.081959786324,998
2024-09-16 13:16:55.473,415.0553220040177,1001
2024-09-16 13:16:55.815,415.0730954687779,102
2024-09-16 13:16:55.842,415.087407084217,15
2024-09-16 13:16:55.864,415.0614048805931,1003
2024-09-16 13:16:55.945,415.0477368001058,97
2024-09-16 13:16:56.016,414.9871198643212,996
2024-09-16 13:16:56.019,414.9649642130723,1000
2024-09-16 13:16:56.039,415.0086277498906,12
2024-09-16 13:16:56.044,414.9576172788796,998
2024-09-16 13:16:56.107,414.9698115052192,102
2024-09-16 13:16:56.137,414.9749661669138,101
2024-09-16 13:16:56.193,415.0554919860231,96
2024-09-16 13:16:56.197,414.985879281384,1003
2024-09-16 13:16:56.244,415.05607420808354,999
2024-09-16 13:16:56.315,414.9702269731366,1001
2024-09-16 13:16:56.452,414.965509156917,100
2024-09-16 13:16:56.476,414.99514880396015,14
2024-09-16 13:16:56.485,414.9894043588019,997
2024-09-16 13:16:56.563,414.9701541691736,996
2024-09-16 13:16:56.585,414.95829454844215,15
2024-09-16 13:16:56.596,414.9661461785945,12
2024-09-16 13:16:56.618,415.0336897662101,999
2024-09-16 13:16:56.778,414.97372707585134,1002
2024-09-16 13:16:56.884,,997
2024-09-16 13:16:56.923,415.0383294431436,1004
2024-09-16 13:16:56.925,414.9557234865427,1000
2024-09-16 13:16:57.020,414.9569698220501,1003
2024-09-16 13:16:57.155,414.9547563054094,11
2024-09-16 13:16:57.192,414.9605641485603,996
2024-09-16 13:16:57.225,414.9476292178138,14
2024-09-16 13:16:57.262,414.957824567333,999
2024-09-16 13:16:57.332,414.9380327585104,997
2024-09-16 13:16:57.440,414.9465746737948,998
2024-09-16 13:16:57.536,414.9763895396292,100
2024-09-16 13:16:57.555,414.9417833012505,8
2024-09-16 13:16:57.558,414.9586840286436,14
2024-09-16 13:16:57.562,414.95822780636576,6
2024-09-16 13:16:57.704,414.93997101977016,100
2024-09-16 13:16:58.089,414.9544846869517,7
2024-09-16 13:16:58.138,414.939343730953,5
2024-09-16 13:16:58.161,414.92415116903794,97
2024-09-16 13:16:58.203,414.9379748625865,14
2024-09-16 13:16:58.233,414.933025487606,996
2024-09-16 13:16:58.268,414.9204995468709,96
2024-09-16 13:16:58.287,414.91957875511366,104
2024-09-16 13:16:58.296,414.9170964063987,12
2024-09-16 13:16:58.318,414.92646551259054,13
2024-09-16 13:16:58.461,414.91029070675216,96
2024-09-16 13:16:58.687,414.934205764533,14
2024-09-16 13:16:58.764,414.9208984907194,104
2024-09-16 13:16:58.890,414.9246418866221,6
2024-09-16 13:16:58.972,414.9234525285037,99
2024-09-16 13:16:59.090,414.914351927786,995
2024-09-16 13:16:59.112,414.8994613733402,14
2024-09-16 13:16:59.138,414.88815858768737,1005
2024-09-16 13:16:59.188,414.8884289974251,998
2024-09-16 13:16:59.349,414.9361703663124,995
2024-09-16 13:16:59.363,414.87943594714415,95
2024-09-16 13:16:59.373,414.9105938720591,1001
2024-09-16 13:16:59.711,414.9447597264685,12
2024-09-16 13:16:59.874,414.9004256708584,997
2024-09-16 13:16:59.977,414.9426185926145,101
