Timestamp,Price,Size
2024-09-16 10:26:00.059,418.1219788129246,1004
2024-09-16 10:26:00.082,418.1209802800991,102
2024-09-16 10:26:00.102,418.15030314151966,9
2024-09-16 10:26:00.118,418.1639702223479,998
2024-09-16 10:26:00.243,418.1381221655116,1001
2024-09-16 10:26:00.333,418.1210870362845,997
2024-09-16 10:26:00.384,418.1453850640914,1001
2024-09-16 10:26:00.610,41.813994874705486,15
2024-09-16 10:26:00.689,418.1462274893041,1005
2024-09-16 10:26:00.736,418.1310252110258,101
2024-09-16 10:26:00.749,418.1313890648235,12
2024-09-16 10:26:00.766,418.1250751631252,7
2024-09-16 10:26:00.856,418.1444713464302,101
2024-09-16 10:26:00.890,-418.10753258455634,100
2024-09-16 10:26:00.899,418.1243998467759,10
2024-09-16 10:26:00.917,418.116156195564,999
2024-09-16 10:26:00.947,418.1391301055221,999
2024-09-16 10:26:01.022,418.1303988953232,12
2024-09-16 10:26:01.035,418.1234897517162,997
2024-09-16 10:26:01.070,418.1311660747701,13
2024-09-16 10:26:01.075,418.13045186625214,103
2024-09-16 10:26:01.173,418.1178688799562,1001
2024-09-16 10:26:01.219,,7
2024-09-16 10:26:01.235,418.1546508493668,999
2024-09-16 10:26:01.236,418.1256249090435,997
2024-09-16 10:26:01.259,418.139373966822,13
2024-09-16 10:26:01.271,418.1075206624955,5
2024-09-16 10:26:01.301,418.1365103454164,998
2024-09-16 10:26:01.326,418.130167043849,9
2024-09-16 10:26:01.355,418.1505567128437,1001
2024-09-16 10:26:01.361,418.12629774008366,15
2024-09-16 10:26:01.370,418.14436916152937,997
2024-09-16 10:26:01.439,418.12045173169474,97
2024-09-16 10:26:01.441,418.1248403377679,96
2024-09-16 10:26:01.464,418.137656261718,6
2024-09-16 10:26:01.546,418.13859743208303,1005
2024-09-16 10:26:01.643,418.12705950819145,998
2024-09-16 10:26:01.677,418.1332147800453,11
2024-09-16 10:26:01.715,418.1271591796073,105
2024-09-16 10:26:01.837,418.1245928019239,96
2024-09-16 10:26:01.838,418.1139880495574,5
2024-09-16 10:26:01.846,418.12215953688224,101
2024-09-16 10:26:01.867,418.1458383270128,1005
2024-09-16 10:26:01.902,418.14882172797496,1005
2024-09-16 10:26:01.912,418.1327607826681,10
2024-09-16 10:26:01.949,418.13529975404913,15
2024-09-16 10:26:01.992,418.1389339750997,98
2024-09-16 10:26:02.027,418.151953865636,96
2024-09-16 10:26:02.544,418.1213776286855,98
2024-09-16 10:26:02.550,418.15689973540793,103
2024-09-16 10:26:02.725,418.1400292239032,996
2024-09-16 10:26:03.060,418.1283480767339,95
2024-09-16 10:26:03.188,418.1507295671596,998
2024-09-16 10:26:03.207,418.13024595160977,11
2024-09-16 10:26:03.224,418.15165966281,14
2024-09-16 10:26:03.241,418.1251991116383,95
2024-09-16 10:26:03.451,418.1504178978168,102
2024-09-16 10:26:03.477,418.168181780541,14
2024-09-16 10:26:03.503,418.1337750313053,9
2024-09-16 10:26:03.533,418.1334850520553,13
2024-09-16 10:26:03.621,418.1293679856236,99
2024-09-16 10:26:03.652,418.1397286685652,105
2024-09-16 10:26:03.698,418.1250448855649,95
2024-09-16 10:26:03.718,418.1411042787735,1004
2024-09-16 10:26:03.726,418.2089579732343,95
2024-09-16 10:26:03.817,418.2256520194743,98
2024-09-16 10:26:03.855,418.1487348988025,96
2024-09-16 10:26:03.873,418.2213116803789,13
2024-09-16 10:26:03.951,418.1970275214404,5
2024-09-16 10:26:03.954,418.2145363402775,999
2024-09-16 10:26:04.078,418.2352535096832,8
2024-09-16 10:26:04.154,418.1894015818718,998
2024-09-16 10:26:04.166,418.2509277319277,999
2024-09-16 10:26:04.168,418.2578853896825,97
2024-09-16 10:26:04.177,418.2248030955849,100
2024-09-16 10:26:04.182,418.21363541590114,996
2024-09-16 10:26:04.196,418.2430870239509,996
2024-09-16 10:26:04.196,418.21446660165327,96
2024-09-16 10:26:04.202,418.2190181619637,103
2024-09-16 10:26:04.206,418.2329703255786,1005
2024-09-16 10:26:04.376,418.2487229751808,1000
2024-09-16 10:26:04.387,418.21923237615096,104
2024-09-16 10:26:04.479,418.20742290840775,1002
2024-09-16 10:26:04.480,418.1994592339606,96
2024-09-16 10:26:04.481,418.2423793726553,98
2024-09-16 10:26:04.487,418.22721206067104,105
2024-09-16 10:26:04.498,418.2003060460888,100
2024-09-16 10:26:04.524,418.1801722281238,101
2024-09-16 10:26:04.566,418.230194463951,14
2024-09-16 10:26:04.570,418.235162045837,1004
2024-09-16 10:26:04.598,418.17962372607286,14
2024-09-16 10:26:04.630,418.1926304357728,14
2024-09-16 10:26:04.633,418.1780210914072,95
2024-09-16 10:26:04.700,418.2254078891575,101
2024-09-16 10:26:04.713,418.2248695328125,996
2024-09-16 10:26:04.747,418.20666314174616,98
2024-09-16 10:26:04.783,418.2199504782236,997
2024-09-16 10:26:04.827,418.2270758250613,995
2024-09-16 10:26:04.836,418.1976970402728,999
2024-09-16 10:26:04.918,418.1766418225872,95
2024-09-16 10:26:05.068,418.2460065797537,99
2024-09-16 10:26:05.076,418.213012409572,1002
2024-09-16 10:26:05.126,418.3105797912804,12
2024-09-16 10:26:05.147,418.2450346749212,98
2024-09-16 10:26:05.161,418.204407169814,999
2024-09-16 10:26:05.214,418.236619194763,996
2024-09-16 10:26:05.216,418.285343551158,97
2024-09-16 10:26:05.284,418.280280137782,102
2024-09-16 10:26:05.313,418.2200790103492,102
2024-09-16 10:26:05.319,418.2444671299943,1002
2024-09-16 10:26:05.328,-418.2505684082924,10
2024-09-16 10:26:05.428,418.2243910415811,97
2024-09-16 10:26:05.467,418.2587407793157,104
2024-09-16 10:26:05.471,418.2521830414951,6
2024-09-16 10:26:05.476,418.2405575574632,95
2024-09-16 10:26:05.548,418.3002985356571,1003
2024-09-16 10:26:05.563,418.3177132658822,13
2024-09-16 10:26:05.578,418.3082611683957,7
2024-09-16 10:26:05.643,418.2115771471103,1005
2024-09-16 10:26:05.658,418.3101657268209,998
2024-09-16 10:26:05.691,418.2538501116355,1000
2024-09-16 10:26:05.737,418.2490299013288,1005
2024-09-16 10:26:05.775,418.2413709561423,103
2024-09-16 10:26:05.783,418.2588991841608,11
2024-09-16 10:26:05.786,418.2865346157753,13
2024-09-16 10:26:05.839,418.25165363149375,101
2024-09-16 10:26:05.907,418.2479697012722,96
2024-09-16 10:26:05.937,-418.2694982157881,1001
2024-09-16 10:26:05.947,418.28234107355416,105
2024-09-16 10:26:06.007,418.35246836333033,101
2024-09-16 10:26:06.008,418.3020077322944,7
2024-09-16 10:26:06.028,418.31256241858495,103
2024-09-16 10:26:06.046,418.2911016349764,999
2024-09-16 10:26:06.048,418.3551229710507,996
2024-09-16 10:26:06.076,418.374576096018,5
2024-09-16 10:26:06.100,418.2920171843964,105
2024-09-16 10:26:06.102,418.3551466634753,10
2024-09-16 10:26:06.210,418.2851674535714,1000
2024-09-16 10:26:06.320,418.3694260165772,1001
2024-09-16 10:26:06.321,418.29104314817744,99
2024-09-16 10:26:06.353,418.33649333647065,15
2024-09-16 10:26:06.390,418.3251796175259,98
2024-09-16 10:26:06.395,418.34216213147823,104
2024-09-16 10:26:06.455,418.2968683813044,1002
2024-09-16 10:26:06.519,418.3026615799056,1003
2024-09-16 10:26:06.521,418.3177697967092,7
2024-09-16 10:26:06.566,418.3024844158463,96
2024-09-16 10:26:06.574,418.3299827022112,98
2024-09-16 10:26:06.623,418.35184512198265,97
2024-09-16 10:26:06.634,418.324821594474,101
2024-09-16 10:26:06.688,418.3484505736248,15
2024-09-16 10:26:06.708,418.3669862287106,101
2024-09-16 10:26:06.749,418.3188931101515,10
2024-09-16 10:26:06.786,418.3458672714462,1005
2024-09-16 10:26:06.821,418.34021490548673,14
2024-09-16 10:26:06.923,418.3378897564722,1001
2024-09-16 10:26:07.817,418.36777921343815,1000
2024-09-16 10:26:07.865,418.3729902417423,1005
2024-09-16 10:26:08.008,418.368555717632,9
2024-09-16 10:26:08.009,418.4027976430865,6
2024-09-16 10:26:08.529,418.40859868094856,103
2024-09-16 10:26:08.577,418.387781569214,1004
2024-09-16 10:26:08.585,418.3932920685347,8
2024-09-16 10:26:08.980,418.403076920552,1003
2024-09-16 10:26:09.039,418.361523712548,995
2024-09-16 10:26:09.070,418.3128589300904,15
2024-09-16 10:26:09.115,418.36138634443193,5
2024-09-16 10:26:09.117,418.3325940017543,99
2024-09-16 10:26:09.356,418.3434548475166,1003
2024-09-16 10:26:09.390,418.3627138004682,9
2024-09-16 10:26:09.437,418.2894489741416,101
2024-09-16 10:26:09.476,418.2805072206384,1000
2024-09-16 10:26:09.549,418.3761610057175,104
2024-09-16 10:26:09.600,418.3602101550636,1000
2024-09-16 10:26:09.610,418.35083327680775,101
2024-09-16 10:26:09.638,418.37517258839006,105
2024-09-16 10:26:09.659,418.289711918184,1002
2024-09-16 10:26:09.665,41.83828541229183,998
2024-09-16 10:26:09.677,418.2941633351408,14
2024-09-16 10:26:09.685,418.3250349850207,1001
2024-09-16 10:26:09.726,418.2836122542907,95
2024-09-16 10:26:09.738,418.3222260834435,15
2024-09-16 10:26:09.751,41.83816184724174,7
2024-09-16 10:26:09.770,418.3809696884052,997
2024-09-16 10:26:09.794,418.3242917363415,95
2024-09-16 10:26:09.853,418.33029614875386,97
2024-09-16 10:26:09.881,418.2909447082382,997
2024-09-16 10:26:09.948,418.2705453723044,8
2024-09-16 10:26:09.997,418.339054553382,1002
2024-09-16 10:26:10.032,418.3604664808847,103
2024-09-16 10:26:10.053,418.3238367368016,96
2024-09-16 10:26:10.068,418.3397300318789,12
2024-09-16 10:26:10.068,418.3307014957896,9
2024-09-16 10:26:10.114,418.323538115505,15
2024-09-16 10:26:10.148,418.336285442205,996
2024-09-16 10:26:10.167,418.3452441846701,105
2024-09-16 10:26:10.210,418.3285269177957,101
2024-09-16 10:26:10.233,418.3201061954685,13
2024-09-16 10:26:10.258,418.3378586057636,104
2024-09-16 10:26:10.273,418.2941028930181,8
2024-09-16 10:26:10.361,418.303847788264,1001
2024-09-16 10:26:10.436,418.366876471815,1004
2024-09-16 10:26:10.496,418.3609801264381,998
2024-09-16 10:26:10.565,418.3604270673068,995
2024-09-16 10:26:10.662,418.3378571820887,103
2024-09-16 10:26:10.704,418.35526309396215,104
2024-09-16 10:26:10.770,418.30005278584986,11
2024-09-16 10:26:10.770,418.2933933734691,97
2024-09-16 10:26:10.817,418.2956909367714,96
2024-09-16 10:26:10.847,418.34689356625455,13
2024-09-16 10:26:10.867,418.34077510240513,101
2024-09-16 10:26:10.941,418.2949610141612,1000
2024-09-16 10:26:10.969,418.3745995352644,1002
2024-09-16 10:26:11.018,418.3186904531392,98
2024-09-16 10:26:11.030,418.3256225787658,9
2024-09-16 10:26:11.135,418.32516595891485,6
2024-09-16 10:26:11.169,418.3269682531778,1001
2024-09-16 10:26:11.175,418.3297581081204,14
2024-09-16 10:26:11.183,418.3095139136466,998
2024-09-16 10:26:11.212,418.32008646625536,10
2024-09-16 10:26:11.221,418.3057834181836,103
2024-09-16 10:26:11.276,418.2591545805957,6
2024-09-16 10:26:11.316,418.3277664788706,999
2024-09-16 10:26:11.325,418.2930280832964,102
2024-09-16 10:26:11.334,418.3147507051745,96
2024-09-16 10:26:11.438,418.3329119942342,1002
2024-09-16 10:26:11.551,418.3324133149601,998
2024-09-16 10:26:11.559,418.3060460777104,103
2024-09-16 10:26:11.653,418.3272706001335,99
2024-09-16 10:26:11.746,418.2766838320848,8
2024-09-16 10:26:11.773,418.3055587934246,105
2024-09-16 10:26:11.799,418.3149008070149,1003
2024-09-16 10:26:11.840,418.31336739015455,13
2024-09-16 10:26:11.861,418.3033889083636,12
2024-09-16 10:26:12.036,418.2909504451312,12
2024-09-16 10:26:12.093,418.3050116313168,15
2024-09-16 10:26:12.127,418.3155528926707,1002
2024-09-16 10:26:12.165,418.2996601153116,98
2024-09-16 10:26:12.298,-418.2648595831764,103
2024-09-16 10:26:12.313,418.28957846189246,13
2024-09-16 10:26:12.461,418.27353594242334,1002
2024-09-16 10:26:12.526,418.3032289435143,999
2024-09-16 10:26:12.636,418.2909634102649,1004
2024-09-16 10:26:12.700,418.29094599120833,95
2024-09-16 10:26:12.778,418.2969174397281,100
2024-09-16 10:26:12.888,418.3197473623333,98
2024-09-16 10:26:12.971,418.30070178012977,5
2024-09-16 10:26:13.041,418.3067565690743,995
2024-09-16 10:26:13.051,418.3158762779267,9
2024-09-16 10:26:13.098,418.3282097617583,9
2024-09-16 10:26:13.162,418.304008386496,102
2024-09-16 10:26:13.629,418.3321107197373,95
2024-09-16 10:26:13.681,418.3200662119148,105
2024-09-16 10:26:14.232,418.29831173649416,5
2024-09-16 10:26:14.393,418.2979408429322,103
2024-09-16 10:26:14.539,418.3064932421421,1002
2024-09-16 10:26:14.612,418.3215992726972,102
2024-09-16 10:26:15.001,418.2894900170236,95
2024-09-16 10:26:15.028,418.3043749219817,997
2024-09-16 10:26:15.051,418.2775862188872,105
2024-09-16 10:26:15.080,418.255903674285,99
2024-09-16 10:26:15.184,418.2749246728408,1004
2024-09-16 10:26:15.202,418.2841091058969,1000
2024-09-16 10:26:15.224,418.2878816412991,95
2024-09-16 10:26:15.321,418.29421826629897,1003
2024-09-16 10:26:15.367,418.2937591796908,995
2024-09-16 10:26:15.410,418.2806894744601,1002
2024-09-16 10:26:15.420,418.29454297130616,999
2024-09-16 10:26:15.421,418.3201787909212,1002
2024-09-16 10:26:15.460,418.28108328102354,7
2024-09-16 10:26:15.477,418.3142346273857,98
2024-09-16 10:26:15.487,418.2772652563736,104
2024-09-16 10:26:15.493,418.2656859214885,97
2024-09-16 10:26:15.579,418.31094287046335,97
2024-09-16 10:26:15.624,418.2907817924018,15
2024-09-16 10:26:15.625,418.2871939655999,99
2024-09-16 10:26:15.702,418.2570519973204,13
2024-09-16 10:26:15.756,418.2759205527676,995
2024-09-16 10:26:15.820,418.2915751585672,100
2024-09-16 10:26:15.933,418.2861332900978,1003
2024-09-16 10:26:15.934,418.2934125712914,103
2024-09-16 10:26:15.952,-418.3002281160599,15
2024-09-16 10:26:15.977,418.3256464316428,97
2024-09-16 10:26:15.985,418.2592976998888,104
2024-09-16 10:26:16.120,418.3279209582544,13
2024-09-16 10:26:16.120,418.2659004470715,10
2024-09-16 10:26:16.184,418.2518766799071,999
2024-09-16 10:26:16.266,418.2502784298182,996
2024-09-16 10:26:16.286,418.26965269827264,5
2024-09-16 10:26:16.308,418.25350695056886,1000
2024-09-16 10:26:16.363,418.27251386521925,6
2024-09-16 10:26:16.431,418.3117584292706,12
2024-09-16 10:26:16.450,,7
2024-09-16 10:26:16.465,418.27882448415966,9
2024-09-16 10:26:16.470,418.2557201072651,100
2024-09-16 10:26:16.504,418.2853079827256,7
2024-09-16 10:26:16.505,418.26451088713713,9
2024-09-16 10:26:16.546,418.2445868614035,1002
2024-09-16 10:26:16.592,418.31924430718857,6
2024-09-16 10:26:16.723,418.2559283736968,97
2024-09-16 10:26:16.739,418.25939326130816,12
2024-09-16 10:26:16.743,418.2762995247504,6
2024-09-16 10:26:16.772,418.24990884299785,105
2024-09-16 10:26:16.780,418.2454229071212,97
2024-09-16 10:26:16.794,418.258974542085,100
2024-09-16 10:26:17.226,418.2918305174828,12
2024-09-16 10:26:17.398,418.2900923709717,996
2024-09-16 10:26:17.742,418.29951310258775,104
2024-09-16 10:26:17.874,418.275345416646,5
2024-09-16 10:26:18.026,418.2413723358483,97
2024-09-16 10:26:18.150,418.2406685097182,1001
2024-09-16 10:26:18.220,418.25651842016,96
2024-09-16 10:26:18.261,418.2620800753143,103
2024-09-16 10:26:18.360,418.2325604830134,1001
2024-09-16 10:26:18.402,418.25338725267,999
2024-09-16 10:26:18.410,418.23840442055183,14
2024-09-16 10:26:18.428,418.2227336891305,7
2024-09-16 10:26:18.441,418.2337055994368,99
2024-09-16 10:26:18.498,418.2342970162077,1004
2024-09-16 10:26:18.514,418.2490150269771,996
2024-09-16 10:26:18.615,418.2342042220556,996
2024-09-16 10:26:18.615,418.2428758296137,999
2024-09-16 10:26:18.633,418.2411097212153,1000
2024-09-16 10:26:18.645,418.2557651049775,99
2024-09-16 10:26:18.672,418.26231932253177,103
2024-09-16 10:26:18.815,418.2234599972749,1003
2024-09-16 10:26:18.818,418.2284092371627,8
2024-09-16 10:26:18.845,418.2458218985136,998
2024-09-16 10:26:18.857,418.24892398189087,100
2024-09-16 10:26:18.858,418.2645498640703,999
2024-09-16 10:26:18.883,418.2545076997964,997
2024-09-16 10:26:18.898,418.2637770051588,15
2024-09-16 10:26:18.914,418.2323456850192,8
2024-09-16 10:26:18.932,418.23592347804816,998
2024-09-16 10:26:18.937,418.22614036611935,6
2024-09-16 10:26:18.945,418.22928116537287,98
2024-09-16 10:26:18.961,41.82423287074731,7
2024-09-16 10:26:18.987,418.269876510198,100
2024-09-16 10:26:19.055,,12
2024-09-16 10:26:19.137,418.2220826851266,13
2024-09-16 10:26:19.155,418.2285859916825,1004
2024-09-16 10:26:19.165,418.2284794198821,11
2024-09-16 10:26:19.176,-418.2246824416797,1003
2024-09-16 10:26:19.225,418.2496835415188,15
2024-09-16 10:26:19.236,418.2434322629621,6
2024-09-16 10:26:19.254,418.2416869486337,997
2024-09-16 10:26:19.269,418.2215335762034,999
2024-09-16 10:26:19.274,418.24859674261046,10
2024-09-16 10:26:19.452,418.2399609350158,1004
2024-09-16 10:26:19.475,418.2470110103857,100
2024-09-16 10:26:19.504,418.243593883497,9
2024-09-16 10:26:19.524,418.2532103124325,999
2024-09-16 10:26:19.686,418.21836091646406,98
2024-09-16 10:26:19.708,418.2048443211506,13
2024-09-16 10:26:19.744,418.2280627820675,995
2024-09-16 10:26:19.766,418.2402246097718,96
2024-09-16 10:26:19.825,418.2254416367324,995
2024-09-16 10:26:19.894,418.2080667324335,12
2024-09-16 10:26:19.912,418.2149828327536,11
2024-09-16 10:26:19.923,418.2351220700882,6
2024-09-16 10:26:20.618,,9
2024-09-16 10:26:21.046,418.0785761632546,101
2024-09-16 10:26:21.104,418.0476095137534,998
2024-09-16 10:26:21.116,418.0403989438853,1000
2024-09-16 10:26:21.138,418.0811470569839,10
2024-09-16 10:26:21.163,418.0461905322011,997
2024-09-16 10:26:21.191,418.16052121139234,99
2024-09-16 10:26:21.192,418.14345284024137,1000
2024-09-16 10:26:21.213,418.1206278324989,15
2024-09-16 10:26:21.239,418.1103691467786,5
2024-09-16 10:26:21.350,418.1689709918677,996
2024-09-16 10:26:21.361,418.0542972825872,14
2024-09-16 10:26:21.382,418.17305791591286,102
2024-09-16 10:26:21.392,418.0750440650591,998
2024-09-16 10:26:21.400,418.0516106455355,998
2024-09-16 10:26:21.408,418.1758581029439,10
2024-09-16 10:26:21.421,418.1054241908112,1002
2024-09-16 10:26:21.435,418.0802342264908,98
2024-09-16 10:26:21.539,418.0474338266208,104
2024-09-16 10:26:21.604,418.0644167821153,5
2024-09-16 10:26:21.625,418.1485418347061,9
2024-09-16 10:26:21.691,418.039131225251,13
2024-09-16 10:26:21.733,418.0573729663198,101
2024-09-16 10:26:21.781,418.0472548292736,100
2024-09-16 10:26:21.784,418.05437844813895,996
2024-09-16 10:26:21.818,418.1611551824775,96
2024-09-16 10:26:21.839,418.0866047283067,12
2024-09-16 10:26:21.901,418.0540627903012,99
2024-09-16 10:26:21.934,418.18944448098193,10
2024-09-16 10:26:21.961,418.0489522162874,1005
2024-09-16 10:26:22.004,418.059622242534,998
2024-09-16 10:26:22.049,418.06043662722414,102
2024-09-16 10:26:22.069,418.05018707730864,11
2024-09-16 10:26:22.075,418.0358938105225,103
2024-09-16 10:26:22.079,418.0443224945268,95
2024-09-16 10:26:22.180,418.0403123010674,97
2024-09-16 10:26:22.183,418.07258576743845,995
2024-09-16 10:26:22.203,418.02875366123055,7
2024-09-16 10:26:22.212,418.0507072743274,102
2024-09-16 10:26:22.415,418.0667579212676,11
2024-09-16 10:26:22.458,418.0464272926704,15
2024-09-16 10:26:22.468,418.0508875323876,97
2024-09-16 10:26:22.578,418.0319847528482,1001
2024-09-16 10:26:22.606,418.0535144005101,1000
2024-09-16 10:26:22.623,418.0427669413114,1003
2024-09-16 10:26:22.669,418.0479919709612,1001
2024-09-16 10:26:22.720,418.0343540506941,104
2024-09-16 10:26:22.757,418.0712818771763,15
2024-09-16 10:26:22.782,418.0554212306741,96
2024-09-16 10:26:22.790,418.06192924941,1003
2024-09-16 10:26:22.835,418.0457431430576,11
2024-09-16 10:26:22.848,418.0328523850029,99
2024-09-16 10:26:22.920,418.0371524122267,1003
2024-09-16 10:26:22.934,418.0313736266732,995
2024-09-16 10:26:22.965,418.0699350488001,97
2024-09-16 10:26:22.998,418.0371057204533,13
2024-09-16 10:26:23.086,418.05697443018886,10
2024-09-16 10:26:23.111,418.0411957668217,1000
2024-09-16 10:26:23.193,418.0415707120467,97
2024-09-16 10:26:23.264,418.0597443091756,13
2024-09-16 10:26:23.268,418.0844585910024,103
2024-09-16 10:26:23.302,418.1012390953109,101
2024-09-16 10:26:23.474,418.059273444245,97
2024-09-16 10:26:23.489,418.08483464794966,105
2024-09-16 10:26:23.547,418.0546796963554,7
2024-09-16 10:26:23.666,418.04384492075707,996
2024-09-16 10:26:23.706,418.0501617049256,6
2024-09-16 10:26:23.749,418.02911672917713,1001
2024-09-16 10:26:23.778,418.0654477870775,5
2024-09-16 10:26:23.806,418.0875522626525,1004
2024-09-16 10:26:23.891,418.0507298186201,11
2024-09-16 10:26:23.902,418.0801364971245,1001
2024-09-16 10:26:23.920,418.0575387092815,5
2024-09-16 10:26:23.951,418.0610869974914,6
2024-09-16 10:26:23.956,418.0685528982252,95
2024-09-16 10:26:23.966,418.0732514772451,103
2024-09-16 10:26:24.024,418.09116094300174,996
2024-09-16 10:26:24.055,418.081184309231,98
2024-09-16 10:26:24.116,418.13844717865794,998
2024-09-16 10:26:24.211,418.0894681057787,102
2024-09-16 10:26:24.296,418.13394760728414,13
2024-09-16 10:26:24.328,418.1061580709744,97
2024-09-16 10:26:24.466,418.1108941603203,997
2024-09-16 10:26:24.490,418.1085983061926,102
2024-09-16 10:26:24.517,418.110807900543,12
2024-09-16 10:26:24.536,418.1272721175503,1001
2024-09-16 10:26:24.584,418.1159698034608,99
2024-09-16 10:26:24.588,418.1282553658138,1005
2024-09-16 10:26:24.619,418.1245280415061,103
2024-09-16 10:26:24.674,418.08589776132845,999
2024-09-16 10:26:24.740,418.1230658873671,9
2024-09-16 10:26:24.810,418.103923515329,96
2024-09-16 10:26:24.817,418.0901038456389,5
2024-09-16 10:26:24.835,418.08638177069554,104
2024-09-16 10:26:24.850,418.1296727133459,96
2024-09-16 10:26:24.899,418.1014658542396,103
2024-09-16 10:26:24.907,418.10576990226,104
2024-09-16 10:26:25.043,418.08744463183336,1002
2024-09-16 10:26:25.365,418.0784595605014,1004
2024-09-16 10:26:25.414,418.0861806435755,96
2024-09-16 10:26:25.517,418.0773972917069,1005
2024-09-16 10:26:25.878,418.0899964837165,1001
2024-09-16 10:26:26.005,418.0780449124788,9
2024-09-16 10:26:26.036,418.08546931310894,105
2024-09-16 10:26:26.120,418.0923703168304,12
2024-09-16 10:26:26.148,418.04562642010296,101
2024-09-16 10:26:26.200,-418.04876619132006,99
2024-09-16 10:26:26.225,418.0765253177555,9
2024-09-16 10:26:26.345,418.0781852889564,105
2024-09-16 10:26:26.351,418.0490133389677,8
2024-09-16 10:26:26.370,418.0537373682563,104
2024-09-16 10:26:26.490,418.092617513538,996
2024-09-16 10:26:26.498,418.0697531394585,1000
2024-09-16 10:26:26.559,418.084255258557,14
2024-09-16 10:26:26.743,418.06508254142847,100
2024-09-16 10:26:26.761,418.0761066719522,999
2024-09-16 10:26:27.003,417.93672380003335,1001
2024-09-16 10:26:27.033,417.9753313425495,11
2024-09-16 10:26:27.066,418.0146090638978,996
2024-09-16 10:26:27.090,418.0160463265914,95
2024-09-16 10:26:27.148,417.95057598445015,999
2024-09-16 10:26:27.178,417.9524405785567,999
2024-09-16 10:26:27.233,418.03051784390345,102
2024-09-16 10:26:27.303,417.9485486470251,101
2024-09-16 10:26:27.411,417.9355536771635,1004
2024-09-16 10:26:27.458,417.9348975002999,995
2024-09-16 10:26:27.563,418.0338028628318,98
2024-09-16 10:26:27.637,,13
2024-09-16 10:26:27.639,417.9510890762188,96
2024-09-16 10:26:27.680,417.9425857780568,13
2024-09-16 10:26:27.728,418.01047942634506,10
2024-09-16 10:26:27.820,417.9515093698295,1005
2024-09-16 10:26:27.858,418.031029313118,1003
2024-09-16 10:26:27.875,417.9392345169567,996
2024-09-16 10:26:27.922,-417.944266350547,1005
2024-09-16 10:26:27.978,418.0321564647662,1001
2024-09-16 10:26:28.048,417.9467039428085,5
2024-09-16 10:26:28.106,417.9806624095166,99
2024-09-16 10:26:28.228,417.9386834506648,96
2024-09-16 10:26:28.340,417.949143945449,996
2024-09-16 10:26:28.694,417.9811781889576,105
2024-09-16 10:26:28.703,417.9689983952134,1000
2024-09-16 10:26:28.806,417.9546460585386,5
2024-09-16 10:26:28.963,417.9476768281634,1005
2024-09-16 10:26:28.985,417.9445965851042,7
2024-09-16 10:26:29.028,417.91828802580767,1003
2024-09-16 10:26:29.119,417.9134872913855,13
2024-09-16 10:26:29.158,417.92165906954034,997
2024-09-16 10:26:29.183,417.9468625753651,98
2024-09-16 10:26:29.195,417.9717855247356,6
2024-09-16 10:26:29.264,417.94899086119887,11
2024-09-16 10:26:29.305,417.9726419519986,96
2024-09-16 10:26:29.359,417.9224631988655,98
2024-09-16 10:26:29.400,417.9271514468916,103
2024-09-16 10:26:29.401,417.9323191883349,5
2024-09-16 10:26:29.449,417.9358326145882,1000
2024-09-16 10:26:29.518,417.9354957152669,6
2024-09-16 10:26:29.540,417.9165389328792,1003
2024-09-16 10:26:29.554,-417.9269290416119,997
2024-09-16 10:26:29.606,417.92903627926137,97
2024-09-16 10:26:29.663,417.92605595247625,103
2024-09-16 10:26:29.680,417.92686754453297,95
2024-09-16 10:26:29.684,417.9042030952337,1004
2024-09-16 10:26:29.784,417.9164836419858,12
2024-09-16 10:26:29.795,417.918844988327,6
2024-09-16 10:26:29.830,417.9207401668664,97
2024-09-16 10:26:29.918,417.9632509782936,102
2024-09-16 10:26:30.068,417.915996439386,14
2024-09-16 10:26:30.253,417.9032005476407,1001
2024-09-16 10:26:30.301,417.96288124565393,104
2024-09-16 10:26:30.330,417.8952008669234,101
2024-09-16 10:26:30.334,417.9023524798858,13
2024-09-16 10:26:30.403,417.90703390597935,15
2024-09-16 10:26:30.403,417.95447253342354,5
2024-09-16 10:26:30.410,417.93853963550856,996
2024-09-16 10:26:30.448,417.9144500107437,6
2024-09-16 10:26:30.453,417.91486543836896,1003
2024-09-16 10:26:30.494,417.9226504411093,6
2024-09-16 10:26:30.543,417.8788201460716,100
2024-09-16 10:26:30.562,417.9131233102196,101
2024-09-16 10:26:30.580,417.9580531385386,105
2024-09-16 10:26:30.671,417.9320418000328,1005
2024-09-16 10:26:30.725,417.9090121004409,997
2024-09-16 10:26:30.842,417.9463270169563,14
2024-09-16 10:26:30.854,417.9163869611735,100
2024-09-16 10:26:30.869,417.9149435422752,996
2024-09-16 10:26:30.887,417.9266279196283,1001
2024-09-16 10:26:30.893,417.9119845707399,95
2024-09-16 10:26:30.905,417.9338091804819,1000
2024-09-16 10:26:30.950,417.8709782782133,12
2024-09-16 10:26:30.954,417.8734818778004,1005
2024-09-16 10:26:30.957,417.9240102625066,1003
2024-09-16 10:26:31.031,417.74282282513536,99
2024-09-16 10:26:31.090,-417.8076967007991,10
2024-09-16 10:26:31.144,417.8738120381808,97
2024-09-16 10:26:31.163,417.7553875229369,10
2024-09-16 10:26:31.193,417.7944797598902,101
2024-09-16 10:26:31.264,417.79456460457374,98
2024-09-16 10:26:31.283,417.86750832470034,10
2024-09-16 10:26:31.338,417.7816435959857,98
2024-09-16 10:26:31.374,417.73768083792254,995
2024-09-16 10:26:31.476,417.7476011314449,6
2024-09-16 10:26:31.522,41.77317425397162,1000
2024-09-16 10:26:31.563,417.7792765454617,102
2024-09-16 10:26:31.568,417.762669195684,8
2024-09-16 10:26:31.673,417.8589757386887,101
2024-09-16 10:26:31.691,417.7249418555362,1002
2024-09-16 10:26:31.699,417.80686072357867,996
2024-09-16 10:26:31.727,417.8063555222859,104
2024-09-16 10:26:31.730,417.7401878707884,96
2024-09-16 10:26:31.731,417.8746172117531,12
2024-09-16 10:26:31.826,417.8114523633606,1005
2024-09-16 10:26:31.895,417.8035991274903,1005
2024-09-16 10:26:31.955,417.83444335530726,1004
2024-09-16 10:26:31.955,417.7899631111287,105
2024-09-16 10:26:32.063,417.7174868240008,1000
2024-09-16 10:26:32.282,417.72677915636825,12
2024-09-16 10:26:32.471,41.77304730073485,8
2024-09-16 10:26:32.806,417.7425651961105,100
2024-09-16 10:26:32.858,417.7358882685184,100
2024-09-16 10:26:33.095,417.7065278240671,103
2024-09-16 10:26:33.108,417.7047315230088,9
2024-09-16 10:26:33.363,417.6973278857888,8
2024-09-16 10:26:33.935,417.7224298852,13
2024-09-16 10:26:35.122,417.7050173249463,996
2024-09-16 10:26:35.122,417.7103788292376,100
2024-09-16 10:26:35.175,417.7078943169468,14
2024-09-16 10:26:35.354,417.71464624446304,1002
2024-09-16 10:26:35.378,417.7227984475602,995
2024-09-16 10:26:35.704,417.7233899579629,14
2024-09-16 10:26:35.735,417.7211454895745,997
2024-09-16 10:26:35.745,,99
2024-09-16 10:26:35.762,417.7212439440825,1001
2024-09-16 10:26:35.853,417.6933971666225,14
2024-09-16 10:26:35.885,417.7183606630921,7
2024-09-16 10:26:35.944,417.72146979480266,1002
2024-09-16 10:26:36.116,417.7153029494408,102
2024-09-16 10:26:36.145,417.72040686530266,1004
2024-09-16 10:26:36.166,417.7260158733984,999
2024-09-16 10:26:36.197,417.712850486682,996
2024-09-16 10:26:36.218,417.698096090096,12
2024-09-16 10:26:36.289,417.7334613588911,996
2024-09-16 10:26:36.310,417.7116878592549,1003
2024-09-16 10:26:36.348,417.7419102926509,6
2024-09-16 10:26:36.386,417.72470823070495,6
2024-09-16 10:26:36.553,417.75231868856673,11
2024-09-16 10:26:36.613,417.7597614702931,100
2024-09-16 10:26:36.626,417.7474503475642,98
2024-09-16 10:26:36.645,417.7024621379572,95
2024-09-16 10:26:36.658,417.7061246873316,13
2024-09-16 10:26:36.677,417.7263126779864,95
2024-09-16 10:26:36.768,417.7628954108341,11
2024-09-16 10:26:36.827,417.758660024558,6
2024-09-16 10:26:36.884,417.7217562389348,105
2024-09-16 10:26:36.884,417.71176868700064,98
2024-09-16 10:26:36.994,417.7532149092513,1000
2024-09-16 10:26:37.018,417.7982827597239,11
2024-09-16 10:26:37.065,417.78327348779686,9
2024-09-16 10:26:37.066,417.76295101218153,999
2024-09-16 10:26:37.120,417.79611920864056,8
2024-09-16 10:26:37.132,417.7897051534535,11
2024-09-16 10:26:37.136,417.82688666286725,1005
2024-09-16 10:26:37.182,417.8226512846764,11
2024-09-16 10:26:37.204,417.7643020729343,9
2024-09-16 10:26:37.233,417.8064615447786,97
2024-09-16 10:26:37.234,417.79461290008624,8
2024-09-16 10:26:37.275,417.77050724183545,104
2024-09-16 10:26:37.309,417.7939066333984,97
2024-09-16 10:26:37.578,417.8423378553658,95
2024-09-16 10:26:37.580,417.7855033738808,11
2024-09-16 10:26:37.771,417.8338826194232,7
2024-09-16 10:26:37.792,,1002
2024-09-16 10:26:37.838,417.79237886131705,8
2024-09-16 10:26:37.852,417.8071040133588,999
2024-09-16 10:26:37.899,417.79565648037726,1002
2024-09-16 10:26:37.902,417.82831720764176,14
2024-09-16 10:26:37.907,417.7765791633899,100
2024-09-16 10:26:37.977,417.7524766496449,6
2024-09-16 10:26:37.984,417.8298238315352,1003
2024-09-16 10:26:38.020,417.7157913406044,9
2024-09-16 10:26:38.022,417.80097650541774,103
2024-09-16 10:26:38.041,417.73330011890863,13
2024-09-16 10:26:38.111,417.7233227372552,998
2024-09-16 10:26:38.189,417.77818940712416,1004
2024-09-16 10:26:38.250,417.8284248026794,999
2024-09-16 10:26:38.330,417.779852776438,1004
2024-09-16 10:26:38.378,417.7514047451284,9
2024-09-16 10:26:38.520,417.7289902972171,15
2024-09-16 10:26:38.582,417.72485009311225,6
2024-09-16 10:26:38.649,417.7654510895882,15
2024-09-16 10:26:38.704,417.7603559944329,101
2024-09-16 10:26:38.771,41.772421894031694,10
2024-09-16 10:26:38.832,417.7392924613612,11
2024-09-16 10:26:38.921,417.7273170260992,104
2024-09-16 10:26:38.978,417.7655353020127,997
2024-09-16 10:26:39.011,417.7806408890218,996
2024-09-16 10:26:39.042,417.7740095488989,11
2024-09-16 10:26:39.099,417.7551472245397,1004
2024-09-16 10:26:39.354,417.7817461235476,996
2024-09-16 10:26:39.492,417.77710758983375,6
2024-09-16 10:26:39.578,417.7651943174778,12
2024-09-16 10:26:39.601,417.7613059700543,105
2024-09-16 10:26:39.602,417.7789488306743,96
2024-09-16 10:26:39.720,417.7773516182355,6
2024-09-16 10:26:39.903,417.75667812713993,5
2024-09-16 10:26:39.914,417.7797193943029,103
2024-09-16 10:26:39.969,417.79022593267456,103
2024-09-16 10:26:40.001,417.7368744173669,97
2024-09-16 10:26:40.025,417.72531652758,1004
2024-09-16 10:26:40.067,417.7034874735086,97
2024-09-16 10:26:40.071,417.7348177484433,12
2024-09-16 10:26:40.156,417.7199330256178,997
2024-09-16 10:26:40.168,417.7170522300661,996
2024-09-16 10:26:40.247,417.72190922690976,1002
2024-09-16 10:26:40.270,417.7257390930274,1001
2024-09-16 10:26:40.331,417.7389787169413,10
2024-09-16 10:26:40.431,417.7234936555532,13
2024-09-16 10:26:40.565,417.7290170820905,104
2024-09-16 10:26:40.611,417.7176445664912,13
2024-09-16 10:26:40.625,417.70621261458217,15
2024-09-16 10:26:40.678,417.74442629156704,101
2024-09-16 10:26:40.679,417.7254839754569,1003
2024-09-16 10:26:40.691,417.7478413122008,1000
2024-09-16 10:26:40.734,417.7236929900161,6
2024-09-16 10:26:40.742,417.7592306815672,98
2024-09-16 10:26:40.764,417.7117981972906,1003
2024-09-16 10:26:40.887,417.7404733339623,9
2024-09-16 10:26:41.052,417.7287489394537,1002
2024-09-16 10:26:41.139,417.7070342009085,97
2024-09-16 10:26:41.177,417.7334656695372,95
2024-09-16 10:26:41.202,417.6982755077268,995
2024-09-16 10:26:41.308,417.7272832654144,998
2024-09-16 10:26:41.414,417.7138140230305,1001
2024-09-16 10:26:41.433,417.6953844675102,7
2024-09-16 10:26:41.480,417.7113933721512,995
2024-09-16 10:26:41.500,417.702029299346,1001
2024-09-16 10:26:41.541,417.7324799650454,998
2024-09-16 10:26:41.590,417.7180310415275,5
2024-09-16 10:26:41.672,417.7002491295436,100
2024-09-16 10:26:41.715,417.7323124251177,5
2024-09-16 10:26:41.739,417.7186855652165,12
2024-09-16 10:26:41.748,417.7215045370798,1003
2024-09-16 10:26:41.759,417.718321321031,98
2024-09-16 10:26:41.769,417.71363778322007,8
2024-09-16 10:26:41.857,417.7248391779879,1001
2024-09-16 10:26:41.961,417.730725982196,14
2024-09-16 10:26:41.989,417.7223423125496,103
2024-09-16 10:26:42.100,417.7488671611312,13
2024-09-16 10:26:42.108,417.7404796800724,10
2024-09-16 10:26:42.158,417.7335457527672,97
2024-09-16 10:26:42.160,417.7514843718189,8
2024-09-16 10:26:42.172,417.7486590927769,99
2024-09-16 10:26:42.183,417.7597395363111,6
2024-09-16 10:26:42.209,417.74089523562736,97
2024-09-16 10:26:42.229,417.6896376421109,995
2024-09-16 10:26:42.278,41.77537952086388,7
2024-09-16 10:26:42.354,417.7646851256118,10
2024-09-16 10:26:42.359,417.7241048197191,97
2024-09-16 10:26:42.372,417.7086028850358,97
2024-09-16 10:26:42.451,417.7566081480156,97
2024-09-16 10:26:42.766,417.7397573144535,8
2024-09-16 10:26:42.802,417.73361954455874,997
2024-09-16 10:26:42.839,417.7516142567029,998
2024-09-16 10:26:42.962,417.767552682491,5
2024-09-16 10:26:43.009,417.7287321219098,99
2024-09-16 10:26:43.499,417.7150909963835,96
2024-09-16 10:26:43.704,417.6943127908176,5
2024-09-16 10:26:43.898,417.7123549297333,996
2024-09-16 10:26:44.079,417.70518846023054,995
2024-09-16 10:26:44.116,417.68663216528927,102
2024-09-16 10:26:44.121,417.7046288723564,15
2024-09-16 10:26:44.195,417.72820544905295,15
2024-09-16 10:26:44.221,417.74208151820505,996
2024-09-16 10:26:44.283,417.7076173898856,102
2024-09-16 10:26:44.515,417.7022815157542,105
2024-09-16 10:26:44.534,417.7491818584245,105
2024-09-16 10:26:44.633,417.7204927419877,996
2024-09-16 10:26:44.696,417.7132175508103,997
2024-09-16 10:26:44.876,417.70552849845376,95
2024-09-16 10:26:44.879,,99
2024-09-16 10:26:45.251,417.7390287922599,10
2024-09-16 10:26:45.359,-417.7387478099336,101
2024-09-16 10:26:45.918,417.71846365578085,104
2024-09-16 10:26:46.076,417.7363661505146,97
2024-09-16 10:26:46.183,417.73037862378027,995
2024-09-16 10:26:46.300,417.7707809020313,1003
2024-09-16 10:26:46.364,417.7713606568444,9
2024-09-16 10:26:46.427,417.7730433970302,104
2024-09-16 10:26:46.433,417.7281490262883,14
2024-09-16 10:26:46.497,417.7816866796905,10
2024-09-16 10:26:46.504,417.7635282172891,10
2024-09-16 10:26:46.535,417.7807960269285,1004
2024-09-16 10:26:46.576,417.7646777191542,1001
2024-09-16 10:26:46.590,417.73880366598553,100
2024-09-16 10:26:46.716,417.76937560720967,999
2024-09-16 10:26:46.768,417.755634332359,998
2024-09-16 10:26:46.868,417.7708912972051,104
2024-09-16 10:26:46.933,417.7755169952145,100
2024-09-16 10:26:46.976,417.7640183731047,997
2024-09-16 10:26:47.178,417.7264116078773,7
2024-09-16 10:26:47.285,417.7317473013366,15
2024-09-16 10:26:48.126,417.7289152745865,997
2024-09-16 10:26:48.148,417.7893857774913,101
2024-09-16 10:26:48.225,417.7749542040519,15
2024-09-16 10:26:48.237,417.77800346899096,995
2024-09-16 10:26:48.420,417.7700349068936,996
2024-09-16 10:26:48.516,417.7640267426192,104
2024-09-16 10:26:48.625,417.72565981246834,100
2024-09-16 10:26:48.719,417.7841084704394,8
2024-09-16 10:26:48.745,417.7127561015753,1001
2024-09-16 10:26:48.749,417.74848209937545,101
2024-09-16 10:26:48.758,417.761804020844,1002
2024-09-16 10:26:48.836,417.7538190007612,96
2024-09-16 10:26:48.837,417.731496689885,105
2024-09-16 10:26:48.851,417.7482435611621,995
2024-09-16 10:26:48.873,417.74592653039736,999
2024-09-16 10:26:48.885,417.7412685003597,1000
2024-09-16 10:26:49.043,417.73529117065874,98
2024-09-16 10:26:49.066,417.75625326687936,104
2024-09-16 10:26:49.252,417.7453914325236,12
2024-09-16 10:26:49.335,,1000
2024-09-16 10:26:49.339,417.7256121714016,1003
2024-09-16 10:26:49.414,417.7452392549797,15
2024-09-16 10:26:49.448,417.7395114565964,105
2024-09-16 10:26:49.461,417.7755170878538,105
2024-09-16 10:26:49.488,417.7879160596215,1002
2024-09-16 10:26:49.520,417.78375380612806,1001
2024-09-16 10:26:49.578,417.7778714000661,1005
2024-09-16 10:26:49.581,417.73124316108687,105
2024-09-16 10:26:49.600,417.7440271949764,9
2024-09-16 10:26:49.645,417.72913341266815,1001
2024-09-16 10:26:49.645,-417.7746103480478,1004
2024-09-16 10:26:49.734,,998
2024-09-16 10:26:49.736,417.7941379798985,14
2024-09-16 10:26:49.738,417.7194854368525,13
2024-09-16 10:26:49.760,417.7331918124536,95
2024-09-16 10:26:49.763,417.7677117038253,1001
2024-09-16 10:26:49.779,417.7876479158539,1001
2024-09-16 10:26:49.819,417.7392821999229,997
2024-09-16 10:26:49.834,417.7563173156287,103
2024-09-16 10:26:49.947,417.74472346473465,996
2024-09-16 10:26:49.950,417.7231245680461,9
2024-09-16 10:26:49.969,417.72060042141374,101
2024-09-16 10:26:49.973,417.7548880062126,99
2024-09-16 10:26:50.065,417.7766525753171,6
2024-09-16 10:26:50.167,417.80558675814274,996
2024-09-16 10:26:50.298,417.79168610440126,100
2024-09-16 10:26:50.322,417.8046512033314,6
2024-09-16 10:26:50.332,417.7957267153759,102
2024-09-16 10:26:50.443,417.7849400446258,7
2024-09-16 10:26:50.831,417.7757110558869,103
2024-09-16 10:26:50.877,417.7826132561744,96
2024-09-16 10:26:50.968,417.82245149763713,995
2024-09-16 10:26:51.002,417.8826626531886,102
2024-09-16 10:26:51.003,417.88678690427423,6
2024-09-16 10:26:51.021,417.8059385574046,1004
2024-09-16 10:26:51.039,417.8466615481966,1004
2024-09-16 10:26:51.040,417.8701239439116,995
2024-09-16 10:26:51.099,417.7978760673074,1003
2024-09-16 10:26:51.104,417.81410980128805,995
2024-09-16 10:26:51.124,417.80840700510726,1003
2024-09-16 10:26:51.161,417.87517733208347,996
2024-09-16 10:26:51.196,417.8713016745751,1005
2024-09-16 10:26:51.326,417.8152251592855,997
2024-09-16 10:26:51.367,417.8487834707833,6
2024-09-16 10:26:51.375,417.8767066075097,105
2024-09-16 10:26:51.418,417.8041004644057,102
2024-09-16 10:26:51.433,417.8443150425345,15
2024-09-16 10:26:51.472,417.8918052345463,999
2024-09-16 10:26:51.522,417.85556641062857,98
2024-09-16 10:26:51.587,417.8838824883088,1001
2024-09-16 10:26:51.624,417.8525848126478,11
2024-09-16 10:26:51.704,417.8202519600357,1001
2024-09-16 10:26:51.719,417.8100628390226,1005
2024-09-16 10:26:51.760,417.79976324461416,12
2024-09-16 10:26:51.763,417.8154014860701,12
2024-09-16 10:26:51.839,417.7982370469215,1003
2024-09-16 10:26:51.841,417.8801611544267,6
2024-09-16 10:26:51.842,417.8617731800821,1000
2024-09-16 10:26:51.843,417.86267517306425,996
2024-09-16 10:26:51.972,417.879305899928,1000
2024-09-16 10:26:51.985,417.7988955047419,997
2024-09-16 10:26:51.991,417.8175666208032,12
2024-09-16 10:26:52.003,417.86818420462646,96
2024-09-16 10:26:52.106,417.8715839045396,1000
2024-09-16 10:26:52.283,417.8741301884704,1002
2024-09-16 10:26:52.293,417.87317798335926,998
2024-09-16 10:26:52.302,417.8624476444201,999
2024-09-16 10:26:52.340,-417.8749759125436,101
2024-09-16 10:26:52.377,417.8685577220394,10
2024-09-16 10:26:52.410,417.88765111439074,8
2024-09-16 10:26:52.462,417.8786123847654,102
2024-09-16 10:26:52.564,417.8905176946828,102
2024-09-16 10:26:52.585,417.8557965987271,96
2024-09-16 10:26:52.585,417.88026229978834,1005
2024-09-16 10:26:52.696,417.87802867245216,1003
2024-09-16 10:26:52.714,417.8775851578594,105
2024-09-16 10:26:52.737,417.8516183719484,5
2024-09-16 10:26:52.758,417.8728398159941,1004
2024-09-16 10:26:52.785,417.8841966995634,997
2024-09-16 10:26:52.840,417.8718622637823,5
2024-09-16 10:26:52.966,417.8811591435696,1001
2024-09-16 10:26:52.991,417.86459781130975,998
2024-09-16 10:26:53.057,417.81728956191847,1000
2024-09-16 10:26:53.078,417.83995734200687,999
2024-09-16 10:26:53.093,417.8422231975948,996
2024-09-16 10:26:53.188,417.829064187193,11
2024-09-16 10:26:53.191,417.83682274682434,10
2024-09-16 10:26:53.242,417.8221808418237,995
2024-09-16 10:26:53.388,417.8428359341249,1002
2024-09-16 10:26:53.403,417.8583274133306,12
2024-09-16 10:26:53.452,417.83018851141617,1005
2024-09-16 10:26:53.544,417.83389889265794,9
2024-09-16 10:26:53.658,417.84510677000793,14
2024-09-16 10:26:53.662,417.8538477649069,100
2024-09-16 10:26:53.684,417.82058605962567,1003
2024-09-16 10:26:53.721,417.87008225901184,996
2024-09-16 10:26:53.758,417.8428481122822,998
2024-09-16 10:26:53.769,417.8662765199023,999
2024-09-16 10:26:53.822,417.8489605381884,6
2024-09-16 10:26:53.845,417.852729502503,1000
2024-09-16 10:26:54.011,417.8950712369997,104
2024-09-16 10:26:54.031,417.9257092840984,1005
2024-09-16 10:26:54.088,417.91900356119976,95
2024-09-16 10:26:54.110,417.8858741041042,1003
2024-09-16 10:26:54.261,417.8911860807738,6
2024-09-16 10:26:54.279,417.8819944232758,103
2024-09-16 10:26:54.284,417.8863356301679,998
2024-09-16 10:26:54.305,417.85297153505167,96
2024-09-16 10:26:54.312,417.8989170679463,997
2024-09-16 10:26:54.380,417.9092988126806,15
2024-09-16 10:26:54.400,417.9150150792286,96
2024-09-16 10:26:54.546,417.87916831344415,7
2024-09-16 10:26:54.597,417.9003693276919,96
2024-09-16 10:26:54.609,417.87922665896895,1001
2024-09-16 10:26:54.643,417.8743694354211,96
2024-09-16 10:26:54.710,417.8926389084892,1005
2024-09-16 10:26:54.730,417.8865998330959,1005
2024-09-16 10:26:54.762,417.9008667967205,97
2024-09-16 10:26:54.793,417.8725665305644,1003
2024-09-16 10:26:54.919,417.88009007371,5
2024-09-16 10:26:54.948,417.9021993673662,97
2024-09-16 10:26:54.993,417.8783623412881,13
2024-09-16 10:26:55.017,417.88972333395,999
2024-09-16 10:26:55.072,417.92501673556393,101
2024-09-16 10:26:55.128,-417.9189493739979,12
2024-09-16 10:26:55.162,417.8793981980776,998
2024-09-16 10:26:55.229,417.9376313051385,10
2024-09-16 10:26:55.316,417.9443655691364,7
2024-09-16 10:26:55.349,417.9134290081978,10
2024-09-16 10:26:55.376,417.93193906061504,103
2024-09-16 10:26:55.381,417.9463989198316,96
2024-09-16 10:26:55.428,417.9107269679679,97
2024-09-16 10:26:55.483,417.9296656146971,6
2024-09-16 10:26:55.491,417.9259341815567,7
2024-09-16 10:26:55.527,417.9223585367436,103
2024-09-16 10:26:55.538,417.8711328810924,13
2024-09-16 10:26:55.670,417.9298990824297,95
2024-09-16 10:26:55.707,417.9385484335276,95
2024-09-16 10:26:55.753,417.9379758951745,95
2024-09-16 10:26:55.801,417.9354093696404,9
2024-09-16 10:26:55.903,417.8779624461032,12
2024-09-16 10:26:55.918,417.9135089847055,100
2024-09-16 10:26:56.171,417.9078797468537,96
2024-09-16 10:26:56.271,417.9252720212712,101
2024-09-16 10:26:56.301,417.8785182559066,1002
2024-09-16 10:26:56.313,417.91744625856586,1002
2024-09-16 10:26:56.352,417.955642875831,5
2024-09-16 10:26:56.359,417.9119417758733,7
2024-09-16 10:26:56.363,417.93404877986336,97
2024-09-16 10:26:56.381,417.9000499294691,8
2024-09-16 10:26:56.422,417.9459817303843,96
2024-09-16 10:26:56.492,417.9022192504523,97
2024-09-16 10:26:56.504,417.9257922413465,96
2024-09-16 10:26:56.531,417.9071428568242,997
2024-09-16 10:26:56.639,417.9042154306378,102
2024-09-16 10:26:56.666,417.94547845517695,1005
2024-09-16 10:26:56.677,417.9548940196119,6
2024-09-16 10:26:56.696,417.9431439436066,98
2024-09-16 10:26:56.716,417.9233540237834,1001
2024-09-16 10:26:56.719,417.9516350716194,1004
2024-09-16 10:26:56.720,417.9147654512526,101
2024-09-16 10:26:56.740,417.9273177358663,12
2024-09-16 10:26:56.760,417.92494152176704,5
2024-09-16 10:26:56.874,417.88832094848107,102
2024-09-16 10:26:56.879,417.9370418839912,14
2024-09-16 10:26:56.895,417.9355598705208,98
2024-09-16 10:26:56.905,417.8998451857533,1000
2024-09-16 10:26:57.025,417.9574987358703,10
2024-09-16 10:26:57.039,417.996611233017,98
2024-09-16 10:26:57.108,417.94196446371456,98
2024-09-16 10:26:57.133,418.0086649729509,104
2024-09-16 10:26:57.169,417.95301224494347,10
2024-09-16 10:26:57.175,417.9500374870405,6
2024-09-16 10:26:57.245,417.9874088961113,95
2024-09-16 10:26:57.256,417.9970330273583,996
2024-09-16 10:26:57.256,418.0010109990904,7
2024-09-16 10:26:57.280,417.97012024748153,999
2024-09-16 10:26:57.291,418.00767233306976,1000
2024-09-16 10:26:57.295,417.9501926678457,104
2024-09-16 10:26:57.310,417.93590923112055,996
2024-09-16 10:26:57.326,417.9515598951269,101
2024-09-16 10:26:57.394,417.98128783876285,12
2024-09-16 10:26:57.502,417.9971077191792,8
2024-09-16 10:26:57.513,417.9737844557402,103
2024-09-16 10:26:57.540,41.79591859095285,99
2024-09-16 10:26:57.591,417.9402425819704,101
2024-09-16 10:26:57.603,417.9967259415509,12
2024-09-16 10:26:57.609,417.9699912352172,7
2024-09-16 10:26:57.611,417.9482860562697,102
2024-09-16 10:26:57.616,417.98995800748594,998
2024-09-16 10:26:57.645,417.944994759754,103
2024-09-16 10:26:57.793,417.9414247258868,10
2024-09-16 10:26:57.846,417.96494151314965,1005
2024-09-16 10:26:57.867,417.9615844756527,14
2024-09-16 10:26:57.912,417.94483302167833,997
2024-09-16 10:26:57.935,417.9523209949765,96
2024-09-16 10:26:58.192,418.0272324274656,96
2024-09-16 10:26:58.496,418.0054264757007,104
2024-09-16 10:26:58.526,418.01651308595,10
2024-09-16 10:26:59.850,418.0305065236018,5
