Timestamp,Price,Size
2024-09-19 11:02:00.115,419.7612031344969,7
2024-09-19 11:02:00.159,419.7050902597222,1003
2024-09-19 11:02:00.159,419.77509251734574,6
2024-09-19 11:02:00.173,419.7003870390719,97
2024-09-19 11:02:00.260,419.7166313762978,95
2024-09-19 11:02:00.265,419.7815837576151,8
2024-09-19 11:02:00.275,419.7512112841099,1000
2024-09-19 11:02:00.287,419.77830039398367,101
2024-09-19 11:02:00.308,419.7428171738912,100
2024-09-19 11:02:00.310,-419.7442659841052,13
2024-09-19 11:02:00.364,419.7349609223392,997
2024-09-19 11:02:00.380,419.7146667796885,1000
2024-09-19 11:02:00.449,419.7356249981012,95
2024-09-19 11:02:00.454,419.7195938290853,95
2024-09-19 11:02:00.521,419.7772684242734,99
2024-09-19 11:02:00.565,419.7219474611861,1002
2024-09-19 11:02:00.595,419.7189167688536,99
2024-09-19 11:02:00.642,419.7357864771715,103
2024-09-19 11:02:00.780,419.7088428985405,6
2024-09-19 11:02:00.784,419.7888706920427,999
2024-09-19 11:02:00.837,419.79183456064817,999
2024-09-19 11:02:00.849,419.74473110615736,5
2024-09-19 11:02:00.913,419.7889873406391,98
2024-09-19 11:02:01.044,419.8056391282444,105
2024-09-19 11:02:01.069,419.8306758283571,14
2024-09-19 11:02:01.199,419.8526913958371,95
2024-09-19 11:02:01.204,419.8619199617643,95
2024-09-19 11:02:01.221,419.81469732210354,99
2024-09-19 11:02:01.227,419.86484195690593,1003
2024-09-19 11:02:01.242,419.8347331320514,7
2024-09-19 11:02:01.388,419.8333034728705,8
2024-09-19 11:02:01.418,419.842649893655,12
2024-09-19 11:02:01.425,419.8288627415301,101
2024-09-19 11:02:01.435,419.8277500877437,1002
2024-09-19 11:02:01.454,419.8449406691888,102
2024-09-19 11:02:01.562,419.850587785914,6
2024-09-19 11:02:01.601,419.8513201494698,15
2024-09-19 11:02:01.697,419.8373890922436,6
2024-09-19 11:02:01.830,419.839776136276,15
2024-09-19 11:02:01.843,419.8512029982618,95
2024-09-19 11:02:01.903,419.843137756542,1000
2024-09-19 11:02:01.944,419.849612734095,102
2024-09-19 11:02:01.947,419.8432614677337,96
2024-09-19 11:02:01.982,419.79740570950986,1001
2024-09-19 11:02:02.009,419.81517565155576,9
2024-09-19 11:02:02.046,419.824349889552,14
2024-09-19 11:02:02.138,419.79891337015977,1000
2024-09-19 11:02:02.156,419.815567968081,997
2024-09-19 11:02:02.241,419.8163408416133,98
2024-09-19 11:02:02.279,419.8197394339019,104
2024-09-19 11:02:02.331,419.8007768668127,100
2024-09-19 11:02:02.352,419.8230572216066,100
2024-09-19 11:02:02.365,419.8144319426405,996
2024-09-19 11:02:02.522,419.8159803344096,101
2024-09-19 11:02:02.558,419.7892559126344,14
2024-09-19 11:02:02.575,419.7996654984164,1003
2024-09-19 11:02:02.616,419.8005196860578,99
2024-09-19 11:02:02.692,419.8107485330549,14
2024-09-19 11:02:02.708,419.7916211252737,14
2024-09-19 11:02:02.720,419.8039455430895,96
2024-09-19 11:02:02.754,419.82341445739513,7
2024-09-19 11:02:02.817,419.8013439180112,6
2024-09-19 11:02:02.892,419.8023810696154,1003
2024-09-19 11:02:02.900,419.82349610509385,95
2024-09-19 11:02:02.941,419.8114940023514,101
2024-09-19 11:02:02.955,419.7928188056224,13
2024-09-19 11:02:03.009,419.83503224534303,7
2024-09-19 11:02:03.036,419.8713379978119,10
2024-09-19 11:02:03.080,419.9778139214442,998
2024-09-19 11:02:03.287,419.9693458795869,10
2024-09-19 11:02:03.322,419.8889214698831,999
2024-09-19 11:02:03.346,419.979878398656,102
2024-09-19 11:02:03.360,419.943296081206,100
2024-09-19 11:02:03.376,419.9721132457149,997
2024-09-19 11:02:03.468,419.9619392027065,98
2024-09-19 11:02:03.476,419.92093862491225,1002
2024-09-19 11:02:03.479,419.9463890930601,997
2024-09-19 11:02:03.502,419.9695957132332,98
2024-09-19 11:02:03.505,419.943737781073,97
2024-09-19 11:02:03.515,419.97577346898345,13
2024-09-19 11:02:03.564,419.88505272061406,12
2024-09-19 11:02:03.612,419.9802544749879,98
2024-09-19 11:02:03.646,419.8603981323878,101
2024-09-19 11:02:03.648,,995
2024-09-19 11:02:03.727,419.8767173298588,1000
2024-09-19 11:02:03.818,419.9929399996334,1002
2024-09-19 11:02:03.835,419.8951594573148,11
2024-09-19 11:02:03.851,419.9649876856501,1004
2024-09-19 11:02:03.856,419.9459932893191,999
2024-09-19 11:02:03.865,419.9498123841722,999
2024-09-19 11:02:03.870,419.8666266999096,5
2024-09-19 11:02:03.884,419.9839983860973,15
2024-09-19 11:02:03.978,419.9818240709901,9
2024-09-19 11:02:03.988,419.9627695192629,15
2024-09-19 11:02:04.021,419.96465726575474,9
2024-09-19 11:02:04.074,419.97684715548985,8
2024-09-19 11:02:04.147,419.94412671883936,11
2024-09-19 11:02:04.188,419.9803465513921,100
2024-09-19 11:02:04.416,419.94093986092594,13
2024-09-19 11:02:04.595,419.9530025973724,15
2024-09-19 11:02:04.603,419.9488643603151,101
2024-09-19 11:02:04.805,419.9725679890153,14
2024-09-19 11:02:05.027,419.9533619657242,103
2024-09-19 11:02:05.042,419.9323075408688,999
2024-09-19 11:02:05.120,419.9415668303462,97
2024-09-19 11:02:05.227,419.8740615803305,996
2024-09-19 11:02:05.237,419.90519238577787,99
2024-09-19 11:02:05.297,419.9391518640696,1003
2024-09-19 11:02:05.370,419.9459151942562,97
2024-09-19 11:02:05.729,419.8749025049109,104
2024-09-19 11:02:05.768,419.9426169010921,1001
2024-09-19 11:02:05.770,419.9391292295464,996
2024-09-19 11:02:05.804,419.9446513132837,102
2024-09-19 11:02:05.821,419.8643147622955,15
2024-09-19 11:02:05.825,419.9338278359671,1003
2024-09-19 11:02:05.831,,96
2024-09-19 11:02:06.020,419.8777491878297,995
2024-09-19 11:02:06.267,419.8677548371399,105
2024-09-19 11:02:06.818,419.8792574736692,10
2024-09-19 11:02:06.847,419.86543629445214,995
2024-09-19 11:02:06.932,,6
2024-09-19 11:02:06.943,419.8941624767835,996
2024-09-19 11:02:06.957,419.8734914974477,96
2024-09-19 11:02:07.007,420.0536385512813,15
2024-09-19 11:02:07.070,420.01434494208735,13
2024-09-19 11:02:07.137,419.9596323983501,101
2024-09-19 11:02:07.202,420.0608719488183,102
2024-09-19 11:02:07.204,420.04805923389097,105
2024-09-19 11:02:07.257,419.8945916020572,996
2024-09-19 11:02:07.396,419.9301638687191,103
2024-09-19 11:02:07.413,419.94349943795993,996
2024-09-19 11:02:07.421,419.9494375492823,102
2024-09-19 11:02:07.449,420.0515695877274,1005
2024-09-19 11:02:07.455,420.0322941018078,1000
2024-09-19 11:02:07.455,419.9661923732972,105
2024-09-19 11:02:07.456,419.90794757538697,1005
2024-09-19 11:02:07.479,419.8844276143776,12
2024-09-19 11:02:07.514,419.91419505492894,998
2024-09-19 11:02:07.630,419.8972099544743,98
2024-09-19 11:02:07.684,419.9961727252313,98
2024-09-19 11:02:07.735,419.92353740780624,10
2024-09-19 11:02:07.754,419.94876165307744,995
2024-09-19 11:02:07.756,420.0549097416932,101
2024-09-19 11:02:07.762,419.9557716364301,1000
2024-09-19 11:02:07.858,42.00480394573274,99
2024-09-19 11:02:07.897,419.9276584176957,102
2024-09-19 11:02:07.914,419.9805022758489,102
2024-09-19 11:02:07.947,419.9013935190665,102
2024-09-19 11:02:07.998,419.9802789891715,996
2024-09-19 11:02:08.780,420.0475402268565,1005
2024-09-19 11:02:09.062,420.04139568901377,1000
2024-09-19 11:02:09.155,419.97160750096106,7
2024-09-19 11:02:09.162,419.9986507108388,101
2024-09-19 11:02:09.174,419.9257245013976,5
2024-09-19 11:02:09.178,419.9959568388618,14
2024-09-19 11:02:09.429,419.9620195886271,9
2024-09-19 11:02:09.476,419.971024691954,15
2024-09-19 11:02:09.669,419.9903104908852,995
2024-09-19 11:02:09.673,419.9397057233831,996
2024-09-19 11:02:09.870,419.9213108874599,12
2024-09-19 11:02:09.886,419.9752400171749,12
2024-09-19 11:02:09.939,419.9757269227668,1003
2024-09-19 11:02:09.945,419.96367921659294,100
2024-09-19 11:02:09.969,420.0076875944841,14
2024-09-19 11:02:09.988,419.9455774663521,9
2024-09-19 11:02:10.393,419.92902366980377,14
2024-09-19 11:02:10.464,419.94169589263794,103
2024-09-19 11:02:10.673,419.9445940576185,12
2024-09-19 11:02:10.813,419.9534502606977,9
2024-09-19 11:02:10.814,419.9296906112824,998
2024-09-19 11:02:10.995,419.92602226321935,102
2024-09-19 11:02:11.002,420.04732487127706,996
2024-09-19 11:02:11.085,420.0223721244564,96
2024-09-19 11:02:11.212,419.9872524740249,10
2024-09-19 11:02:11.237,420.0442700263376,100
2024-09-19 11:02:11.265,419.9799343615255,1004
2024-09-19 11:02:11.326,419.9838630326476,102
2024-09-19 11:02:11.344,419.9823078014671,999
2024-09-19 11:02:11.360,419.9946530983643,15
2024-09-19 11:02:11.378,420.0603858312874,1002
2024-09-19 11:02:11.446,419.9829958669076,105
2024-09-19 11:02:11.450,419.9879795421013,100
2024-09-19 11:02:11.455,420.00579363333554,1000
2024-09-19 11:02:11.524,420.02509952922696,11
2024-09-19 11:02:11.546,420.0548706620083,997
2024-09-19 11:02:11.683,420.04106232015687,1003
2024-09-19 11:02:11.722,419.9811238348565,998
2024-09-19 11:02:11.734,420.0159341447084,97
2024-09-19 11:02:11.782,419.9912434313764,105
2024-09-19 11:02:11.890,420.03744273784594,1003
2024-09-19 11:02:11.938,420.0143430759087,1003
2024-09-19 11:02:11.960,419.98745289057393,95
2024-09-19 11:02:11.970,420.0443525972405,96
2024-09-19 11:02:11.978,420.01783585709416,105
2024-09-19 11:02:12.054,420.0678346342508,99
2024-09-19 11:02:12.105,420.0594060215465,9
2024-09-19 11:02:12.111,420.08624151675735,15
2024-09-19 11:02:12.134,420.0873913632258,9
2024-09-19 11:02:12.150,420.0341946918181,14
2024-09-19 11:02:12.200,420.1206869732613,14
2024-09-19 11:02:12.206,420.0364017828345,99
2024-09-19 11:02:12.208,420.0662653540398,15
2024-09-19 11:02:12.272,420.04132645122365,8
2024-09-19 11:02:12.286,420.0721102817875,1003
2024-09-19 11:02:12.325,420.0423568617903,5
2024-09-19 11:02:12.341,420.0762820994736,1001
2024-09-19 11:02:12.350,420.0389582148148,5
2024-09-19 11:02:12.354,420.0325097639656,15
2024-09-19 11:02:12.449,420.07030549621743,997
2024-09-19 11:02:12.570,420.078047832128,12
2024-09-19 11:02:12.576,420.0706401157308,1003
2024-09-19 11:02:12.586,420.07782950972427,999
2024-09-19 11:02:12.617,420.0257084623653,13
2024-09-19 11:02:12.643,420.0822743717308,1005
2024-09-19 11:02:12.724,420.13317200160014,1004
2024-09-19 11:02:12.757,420.13983092977617,14
2024-09-19 11:02:12.836,420.0842094892697,5
2024-09-19 11:02:12.841,420.05789042199615,10
2024-09-19 11:02:12.878,420.0268460970576,12
2024-09-19 11:02:12.957,420.1373801885424,1003
2024-09-19 11:02:12.992,420.1528984888384,97
2024-09-19 11:02:13.007,420.1759954479164,14
2024-09-19 11:02:13.084,420.1475851376552,15
2024-09-19 11:02:13.130,420.1455107466674,9
2024-09-19 11:02:13.148,420.1586276193418,995
2024-09-19 11:02:13.180,420.1378245483477,15
2024-09-19 11:02:13.241,420.1378280284857,9
2024-09-19 11:02:13.246,420.1412252325711,97
2024-09-19 11:02:13.253,420.151552563026,100
2024-09-19 11:02:13.345,420.1560149856309,104
2024-09-19 11:02:13.357,420.1593245526871,8
2024-09-19 11:02:13.407,420.1397583168268,104
2024-09-19 11:02:13.408,420.1623652673157,5
2024-09-19 11:02:13.466,420.1596206129663,12
2024-09-19 11:02:13.535,420.1471467678161,103
2024-09-19 11:02:13.639,420.1310771639248,1004
2024-09-19 11:02:13.759,420.1208839634257,13
2024-09-19 11:02:13.783,420.1361263202453,9
2024-09-19 11:02:13.785,420.14337988100937,1003
2024-09-19 11:02:13.822,420.12211763879975,999
2024-09-19 11:02:13.949,420.1150236608965,98
2024-09-19 11:02:14.224,420.1040249764968,101
2024-09-19 11:02:14.299,420.1162515435519,100
2024-09-19 11:02:14.370,420.13111799955936,14
2024-09-19 11:02:14.480,420.1314852312477,97
2024-09-19 11:02:14.488,420.1014965538727,1002
2024-09-19 11:02:14.626,420.1657208467136,98
2024-09-19 11:02:14.648,420.1518888851054,998
2024-09-19 11:02:14.670,420.1216492249483,1000
2024-09-19 11:02:14.672,420.1151354135835,998
2024-09-19 11:02:14.696,420.1296917096924,100
2024-09-19 11:02:14.747,420.1002928775769,10
2024-09-19 11:02:14.933,420.1183172697352,998
2024-09-19 11:02:14.998,,1000
2024-09-19 11:02:15.032,420.1505162609451,8
2024-09-19 11:02:15.044,420.1918038524674,998
2024-09-19 11:02:15.166,420.17637323046097,104
2024-09-19 11:02:15.175,420.1376187698508,8
2024-09-19 11:02:15.284,420.1768475780703,13
2024-09-19 11:02:15.291,420.1695022516686,1005
2024-09-19 11:02:15.305,420.1986687709518,997
2024-09-19 11:02:15.358,420.1511382895144,102
2024-09-19 11:02:15.433,420.1455203226356,1004
2024-09-19 11:02:15.462,,5
2024-09-19 11:02:15.563,420.20809602512855,12
2024-09-19 11:02:15.594,420.182693556353,99
2024-09-19 11:02:15.623,420.18757351591455,1003
2024-09-19 11:02:15.716,420.147405753678,10
2024-09-19 11:02:15.778,420.1910027822327,103
2024-09-19 11:02:15.943,420.182650736636,996
2024-09-19 11:02:16.026,420.2951324724313,102
2024-09-19 11:02:16.075,420.2836005675618,1003
2024-09-19 11:02:16.077,420.2919987605202,996
2024-09-19 11:02:16.113,420.2422779317724,12
2024-09-19 11:02:16.162,420.2569929107258,96
2024-09-19 11:02:16.188,420.2786514427496,995
2024-09-19 11:02:16.210,420.2993701450144,99
2024-09-19 11:02:16.293,420.2607463449216,9
2024-09-19 11:02:16.387,420.2904390029946,101
2024-09-19 11:02:16.456,420.2658711786665,105
2024-09-19 11:02:16.516,420.2474157647857,9
2024-09-19 11:02:16.519,420.26042373949065,7
2024-09-19 11:02:16.526,420.29740726873536,9
2024-09-19 11:02:16.599,420.26838881713365,996
2024-09-19 11:02:16.600,420.2388562800931,9
2024-09-19 11:02:16.644,420.2750904413858,14
2024-09-19 11:02:16.693,420.28013273803305,97
2024-09-19 11:02:16.833,420.2215331669888,104
2024-09-19 11:02:16.837,420.2533048295087,99
2024-09-19 11:02:16.849,420.2824096644692,101
2024-09-19 11:02:17.018,420.35222572734847,1004
2024-09-19 11:02:17.145,420.350944180466,98
2024-09-19 11:02:17.185,420.311748364306,102
2024-09-19 11:02:17.218,420.3371812621296,995
2024-09-19 11:02:17.280,420.2945861831784,6
2024-09-19 11:02:17.364,420.3611160209557,10
2024-09-19 11:02:17.408,420.3293283235168,1001
2024-09-19 11:02:17.431,420.3263688486534,995
2024-09-19 11:02:17.482,420.3277219472858,1002
2024-09-19 11:02:17.718,420.3395213569246,1005
2024-09-19 11:02:17.760,420.3424592355087,8
2024-09-19 11:02:18.002,420.2853920157231,101
2024-09-19 11:02:18.027,420.30674813942176,5
2024-09-19 11:02:18.078,420.32408054127467,6
2024-09-19 11:02:18.094,420.270377079856,100
2024-09-19 11:02:18.217,420.28137612171497,99
2024-09-19 11:02:18.286,420.31122141024576,95
2024-09-19 11:02:18.362,420.3134892172164,7
2024-09-19 11:02:18.414,420.2752258511081,10
2024-09-19 11:02:18.441,420.30157245509474,15
2024-09-19 11:02:18.452,,7
2024-09-19 11:02:18.543,420.3121638676281,98
2024-09-19 11:02:18.567,420.2786257031257,995
2024-09-19 11:02:18.573,420.3141383394947,11
2024-09-19 11:02:18.696,420.3366832936737,11
2024-09-19 11:02:18.720,420.3292098649106,14
2024-09-19 11:02:18.918,420.3151866693463,9
2024-09-19 11:02:18.946,420.2914346296888,14
2024-09-19 11:02:18.981,420.3188191184976,103
2024-09-19 11:02:19.006,420.3537529843343,10
2024-09-19 11:02:19.006,420.4164919723221,1005
2024-09-19 11:02:19.155,420.4214380479642,10
2024-09-19 11:02:19.179,420.3327910087886,98
2024-09-19 11:02:19.193,420.34857937369503,99
2024-09-19 11:02:19.237,420.3137348882644,14
2024-09-19 11:02:19.238,420.35573629119045,1001
2024-09-19 11:02:19.243,420.35906537151646,995
2024-09-19 11:02:19.276,420.3459362998848,97
2024-09-19 11:02:19.419,420.429043858032,97
2024-09-19 11:02:19.518,420.3092365625104,13
2024-09-19 11:02:19.629,420.3178099205147,8
2024-09-19 11:02:19.631,420.35353368197656,6
2024-09-19 11:02:19.651,420.365328880472,96
2024-09-19 11:02:19.652,420.3524501206132,1000
2024-09-19 11:02:19.707,420.3311308323842,10
2024-09-19 11:02:19.772,420.34298494118894,99
2024-09-19 11:02:19.833,420.3448190809999,1002
2024-09-19 11:02:19.868,420.3819041513909,11
2024-09-19 11:02:19.901,420.3731167035607,1005
2024-09-19 11:02:20.161,420.4014816777792,10
2024-09-19 11:02:20.187,,1002
2024-09-19 11:02:20.267,420.3757996375023,103
2024-09-19 11:02:20.279,420.3398470349823,96
2024-09-19 11:02:20.286,420.363579199449,105
2024-09-19 11:02:20.322,420.38969224609394,998
2024-09-19 11:02:20.405,420.3575697256576,101
2024-09-19 11:02:20.450,420.38424111883785,99
2024-09-19 11:02:20.484,420.373310152472,15
2024-09-19 11:02:20.600,420.3845564332767,105
2024-09-19 11:02:20.606,420.3496788457141,1003
2024-09-19 11:02:20.610,-420.3571108408132,1003
2024-09-19 11:02:20.631,420.34228607076926,1004
2024-09-19 11:02:20.648,420.37952409913606,96
2024-09-19 11:02:20.666,420.34566538347,6
2024-09-19 11:02:20.687,,995
2024-09-19 11:02:20.721,420.3754410490911,101
2024-09-19 11:02:20.763,420.3269096827791,102
2024-09-19 11:02:20.813,420.380971060215,5
2024-09-19 11:02:20.832,420.34193073012574,96
2024-09-19 11:02:20.833,420.3125198659653,10
2024-09-19 11:02:20.861,420.3488627129154,13
2024-09-19 11:02:20.896,420.3266201105465,103
2024-09-19 11:02:21.038,420.37783541272233,995
2024-09-19 11:02:21.063,420.370337979898,99
2024-09-19 11:02:21.130,420.3771023122316,99
2024-09-19 11:02:21.209,420.37023123223145,1003
2024-09-19 11:02:21.252,420.3691512435045,10
2024-09-19 11:02:21.258,42.03885945125065,998
2024-09-19 11:02:21.288,420.3433471274516,13
2024-09-19 11:02:21.312,420.3690903028453,1005
2024-09-19 11:02:21.369,420.4052173075564,12
2024-09-19 11:02:21.397,420.3659573524162,99
2024-09-19 11:02:21.402,420.36844421642127,1004
2024-09-19 11:02:21.408,420.3800637221447,104
2024-09-19 11:02:21.424,420.34738935792296,97
2024-09-19 11:02:21.517,420.3534336429813,101
2024-09-19 11:02:21.611,420.33357652584095,101
2024-09-19 11:02:21.672,420.3403900270554,15
2024-09-19 11:02:21.694,420.35337978360894,1001
2024-09-19 11:02:21.731,420.3859176184301,14
2024-09-19 11:02:21.802,420.3645854572204,12
2024-09-19 11:02:21.833,420.3773012582744,14
2024-09-19 11:02:21.835,420.3679272833003,105
2024-09-19 11:02:21.926,420.3472983860233,8
2024-09-19 11:02:22.016,420.39654812309,97
2024-09-19 11:02:22.022,420.4364455105965,999
2024-09-19 11:02:22.124,420.4328444583696,98
2024-09-19 11:02:22.531,420.4171665939351,99
2024-09-19 11:02:22.542,420.4115898955986,1003
2024-09-19 11:02:22.703,420.4144946787058,6
2024-09-19 11:02:22.838,420.3755884412245,996
2024-09-19 11:02:23.000,420.4687773785216,999
2024-09-19 11:02:23.002,420.4738435796831,10
2024-09-19 11:02:23.045,420.5045021439233,95
2024-09-19 11:02:23.228,420.47848235513976,8
2024-09-19 11:02:23.241,420.4639722786148,1000
2024-09-19 11:02:23.292,420.4818088863305,11
2024-09-19 11:02:23.353,420.442542749644,15
2024-09-19 11:02:23.364,420.4172817031819,95
2024-09-19 11:02:23.424,420.4413129115417,101
2024-09-19 11:02:23.429,420.45707171414665,13
2024-09-19 11:02:23.456,420.4513396882949,995
2024-09-19 11:02:23.461,420.4346007984996,102
2024-09-19 11:02:23.487,420.4978764955068,12
2024-09-19 11:02:23.512,420.44254327243294,997
2024-09-19 11:02:23.765,420.4504393327731,13
2024-09-19 11:02:23.838,420.4472069538915,998
2024-09-19 11:02:23.926,42.04197104754783,98
2024-09-19 11:02:23.932,420.44960523637513,9
2024-09-19 11:02:23.948,420.43673943538073,96
2024-09-19 11:02:23.969,420.4209911280869,102
2024-09-19 11:02:24.005,420.45340959511503,995
2024-09-19 11:02:24.164,420.452677929545,13
2024-09-19 11:02:24.190,420.4441535574197,998
2024-09-19 11:02:24.267,420.4332301404698,13
2024-09-19 11:02:24.320,420.4508592707806,1004
2024-09-19 11:02:24.822,420.4381481288454,104
2024-09-19 11:02:24.858,420.47946578748224,6
2024-09-19 11:02:24.971,420.436799155451,14
2024-09-19 11:02:25.009,420.37720610326966,997
2024-09-19 11:02:25.033,420.4426137904676,6
2024-09-19 11:02:25.059,420.48422620634966,11
2024-09-19 11:02:25.081,420.4458149223334,100
2024-09-19 11:02:25.154,420.3582566792765,102
2024-09-19 11:02:25.184,420.452265799504,999
2024-09-19 11:02:25.233,420.41306813733854,96
2024-09-19 11:02:25.322,420.4297258545938,8
2024-09-19 11:02:25.406,420.4480252694181,1001
2024-09-19 11:02:25.439,420.4003793393305,100
2024-09-19 11:02:25.554,42.04271558481266,7
2024-09-19 11:02:25.556,420.4462447290179,5
2024-09-19 11:02:25.593,420.4372909009902,102
2024-09-19 11:02:25.789,420.440954979782,1002
2024-09-19 11:02:25.828,420.4663802263104,11
2024-09-19 11:02:25.901,420.4778366047339,995
2024-09-19 11:02:25.948,420.4841940913036,102
2024-09-19 11:02:25.991,420.3852540145119,9
2024-09-19 11:02:26.018,420.37162972073486,10
2024-09-19 11:02:26.070,420.3944143120698,97
2024-09-19 11:02:26.089,420.4230281628258,8
2024-09-19 11:02:26.139,420.3759469711962,1005
2024-09-19 11:02:26.220,420.38313915857776,105
2024-09-19 11:02:26.250,,13
2024-09-19 11:02:26.270,420.3910407978977,9
2024-09-19 11:02:26.287,420.4116318802601,104
2024-09-19 11:02:26.313,42.03715024653008,1002
2024-09-19 11:02:26.346,420.3999761815045,7
2024-09-19 11:02:26.558,42.03741371398988,97
2024-09-19 11:02:26.700,420.3914782358832,95
2024-09-19 11:02:26.725,420.3852853772868,1000
2024-09-19 11:02:26.758,420.3603559951414,103
2024-09-19 11:02:26.776,420.36742595281584,101
2024-09-19 11:02:26.970,420.3732269407727,10
2024-09-19 11:02:27.233,420.3888704094642,1004
2024-09-19 11:02:27.499,420.3588809560176,1003
2024-09-19 11:02:27.510,420.3906468345852,997
2024-09-19 11:02:27.763,420.4130904510578,9
2024-09-19 11:02:27.774,420.4012701947483,96
2024-09-19 11:02:27.788,420.3902234481446,7
2024-09-19 11:02:27.798,420.4064064861971,8
2024-09-19 11:02:27.800,420.4020149526279,102
2024-09-19 11:02:27.999,420.387942559914,1004
2024-09-19 11:02:28.072,420.3837571974082,1003
2024-09-19 11:02:28.200,420.38047267415214,6
2024-09-19 11:02:28.241,420.4004628809053,8
2024-09-19 11:02:28.360,420.3930490229545,1001
2024-09-19 11:02:28.364,420.3800255224832,98
2024-09-19 11:02:28.394,420.38725661674266,14
2024-09-19 11:02:28.397,420.3901864773364,5
2024-09-19 11:02:28.590,420.3978814620703,996
2024-09-19 11:02:28.591,420.3951848318047,7
2024-09-19 11:02:28.599,420.4186308241258,996
2024-09-19 11:02:28.717,420.3949954486265,999
2024-09-19 11:02:28.951,420.3761880148618,105
2024-09-19 11:02:28.988,420.4213301572186,1000
2024-09-19 11:02:29.043,420.4724383327016,13
2024-09-19 11:02:29.140,420.4812845406284,999
2024-09-19 11:02:29.142,420.4449958654145,12
2024-09-19 11:02:29.151,420.4775694839959,995
2024-09-19 11:02:29.173,420.4678041399046,1000
2024-09-19 11:02:29.242,420.4793803689456,14
2024-09-19 11:02:29.248,420.4907882598632,1005
2024-09-19 11:02:29.250,420.4283630065361,997
2024-09-19 11:02:29.283,420.4788529378304,11
2024-09-19 11:02:29.331,420.4069318352293,1002
2024-09-19 11:02:29.378,420.4577838432262,1003
2024-09-19 11:02:29.421,420.4883467603032,12
2024-09-19 11:02:29.518,420.4889211178298,11
2024-09-19 11:02:29.535,420.4760273366628,103
2024-09-19 11:02:29.585,420.4331174119601,105
2024-09-19 11:02:29.586,420.4927552843144,15
2024-09-19 11:02:29.608,420.4615779507941,102
2024-09-19 11:02:29.616,420.4888347841391,1002
2024-09-19 11:02:29.645,420.48567867462594,15
2024-09-19 11:02:29.725,420.4085462623074,101
2024-09-19 11:02:29.775,420.4019616764856,6
2024-09-19 11:02:29.775,420.4039375574751,13
2024-09-19 11:02:29.783,420.49395057333686,996
2024-09-19 11:02:29.801,420.46245118715626,5
2024-09-19 11:02:29.829,420.3786632860151,1003
2024-09-19 11:02:29.854,420.49566263344144,11
2024-09-19 11:02:29.882,420.49277622888417,998
2024-09-19 11:02:29.894,420.4601182171413,15
2024-09-19 11:02:29.962,420.38506896027536,1000
2024-09-19 11:02:30.026,420.4793580273614,5
2024-09-19 11:02:30.202,420.5163565442272,104
2024-09-19 11:02:30.220,420.49081891341103,105
2024-09-19 11:02:30.244,420.4706312606414,12
2024-09-19 11:02:30.262,420.49994826198,5
2024-09-19 11:02:30.292,420.4662104088976,98
2024-09-19 11:02:30.313,420.4681999147808,7
2024-09-19 11:02:30.324,420.5107646831172,97
2024-09-19 11:02:30.378,420.463867847142,10
2024-09-19 11:02:30.431,420.4915244783894,1002
2024-09-19 11:02:30.475,420.4695835182754,15
2024-09-19 11:02:30.507,420.4813434992116,103
2024-09-19 11:02:30.514,420.4601759545504,998
2024-09-19 11:02:30.515,420.498253103242,100
2024-09-19 11:02:30.537,420.4720295307234,12
2024-09-19 11:02:30.554,420.45751030226944,1000
2024-09-19 11:02:30.563,420.476773294747,15
2024-09-19 11:02:30.612,420.4528162646547,997
2024-09-19 11:02:30.676,420.5215662598135,101
2024-09-19 11:02:30.713,420.47906669956177,9
2024-09-19 11:02:30.728,420.4816527767266,9
2024-09-19 11:02:30.782,420.511457361481,995
2024-09-19 11:02:30.799,420.5047957633829,7
2024-09-19 11:02:30.801,420.4566898163728,1000
2024-09-19 11:02:30.833,420.5169636822194,103
2024-09-19 11:02:30.841,420.4734728333473,1002
2024-09-19 11:02:30.934,420.5245683154437,6
2024-09-19 11:02:30.944,420.4488737929584,8
2024-09-19 11:02:31.035,420.46492488263823,999
2024-09-19 11:02:31.045,420.4471901276867,998
2024-09-19 11:02:31.067,420.4322811010056,1004
2024-09-19 11:02:31.098,420.5014441231248,105
2024-09-19 11:02:31.098,420.4736887851035,13
2024-09-19 11:02:31.103,420.4775732295303,10
2024-09-19 11:02:31.131,420.5124721560561,9
2024-09-19 11:02:31.133,420.43740560933605,1002
2024-09-19 11:02:31.222,420.45859236711215,15
2024-09-19 11:02:31.237,420.4685802618571,1003
2024-09-19 11:02:31.249,420.4718234070255,97
2024-09-19 11:02:31.283,420.46150967599874,1001
2024-09-19 11:02:31.443,,104
2024-09-19 11:02:31.547,420.4388607332709,1001
2024-09-19 11:02:31.565,420.4451981323001,98
2024-09-19 11:02:31.585,42.042157212001584,95
2024-09-19 11:02:31.618,420.4832371273374,998
2024-09-19 11:02:31.640,420.4117018480599,1003
2024-09-19 11:02:31.705,,999
2024-09-19 11:02:31.746,420.4709827360475,95
2024-09-19 11:02:31.758,420.462971012893,15
2024-09-19 11:02:31.766,420.43370336018734,999
2024-09-19 11:02:31.778,420.4312638585001,96
2024-09-19 11:02:31.791,420.4705672915955,96
2024-09-19 11:02:31.854,420.4856352680779,96
2024-09-19 11:02:31.992,420.4369117809019,1000
2024-09-19 11:02:32.000,420.4764963515803,10
2024-09-19 11:02:32.006,420.5147987311202,1003
2024-09-19 11:02:32.024,420.52795066193966,997
2024-09-19 11:02:32.044,420.5277690403468,6
2024-09-19 11:02:32.062,420.5230688725632,7
2024-09-19 11:02:32.099,420.45147964692575,1000
2024-09-19 11:02:32.107,420.4605267264108,99
2024-09-19 11:02:32.146,420.5012029125666,996
2024-09-19 11:02:32.171,420.5036475896356,7
2024-09-19 11:02:32.194,420.44075409255214,997
2024-09-19 11:02:32.209,420.5278970113186,1004
2024-09-19 11:02:32.259,420.50140606057465,100
2024-09-19 11:02:32.284,420.4757101071749,1002
2024-09-19 11:02:32.298,-420.42257691375255,13
2024-09-19 11:02:32.343,-420.5077915815256,997
2024-09-19 11:02:32.409,420.4665617539597,103
2024-09-19 11:02:32.520,420.5279919804603,1004
2024-09-19 11:02:32.525,420.4638404660988,11
2024-09-19 11:02:32.545,420.4602186077309,100
2024-09-19 11:02:32.549,420.472553957422,1003
2024-09-19 11:02:32.654,420.4567772400297,101
2024-09-19 11:02:32.751,420.4583049349037,8
2024-09-19 11:02:32.767,420.5258410691417,103
2024-09-19 11:02:32.802,420.47273791835744,9
2024-09-19 11:02:32.809,420.43901324453975,96
2024-09-19 11:02:32.809,420.4594593086628,1005
2024-09-19 11:02:32.821,420.4809884083375,995
2024-09-19 11:02:33.022,420.5245099793228,95
2024-09-19 11:02:33.074,420.5181223061247,9
2024-09-19 11:02:33.386,420.5169889894858,998
2024-09-19 11:02:33.555,420.5204869673907,104
2024-09-19 11:02:33.594,420.53255491065335,11
2024-09-19 11:02:33.620,420.51123576275074,1003
2024-09-19 11:02:33.669,420.5223534043922,8
2024-09-19 11:02:33.695,420.5143631452904,10
2024-09-19 11:02:33.769,420.50953660572753,1000
2024-09-19 11:02:33.773,420.5148144317742,99
2024-09-19 11:02:33.996,420.5352813607463,8
2024-09-19 11:02:34.009,420.4966363900648,1002
2024-09-19 11:02:34.015,420.5146616935458,1002
2024-09-19 11:02:34.020,420.5178001672403,95
2024-09-19 11:02:34.074,420.5211284965594,104
2024-09-19 11:02:34.146,420.52274479247313,102
2024-09-19 11:02:34.177,420.5169666033924,995
2024-09-19 11:02:34.187,420.5106472811245,997
2024-09-19 11:02:34.199,420.5268612622679,1000
2024-09-19 11:02:34.232,420.5335237605586,1003
2024-09-19 11:02:34.246,420.5162243255912,1004
2024-09-19 11:02:34.466,420.5229940032647,998
2024-09-19 11:02:34.473,420.534293904168,999
2024-09-19 11:02:34.482,420.5261505498378,7
2024-09-19 11:02:34.535,420.5303844011615,95
2024-09-19 11:02:34.548,420.5491179218236,999
2024-09-19 11:02:34.570,420.4945009816069,98
2024-09-19 11:02:34.583,420.5358166169711,15
2024-09-19 11:02:34.597,420.4910697652842,99
2024-09-19 11:02:34.601,420.52021706585833,999
2024-09-19 11:02:34.623,420.51631237944656,1005
2024-09-19 11:02:34.712,420.52183426787593,9
2024-09-19 11:02:34.819,420.529183803106,100
2024-09-19 11:02:34.834,420.53410425394856,1003
2024-09-19 11:02:34.867,420.5081983133812,12
2024-09-19 11:02:34.910,420.52815433713903,6
2024-09-19 11:02:34.976,420.5338744822658,6
2024-09-19 11:02:35.003,420.4838333363397,7
2024-09-19 11:02:35.016,420.4709771055314,99
2024-09-19 11:02:35.103,420.46861805982047,1005
2024-09-19 11:02:35.181,420.4836295839578,5
2024-09-19 11:02:35.186,420.4943759477185,1001
2024-09-19 11:02:35.274,420.5226960780776,15
2024-09-19 11:02:35.322,420.4781681822328,101
2024-09-19 11:02:35.519,420.5154980404998,104
2024-09-19 11:02:35.536,420.51416504473553,10
2024-09-19 11:02:35.561,420.4885369776872,1004
2024-09-19 11:02:35.565,420.48444419024605,998
2024-09-19 11:02:35.584,420.4760915872741,13
2024-09-19 11:02:35.675,420.4925798063578,997
2024-09-19 11:02:35.681,420.4868792305076,1000
2024-09-19 11:02:35.693,420.466021587148,1001
2024-09-19 11:02:35.760,420.4826586050102,996
2024-09-19 11:02:35.882,420.5019441841884,96
2024-09-19 11:02:35.939,420.5041980813239,100
2024-09-19 11:02:35.968,420.5294952499112,105
2024-09-19 11:02:36.039,420.510327658332,15
2024-09-19 11:02:36.040,420.5291023074983,102
2024-09-19 11:02:36.040,420.54121683521134,6
2024-09-19 11:02:36.120,420.4980439364627,999
2024-09-19 11:02:36.133,420.5039861977036,101
2024-09-19 11:02:36.166,420.6108646946391,101
2024-09-19 11:02:36.177,420.5159389382358,99
2024-09-19 11:02:36.184,420.6206972993867,1004
2024-09-19 11:02:36.189,420.5221472579138,103
2024-09-19 11:02:36.253,420.6020765824833,105
2024-09-19 11:02:36.270,420.4946392469973,995
2024-09-19 11:02:36.286,420.5199574761623,95
2024-09-19 11:02:36.310,420.6205566967237,7
2024-09-19 11:02:36.337,420.4967650757096,7
2024-09-19 11:02:36.390,420.5563631938395,104
2024-09-19 11:02:36.495,420.58675576633226,103
2024-09-19 11:02:36.649,420.5490357867809,1004
2024-09-19 11:02:36.719,420.5101848308515,7
2024-09-19 11:02:36.734,420.6292829978239,5
2024-09-19 11:02:36.857,420.4892146544936,9
2024-09-19 11:02:36.961,420.5059779670672,998
2024-09-19 11:02:36.962,420.5281469291772,1004
2024-09-19 11:02:37.026,420.60446464407113,9
2024-09-19 11:02:37.027,420.6054536970004,97
2024-09-19 11:02:37.117,420.5912535614047,99
2024-09-19 11:02:37.127,420.6061870053267,98
2024-09-19 11:02:37.187,420.5784417305934,999
2024-09-19 11:02:37.263,420.5707189760657,13
2024-09-19 11:02:37.296,420.6120185113784,8
2024-09-19 11:02:37.300,420.5750800014136,101
2024-09-19 11:02:37.312,420.5895678108128,102
2024-09-19 11:02:37.370,,99
2024-09-19 11:02:37.405,420.61199978441897,996
2024-09-19 11:02:37.485,420.5973221553605,104
2024-09-19 11:02:37.498,420.5892754031935,999
2024-09-19 11:02:37.513,420.6020232694801,1000
2024-09-19 11:02:37.620,420.582140942539,1000
2024-09-19 11:02:37.653,420.5898148872135,105
2024-09-19 11:02:37.702,420.59422048923466,13
2024-09-19 11:02:37.798,420.6116007642112,105
2024-09-19 11:02:37.909,-420.5767785148488,999
2024-09-19 11:02:37.922,420.60447967800815,1000
2024-09-19 11:02:37.999,-420.6063048159154,97
2024-09-19 11:02:38.423,420.6123368089261,1001
2024-09-19 11:02:38.485,420.6234711536157,996
2024-09-19 11:02:38.491,420.6025120593332,1001
2024-09-19 11:02:38.725,420.60168492915136,10
2024-09-19 11:02:38.775,420.6154896048803,103
2024-09-19 11:02:38.993,420.60045543970745,11
2024-09-19 11:02:39.013,420.51479263435664,104
2024-09-19 11:02:39.082,420.5789663155935,5
2024-09-19 11:02:39.135,420.4990828418732,101
2024-09-19 11:02:39.194,420.5877339814276,101
2024-09-19 11:02:39.205,420.5254100202001,999
2024-09-19 11:02:39.248,420.509527002503,9
2024-09-19 11:02:39.356,420.5800885043444,999
2024-09-19 11:02:39.388,420.5006112452804,14
2024-09-19 11:02:39.437,420.51222686704045,95
2024-09-19 11:02:39.468,420.50324232602713,102
2024-09-19 11:02:39.482,420.5792843980449,1003
2024-09-19 11:02:39.504,420.520464711394,10
2024-09-19 11:02:39.541,420.5529149040908,10
2024-09-19 11:02:39.543,420.5009596892906,103
2024-09-19 11:02:39.589,420.5066354805693,1005
2024-09-19 11:02:39.617,420.5322075063549,1005
2024-09-19 11:02:39.695,420.5164322206979,12
2024-09-19 11:02:39.713,420.5000605650147,996
2024-09-19 11:02:39.720,420.5880045878943,1002
2024-09-19 11:02:39.726,420.50650584561936,5
2024-09-19 11:02:39.753,420.5130594364499,7
2024-09-19 11:02:39.767,420.5171000760685,1005
2024-09-19 11:02:39.779,420.530612476067,1003
2024-09-19 11:02:39.791,-420.5384746480013,1003
2024-09-19 11:02:39.794,420.56337398284205,11
2024-09-19 11:02:39.878,420.580434671464,10
2024-09-19 11:02:39.903,420.55317796374544,1005
2024-09-19 11:02:39.947,420.5228197594137,13
2024-09-19 11:02:39.958,420.5953182480359,1001
2024-09-19 11:02:40.007,420.50171563602913,1005
2024-09-19 11:02:40.059,420.4835523692504,7
2024-09-19 11:02:40.063,420.4870117809502,99
2024-09-19 11:02:40.074,420.4982727611398,997
2024-09-19 11:02:40.137,420.48248852103046,997
2024-09-19 11:02:40.181,420.495888977476,1002
2024-09-19 11:02:40.222,420.47744179287207,999
2024-09-19 11:02:40.258,420.4865212296899,11
2024-09-19 11:02:40.259,420.4878161113479,997
2024-09-19 11:02:40.298,420.4858425560138,998
2024-09-19 11:02:40.326,420.50183957675074,7
2024-09-19 11:02:40.370,420.5139252757408,104
2024-09-19 11:02:40.412,420.4773223317057,102
2024-09-19 11:02:40.454,420.4867655080584,1003
2024-09-19 11:02:40.544,420.4786330461372,95
2024-09-19 11:02:40.579,420.4895576821186,100
2024-09-19 11:02:40.599,420.4813686046651,5
2024-09-19 11:02:40.620,420.4797527082529,12
2024-09-19 11:02:40.718,420.4924253122087,103
2024-09-19 11:02:40.721,420.4804128299899,10
2024-09-19 11:02:40.766,420.4822443719722,102
2024-09-19 11:02:40.804,420.4959241237201,997
2024-09-19 11:02:40.877,420.517272128092,97
2024-09-19 11:02:40.889,420.48794268683946,105
2024-09-19 11:02:40.938,420.4888632843609,95
2024-09-19 11:02:40.948,420.5049100279436,100
2024-09-19 11:02:40.960,420.49336552979145,13
2024-09-19 11:02:40.964,420.50117196621625,101
2024-09-19 11:02:41.021,420.48934080347766,9
2024-09-19 11:02:41.109,420.4940403232849,1005
2024-09-19 11:02:41.152,420.48910461261335,103
2024-09-19 11:02:41.259,420.4887489771049,102
2024-09-19 11:02:41.335,420.4916295091412,104
2024-09-19 11:02:41.682,420.50904716021074,1003
2024-09-19 11:02:41.840,420.4946991114774,98
2024-09-19 11:02:41.998,420.4904795755361,6
2024-09-19 11:02:42.103,420.5180979556101,103
2024-09-19 11:02:42.103,420.5449355778467,103
2024-09-19 11:02:42.244,420.5086610098584,101
2024-09-19 11:02:42.255,420.5698601695513,100
2024-09-19 11:02:42.290,420.5607654000128,99
2024-09-19 11:02:42.339,420.5518182345484,6
2024-09-19 11:02:42.360,420.5375239142183,101
2024-09-19 11:02:42.495,420.5425947702042,996
2024-09-19 11:02:42.497,420.4838841556267,96
2024-09-19 11:02:42.549,420.5681579907648,1005
2024-09-19 11:02:42.553,420.4838635248685,11
2024-09-19 11:02:42.599,420.5266370017444,8
2024-09-19 11:02:42.622,420.556284059241,8
2024-09-19 11:02:42.696,420.5455093000289,6
2024-09-19 11:02:42.769,420.50306421181824,103
2024-09-19 11:02:42.797,420.5158899456857,102
2024-09-19 11:02:42.877,420.5590373018328,102
2024-09-19 11:02:43.086,420.532839583878,105
2024-09-19 11:02:43.113,420.53701540694505,1004
2024-09-19 11:02:43.354,420.5098383117953,10
2024-09-19 11:02:43.534,420.5167686564834,14
2024-09-19 11:02:43.640,420.5343052248651,1002
2024-09-19 11:02:43.770,42.05127994729549,102
2024-09-19 11:02:44.036,420.4545969736368,97
2024-09-19 11:02:44.047,420.4696032668292,104
2024-09-19 11:02:44.053,420.5257794227058,105
2024-09-19 11:02:44.062,420.5453601117002,99
2024-09-19 11:02:44.080,420.443006855329,104
2024-09-19 11:02:44.136,420.4393550741617,10
2024-09-19 11:02:44.176,420.5399433198542,1000
2024-09-19 11:02:44.219,420.5366673616612,15
2024-09-19 11:02:44.243,-420.46725250213166,95
2024-09-19 11:02:44.297,420.4247888798784,1004
2024-09-19 11:02:44.354,420.53949760976417,996
2024-09-19 11:02:44.376,420.5360428983212,13
2024-09-19 11:02:44.402,420.49677798841526,96
2024-09-19 11:02:44.405,420.5317183437838,6
2024-09-19 11:02:44.435,420.4777001781511,998
2024-09-19 11:02:44.454,420.4545603703778,99
2024-09-19 11:02:44.580,420.51306967739214,104
2024-09-19 11:02:44.582,420.4202720789861,9
2024-09-19 11:02:44.582,420.4295783705193,100
2024-09-19 11:02:44.662,420.4590744447358,7
2024-09-19 11:02:44.665,420.41315648204113,105
2024-09-19 11:02:44.687,420.42658399544194,997
2024-09-19 11:02:44.694,420.4388959415414,9
2024-09-19 11:02:44.738,420.4219222064127,996
2024-09-19 11:02:44.741,420.534998642916,96
2024-09-19 11:02:44.873,420.5402448603375,1005
2024-09-19 11:02:44.987,420.44227029132657,15
2024-09-19 11:02:45.094,420.4930262398382,96
2024-09-19 11:02:45.196,420.4867393729504,103
2024-09-19 11:02:45.748,420.4906389629331,98
2024-09-19 11:02:46.064,420.51604893365936,97
2024-09-19 11:02:46.219,420.54599786858665,9
2024-09-19 11:02:46.228,420.5443342532481,11
2024-09-19 11:02:46.239,420.5123764410909,1000
2024-09-19 11:02:46.329,420.4951202512397,9
2024-09-19 11:02:46.414,420.488388141677,13
2024-09-19 11:02:46.435,420.5206904256796,14
2024-09-19 11:02:46.488,420.4922971581098,95
2024-09-19 11:02:46.545,420.4965524107921,11
2024-09-19 11:02:46.622,420.51075087657233,12
2024-09-19 11:02:46.658,420.50841244751416,14
2024-09-19 11:02:46.770,420.5059532807791,995
2024-09-19 11:02:46.773,42.05470074177517,10
2024-09-19 11:02:46.843,420.5238935161996,102
2024-09-19 11:02:46.852,420.4944858531785,13
2024-09-19 11:02:46.874,420.5413967136126,101
2024-09-19 11:02:46.883,420.5116572714046,996
2024-09-19 11:02:46.895,420.50098968186944,13
2024-09-19 11:02:46.943,420.5020570925292,98
2024-09-19 11:02:46.982,420.5003504949006,104
2024-09-19 11:02:46.983,420.54041782752375,995
2024-09-19 11:02:47.089,420.52551048505137,99
2024-09-19 11:02:47.141,420.5253903928895,15
2024-09-19 11:02:47.165,420.5514117295049,9
2024-09-19 11:02:47.190,420.5162088768807,1002
2024-09-19 11:02:47.218,420.52066473104446,996
2024-09-19 11:02:47.504,420.53205359038327,11
2024-09-19 11:02:47.862,420.5563127874052,999
2024-09-19 11:02:48.011,420.4086865862049,95
2024-09-19 11:02:48.021,420.5192073336863,13
2024-09-19 11:02:48.139,,97
2024-09-19 11:02:48.167,420.5018449059602,96
2024-09-19 11:02:48.244,420.4908823144277,1002
2024-09-19 11:02:48.312,420.4948144501882,997
2024-09-19 11:02:48.316,420.4779477683535,996
2024-09-19 11:02:48.323,420.4544464435786,104
2024-09-19 11:02:48.370,420.49078612840856,12
2024-09-19 11:02:48.413,420.5216861245893,11
2024-09-19 11:02:48.427,420.4227197415368,1002
2024-09-19 11:02:48.480,420.5259686090607,15
2024-09-19 11:02:48.485,420.48323648689257,10
2024-09-19 11:02:48.518,42.05314627693127,996
2024-09-19 11:02:48.565,420.4661124953209,102
2024-09-19 11:02:48.617,420.5370671996535,1001
2024-09-19 11:02:48.635,420.5256009190981,1000
2024-09-19 11:02:48.641,420.5414522821306,996
2024-09-19 11:02:48.645,420.4077997089749,1002
2024-09-19 11:02:48.676,420.45598796150347,96
2024-09-19 11:02:48.739,420.5112763565416,15
2024-09-19 11:02:48.759,420.5143069845627,8
2024-09-19 11:02:48.792,420.5388409669284,103
2024-09-19 11:02:48.799,420.4363162308008,12
2024-09-19 11:02:48.932,420.525532012051,97
2024-09-19 11:02:48.964,420.4206105013022,1001
2024-09-19 11:02:48.983,420.4482870647591,14
2024-09-19 11:02:49.032,420.4372669100362,5
2024-09-19 11:02:49.049,420.39502299691134,998
2024-09-19 11:02:49.132,420.3877091923572,14
2024-09-19 11:02:49.146,420.37888823018136,1004
2024-09-19 11:02:49.328,420.42008922515794,97
2024-09-19 11:02:49.344,-420.43840939848735,999
2024-09-19 11:02:49.461,420.4019775782581,1003
2024-09-19 11:02:49.487,420.4315927255818,1004
2024-09-19 11:02:49.507,420.4265438553459,10
2024-09-19 11:02:49.558,420.4402142880478,8
2024-09-19 11:02:49.623,420.4063530732317,1004
2024-09-19 11:02:49.697,420.447014692928,1003
2024-09-19 11:02:49.746,420.3910146035269,97
2024-09-19 11:02:49.748,420.43953696891145,99
2024-09-19 11:02:49.862,420.44439287700897,9
2024-09-19 11:02:49.907,420.4362675709066,995
2024-09-19 11:02:49.949,420.4336216840523,104
2024-09-19 11:02:50.044,420.4134274100121,105
2024-09-19 11:02:50.051,420.4124929996708,12
2024-09-19 11:02:50.060,420.3976244743757,996
2024-09-19 11:02:50.093,420.4039166347381,105
2024-09-19 11:02:50.118,420.4130394962983,9
2024-09-19 11:02:50.159,420.3550180097217,14
2024-09-19 11:02:50.161,420.39301498686905,1001
2024-09-19 11:02:50.172,420.3968457412318,15
2024-09-19 11:02:50.175,420.3934734287168,996
2024-09-19 11:02:50.266,420.3806236678319,9
2024-09-19 11:02:50.268,420.4163861718363,8
2024-09-19 11:02:50.316,420.4133652871615,14
2024-09-19 11:02:50.457,420.40523631495387,1003
2024-09-19 11:02:50.487,420.4172231684995,14
2024-09-19 11:02:50.491,420.4071767551991,97
2024-09-19 11:02:50.605,420.41218779797134,13
2024-09-19 11:02:50.620,420.40792788460334,13
2024-09-19 11:02:50.626,420.4068763908888,9
2024-09-19 11:02:50.633,420.3951115255384,998
2024-09-19 11:02:50.641,420.4136453572083,11
2024-09-19 11:02:50.724,420.3814682655198,999
2024-09-19 11:02:50.726,420.4168097068761,96
2024-09-19 11:02:50.771,420.3951245913178,999
2024-09-19 11:02:50.873,420.4076140976303,13
2024-09-19 11:02:50.900,420.3794682256732,1003
2024-09-19 11:02:50.956,420.4264002030835,98
2024-09-19 11:02:50.967,420.4003307276516,97
2024-09-19 11:02:50.969,420.3894744796397,1005
2024-09-19 11:02:51.068,420.4230982957994,7
2024-09-19 11:02:51.168,420.41348244418543,104
2024-09-19 11:02:51.251,420.421131392282,8
2024-09-19 11:02:51.557,420.4185400626157,12
2024-09-19 11:02:51.562,420.4339937920689,7
2024-09-19 11:02:51.589,420.42347998291336,13
2024-09-19 11:02:51.699,420.41860067426205,5
2024-09-19 11:02:51.729,420.45653252584646,1004
2024-09-19 11:02:51.782,420.4175723492032,12
2024-09-19 11:02:51.796,420.4387211794115,95
2024-09-19 11:02:51.827,420.44278433031263,100
2024-09-19 11:02:51.851,420.4606921630858,95
2024-09-19 11:02:51.944,420.41946640654106,5
2024-09-19 11:02:51.960,420.45662611327646,998
2024-09-19 11:02:52.127,420.4332039878818,100
2024-09-19 11:02:52.464,420.44229261085104,104
2024-09-19 11:02:52.512,420.434372108797,101
2024-09-19 11:02:52.771,420.4345360347376,95
2024-09-19 11:02:52.810,420.4361295522965,98
2024-09-19 11:02:52.991,420.42591000929326,95
2024-09-19 11:02:53.390,420.41102706283687,996
2024-09-19 11:02:53.416,420.39592386668033,1005
2024-09-19 11:02:53.501,420.4321159018447,7
2024-09-19 11:02:53.655,420.4095835041469,999
2024-09-19 11:02:53.728,420.43169798010615,1003
2024-09-19 11:02:53.856,420.441263751509,6
2024-09-19 11:02:53.986,420.44241092235296,996
2024-09-19 11:02:54.028,420.4385912186171,11
2024-09-19 11:02:54.056,420.4307064037348,95
2024-09-19 11:02:54.132,420.4050988252896,1004
2024-09-19 11:02:54.148,420.3898854438129,102
2024-09-19 11:02:54.167,420.4571620365968,1002
2024-09-19 11:02:54.241,420.4170696420725,15
2024-09-19 11:02:54.321,420.37893944797975,105
2024-09-19 11:02:54.327,420.39852805274376,101
2024-09-19 11:02:54.362,420.3943552148792,15
2024-09-19 11:02:54.388,420.4080679692992,1003
2024-09-19 11:02:54.429,420.39751758382494,1002
2024-09-19 11:02:54.442,420.4378685359921,1005
2024-09-19 11:02:54.534,420.4091912977766,12
2024-09-19 11:02:54.567,420.4172599557999,96
2024-09-19 11:02:54.573,420.4398908659801,95
2024-09-19 11:02:54.627,420.4165161698917,8
2024-09-19 11:02:54.696,420.4203345707366,998
2024-09-19 11:02:54.709,420.4041036791024,14
2024-09-19 11:02:54.768,420.4318075123125,1000
2024-09-19 11:02:54.795,420.4063872129359,1005
2024-09-19 11:02:54.846,420.4388227879514,15
2024-09-19 11:02:54.876,420.4013927383119,1002
2024-09-19 11:02:54.921,420.3882116503977,14
2024-09-19 11:02:54.930,420.4174957916012,9
2024-09-19 11:02:54.941,420.4362259126888,100
2024-09-19 11:02:54.987,420.4093303094624,6
2024-09-19 11:02:54.994,420.4173290614749,1004
2024-09-19 11:02:56.039,420.3785377661113,11
2024-09-19 11:02:56.056,420.4101883584541,97
2024-09-19 11:02:56.128,420.4071579014821,11
2024-09-19 11:02:56.432,420.3946047395272,12
2024-09-19 11:02:56.468,420.40650310290727,997
2024-09-19 11:02:56.532,420.41036009062594,1004
2024-09-19 11:02:56.560,420.3814377945234,6
2024-09-19 11:02:56.683,420.4128727057835,96
2024-09-19 11:02:56.712,420.4162487596795,7
2024-09-19 11:02:56.884,420.3982253743098,997
2024-09-19 11:02:57.095,420.497237437817,1000
2024-09-19 11:02:57.100,420.4134629337514,15
2024-09-19 11:02:57.503,420.4386538667024,97
2024-09-19 11:02:57.525,420.4896979333941,104
2024-09-19 11:02:57.746,420.4677542250055,12
2024-09-19 11:02:57.758,420.470989792676,15
2024-09-19 11:02:57.762,420.46266087625935,100
2024-09-19 11:02:57.836,420.4854650615139,11
2024-09-19 11:02:57.999,420.47477582051454,101
2024-09-19 11:02:58.414,420.49421830764896,5
2024-09-19 11:02:58.674,420.49074449020463,101
2024-09-19 11:02:58.946,420.5058456044704,105
2024-09-19 11:02:58.990,420.4932682176416,15
2024-09-19 11:02:59.022,420.5115201451543,96
2024-09-19 11:02:59.072,420.52242821434777,97
2024-09-19 11:02:59.088,420.53766740631846,97
2024-09-19 11:02:59.116,420.5403471589376,1003
2024-09-19 11:02:59.123,420.5381460822727,9
2024-09-19 11:02:59.126,420.5209079435229,103
2024-09-19 11:02:59.130,420.5163828745298,999
2024-09-19 11:02:59.132,420.5308667892726,15
2024-09-19 11:02:59.161,420.5389744004774,104
2024-09-19 11:02:59.184,420.5108472200488,9
2024-09-19 11:02:59.194,420.522440175127,15
2024-09-19 11:02:59.225,420.5507825156052,102
2024-09-19 11:02:59.270,420.5003650601516,6
2024-09-19 11:02:59.346,420.5247449294877,1004
2024-09-19 11:02:59.379,420.5208485236661,105
2024-09-19 11:02:59.379,420.5465554206062,6
2024-09-19 11:02:59.443,420.5548044175368,102
2024-09-19 11:02:59.501,420.53099976414177,98
2024-09-19 11:02:59.533,420.52046491999954,7
2024-09-19 11:02:59.572,420.532141435656,5
2024-09-19 11:02:59.615,420.5549866294747,995
2024-09-19 11:02:59.773,420.52183245910726,8
2024-09-19 11:02:59.785,420.5457916378357,10
2024-09-19 11:02:59.842,420.5489376482176,11
2024-09-19 11:02:59.857,420.5333776882212,99
2024-09-19 11:02:59.889,420.52307384834666,5
2024-09-19 11:02:59.890,420.5479332425052,95
2024-09-19 11:02:59.976,420.497449954964,1005
