Timestamp,Price,Size
2024-09-16 13:38:00.075,415.8459481464141,103
2024-09-16 13:38:00.108,415.88257047180014,95
2024-09-16 13:38:00.130,415.8620717530486,995
2024-09-16 13:38:00.227,415.8368996942807,98
2024-09-16 13:38:00.443,415.87508942536255,1005
2024-09-16 13:38:00.508,415.8399668513703,14
2024-09-16 13:38:01.019,415.8214018403251,97
2024-09-16 13:38:01.715,415.83311014705833,996
2024-09-16 13:38:01.811,415.81690915264,97
2024-09-16 13:38:02.103,415.8192698627482,7
2024-09-16 13:38:02.332,415.8231621247974,105
2024-09-16 13:38:03.043,415.8386985238902,104
2024-09-16 13:38:03.087,415.816825793572,998
2024-09-16 13:38:03.135,415.84439119292665,14
2024-09-16 13:38:03.168,415.8428875788636,15
2024-09-16 13:38:03.267,415.8311845520837,5
2024-09-16 13:38:03.404,415.8307348668825,1003
2024-09-16 13:38:03.427,415.7954497727287,999
2024-09-16 13:38:03.495,415.8243728428127,99
2024-09-16 13:38:03.581,415.8054554812513,7
2024-09-16 13:38:03.692,415.8343360869794,103
2024-09-16 13:38:03.717,415.8275959425424,15
2024-09-16 13:38:03.819,415.8189613536617,8
2024-09-16 13:38:03.932,415.8241095603695,1005
2024-09-16 13:38:03.964,415.8518323270558,97
2024-09-16 13:38:04.145,415.7908018645507,999
2024-09-16 13:38:04.161,415.8038943206191,105
2024-09-16 13:38:04.197,415.7967272744836,103
2024-09-16 13:38:04.296,415.8084643399712,998
2024-09-16 13:38:04.809,415.80658898770514,1001
2024-09-16 13:38:04.890,415.8046030588999,98
2024-09-16 13:38:04.922,415.8063674143801,996
2024-09-16 13:38:05.030,415.80002118649793,1004
2024-09-16 13:38:05.766,415.7834770638266,99
2024-09-16 13:38:06.048,41.577079358431575,1001
2024-09-16 13:38:06.052,415.7625246365892,996
2024-09-16 13:38:06.054,415.7642144435412,13
2024-09-16 13:38:06.067,41.57857278503582,96
2024-09-16 13:38:06.092,415.77765400272426,15
2024-09-16 13:38:06.104,415.75005212696976,995
2024-09-16 13:38:06.106,415.7583243034888,100
2024-09-16 13:38:06.123,415.7610736827048,97
2024-09-16 13:38:06.254,415.7862992647251,12
2024-09-16 13:38:06.278,415.7632236760437,6
2024-09-16 13:38:06.298,415.767833297135,998
2024-09-16 13:38:06.310,415.7684557747451,7
2024-09-16 13:38:06.310,415.78528253760254,1002
2024-09-16 13:38:06.316,415.7804547188198,7
2024-09-16 13:38:06.340,415.7209327264136,15
2024-09-16 13:38:06.502,415.7798496084227,998
2024-09-16 13:38:06.533,415.7743831491984,5
2024-09-16 13:38:06.586,415.75853897189495,1005
2024-09-16 13:38:06.598,415.74545806749154,1001
2024-09-16 13:38:06.659,415.7988470400745,9
2024-09-16 13:38:06.700,,102
2024-09-16 13:38:06.717,415.7948462241996,105
2024-09-16 13:38:06.856,415.7682611705644,7
2024-09-16 13:38:06.896,415.75725611684686,1000
2024-09-16 13:38:06.904,415.7633327622557,1001
2024-09-16 13:38:06.918,415.79020538479904,97
2024-09-16 13:38:06.973,415.7954712429764,6
2024-09-16 13:38:07.040,415.9429209682531,98
2024-09-16 13:38:07.054,415.8742933428749,9
2024-09-16 13:38:07.113,415.9029413638144,996
2024-09-16 13:38:07.126,415.8472119478455,1002
2024-09-16 13:38:07.128,415.90588205030855,8
2024-09-16 13:38:07.137,415.9218696017632,97
2024-09-16 13:38:07.179,415.930697343202,97
2024-09-16 13:38:07.217,415.8135875073643,105
2024-09-16 13:38:07.260,415.88908564435775,10
2024-09-16 13:38:07.307,415.8955829310072,101
2024-09-16 13:38:07.334,415.9300362166216,13
2024-09-16 13:38:07.423,415.8029771555219,1001
2024-09-16 13:38:07.587,415.9393854683551,105
2024-09-16 13:38:07.588,415.9328363237074,5
2024-09-16 13:38:07.610,415.8374776139961,7
2024-09-16 13:38:07.610,415.91099941853145,105
2024-09-16 13:38:07.613,415.85438584649,96
2024-09-16 13:38:07.664,415.9338731169827,103
2024-09-16 13:38:07.702,415.7980641641129,12
2024-09-16 13:38:07.733,415.9044309981047,9
2024-09-16 13:38:07.847,415.79902480571167,1003
2024-09-16 13:38:07.860,415.9061385726801,1000
2024-09-16 13:38:07.863,415.9437916563423,1003
2024-09-16 13:38:07.867,415.79681398330194,103
2024-09-16 13:38:07.893,415.7953688951181,998
2024-09-16 13:38:07.896,415.9048077099741,96
2024-09-16 13:38:07.896,415.9168493230975,12
2024-09-16 13:38:07.944,415.7854336132916,12
2024-09-16 13:38:07.949,415.84203691925865,1005
2024-09-16 13:38:08.228,415.9631750203845,104
2024-09-16 13:38:08.363,415.94228625694,1002
2024-09-16 13:38:08.611,415.9347753223605,1003
2024-09-16 13:38:08.650,415.9304309542495,1005
2024-09-16 13:38:08.706,415.9361210458224,103
2024-09-16 13:38:08.871,415.94323190224696,98
2024-09-16 13:38:09.039,415.9861614628265,98
2024-09-16 13:38:09.100,415.98510586891086,1000
2024-09-16 13:38:09.138,415.9490732679158,8
2024-09-16 13:38:09.157,415.995680190136,95
2024-09-16 13:38:09.285,415.9705427734329,104
2024-09-16 13:38:09.340,415.9668534477759,104
2024-09-16 13:38:09.388,415.97044598773255,1004
2024-09-16 13:38:09.419,415.9954372597316,1001
2024-09-16 13:38:09.510,415.98102649797215,1004
2024-09-16 13:38:09.603,416.0033239485922,995
2024-09-16 13:38:09.634,415.9571508975303,1005
2024-09-16 13:38:09.704,415.9472450029057,1005
2024-09-16 13:38:09.764,-416.0058524061004,10
2024-09-16 13:38:09.778,415.97048425634193,1005
2024-09-16 13:38:09.833,415.9555655225743,997
2024-09-16 13:38:09.905,416.0128569150375,102
2024-09-16 13:38:09.958,416.0061245997443,98
2024-09-16 13:38:10.147,415.9270021324532,13
2024-09-16 13:38:10.153,415.9481096199258,1000
2024-09-16 13:38:10.271,415.9262407975612,999
2024-09-16 13:38:10.345,415.9395859649126,10
2024-09-16 13:38:10.358,415.9309523303899,1003
2024-09-16 13:38:10.596,415.9437480939448,999
2024-09-16 13:38:10.635,415.9259191933321,102
2024-09-16 13:38:10.715,415.93242068237663,99
2024-09-16 13:38:10.822,415.9528499071155,12
2024-09-16 13:38:11.083,415.9403876666714,1003
2024-09-16 13:38:11.255,415.9691727338156,9
2024-09-16 13:38:11.271,415.94970820002936,1003
2024-09-16 13:38:11.331,415.9512222939685,10
2024-09-16 13:38:11.332,415.9584163538947,1003
2024-09-16 13:38:11.524,415.9618629892753,105
2024-09-16 13:38:11.632,415.9521090274307,102
2024-09-16 13:38:11.834,415.9700281548901,1005
2024-09-16 13:38:11.859,415.9722853316573,13
2024-09-16 13:38:11.948,415.9601447382942,101
2024-09-16 13:38:12.054,415.9394281568746,99
2024-09-16 13:38:12.071,415.9537205758641,99
2024-09-16 13:38:12.140,415.89402650940434,99
2024-09-16 13:38:12.214,415.881992683033,7
2024-09-16 13:38:12.247,415.88444767837336,5
2024-09-16 13:38:12.509,415.89513465685184,10
2024-09-16 13:38:12.563,415.88380013688544,998
2024-09-16 13:38:12.626,415.9066556270975,5
2024-09-16 13:38:12.671,415.886453549421,10
2024-09-16 13:38:12.710,415.9007427469546,103
2024-09-16 13:38:12.747,415.9088027102658,14
2024-09-16 13:38:12.762,415.9714955408347,5
2024-09-16 13:38:12.828,415.9247490216365,15
2024-09-16 13:38:12.837,415.9704748598584,95
2024-09-16 13:38:12.875,415.8949693196474,5
2024-09-16 13:38:12.951,415.90291213908375,1001
2024-09-16 13:38:13.038,415.94950174687017,14
2024-09-16 13:38:13.134,415.9879244886824,104
2024-09-16 13:38:13.137,415.9478910470617,13
2024-09-16 13:38:13.149,415.8752903220864,1002
2024-09-16 13:38:13.219,415.8653065505217,104
2024-09-16 13:38:13.224,415.9220421188704,1003
2024-09-16 13:38:13.248,415.9414454810965,6
2024-09-16 13:38:13.259,415.9445109570974,98
2024-09-16 13:38:13.292,415.9419956967341,998
2024-09-16 13:38:13.375,415.939206357292,98
2024-09-16 13:38:13.393,415.8913189949824,9
2024-09-16 13:38:13.463,415.9125049895805,998
2024-09-16 13:38:13.542,415.9989848855415,7
2024-09-16 13:38:13.564,415.87589434225,1002
2024-09-16 13:38:13.572,415.88217009010106,99
2024-09-16 13:38:13.630,415.9464429405375,1000
2024-09-16 13:38:13.702,415.9329902933346,104
2024-09-16 13:38:13.708,415.8687705431124,998
2024-09-16 13:38:13.730,415.9989395910115,99
2024-09-16 13:38:13.867,415.9396543710504,103
2024-09-16 13:38:13.875,415.8659022446778,5
2024-09-16 13:38:13.888,415.9342534774343,997
2024-09-16 13:38:13.910,415.9422311597568,1000
2024-09-16 13:38:13.910,415.95014513231087,7
2024-09-16 13:38:13.947,415.997294224464,1002
2024-09-16 13:38:13.958,415.9726907485721,6
2024-09-16 13:38:13.994,415.9405286971282,97
2024-09-16 13:38:14.136,416.04610087624576,1001
2024-09-16 13:38:14.220,416.0355265332672,103
2024-09-16 13:38:14.574,416.0370208643185,105
2024-09-16 13:38:14.719,416.0055528311183,1002
2024-09-16 13:38:14.868,416.03046855763387,102
2024-09-16 13:38:15.020,416.0273010027645,1005
2024-09-16 13:38:15.065,415.9932848906108,12
2024-09-16 13:38:15.296,416.0123256556768,101
2024-09-16 13:38:15.303,416.03779518136525,998
2024-09-16 13:38:15.360,416.010325708225,6
2024-09-16 13:38:15.889,416.0122157364676,96
2024-09-16 13:38:15.897,416.0079114407408,14
2024-09-16 13:38:17.015,416.02038475736697,15
2024-09-16 13:38:17.039,416.0542319679084,8
2024-09-16 13:38:17.045,416.0580953135397,1001
2024-09-16 13:38:17.067,416.04557815883015,6
2024-09-16 13:38:17.074,416.0280001569112,99
2024-09-16 13:38:17.171,416.008728166213,15
2024-09-16 13:38:17.244,-416.0235730172245,999
2024-09-16 13:38:17.249,416.0572613601395,101
2024-09-16 13:38:17.286,416.014491734832,995
2024-09-16 13:38:17.291,416.0524971935162,999
2024-09-16 13:38:17.306,416.0085245839166,13
2024-09-16 13:38:17.307,416.0620444716213,1002
2024-09-16 13:38:17.347,416.0361648800148,95
2024-09-16 13:38:17.348,416.0137859478516,8
2024-09-16 13:38:17.396,416.0447296937773,9
2024-09-16 13:38:17.458,416.05550311851465,12
2024-09-16 13:38:17.463,416.0415362783445,8
2024-09-16 13:38:17.521,416.0577558810362,98
2024-09-16 13:38:17.625,416.0203889611008,998
2024-09-16 13:38:17.653,416.0492679455627,997
2024-09-16 13:38:17.662,416.0463964231144,105
2024-09-16 13:38:17.865,416.0467484859552,95
2024-09-16 13:38:17.884,416.0306965953836,95
2024-09-16 13:38:17.891,416.0185696908927,95
2024-09-16 13:38:17.913,416.066546386372,5
2024-09-16 13:38:17.925,416.05909565512616,6
2024-09-16 13:38:17.933,416.0585834901302,102
2024-09-16 13:38:17.991,416.01377967769935,1004
2024-09-16 13:38:18.062,416.0564176805861,1002
2024-09-16 13:38:18.143,416.0509944760502,1000
2024-09-16 13:38:18.740,416.0796748175544,100
2024-09-16 13:38:18.853,416.07189642812216,995
2024-09-16 13:38:18.864,416.04198351055527,1004
2024-09-16 13:38:18.865,416.0802839719617,13
2024-09-16 13:38:18.890,416.0660417158176,6
2024-09-16 13:38:18.896,416.08026063873416,105
2024-09-16 13:38:18.989,416.05323720236777,998
2024-09-16 13:38:19.080,416.10967312824073,15
2024-09-16 13:38:19.092,416.0991710043377,100
2024-09-16 13:38:19.106,416.0820568151611,97
2024-09-16 13:38:19.132,416.05123098501673,1003
2024-09-16 13:38:19.200,416.0831732530573,14
2024-09-16 13:38:19.205,416.07634583622246,96
2024-09-16 13:38:19.295,416.0663330806132,98
2024-09-16 13:38:19.392,416.04240790968777,102
2024-09-16 13:38:19.470,416.0832863625682,98
2024-09-16 13:38:19.475,416.0898822877318,98
2024-09-16 13:38:19.562,416.0855069359816,1002
2024-09-16 13:38:19.577,416.0812198607713,15
2024-09-16 13:38:19.602,416.0914881109409,97
2024-09-16 13:38:19.614,416.064428234899,1005
2024-09-16 13:38:19.629,416.034531402038,12
2024-09-16 13:38:19.644,416.074517930725,104
2024-09-16 13:38:19.729,416.09559732035007,103
2024-09-16 13:38:19.781,416.1070790185074,10
2024-09-16 13:38:19.824,416.1210701883118,14
2024-09-16 13:38:19.831,416.0455471861149,12
2024-09-16 13:38:19.867,416.04788123233726,997
2024-09-16 13:38:19.875,416.0674283713172,99
2024-09-16 13:38:19.909,416.10085483177744,8
2024-09-16 13:38:19.933,416.1036814464074,100
2024-09-16 13:38:19.963,416.07239522979,102
2024-09-16 13:38:19.984,416.0802869212165,7
2024-09-16 13:38:19.998,416.1098846848398,101
2024-09-16 13:38:20.026,416.0916170603277,15
2024-09-16 13:38:20.114,416.0696578786259,6
2024-09-16 13:38:20.171,416.0507822418776,95
2024-09-16 13:38:20.200,41.60669693847271,5
2024-09-16 13:38:20.206,416.0792542234457,100
2024-09-16 13:38:20.218,416.0605915147375,98
2024-09-16 13:38:20.227,416.06690502250245,9
2024-09-16 13:38:20.236,416.0520654453388,100
2024-09-16 13:38:20.272,416.0590913904686,95
2024-09-16 13:38:20.274,416.0553318675868,5
2024-09-16 13:38:20.321,416.04411824201406,7
2024-09-16 13:38:20.332,416.0560751687418,13
2024-09-16 13:38:20.438,416.05992201807527,103
2024-09-16 13:38:20.570,416.08441311936014,14
2024-09-16 13:38:20.623,416.0533113038246,6
2024-09-16 13:38:20.675,416.08579569179983,100
2024-09-16 13:38:20.695,416.0700572040574,99
2024-09-16 13:38:20.864,416.0913851942023,12
2024-09-16 13:38:20.879,416.06412044798833,15
2024-09-16 13:38:20.887,416.0687080521992,6
2024-09-16 13:38:20.895,416.0619016087391,996
2024-09-16 13:38:20.896,416.0600672225932,99
2024-09-16 13:38:20.904,416.0620733569056,100
2024-09-16 13:38:20.952,416.0693430093428,105
2024-09-16 13:38:21.002,416.0790887353438,96
2024-09-16 13:38:21.004,416.0716020399448,5
2024-09-16 13:38:21.084,416.0946578463411,104
2024-09-16 13:38:21.124,416.09648081010994,99
2024-09-16 13:38:21.147,416.1419369842232,997
2024-09-16 13:38:21.190,416.0724006463839,105
2024-09-16 13:38:21.205,416.1213265389194,97
2024-09-16 13:38:21.248,416.074987164209,14
2024-09-16 13:38:21.277,416.08830436026375,101
2024-09-16 13:38:21.281,416.1096815004241,13
2024-09-16 13:38:21.284,416.13374058385057,14
2024-09-16 13:38:21.303,416.10634346079786,105
2024-09-16 13:38:21.310,416.1098156389301,996
2024-09-16 13:38:21.326,416.0992062599896,995
2024-09-16 13:38:21.352,416.14410479888863,6
2024-09-16 13:38:21.378,416.114935712031,9
2024-09-16 13:38:21.425,416.143763299653,996
2024-09-16 13:38:21.480,416.114875246205,1005
2024-09-16 13:38:21.507,416.0816175165292,13
2024-09-16 13:38:21.518,416.09686300729936,996
2024-09-16 13:38:21.532,416.10078212989225,7
2024-09-16 13:38:21.536,416.0990864263572,102
2024-09-16 13:38:21.552,416.1346669331121,14
2024-09-16 13:38:21.566,416.064938650334,995
2024-09-16 13:38:21.656,416.0889488337292,1005
2024-09-16 13:38:21.685,416.0667306332322,14
2024-09-16 13:38:21.786,416.0760006472648,6
2024-09-16 13:38:21.796,416.0610324515503,1000
2024-09-16 13:38:21.849,416.0826013784685,1002
2024-09-16 13:38:21.945,416.132692252736,1002
2024-09-16 13:38:22.234,416.0766498053027,1005
2024-09-16 13:38:22.260,416.0187001981747,1001
2024-09-16 13:38:22.263,416.0275174007674,1003
2024-09-16 13:38:22.314,416.0187568706188,11
2024-09-16 13:38:22.411,416.0121157921389,98
2024-09-16 13:38:22.416,416.0181234535019,1000
2024-09-16 13:38:22.460,415.9582573931049,5
2024-09-16 13:38:22.538,416.0129835525326,999
2024-09-16 13:38:22.596,416.03225406626046,1005
2024-09-16 13:38:22.613,415.9699495580344,6
2024-09-16 13:38:22.675,415.94950167091065,10
2024-09-16 13:38:22.701,416.0203437606686,1003
2024-09-16 13:38:22.744,415.9496642612992,14
2024-09-16 13:38:22.754,415.9818429113141,995
2024-09-16 13:38:22.759,416.0429380154491,8
2024-09-16 13:38:22.788,416.0178491216146,97
2024-09-16 13:38:22.805,416.00899351770863,6
2024-09-16 13:38:22.901,416.0589926876739,104
2024-09-16 13:38:23.533,415.96381351542345,999
2024-09-16 13:38:23.969,415.94570677199954,12
2024-09-16 13:38:24.141,415.91149163310354,5
2024-09-16 13:38:24.455,415.912486900544,15
2024-09-16 13:38:24.561,415.93463069833103,999
2024-09-16 13:38:25.127,415.8778610586592,1005
2024-09-16 13:38:25.177,415.8935190512858,98
2024-09-16 13:38:25.244,415.9222402474298,1000
2024-09-16 13:38:25.353,415.8874856925392,100
2024-09-16 13:38:25.501,415.9181641062745,9
2024-09-16 13:38:25.705,415.8929051004106,1001
2024-09-16 13:38:25.846,415.9054061965726,6
2024-09-16 13:38:25.860,415.8768289958152,1004
2024-09-16 13:38:25.979,415.87762443574815,6
2024-09-16 13:38:26.062,415.8762215053858,9
2024-09-16 13:38:26.126,415.8733042513926,104
2024-09-16 13:38:26.249,415.8518244724242,998
2024-09-16 13:38:26.274,415.8856970193406,996
2024-09-16 13:38:26.323,415.87794540939007,996
2024-09-16 13:38:26.333,415.8678188185786,105
2024-09-16 13:38:26.413,415.8444878951212,104
2024-09-16 13:38:26.461,415.8642812044987,13
2024-09-16 13:38:26.499,415.8874855734217,995
2024-09-16 13:38:26.580,415.8615533599955,995
2024-09-16 13:38:26.590,415.8805628493976,999
2024-09-16 13:38:26.620,415.8459561386667,1002
2024-09-16 13:38:26.791,415.8863759531063,15
2024-09-16 13:38:26.977,415.83512643992856,13
2024-09-16 13:38:28.002,415.7850664649839,1004
2024-09-16 13:38:28.109,415.7471979563832,104
2024-09-16 13:38:28.344,41.57549961064645,1002
2024-09-16 13:38:28.494,415.810620393618,5
2024-09-16 13:38:28.767,415.7845449298392,999
2024-09-16 13:38:28.768,415.76958611753145,104
2024-09-16 13:38:28.814,415.7625854438332,997
2024-09-16 13:38:28.831,415.7776162709995,14
2024-09-16 13:38:29.115,415.754654013528,9
2024-09-16 13:38:29.191,415.73942900680856,13
2024-09-16 13:38:29.252,415.7958188938273,15
2024-09-16 13:38:29.284,415.75711713342463,1001
2024-09-16 13:38:29.484,415.7763186717877,1005
2024-09-16 13:38:29.629,415.7961887386192,11
2024-09-16 13:38:29.679,415.7593038853182,96
2024-09-16 13:38:29.836,415.7504183574948,101
2024-09-16 13:38:29.911,415.8010594448448,97
2024-09-16 13:38:29.917,415.7612126571272,8
2024-09-16 13:38:30.006,415.7890617512601,13
2024-09-16 13:38:30.034,415.78055687911103,6
2024-09-16 13:38:30.066,415.75400340219926,99
2024-09-16 13:38:30.077,415.7668757630171,105
2024-09-16 13:38:30.132,415.79355797505735,8
2024-09-16 13:38:30.153,415.77979834646027,1004
2024-09-16 13:38:30.258,415.8138574766773,12
2024-09-16 13:38:30.297,415.7842379678031,1002
2024-09-16 13:38:30.364,415.7533433498808,9
2024-09-16 13:38:30.382,415.80019037041046,97
2024-09-16 13:38:30.403,415.7632118415234,999
2024-09-16 13:38:30.492,415.7672450616255,5
2024-09-16 13:38:30.623,415.7824047430475,14
2024-09-16 13:38:30.734,415.7466244297119,14
2024-09-16 13:38:30.754,415.7491436399269,995
2024-09-16 13:38:30.805,415.8201638960799,8
2024-09-16 13:38:30.829,415.8207874815911,95
2024-09-16 13:38:30.864,415.77158913227726,102
2024-09-16 13:38:31.085,415.8157842207033,6
2024-09-16 13:38:31.134,415.8121823786971,9
2024-09-16 13:38:31.182,415.8182155817122,995
2024-09-16 13:38:31.254,415.8084874645175,8
2024-09-16 13:38:31.255,415.789389822734,11
2024-09-16 13:38:31.266,415.7972224293353,1000
2024-09-16 13:38:31.298,415.8171948125277,995
2024-09-16 13:38:31.353,415.8079943017457,14
2024-09-16 13:38:31.524,415.80274698108815,1005
2024-09-16 13:38:31.565,415.78917704611774,1005
2024-09-16 13:38:31.658,415.8129710490844,100
2024-09-16 13:38:31.855,415.8025782959603,103
2024-09-16 13:38:32.025,415.8142471990996,1000
2024-09-16 13:38:32.071,415.8109569025267,1004
2024-09-16 13:38:32.084,415.8027802365591,12
2024-09-16 13:38:32.119,415.7521001098458,14
2024-09-16 13:38:32.126,415.76278502869593,9
2024-09-16 13:38:32.148,415.8022226026303,103
2024-09-16 13:38:32.218,415.7981440261044,102
2024-09-16 13:38:32.243,415.80881469886026,101
2024-09-16 13:38:32.301,415.79574055879846,6
2024-09-16 13:38:32.316,415.7921814335066,12
2024-09-16 13:38:32.385,415.83857894754414,13
2024-09-16 13:38:32.422,415.76255193600736,12
2024-09-16 13:38:32.424,415.774201881378,104
2024-09-16 13:38:32.424,415.77175122300736,103
2024-09-16 13:38:32.456,415.8264361503184,6
2024-09-16 13:38:32.458,415.81490987797673,103
2024-09-16 13:38:32.495,415.8156438073085,100
2024-09-16 13:38:32.594,415.8171491050276,99
2024-09-16 13:38:32.639,415.7759345071587,14
2024-09-16 13:38:32.674,415.7591368614648,1003
2024-09-16 13:38:32.689,415.7645765332404,10
2024-09-16 13:38:32.778,415.79080307354906,11
2024-09-16 13:38:32.812,415.7881978057149,13
2024-09-16 13:38:32.817,415.8117637046163,8
2024-09-16 13:38:32.913,415.82046009150565,7
2024-09-16 13:38:33.015,415.747852403574,6
2024-09-16 13:38:33.057,415.7350473937718,100
2024-09-16 13:38:33.310,-415.753870103508,15
2024-09-16 13:38:33.407,415.7747716075283,99
2024-09-16 13:38:33.503,415.7619160181328,104
2024-09-16 13:38:33.568,415.7727649547536,103
2024-09-16 13:38:33.599,415.7135982051538,5
2024-09-16 13:38:33.680,415.76491823994655,14
2024-09-16 13:38:33.710,415.7368513738389,996
2024-09-16 13:38:33.711,415.77316145157306,96
2024-09-16 13:38:33.734,415.7772714078666,7
2024-09-16 13:38:33.735,415.7601210080596,1003
2024-09-16 13:38:33.905,415.7665448180584,103
2024-09-16 13:38:33.907,415.7712180608339,11
2024-09-16 13:38:33.934,415.7385311863145,5
2024-09-16 13:38:34.152,415.745467770195,102
2024-09-16 13:38:34.563,415.7340260944458,1002
2024-09-16 13:38:34.953,415.7408094681672,98
2024-09-16 13:38:36.029,415.7759412239325,5
2024-09-16 13:38:36.104,415.7795387602544,1004
2024-09-16 13:38:36.152,415.78199923308,1001
2024-09-16 13:38:36.213,415.7483129842942,14
2024-09-16 13:38:36.223,415.7404215937282,96
2024-09-16 13:38:36.265,415.7315253809999,97
2024-09-16 13:38:36.293,415.79180576998976,996
2024-09-16 13:38:36.475,415.78789212971,105
2024-09-16 13:38:36.480,415.7595988964198,104
2024-09-16 13:38:36.595,415.7470571462035,104
2024-09-16 13:38:36.604,415.7755606065066,8
2024-09-16 13:38:36.642,415.7525274862833,10
2024-09-16 13:38:36.705,415.7730002324077,1004
2024-09-16 13:38:36.773,415.7643584056094,104
2024-09-16 13:38:36.796,415.7653511160663,96
2024-09-16 13:38:36.798,415.7739724318652,999
2024-09-16 13:38:36.806,415.75221135612014,1005
2024-09-16 13:38:36.874,415.7528306752855,104
2024-09-16 13:38:36.985,415.7856136471043,98
2024-09-16 13:38:37.058,415.77413428102506,101
2024-09-16 13:38:37.069,415.7414050236912,997
2024-09-16 13:38:37.110,415.7516412309912,103
2024-09-16 13:38:37.123,415.7699777857865,13
2024-09-16 13:38:37.278,415.7379446116093,1002
2024-09-16 13:38:37.331,415.7413721400744,97
2024-09-16 13:38:37.378,415.7776465295148,98
2024-09-16 13:38:37.420,415.7689734677533,104
2024-09-16 13:38:37.487,415.7474267112915,7
2024-09-16 13:38:37.699,415.7321951960371,102
2024-09-16 13:38:37.885,415.7598097872528,995
2024-09-16 13:38:37.914,415.7401580788674,9
2024-09-16 13:38:39.091,415.7417916287985,995
2024-09-16 13:38:39.320,415.7533682009423,10
2024-09-16 13:38:39.745,415.7302394539925,5
2024-09-16 13:38:39.787,415.74850718515137,8
2024-09-16 13:38:40.066,415.74448501146514,1000
2024-09-16 13:38:40.177,415.7629459136829,999
2024-09-16 13:38:40.188,415.7511942637561,7
2024-09-16 13:38:40.344,415.73275529359614,105
2024-09-16 13:38:41.077,415.7916554925888,12
2024-09-16 13:38:41.164,415.7859491330638,95
2024-09-16 13:38:41.277,415.76572011375447,1005
2024-09-16 13:38:41.383,415.7794020451628,11
2024-09-16 13:38:41.436,415.7648716988924,97
2024-09-16 13:38:41.473,415.7582235710462,104
2024-09-16 13:38:41.487,415.78191308388,96
2024-09-16 13:38:41.668,415.7806839582694,95
2024-09-16 13:38:41.697,415.74889414433335,998
2024-09-16 13:38:41.767,415.75591370745246,1004
2024-09-16 13:38:41.860,415.7892956155012,996
2024-09-16 13:38:41.866,415.7562536358857,102
2024-09-16 13:38:41.904,415.7883379066564,102
2024-09-16 13:38:42.054,415.67292451919695,11
2024-09-16 13:38:42.122,415.66707456369073,999
2024-09-16 13:38:42.129,415.6966276594104,10
2024-09-16 13:38:42.177,415.74787531394566,999
2024-09-16 13:38:42.205,415.6602382398696,997
2024-09-16 13:38:42.233,415.6642191772936,1004
2024-09-16 13:38:42.234,415.74334709521605,7
2024-09-16 13:38:42.301,415.6488181863565,7
2024-09-16 13:38:42.328,415.69396798772095,7
2024-09-16 13:38:42.540,415.63063113636,6
2024-09-16 13:38:42.559,415.786524303135,6
2024-09-16 13:38:42.579,415.6589268898709,997
2024-09-16 13:38:42.593,415.76862612736153,1004
2024-09-16 13:38:42.643,415.7245385994819,104
2024-09-16 13:38:42.653,415.6729264570584,15
2024-09-16 13:38:42.681,415.6501578600107,102
2024-09-16 13:38:42.693,415.6570624197737,1002
2024-09-16 13:38:42.701,415.71413129151216,104
2024-09-16 13:38:42.723,415.6672259293249,101
2024-09-16 13:38:42.734,415.782722057573,14
2024-09-16 13:38:42.741,415.67658692211126,105
2024-09-16 13:38:42.833,415.6350833153765,1003
2024-09-16 13:38:42.913,415.7921665561644,8
2024-09-16 13:38:42.932,415.7078971772804,10
2024-09-16 13:38:42.986,415.7691485676284,96
2024-09-16 13:38:43.004,415.7555113580167,99
2024-09-16 13:38:43.039,415.71937157500975,1002
2024-09-16 13:38:43.147,415.7378782036277,96
2024-09-16 13:38:43.150,415.7516086145895,13
2024-09-16 13:38:43.163,415.7503860210117,15
2024-09-16 13:38:43.166,415.7705034882604,1000
2024-09-16 13:38:43.183,415.7496918547633,99
2024-09-16 13:38:43.228,415.772174219976,995
2024-09-16 13:38:43.325,415.76185025266255,6
2024-09-16 13:38:43.379,415.7118375050758,104
2024-09-16 13:38:43.432,415.7495533603147,13
2024-09-16 13:38:43.528,415.7440886906751,1002
2024-09-16 13:38:43.560,415.7491809799208,1001
2024-09-16 13:38:43.569,415.7133901129918,100
2024-09-16 13:38:43.582,415.7526856817017,1000
2024-09-16 13:38:43.651,415.7529424604568,100
2024-09-16 13:38:43.709,415.7077650300214,999
2024-09-16 13:38:43.782,415.6956391513176,99
2024-09-16 13:38:43.792,415.769373184509,95
2024-09-16 13:38:43.811,415.740506854181,1002
2024-09-16 13:38:43.921,415.70180968351394,95
2024-09-16 13:38:43.937,415.75262054016247,105
2024-09-16 13:38:44.110,415.7641811101967,102
2024-09-16 13:38:44.114,415.74034533056926,104
2024-09-16 13:38:44.208,415.763622339143,103
2024-09-16 13:38:44.216,415.748057469669,8
2024-09-16 13:38:44.290,415.7539201897821,5
2024-09-16 13:38:44.404,415.748936895435,10
2024-09-16 13:38:44.470,415.7381861356507,1003
2024-09-16 13:38:44.618,415.7723450226343,998
2024-09-16 13:38:44.703,415.7434571941536,14
2024-09-16 13:38:44.751,415.7478429329,11
2024-09-16 13:38:44.787,415.7439043889575,1000
2024-09-16 13:38:44.892,415.754820146654,14
2024-09-16 13:38:44.990,415.7457977281591,997
2024-09-16 13:38:45.314,415.74026624730686,997
2024-09-16 13:38:45.345,415.7477551281594,97
2024-09-16 13:38:45.428,415.7446888451867,997
2024-09-16 13:38:45.471,415.7363730626412,1004
2024-09-16 13:38:45.537,415.7388112286223,103
2024-09-16 13:38:45.774,415.7462958622512,6
2024-09-16 13:38:45.928,415.727243041196,14
2024-09-16 13:38:46.368,415.7117957295689,102
2024-09-16 13:38:46.577,415.70213492620536,997
2024-09-16 13:38:46.901,415.70712273177855,1004
2024-09-16 13:38:47.047,415.7432626155359,99
2024-09-16 13:38:47.065,415.7053929310039,103
2024-09-16 13:38:47.522,415.7120450799181,6
2024-09-16 13:38:47.849,415.7490004551845,996
2024-09-16 13:38:47.944,415.6986514155347,1004
2024-09-16 13:38:47.998,415.7299601648506,105
2024-09-16 13:38:48.000,415.6578621325759,1002
2024-09-16 13:38:48.004,415.6537524528608,15
2024-09-16 13:38:48.011,415.6682682742895,103
2024-09-16 13:38:48.051,415.6960301481873,996
2024-09-16 13:38:48.110,415.6417643317491,1000
2024-09-16 13:38:48.124,415.622601890594,15
2024-09-16 13:38:48.434,415.6787680272452,999
2024-09-16 13:38:48.496,415.6658013103362,14
2024-09-16 13:38:48.533,415.6132301386369,13
2024-09-16 13:38:48.606,415.64511499944587,101
2024-09-16 13:38:48.629,415.7250049955356,1004
2024-09-16 13:38:48.645,415.6497521229038,12
2024-09-16 13:38:48.722,415.630852465868,998
2024-09-16 13:38:48.763,415.7463000993488,104
2024-09-16 13:38:48.837,415.6546280519987,105
2024-09-16 13:38:48.841,415.6550533606376,98
2024-09-16 13:38:48.915,415.65934801086325,14
2024-09-16 13:38:48.945,415.6588847749071,995
2024-09-16 13:38:48.985,415.7297519457902,1002
2024-09-16 13:38:49.051,415.6162383613967,995
2024-09-16 13:38:49.167,415.6137279832769,1001
2024-09-16 13:38:49.300,415.6154952241513,105
2024-09-16 13:38:49.322,415.6280268331536,9
2024-09-16 13:38:49.369,415.6198030052056,7
2024-09-16 13:38:49.372,415.6468906832251,14
2024-09-16 13:38:49.429,415.6203188448749,1002
2024-09-16 13:38:49.551,41.56506028401356,1003
2024-09-16 13:38:49.592,415.65221739213297,99
2024-09-16 13:38:49.670,415.6281554588047,97
2024-09-16 13:38:49.738,415.6472594378725,1005
2024-09-16 13:38:49.798,415.62407117095233,996
2024-09-16 13:38:49.826,415.6172251198968,8
2024-09-16 13:38:49.884,415.6221510802185,8
2024-09-16 13:38:49.915,415.6422046088274,995
2024-09-16 13:38:49.956,415.62715943209855,6
2024-09-16 13:38:49.964,415.61185189655896,95
2024-09-16 13:38:50.042,415.6280022505754,11
2024-09-16 13:38:50.067,415.6114844188067,1003
2024-09-16 13:38:50.098,415.6019957995884,9
2024-09-16 13:38:50.198,415.58604814866027,1001
2024-09-16 13:38:50.257,415.5902926581117,97
2024-09-16 13:38:50.336,415.6259918589001,95
2024-09-16 13:38:50.500,415.6015335407336,997
2024-09-16 13:38:50.538,415.5910520821395,11
2024-09-16 13:38:50.577,415.5926151010223,102
2024-09-16 13:38:50.691,415.6016447973968,10
2024-09-16 13:38:50.718,415.5955961085636,6
2024-09-16 13:38:50.754,415.59496719248574,998
2024-09-16 13:38:50.854,415.6096192201974,12
2024-09-16 13:38:50.933,415.6146345093756,103
2024-09-16 13:38:51.011,415.6293110711603,15
2024-09-16 13:38:51.021,415.6384345816256,98
2024-09-16 13:38:51.059,415.6265859693336,1003
2024-09-16 13:38:51.116,415.611472112334,97
2024-09-16 13:38:51.190,415.5850390426966,999
2024-09-16 13:38:51.194,415.62225031949777,1002
2024-09-16 13:38:51.312,415.6218080664411,102
2024-09-16 13:38:51.388,415.590996048885,12
2024-09-16 13:38:51.392,415.6252302938188,1003
2024-09-16 13:38:51.414,415.62611741885263,104
2024-09-16 13:38:51.539,415.59309129060273,97
2024-09-16 13:38:51.618,415.6287772008528,995
2024-09-16 13:38:51.632,415.62718172034585,13
2024-09-16 13:38:51.647,415.6151445309993,104
2024-09-16 13:38:51.697,415.6062448009674,6
2024-09-16 13:38:51.710,415.6267177514453,98
2024-09-16 13:38:51.720,415.6208504243412,8
2024-09-16 13:38:51.764,415.62761753888464,13
2024-09-16 13:38:51.875,415.6137295700054,995
2024-09-16 13:38:51.923,415.5997793954453,101
2024-09-16 13:38:51.925,415.6403506535431,1003
2024-09-16 13:38:52.176,415.58947735080784,1002
2024-09-16 13:38:52.481,415.6017739557778,1001
2024-09-16 13:38:52.710,415.5991279385812,9
2024-09-16 13:38:53.033,415.6631640042792,102
2024-09-16 13:38:53.105,415.7344842716055,97
2024-09-16 13:38:53.171,415.5947355762383,98
2024-09-16 13:38:53.237,415.7622409169112,1003
2024-09-16 13:38:53.287,415.662888767007,103
2024-09-16 13:38:53.330,415.5920965026783,104
2024-09-16 13:38:53.335,415.74718087318087,1005
2024-09-16 13:38:53.356,415.5955347430783,999
2024-09-16 13:38:53.357,415.6063292899088,96
2024-09-16 13:38:53.398,415.7163665101661,101
2024-09-16 13:38:53.440,415.589699797739,10
2024-09-16 13:38:53.453,415.735982228249,15
2024-09-16 13:38:53.458,415.61994859042994,103
2024-09-16 13:38:53.466,415.6853261719067,1003
2024-09-16 13:38:53.469,415.6815787162088,97
2024-09-16 13:38:53.476,415.6502313388545,995
2024-09-16 13:38:53.510,415.6186129481165,97
2024-09-16 13:38:53.589,415.7376597740696,103
2024-09-16 13:38:53.629,415.6599273690184,104
2024-09-16 13:38:53.692,415.66201516387554,13
2024-09-16 13:38:53.792,415.62960595772887,15
2024-09-16 13:38:53.797,415.7416516569117,96
2024-09-16 13:38:53.817,415.69346281806776,8
2024-09-16 13:38:53.822,415.6924611800487,1001
2024-09-16 13:38:53.873,415.6546917925908,10
2024-09-16 13:38:53.877,415.71913566497045,99
2024-09-16 13:38:53.960,415.7271483076372,6
2024-09-16 13:38:53.970,415.73791092523527,5
2024-09-16 13:38:53.997,415.602779055535,10
2024-09-16 13:38:54.009,415.7707320141013,103
2024-09-16 13:38:54.052,415.733001672509,997
2024-09-16 13:38:54.088,415.7363100062139,102
2024-09-16 13:38:54.102,415.7372910411158,6
2024-09-16 13:38:54.189,415.7402831484485,102
2024-09-16 13:38:54.211,415.7483692551593,103
2024-09-16 13:38:54.264,415.76040006095786,995
2024-09-16 13:38:54.476,415.7627980370738,999
2024-09-16 13:38:54.710,415.7898568326483,95
2024-09-16 13:38:54.740,415.7833490649834,996
2024-09-16 13:38:54.742,415.74354356465096,1005
2024-09-16 13:38:54.744,415.7462187866015,11
2024-09-16 13:38:54.751,415.7724043447508,997
2024-09-16 13:38:54.759,415.75318005232447,7
2024-09-16 13:38:54.765,415.75902739165366,13
2024-09-16 13:38:54.780,415.7460187745685,997
2024-09-16 13:38:54.819,415.737162481137,14
2024-09-16 13:38:54.930,415.7446633261864,104
2024-09-16 13:38:55.000,415.7299383101569,6
2024-09-16 13:38:55.012,415.7478204725463,10
2024-09-16 13:38:55.067,415.773126030118,1005
2024-09-16 13:38:55.091,415.75881176785225,103
2024-09-16 13:38:55.110,415.7844852726271,12
2024-09-16 13:38:55.185,415.7611406057737,95
2024-09-16 13:38:55.264,415.7616717411479,998
2024-09-16 13:38:55.346,-415.7635838780039,1005
2024-09-16 13:38:55.365,415.7812280999391,999
2024-09-16 13:38:55.374,415.7636781955508,97
2024-09-16 13:38:55.385,415.76423982123896,996
2024-09-16 13:38:55.412,415.7524873522029,1005
2024-09-16 13:38:55.414,415.73543069568126,104
2024-09-16 13:38:55.534,415.7786324579616,101
2024-09-16 13:38:55.653,415.7662739109779,12
2024-09-16 13:38:55.664,415.7608592566197,5
2024-09-16 13:38:55.675,415.7420742402971,101
2024-09-16 13:38:55.685,415.76074025407576,15
2024-09-16 13:38:55.774,415.7828442908589,1002
2024-09-16 13:38:55.812,415.73900840753305,11
2024-09-16 13:38:55.828,415.7338225678406,15
2024-09-16 13:38:55.847,415.7434072075712,13
2024-09-16 13:38:55.850,415.7762926218689,1002
2024-09-16 13:38:55.875,415.7733001449174,98
2024-09-16 13:38:55.906,415.738492541292,15
2024-09-16 13:38:55.939,415.7787724455069,102
2024-09-16 13:38:55.945,415.7633567945966,11
2024-09-16 13:38:55.951,415.7563959432871,10
2024-09-16 13:38:55.972,415.7524821161881,13
2024-09-16 13:38:55.979,415.7494145879375,6
2024-09-16 13:38:56.002,415.7106242822653,1000
2024-09-16 13:38:56.019,415.747976667624,998
2024-09-16 13:38:56.033,415.7530289224755,99
2024-09-16 13:38:56.042,415.7334944127639,97
2024-09-16 13:38:56.043,415.70797624640375,1001
2024-09-16 13:38:56.060,415.7560995614537,10
2024-09-16 13:38:56.061,415.7376552210785,99
2024-09-16 13:38:56.141,415.7424108158772,1003
2024-09-16 13:38:56.148,415.7489837691334,7
2024-09-16 13:38:56.150,415.7548506108628,1005
2024-09-16 13:38:56.153,415.7624867849935,8
2024-09-16 13:38:56.331,415.7424331375391,997
2024-09-16 13:38:56.372,415.7017183464848,999
2024-09-16 13:38:56.389,415.749298074064,998
2024-09-16 13:38:56.406,415.7632227739752,995
2024-09-16 13:38:56.449,415.7343392017668,1002
2024-09-16 13:38:56.533,415.7287131244435,7
2024-09-16 13:38:56.605,415.73349731552713,997
2024-09-16 13:38:56.622,415.7402291745069,6
2024-09-16 13:38:56.673,415.73161267435495,102
2024-09-16 13:38:56.737,415.7235573159215,1003
2024-09-16 13:38:56.795,415.7625512284459,95
2024-09-16 13:38:56.832,415.7234541353592,103
2024-09-16 13:38:56.841,415.7120392369292,96
2024-09-16 13:38:56.873,415.7243596191629,13
2024-09-16 13:38:56.903,415.7389487221979,105
2024-09-16 13:38:56.932,415.7482244778226,9
2024-09-16 13:38:56.934,415.7184618125482,99
2024-09-16 13:38:56.937,415.7382821031046,104
2024-09-16 13:38:56.952,415.7120760526986,1004
2024-09-16 13:38:57.119,-415.6832904815077,1001
2024-09-16 13:38:57.322,415.74875920781534,100
2024-09-16 13:38:57.381,415.7492615493488,1002
2024-09-16 13:38:57.430,415.6903753626597,12
2024-09-16 13:38:57.475,415.72828896705175,5
2024-09-16 13:38:57.672,415.7041769795488,96
2024-09-16 13:38:57.777,415.7138765479224,9
2024-09-16 13:38:57.888,415.7438660977548,95
2024-09-16 13:38:58.086,415.6780093015173,996
2024-09-16 13:38:58.114,415.7063514399708,15
2024-09-16 13:38:58.145,415.7036997977037,999
2024-09-16 13:38:58.164,415.7180550163917,102
2024-09-16 13:38:58.166,415.7214002505742,1004
2024-09-16 13:38:58.212,415.6951270853476,1001
2024-09-16 13:38:58.220,415.685745425296,98
2024-09-16 13:38:58.335,415.69204520299553,998
2024-09-16 13:38:58.378,415.6701005579063,1005
2024-09-16 13:38:58.398,415.6894241535584,96
2024-09-16 13:38:58.443,415.6831271070272,15
2024-09-16 13:38:58.678,415.6588306275737,1001
2024-09-16 13:38:58.689,415.6840845506179,97
2024-09-16 13:38:58.741,415.7017268878885,95
2024-09-16 13:38:58.757,415.6798573731804,12
2024-09-16 13:38:58.759,415.72007697677,997
2024-09-16 13:38:58.874,415.6518033265842,14
2024-09-16 13:38:58.892,415.70321314963104,103
2024-09-16 13:38:58.909,415.6690999433004,9
2024-09-16 13:38:58.995,415.6978810124788,15
2024-09-16 13:38:59.157,415.6390696127053,99
2024-09-16 13:38:59.195,415.6668943819943,95
2024-09-16 13:38:59.198,415.6703495839619,98
2024-09-16 13:38:59.227,415.65156084397273,97
2024-09-16 13:38:59.258,415.6726153692236,998
2024-09-16 13:38:59.342,415.6535212785709,6
2024-09-16 13:38:59.374,415.6706469991224,13
2024-09-16 13:38:59.476,415.6669575367016,12
2024-09-16 13:38:59.477,415.6645197503648,15
2024-09-16 13:38:59.763,415.6517076631085,104
2024-09-16 13:38:59.853,415.6540658874537,10
2024-09-16 13:38:59.937,415.6596482454051,101
