Timestamp,Price,Size
2024-09-18 11:07:00.046,415.7379500113879,104
2024-09-18 11:07:00.051,415.7209017506162,6
2024-09-18 11:07:00.052,415.7242078946634,1000
2024-09-18 11:07:00.054,-415.716050397324,998
2024-09-18 11:07:00.073,415.7300233894306,999
2024-09-18 11:07:00.102,415.74078427144,999
2024-09-18 11:07:00.154,415.7168218070717,8
2024-09-18 11:07:00.157,415.7410436112103,998
2024-09-18 11:07:00.204,415.7434620299491,996
2024-09-18 11:07:00.207,415.7209211241098,5
2024-09-18 11:07:00.255,415.736784429765,13
2024-09-18 11:07:00.322,415.73352833289016,995
2024-09-18 11:07:00.326,415.7282894220969,5
2024-09-18 11:07:00.378,415.7234054037803,1002
2024-09-18 11:07:00.391,415.7207014165822,5
2024-09-18 11:07:00.392,415.7219950849035,9
2024-09-18 11:07:00.427,415.7295375063517,998
2024-09-18 11:07:00.481,415.7137504505224,99
2024-09-18 11:07:00.497,415.7504223887454,12
2024-09-18 11:07:00.528,415.74723453730303,999
2024-09-18 11:07:00.591,415.71784273318497,995
2024-09-18 11:07:00.647,415.721045080346,13
2024-09-18 11:07:00.698,415.7184413459847,8
2024-09-18 11:07:00.775,415.716399911576,10
2024-09-18 11:07:00.810,415.7532152276456,5
2024-09-18 11:07:00.818,415.74304645686095,104
2024-09-18 11:07:00.849,415.7595092658118,101
2024-09-18 11:07:00.962,415.7544271746559,12
2024-09-18 11:07:01.004,415.7303845770978,13
2024-09-18 11:07:01.070,415.62471978315256,103
2024-09-18 11:07:01.106,415.7151735917498,999
2024-09-18 11:07:01.139,415.6102242629577,1000
2024-09-18 11:07:01.176,415.6718391789037,97
2024-09-18 11:07:01.191,,6
2024-09-18 11:07:01.203,415.7033979801973,14
2024-09-18 11:07:01.250,415.6766832096412,14
2024-09-18 11:07:01.258,415.6104647556514,15
2024-09-18 11:07:01.274,415.7483611065747,11
2024-09-18 11:07:01.359,415.6473091120886,8
2024-09-18 11:07:01.537,415.6825277284915,96
2024-09-18 11:07:01.617,415.73761596982064,1002
2024-09-18 11:07:01.666,415.6162829212941,1004
2024-09-18 11:07:01.739,415.68825796226565,5
2024-09-18 11:07:01.770,415.6973542460442,1001
2024-09-18 11:07:01.944,415.630352001573,995
2024-09-18 11:07:01.945,415.6318484596699,6
2024-09-18 11:07:01.969,415.6861535544701,13
2024-09-18 11:07:01.972,415.6767423682575,99
2024-09-18 11:07:02.010,415.6627556153472,97
2024-09-18 11:07:02.023,415.6738496562736,97
2024-09-18 11:07:02.027,415.6098124707412,103
2024-09-18 11:07:02.116,415.66373045698026,996
2024-09-18 11:07:02.219,415.6056954586521,1003
2024-09-18 11:07:02.249,415.5963326110098,10
2024-09-18 11:07:02.265,415.678907444771,1000
2024-09-18 11:07:02.285,415.6485374134617,104
2024-09-18 11:07:02.350,415.65066456829527,998
2024-09-18 11:07:02.351,415.6326949909815,14
2024-09-18 11:07:02.356,415.6645113062493,11
2024-09-18 11:07:02.393,415.6503029301386,7
2024-09-18 11:07:02.403,415.626728125136,8
2024-09-18 11:07:02.450,415.64786933897045,11
2024-09-18 11:07:02.484,415.6620631308626,6
2024-09-18 11:07:02.575,415.6316994714247,95
2024-09-18 11:07:02.697,415.6685120426554,995
2024-09-18 11:07:02.705,415.6650250171938,99
2024-09-18 11:07:02.760,415.67628098664,997
2024-09-18 11:07:02.845,415.6254992590907,101
2024-09-18 11:07:02.858,415.65930004960137,999
2024-09-18 11:07:02.868,415.66641649821,997
2024-09-18 11:07:02.876,415.6366190471844,15
2024-09-18 11:07:02.907,415.63154782215634,995
2024-09-18 11:07:02.968,415.6573075584766,1001
2024-09-18 11:07:02.968,415.6914019638524,1001
2024-09-18 11:07:02.977,415.675863444105,999
2024-09-18 11:07:02.991,415.663502375286,96
2024-09-18 11:07:03.053,415.6940651167836,102
2024-09-18 11:07:03.061,415.7101016840492,12
2024-09-18 11:07:03.392,415.65918718194126,1004
2024-09-18 11:07:03.400,415.71117032846286,1004
2024-09-18 11:07:03.418,415.72720836642407,95
2024-09-18 11:07:03.588,415.731091995367,101
2024-09-18 11:07:03.593,415.6788295806276,1003
2024-09-18 11:07:03.709,415.6810911233181,1003
2024-09-18 11:07:03.767,415.6911640752031,995
2024-09-18 11:07:03.928,415.709564639962,12
2024-09-18 11:07:04.008,415.7444461884158,102
2024-09-18 11:07:04.093,415.7805789693919,10
2024-09-18 11:07:04.150,415.77361463407993,101
2024-09-18 11:07:04.190,415.715994674298,98
2024-09-18 11:07:04.219,415.7203325841714,1000
2024-09-18 11:07:04.286,415.7706768620546,995
2024-09-18 11:07:04.302,415.6964050665864,6
2024-09-18 11:07:04.305,-415.7264118012298,8
2024-09-18 11:07:04.326,415.72538685829335,11
2024-09-18 11:07:04.354,415.7555395921864,1001
2024-09-18 11:07:04.389,415.83073695882325,995
2024-09-18 11:07:04.441,415.7408205142309,10
2024-09-18 11:07:04.444,415.7800892861748,105
2024-09-18 11:07:04.446,415.8044791800561,104
2024-09-18 11:07:04.517,415.73186153241977,5
2024-09-18 11:07:04.536,415.7857319539473,5
2024-09-18 11:07:04.599,415.8234915664861,8
2024-09-18 11:07:04.693,415.7204130188893,1004
2024-09-18 11:07:04.693,415.8055508599514,999
2024-09-18 11:07:04.700,415.7423417874787,1005
2024-09-18 11:07:04.716,415.72255736930185,13
2024-09-18 11:07:04.747,415.7569024924487,100
2024-09-18 11:07:04.793,415.7263151357548,13
2024-09-18 11:07:04.831,415.7550917692093,5
2024-09-18 11:07:04.853,415.71974538063233,1001
2024-09-18 11:07:04.900,415.755865546266,8
2024-09-18 11:07:04.989,415.7121107621791,996
2024-09-18 11:07:05.391,415.8399620365829,6
2024-09-18 11:07:05.777,415.8520552787047,97
2024-09-18 11:07:05.874,415.8471098934184,1001
2024-09-18 11:07:05.895,415.8365208539562,996
2024-09-18 11:07:05.901,415.8428108008503,1000
2024-09-18 11:07:05.970,415.85263051319697,1005
2024-09-18 11:07:06.101,415.8511038302619,104
2024-09-18 11:07:06.189,415.8426612050381,96
2024-09-18 11:07:06.373,415.85453523613074,100
2024-09-18 11:07:06.490,415.84911667267727,102
2024-09-18 11:07:06.514,415.8480414542098,15
2024-09-18 11:07:06.559,415.85133666426594,12
2024-09-18 11:07:06.620,415.8471501155272,1005
2024-09-18 11:07:06.737,415.8473472067354,13
2024-09-18 11:07:07.082,415.9466986226445,100
2024-09-18 11:07:07.110,415.89042692852513,6
2024-09-18 11:07:07.124,415.8712936192399,1002
2024-09-18 11:07:07.133,415.8811618207876,96
2024-09-18 11:07:07.311,415.9228312172589,1000
2024-09-18 11:07:07.329,415.90963021923073,5
2024-09-18 11:07:07.391,415.8898393014293,10
2024-09-18 11:07:07.489,415.864819751164,12
2024-09-18 11:07:07.505,415.891608294365,11
2024-09-18 11:07:07.530,415.8725727599524,1002
2024-09-18 11:07:07.570,415.8735269536445,10
2024-09-18 11:07:07.738,415.9434357842646,102
2024-09-18 11:07:07.910,415.8598897932141,1005
2024-09-18 11:07:08.038,415.971435273139,1000
2024-09-18 11:07:08.047,415.90424110923226,1003
2024-09-18 11:07:08.138,415.9809572245841,1002
2024-09-18 11:07:08.257,415.9380286758605,999
2024-09-18 11:07:08.308,415.94509619051433,996
2024-09-18 11:07:08.315,415.910624546525,1001
2024-09-18 11:07:08.372,415.918530387117,98
2024-09-18 11:07:08.390,415.98838920883657,99
2024-09-18 11:07:08.400,415.902986371311,13
2024-09-18 11:07:08.410,415.9627783066611,7
2024-09-18 11:07:08.412,415.9840435286376,95
2024-09-18 11:07:08.481,415.9461574422768,10
2024-09-18 11:07:08.547,415.9928719058317,10
2024-09-18 11:07:08.570,415.9562658236376,997
2024-09-18 11:07:08.573,415.89555247985794,9
2024-09-18 11:07:08.674,415.9532972526483,997
2024-09-18 11:07:08.737,415.9056286733255,996
2024-09-18 11:07:08.799,415.9511207695924,97
2024-09-18 11:07:08.810,415.89844806920826,101
2024-09-18 11:07:08.888,415.90105496400383,8
2024-09-18 11:07:08.931,415.95523994668434,11
2024-09-18 11:07:08.963,-415.9307117280348,10
2024-09-18 11:07:09.144,415.8851085807416,12
2024-09-18 11:07:09.353,415.8943516770464,105
2024-09-18 11:07:09.546,415.8795395642367,10
2024-09-18 11:07:10.046,415.9122019907063,999
2024-09-18 11:07:10.166,415.9142223462141,15
2024-09-18 11:07:10.183,415.8914068695505,99
2024-09-18 11:07:10.275,415.9138629237741,997
2024-09-18 11:07:10.281,415.91078523209234,105
2024-09-18 11:07:10.296,415.8986469809818,999
2024-09-18 11:07:10.314,415.9094178598332,102
2024-09-18 11:07:10.453,415.88721926736207,100
2024-09-18 11:07:10.463,415.8754054573943,9
2024-09-18 11:07:10.538,415.89263898882206,1000
2024-09-18 11:07:10.591,415.9114475494176,96
2024-09-18 11:07:10.691,415.9002124422454,999
2024-09-18 11:07:10.972,415.8958153190474,1001
2024-09-18 11:07:11.054,415.89834342206655,99
2024-09-18 11:07:11.155,415.8815533219002,995
2024-09-18 11:07:11.163,415.8587154945668,98
2024-09-18 11:07:11.178,415.8695947581186,995
2024-09-18 11:07:11.222,415.8477942974282,1004
2024-09-18 11:07:11.277,415.8350724325044,101
2024-09-18 11:07:11.290,415.87722033504434,1000
2024-09-18 11:07:11.310,415.8598172063898,7
2024-09-18 11:07:11.372,415.879197111315,9
2024-09-18 11:07:11.372,415.8642714600012,10
2024-09-18 11:07:11.374,415.8302065274048,1001
2024-09-18 11:07:11.391,41.58626292830437,1003
2024-09-18 11:07:11.475,415.8913440052356,1000
2024-09-18 11:07:11.547,,995
2024-09-18 11:07:11.650,415.8610244465884,100
2024-09-18 11:07:11.802,415.8819767508656,998
2024-09-18 11:07:11.828,415.8662786510406,1003
2024-09-18 11:07:11.953,415.8824086172761,7
2024-09-18 11:07:11.983,415.84943250216617,9
2024-09-18 11:07:12.036,415.8051376533999,97
2024-09-18 11:07:12.044,415.7697855323999,14
2024-09-18 11:07:12.089,415.8078807475139,104
2024-09-18 11:07:12.102,415.81101307133184,95
2024-09-18 11:07:12.158,415.8476207240727,1001
2024-09-18 11:07:12.185,415.7699386726539,1004
2024-09-18 11:07:12.187,415.8391761183498,12
2024-09-18 11:07:12.189,415.8404540487546,12
2024-09-18 11:07:12.369,415.8435982661541,100
2024-09-18 11:07:12.403,415.8177833157825,13
2024-09-18 11:07:12.430,415.8064356009877,1000
2024-09-18 11:07:12.515,415.81982661421137,1003
2024-09-18 11:07:12.570,415.8394019645945,996
2024-09-18 11:07:12.572,415.8411659683836,98
2024-09-18 11:07:12.638,415.8371625691879,5
2024-09-18 11:07:12.728,415.8186069246621,99
2024-09-18 11:07:12.743,415.8269628343712,999
2024-09-18 11:07:12.809,415.82851710006366,96
2024-09-18 11:07:12.870,415.8366771752009,14
2024-09-18 11:07:12.906,415.7415353151516,11
2024-09-18 11:07:12.911,415.8230424166921,998
2024-09-18 11:07:12.952,-415.7814492855503,9
2024-09-18 11:07:12.980,415.75231605689567,1002
2024-09-18 11:07:13.069,415.7269023007632,999
2024-09-18 11:07:13.148,415.7427019675567,95
2024-09-18 11:07:13.181,415.6800897967597,14
2024-09-18 11:07:13.216,-415.7135827571535,11
2024-09-18 11:07:13.244,415.6841632793336,98
2024-09-18 11:07:13.264,415.7113041763556,1003
2024-09-18 11:07:13.288,415.73577548509854,998
2024-09-18 11:07:13.357,415.69592521726673,102
2024-09-18 11:07:13.449,415.7271211578607,99
2024-09-18 11:07:13.478,415.7066286571496,98
2024-09-18 11:07:13.516,415.71817851626224,101
2024-09-18 11:07:13.709,415.6936202647284,13
2024-09-18 11:07:13.797,415.73323644146944,997
2024-09-18 11:07:13.800,415.7123976573805,14
2024-09-18 11:07:13.851,415.700087989207,105
2024-09-18 11:07:13.854,415.6970973375457,97
2024-09-18 11:07:13.911,415.6822745071965,15
2024-09-18 11:07:13.912,415.6755720792292,12
2024-09-18 11:07:13.935,415.6738799240312,96
2024-09-18 11:07:14.069,415.6943021645841,105
2024-09-18 11:07:14.112,415.73475749344817,11
2024-09-18 11:07:14.122,415.6900020349983,1004
2024-09-18 11:07:14.279,415.7129614324951,1000
2024-09-18 11:07:14.436,415.7221091209546,1005
2024-09-18 11:07:14.472,415.725738649364,96
2024-09-18 11:07:14.517,415.72075622957374,105
2024-09-18 11:07:14.554,415.68473297004834,999
2024-09-18 11:07:14.558,415.7284095388712,6
2024-09-18 11:07:14.567,415.677231449319,98
2024-09-18 11:07:14.828,415.6811975180491,1002
2024-09-18 11:07:14.890,415.7157566122579,999
2024-09-18 11:07:14.946,415.7258334656232,98
2024-09-18 11:07:14.969,415.7346453593743,95
2024-09-18 11:07:14.995,415.7264371304288,12
2024-09-18 11:07:14.999,415.74763010373,9
2024-09-18 11:07:15.015,415.7698749153767,96
2024-09-18 11:07:15.043,415.7592858898674,9
2024-09-18 11:07:15.068,415.7619602870665,99
2024-09-18 11:07:15.076,,104
2024-09-18 11:07:15.093,415.7778923761786,6
2024-09-18 11:07:15.117,415.7799753181717,1003
2024-09-18 11:07:15.191,415.6914861014481,97
2024-09-18 11:07:15.309,415.7310542850848,13
2024-09-18 11:07:15.337,415.7066552879651,98
2024-09-18 11:07:15.348,415.7861530406649,99
2024-09-18 11:07:15.376,415.7483775134399,15
2024-09-18 11:07:15.415,415.7920576566201,1005
2024-09-18 11:07:15.474,415.7355957895838,14
2024-09-18 11:07:15.549,415.6946488048004,6
2024-09-18 11:07:15.585,-415.74599674438144,102
2024-09-18 11:07:15.621,415.77240810464633,98
2024-09-18 11:07:15.735,415.77501595343983,14
2024-09-18 11:07:15.787,415.77943353997154,14
2024-09-18 11:07:15.853,415.7848393919569,1002
2024-09-18 11:07:15.889,415.72445668171525,15
2024-09-18 11:07:15.899,415.7457493327079,1001
2024-09-18 11:07:15.917,415.7813415513623,97
2024-09-18 11:07:15.937,415.7822757258083,997
2024-09-18 11:07:15.949,415.75414441741657,95
2024-09-18 11:07:16.045,415.72108635975127,104
2024-09-18 11:07:16.124,415.73837410991945,14
2024-09-18 11:07:16.207,415.7193906755969,95
2024-09-18 11:07:16.243,415.8949825805683,100
2024-09-18 11:07:16.243,415.7414066056914,15
2024-09-18 11:07:16.266,415.7061241825642,96
2024-09-18 11:07:16.282,415.69042199098936,997
2024-09-18 11:07:16.461,415.69284356848937,13
2024-09-18 11:07:16.490,41.59181254390241,995
2024-09-18 11:07:16.498,415.84483802873245,96
2024-09-18 11:07:16.524,415.7007908307073,99
2024-09-18 11:07:16.582,415.8318942171192,9
2024-09-18 11:07:16.594,415.87037539387,98
2024-09-18 11:07:16.614,415.9012246682158,99
2024-09-18 11:07:16.624,415.77042799099286,996
2024-09-18 11:07:16.727,415.72219927852495,1000
2024-09-18 11:07:16.870,415.8663752501312,15
2024-09-18 11:07:16.908,415.7985156850816,13
2024-09-18 11:07:17.005,415.9410834581175,1002
2024-09-18 11:07:17.013,415.9346645650836,7
2024-09-18 11:07:17.042,415.9106484266102,1005
2024-09-18 11:07:17.142,415.9406534029568,96
2024-09-18 11:07:17.196,415.9591794045047,11
2024-09-18 11:07:17.219,415.9774116135686,98
2024-09-18 11:07:17.220,415.9523176808444,97
2024-09-18 11:07:17.226,415.9535513690027,14
2024-09-18 11:07:17.290,415.9703049290678,95
2024-09-18 11:07:17.338,415.9479066043495,5
2024-09-18 11:07:17.361,415.9360119658787,995
2024-09-18 11:07:17.389,415.9833906599522,12
2024-09-18 11:07:17.430,415.9352351310574,102
2024-09-18 11:07:17.463,415.96942524492863,997
2024-09-18 11:07:17.469,415.9591217271607,11
2024-09-18 11:07:17.473,415.96565169616537,95
2024-09-18 11:07:17.485,415.91515447866186,102
2024-09-18 11:07:17.547,415.9843687384941,1002
2024-09-18 11:07:17.574,415.95324588893806,6
2024-09-18 11:07:17.581,415.9496037244914,1005
2024-09-18 11:07:17.590,415.96237981117815,999
2024-09-18 11:07:17.657,415.9999710976028,1001
2024-09-18 11:07:17.737,415.93699074377895,103
2024-09-18 11:07:17.831,415.94205367297945,98
2024-09-18 11:07:17.916,415.94412335807846,15
2024-09-18 11:07:17.923,415.97387773838136,1003
2024-09-18 11:07:17.924,415.9297476516829,8
2024-09-18 11:07:17.981,415.9705629165509,103
2024-09-18 11:07:18.084,415.8687249720135,8
2024-09-18 11:07:18.091,415.8672352091117,1001
2024-09-18 11:07:18.146,415.90073967319887,96
2024-09-18 11:07:18.156,415.9032197071329,104
2024-09-18 11:07:18.193,415.9039258525566,999
2024-09-18 11:07:18.222,415.9053876566476,1000
2024-09-18 11:07:18.319,415.9083268468535,1003
2024-09-18 11:07:18.332,415.873314514446,10
2024-09-18 11:07:18.513,415.9262369344037,999
2024-09-18 11:07:18.641,415.9212604635367,15
2024-09-18 11:07:18.701,415.8636726890824,998
2024-09-18 11:07:18.707,415.8948653980712,6
2024-09-18 11:07:18.964,415.8791223455546,100
2024-09-18 11:07:18.966,415.8841249431885,104
2024-09-18 11:07:18.985,415.8777157407847,9
2024-09-18 11:07:18.998,415.9004481654777,6
2024-09-18 11:07:19.209,415.8698181694271,12
2024-09-18 11:07:19.241,415.8759887505116,1003
2024-09-18 11:07:19.243,415.8486895387418,7
2024-09-18 11:07:19.343,415.8398738678839,1004
2024-09-18 11:07:19.358,415.9029641133371,7
2024-09-18 11:07:19.359,415.88026344110585,99
2024-09-18 11:07:19.372,415.9009694495181,103
2024-09-18 11:07:19.378,415.8650384985224,96
2024-09-18 11:07:19.417,415.8479415623067,996
2024-09-18 11:07:19.425,415.9140850599991,12
2024-09-18 11:07:19.442,415.89979481238754,1005
2024-09-18 11:07:19.523,415.8671091051941,1000
2024-09-18 11:07:19.577,415.83630703345847,1000
2024-09-18 11:07:19.659,415.8888790144184,1002
2024-09-18 11:07:19.829,415.9061033358466,96
2024-09-18 11:07:19.864,415.8582011156001,5
2024-09-18 11:07:19.883,41.587284545345575,1004
2024-09-18 11:07:19.890,415.8831100994532,1003
2024-09-18 11:07:19.923,415.8539280373302,998
2024-09-18 11:07:19.942,415.8418427395344,99
2024-09-18 11:07:19.960,415.8313182589922,998
2024-09-18 11:07:19.971,415.85220923097415,11
2024-09-18 11:07:20.134,415.8398448500179,8
2024-09-18 11:07:20.157,415.85140545060807,104
2024-09-18 11:07:20.161,415.8565019412345,8
2024-09-18 11:07:20.190,415.84226283600105,7
2024-09-18 11:07:20.249,415.8809519031144,10
2024-09-18 11:07:20.277,415.85842353932105,96
2024-09-18 11:07:20.347,415.8435787694272,998
2024-09-18 11:07:20.415,415.836767382165,1002
2024-09-18 11:07:20.488,415.86385005293766,1001
2024-09-18 11:07:20.492,415.86618734484784,99
2024-09-18 11:07:20.542,415.8516766542157,996
2024-09-18 11:07:20.554,415.8945787403256,1005
2024-09-18 11:07:20.574,415.8460463705691,5
2024-09-18 11:07:20.658,415.8485073130493,1002
2024-09-18 11:07:20.732,415.860145064072,103
2024-09-18 11:07:20.846,415.83812012008207,101
2024-09-18 11:07:20.856,415.8503652056556,99
2024-09-18 11:07:20.864,415.84344029651135,999
2024-09-18 11:07:20.888,415.8315157511101,1004
2024-09-18 11:07:20.908,415.84004662965134,1005
2024-09-18 11:07:20.926,415.9148620344661,996
2024-09-18 11:07:20.964,415.8511256539142,1005
2024-09-18 11:07:20.964,415.88505270730064,9
2024-09-18 11:07:20.966,415.8561858588348,96
2024-09-18 11:07:20.997,415.89231916316135,101
2024-09-18 11:07:21.128,415.8843710590379,1005
2024-09-18 11:07:21.134,415.9001645187135,103
2024-09-18 11:07:21.172,415.9021691940532,995
2024-09-18 11:07:21.239,415.8973724046581,5
2024-09-18 11:07:21.261,415.8034798134919,96
2024-09-18 11:07:21.319,415.8548344611335,1004
2024-09-18 11:07:21.333,415.8118851629976,999
2024-09-18 11:07:21.429,415.850138901037,997
2024-09-18 11:07:21.443,415.8834869153955,105
2024-09-18 11:07:21.509,415.8636098943297,1005
2024-09-18 11:07:21.525,415.8726663595541,5
2024-09-18 11:07:21.582,415.8209611700025,104
2024-09-18 11:07:21.606,415.8695151799852,99
2024-09-18 11:07:21.623,415.87845678386464,96
2024-09-18 11:07:21.647,415.855543254411,13
2024-09-18 11:07:21.667,415.8648665396661,999
2024-09-18 11:07:21.689,415.8213887375376,102
2024-09-18 11:07:21.699,415.82775464368177,9
2024-09-18 11:07:21.726,415.8193158474991,103
2024-09-18 11:07:21.776,415.8553636437885,995
2024-09-18 11:07:21.779,415.8234750537755,105
2024-09-18 11:07:21.806,415.8540038943341,995
2024-09-18 11:07:21.806,415.8602248392924,14
2024-09-18 11:07:21.809,415.7901843403796,1003
2024-09-18 11:07:21.889,415.8718011235634,5
2024-09-18 11:07:21.981,415.88147435323714,1002
2024-09-18 11:07:22.063,415.7960309745836,12
2024-09-18 11:07:22.180,415.79559523905874,7
2024-09-18 11:07:22.200,415.7976187095771,12
2024-09-18 11:07:22.228,415.8134757303529,7
2024-09-18 11:07:22.290,415.79511284971767,105
2024-09-18 11:07:22.382,415.82507846146825,12
2024-09-18 11:07:22.399,415.8070432628395,95
2024-09-18 11:07:22.477,415.7995265772451,1004
2024-09-18 11:07:22.496,415.7963104161086,998
2024-09-18 11:07:22.506,415.81405887196814,14
2024-09-18 11:07:22.650,415.8097805156874,103
2024-09-18 11:07:22.767,415.80650697607473,1002
2024-09-18 11:07:22.974,415.8095662988043,7
2024-09-18 11:07:23.027,415.7321764556386,105
2024-09-18 11:07:23.068,415.7098399298519,99
2024-09-18 11:07:23.149,415.692403127634,1002
2024-09-18 11:07:23.150,415.7551040028002,105
2024-09-18 11:07:23.151,415.6965250205416,8
2024-09-18 11:07:23.212,415.687512283821,95
2024-09-18 11:07:23.243,415.8147221576148,97
2024-09-18 11:07:23.325,415.73805241028,1000
2024-09-18 11:07:23.427,415.7790854865773,102
2024-09-18 11:07:23.449,415.779099620366,102
2024-09-18 11:07:23.500,415.8312140970996,102
2024-09-18 11:07:23.510,415.8043801241364,5
2024-09-18 11:07:23.540,415.7864635138927,13
2024-09-18 11:07:23.562,41.57867488683027,996
2024-09-18 11:07:23.569,415.7082020570101,1000
2024-09-18 11:07:23.601,415.6694573991086,9
2024-09-18 11:07:23.604,415.7276794601303,97
2024-09-18 11:07:23.628,415.729566030209,98
2024-09-18 11:07:23.640,415.6679712674556,103
2024-09-18 11:07:23.651,415.7290208892248,1004
2024-09-18 11:07:23.698,415.7332696573756,104
2024-09-18 11:07:23.712,415.6788383341104,5
2024-09-18 11:07:23.714,415.6664758459421,15
2024-09-18 11:07:23.722,415.7788649430344,103
2024-09-18 11:07:23.783,415.7096985286484,97
2024-09-18 11:07:23.841,415.7283002558048,1004
2024-09-18 11:07:23.845,415.75063020787616,999
2024-09-18 11:07:23.889,415.7042422278707,95
2024-09-18 11:07:23.920,415.75545011534746,97
2024-09-18 11:07:23.971,415.79292893694014,995
2024-09-18 11:07:24.104,415.6867846458146,5
2024-09-18 11:07:24.131,415.7021517240621,8
2024-09-18 11:07:24.152,415.7109665734346,6
2024-09-18 11:07:24.156,415.7023865264849,1005
2024-09-18 11:07:24.266,415.7002923968652,104
2024-09-18 11:07:24.275,415.693057366521,996
2024-09-18 11:07:24.293,415.7036189322666,96
2024-09-18 11:07:24.375,415.700234221203,100
2024-09-18 11:07:24.447,,8
2024-09-18 11:07:24.466,415.6878017170507,95
2024-09-18 11:07:24.684,415.710953307063,103
2024-09-18 11:07:24.939,415.6742840974334,10
2024-09-18 11:07:25.044,415.6641409524508,996
2024-09-18 11:07:25.169,415.64643045424833,101
2024-09-18 11:07:25.208,415.6332403080114,995
2024-09-18 11:07:25.232,415.6728454204568,103
2024-09-18 11:07:25.246,415.6269096646802,100
2024-09-18 11:07:25.275,415.6239421345674,103
2024-09-18 11:07:25.295,415.6681484787188,995
2024-09-18 11:07:25.322,415.6431205628439,11
2024-09-18 11:07:25.330,415.6895521846743,5
2024-09-18 11:07:25.350,415.62064354564745,5
2024-09-18 11:07:25.375,415.6138649067849,99
2024-09-18 11:07:25.411,41.56842429120066,9
2024-09-18 11:07:25.526,415.6501284267845,8
2024-09-18 11:07:25.540,415.6512908639675,8
2024-09-18 11:07:25.549,415.6684957148128,996
2024-09-18 11:07:25.559,415.6445115800208,8
2024-09-18 11:07:25.598,415.6775118385797,96
2024-09-18 11:07:25.608,41.56606711521848,1001
2024-09-18 11:07:25.660,415.68253830591647,5
2024-09-18 11:07:25.677,415.65135547478457,7
2024-09-18 11:07:25.728,415.6888470469763,97
2024-09-18 11:07:25.817,415.6450889759243,95
2024-09-18 11:07:25.825,415.685014036779,999
2024-09-18 11:07:25.892,415.66795045076856,6
2024-09-18 11:07:25.918,415.62931551538816,998
2024-09-18 11:07:26.052,415.6406892200328,105
2024-09-18 11:07:26.055,415.66274944887897,6
2024-09-18 11:07:26.112,415.6264322345994,1001
2024-09-18 11:07:26.157,415.6428633451517,97
2024-09-18 11:07:26.369,415.634229622923,99
2024-09-18 11:07:26.435,415.64193337878993,11
2024-09-18 11:07:26.470,415.65645981885257,97
2024-09-18 11:07:26.521,415.6544272683616,95
2024-09-18 11:07:26.524,415.6536148700822,1004
2024-09-18 11:07:26.624,415.63025851701485,96
2024-09-18 11:07:26.703,415.63385742582057,9
2024-09-18 11:07:26.834,415.6358363078069,100
2024-09-18 11:07:26.847,415.6219232224459,99
2024-09-18 11:07:27.006,415.60207161042416,102
2024-09-18 11:07:27.081,415.5792048100818,98
2024-09-18 11:07:27.136,415.5845115082077,998
2024-09-18 11:07:27.158,415.6014905255217,15
2024-09-18 11:07:27.253,415.5770372605808,8
2024-09-18 11:07:27.395,415.5498594763968,13
2024-09-18 11:07:27.463,415.58468240582977,8
2024-09-18 11:07:27.496,415.5676216118929,103
2024-09-18 11:07:27.514,415.5751982978893,15
2024-09-18 11:07:27.530,415.58069658935153,995
2024-09-18 11:07:27.591,415.5492507603554,998
2024-09-18 11:07:27.667,415.5745672158395,995
2024-09-18 11:07:27.673,415.5948819139057,1001
2024-09-18 11:07:27.719,415.558532563868,101
2024-09-18 11:07:27.739,415.5965992794953,996
2024-09-18 11:07:27.739,415.57314064946206,998
2024-09-18 11:07:27.765,415.5654534058388,11
2024-09-18 11:07:27.785,415.570729125264,999
2024-09-18 11:07:27.805,415.6244705248065,13
2024-09-18 11:07:27.822,415.5974136619687,101
2024-09-18 11:07:27.836,415.59450987752376,95
2024-09-18 11:07:27.914,415.5726134581643,998
2024-09-18 11:07:27.915,415.5555651669936,1004
2024-09-18 11:07:27.923,415.5853011980198,7
2024-09-18 11:07:27.934,415.5693184506144,104
2024-09-18 11:07:28.077,415.5187381187508,103
2024-09-18 11:07:28.101,415.5917207772209,9
2024-09-18 11:07:28.133,415.5948697038153,99
2024-09-18 11:07:28.151,415.5568541258772,15
2024-09-18 11:07:28.212,415.54761845001786,1004
2024-09-18 11:07:28.258,415.5710950163104,97
2024-09-18 11:07:28.331,415.5605607817912,5
2024-09-18 11:07:28.419,415.5787107311096,105
2024-09-18 11:07:28.454,415.5741878995195,15
2024-09-18 11:07:28.481,415.5384771862242,103
2024-09-18 11:07:28.538,415.53113769368144,1001
2024-09-18 11:07:28.683,415.5713719525291,15
2024-09-18 11:07:28.748,415.5600303106973,995
2024-09-18 11:07:28.813,415.5450158130714,103
2024-09-18 11:07:28.941,415.5588353164554,104
2024-09-18 11:07:29.043,415.5061710757379,6
2024-09-18 11:07:29.069,415.5238722303239,101
2024-09-18 11:07:29.083,415.50057351691584,995
2024-09-18 11:07:29.110,415.498728999862,1004
2024-09-18 11:07:29.111,415.5109658254461,105
2024-09-18 11:07:29.237,415.5008696876585,996
2024-09-18 11:07:29.268,415.4985441618598,1005
2024-09-18 11:07:29.271,415.5230622698416,1004
2024-09-18 11:07:29.394,415.52513588303606,11
2024-09-18 11:07:29.514,415.520425031468,7
2024-09-18 11:07:29.518,415.5208665899093,97
2024-09-18 11:07:29.537,415.5120846702273,1005
2024-09-18 11:07:29.563,415.49259140416615,11
2024-09-18 11:07:29.658,415.535506398582,5
2024-09-18 11:07:29.730,415.50437204789927,997
2024-09-18 11:07:29.772,415.525547012221,99
2024-09-18 11:07:29.820,415.5438444947177,997
2024-09-18 11:07:29.959,415.51891465954105,1002
2024-09-18 11:07:29.986,415.5074133514082,97
2024-09-18 11:07:29.987,415.5246410779934,9
2024-09-18 11:07:30.060,415.55954203221137,102
2024-09-18 11:07:30.161,415.5274097341791,1002
2024-09-18 11:07:30.182,415.5244447233376,10
2024-09-18 11:07:30.184,415.52157396819854,12
2024-09-18 11:07:30.214,415.53156046285136,5
2024-09-18 11:07:30.215,415.52924261201525,1005
2024-09-18 11:07:30.281,415.5274362443813,1005
2024-09-18 11:07:30.296,415.5162168368635,7
2024-09-18 11:07:30.303,415.5067655790229,5
2024-09-18 11:07:30.332,415.508915985948,8
2024-09-18 11:07:30.349,415.5343054975679,13
2024-09-18 11:07:30.379,415.5330713542796,997
2024-09-18 11:07:30.456,415.5425800911849,6
2024-09-18 11:07:30.537,415.5223109367254,1000
2024-09-18 11:07:30.621,415.5241750802888,1000
2024-09-18 11:07:30.631,415.53727168058833,9
2024-09-18 11:07:30.664,415.5349226608175,13
2024-09-18 11:07:30.675,415.551393205692,6
2024-09-18 11:07:30.819,415.50764678257127,1003
2024-09-18 11:07:30.821,415.5479335338884,995
2024-09-18 11:07:30.871,415.5313758433487,1000
2024-09-18 11:07:30.876,415.5355106431279,999
2024-09-18 11:07:30.921,415.5143231118154,101
2024-09-18 11:07:30.934,415.51744021044914,97
2024-09-18 11:07:30.941,415.5392106451242,996
2024-09-18 11:07:30.984,415.5046657490803,996
2024-09-18 11:07:30.997,415.5335412278232,14
2024-09-18 11:07:31.063,415.4042966728391,1003
2024-09-18 11:07:31.101,415.5330547483622,10
2024-09-18 11:07:31.137,415.492842847392,104
2024-09-18 11:07:31.260,415.5450023661974,97
2024-09-18 11:07:31.269,415.4271004548194,15
2024-09-18 11:07:31.415,415.4455599629727,101
2024-09-18 11:07:31.455,415.5183020758738,1005
2024-09-18 11:07:31.590,415.4012340405224,14
2024-09-18 11:07:31.695,415.49587226350775,10
2024-09-18 11:07:31.738,415.4614729422374,103
2024-09-18 11:07:31.795,415.4738940852347,15
2024-09-18 11:07:31.812,415.5157428233669,99
2024-09-18 11:07:31.856,415.4125514939549,12
2024-09-18 11:07:31.943,,10
2024-09-18 11:07:32.025,415.3986722606051,5
2024-09-18 11:07:32.055,415.41533350402034,1004
2024-09-18 11:07:32.060,415.4226511683772,6
2024-09-18 11:07:32.150,415.42564205013247,14
2024-09-18 11:07:32.180,415.3667019206066,11
2024-09-18 11:07:32.217,415.3835245056314,102
2024-09-18 11:07:32.299,415.3657028112584,5
2024-09-18 11:07:32.328,,10
2024-09-18 11:07:32.389,415.4190915103696,97
2024-09-18 11:07:32.389,415.3981682314219,103
2024-09-18 11:07:32.427,415.4167476498594,1001
2024-09-18 11:07:32.455,415.4088835479024,9
2024-09-18 11:07:32.521,415.4196586308472,14
2024-09-18 11:07:32.532,415.4016530573538,104
2024-09-18 11:07:32.549,415.4015460622014,997
2024-09-18 11:07:32.567,415.38338573538334,103
2024-09-18 11:07:32.572,-415.412552849197,998
2024-09-18 11:07:32.597,415.4095829995799,997
2024-09-18 11:07:32.783,415.4096676429186,10
2024-09-18 11:07:32.801,415.41710958590886,1003
2024-09-18 11:07:32.813,415.4287726111394,14
2024-09-18 11:07:32.883,415.4073873283331,14
2024-09-18 11:07:32.891,415.3912355268297,10
2024-09-18 11:07:32.926,415.3832076949209,1004
2024-09-18 11:07:32.930,415.41470864441175,1000
2024-09-18 11:07:32.941,415.4374960495139,1001
2024-09-18 11:07:32.954,415.3922803587277,96
2024-09-18 11:07:32.988,415.38321498046656,7
2024-09-18 11:07:33.062,415.3682775833112,1001
2024-09-18 11:07:33.099,415.346030030182,996
2024-09-18 11:07:33.160,415.3356183233833,105
2024-09-18 11:07:33.163,415.3423189341765,97
2024-09-18 11:07:33.181,41.5340461057988,13
2024-09-18 11:07:33.205,415.41540744094,11
2024-09-18 11:07:33.208,415.3662466098645,101
2024-09-18 11:07:33.257,415.4291026316279,10
2024-09-18 11:07:33.273,415.4196016189644,100
2024-09-18 11:07:33.292,415.3708889640831,996
2024-09-18 11:07:33.371,415.4157068301532,11
2024-09-18 11:07:33.393,415.4198661983842,1004
2024-09-18 11:07:33.395,415.3341130867346,6
2024-09-18 11:07:33.419,415.3538414065419,1000
2024-09-18 11:07:33.422,415.3838997692516,996
2024-09-18 11:07:33.451,415.3470503169568,1000
2024-09-18 11:07:33.540,415.3930597763408,995
2024-09-18 11:07:33.628,415.4093040947584,105
2024-09-18 11:07:33.840,415.3455033483576,997
2024-09-18 11:07:33.871,415.3522314049009,95
2024-09-18 11:07:33.903,415.4229495491571,95
2024-09-18 11:07:33.976,415.40099092751103,102
2024-09-18 11:07:33.979,415.34105529887546,12
2024-09-18 11:07:33.987,415.41275470321006,105
2024-09-18 11:07:34.016,415.4639677341922,14
2024-09-18 11:07:34.017,415.4594808408237,998
2024-09-18 11:07:34.218,415.50563440067776,96
2024-09-18 11:07:34.221,415.4703221704667,14
2024-09-18 11:07:34.231,415.4590268953559,12
2024-09-18 11:07:34.288,415.4519370068927,997
2024-09-18 11:07:34.326,415.4656912869696,1001
2024-09-18 11:07:34.468,415.48741593175134,995
2024-09-18 11:07:34.500,415.4910378589612,9
2024-09-18 11:07:34.606,415.4553521876059,11
2024-09-18 11:07:34.644,415.4529914377428,9
2024-09-18 11:07:34.705,415.4466283527028,101
2024-09-18 11:07:34.772,415.4780104123341,8
2024-09-18 11:07:34.786,415.4832466988987,997
2024-09-18 11:07:34.809,415.4032432908601,95
2024-09-18 11:07:34.883,415.4214043893294,14
2024-09-18 11:07:34.982,415.47243751623137,97
2024-09-18 11:07:34.991,415.4489637170197,1005
2024-09-18 11:07:35.112,415.5273662234547,14
2024-09-18 11:07:35.144,415.4561183949593,1004
2024-09-18 11:07:35.164,415.5609860413859,15
2024-09-18 11:07:35.239,415.5800530310608,13
2024-09-18 11:07:35.254,415.5041900598772,1005
2024-09-18 11:07:35.283,415.5684887781426,5
2024-09-18 11:07:35.303,415.4555165594579,998
2024-09-18 11:07:35.380,415.4888735647516,1003
2024-09-18 11:07:35.447,415.5663024579933,8
2024-09-18 11:07:35.476,415.45568841525096,13
2024-09-18 11:07:35.542,415.5601850457037,1005
2024-09-18 11:07:35.543,415.54449316462455,1004
2024-09-18 11:07:35.557,415.5211107199801,10
2024-09-18 11:07:35.652,415.5561686408852,6
2024-09-18 11:07:35.663,415.5266032687501,104
2024-09-18 11:07:35.671,415.4627651991029,14
2024-09-18 11:07:35.739,415.5769651048433,99
2024-09-18 11:07:35.772,415.5759709955422,13
2024-09-18 11:07:35.909,415.5432223404463,15
2024-09-18 11:07:35.964,415.5529267004435,103
2024-09-18 11:07:36.004,415.5722450241916,96
2024-09-18 11:07:36.081,415.5394051517451,1002
2024-09-18 11:07:36.090,415.561179783609,1000
2024-09-18 11:07:36.167,415.5711376578263,100
2024-09-18 11:07:36.250,415.56649089379886,95
2024-09-18 11:07:36.269,415.5633668601285,103
2024-09-18 11:07:36.378,415.5511986449087,1005
2024-09-18 11:07:36.416,415.5835082228684,15
2024-09-18 11:07:36.545,415.5383770030567,104
2024-09-18 11:07:36.649,415.57843349169246,105
2024-09-18 11:07:37.001,415.5580128871358,1005
2024-09-18 11:07:37.153,415.5600652822491,14
2024-09-18 11:07:37.184,415.5544936759362,1003
2024-09-18 11:07:37.221,41.55854644272887,103
2024-09-18 11:07:37.557,415.5592383963012,999
2024-09-18 11:07:37.645,415.5539863343162,100
2024-09-18 11:07:37.685,415.5462568044531,105
2024-09-18 11:07:37.823,415.5760108803785,102
2024-09-18 11:07:37.909,415.5429627779829,103
2024-09-18 11:07:37.942,415.5755509066393,996
2024-09-18 11:07:37.946,415.5412252192001,1002
2024-09-18 11:07:38.056,415.5147568329135,95
2024-09-18 11:07:38.057,415.5337889420588,13
2024-09-18 11:07:38.095,415.5302172360286,14
2024-09-18 11:07:38.167,415.5443557063962,10
2024-09-18 11:07:38.357,41.55407832426548,97
2024-09-18 11:07:38.405,415.54108248154336,1003
2024-09-18 11:07:38.505,415.5278316047905,105
2024-09-18 11:07:38.835,415.5276472625493,1002
2024-09-18 11:07:38.940,415.5274167959228,101
2024-09-18 11:07:38.956,415.5417416834263,1001
2024-09-18 11:07:39.057,415.5586422117889,14
2024-09-18 11:07:39.070,415.53557245948656,99
2024-09-18 11:07:39.183,415.5664524031225,7
2024-09-18 11:07:39.211,415.5266359902662,1002
2024-09-18 11:07:39.222,415.55280253638017,996
2024-09-18 11:07:39.278,415.539175167942,9
2024-09-18 11:07:39.334,415.5435689152936,103
2024-09-18 11:07:39.351,415.5590348638707,96
2024-09-18 11:07:39.355,415.5256867420056,99
2024-09-18 11:07:39.480,415.531549252124,7
2024-09-18 11:07:39.534,415.5381786658875,12
2024-09-18 11:07:39.562,415.5333254721705,1000
2024-09-18 11:07:39.564,415.5342808607761,101
2024-09-18 11:07:39.585,415.5457408175552,995
2024-09-18 11:07:39.601,415.5365708506336,15
2024-09-18 11:07:39.637,415.53329784527335,104
2024-09-18 11:07:39.668,415.5473969044999,1005
2024-09-18 11:07:39.714,415.5385448326992,104
2024-09-18 11:07:39.730,415.5601984150401,998
2024-09-18 11:07:39.752,415.52330262673314,6
2024-09-18 11:07:39.800,415.52976368298977,1002
2024-09-18 11:07:39.828,415.53500831000287,12
2024-09-18 11:07:39.833,415.5263384743448,999
2024-09-18 11:07:39.878,415.5216636886204,95
2024-09-18 11:07:39.882,415.5366774306507,8
2024-09-18 11:07:39.958,415.52963809860745,997
2024-09-18 11:07:40.025,415.55332294435647,9
2024-09-18 11:07:40.181,415.5657018190477,8
2024-09-18 11:07:40.187,415.5503967637616,1005
2024-09-18 11:07:40.235,415.5952611474313,998
2024-09-18 11:07:40.237,415.5672304121896,998
2024-09-18 11:07:40.311,415.5723017075373,997
2024-09-18 11:07:40.322,415.56418161745006,101
2024-09-18 11:07:40.338,415.5420782786684,999
2024-09-18 11:07:40.392,415.5671643184024,998
2024-09-18 11:07:40.488,415.5645219939784,104
2024-09-18 11:07:40.560,415.5542671064684,9
2024-09-18 11:07:40.616,415.5478126411407,100
2024-09-18 11:07:40.631,415.5615913248493,95
2024-09-18 11:07:40.639,415.59405017150783,11
2024-09-18 11:07:40.650,415.588685183562,1000
2024-09-18 11:07:40.745,415.5391051405894,15
2024-09-18 11:07:40.753,415.5570801004962,999
2024-09-18 11:07:40.808,415.5606478276524,997
2024-09-18 11:07:40.892,415.5782035573334,12
2024-09-18 11:07:40.943,415.5828923680993,1003
2024-09-18 11:07:40.950,415.578378984784,10
2024-09-18 11:07:40.993,415.5672626319033,14
2024-09-18 11:07:41.203,415.5845720794263,14
2024-09-18 11:07:41.384,415.5726135200963,14
2024-09-18 11:07:41.728,415.56664551014046,1005
2024-09-18 11:07:41.990,415.5781669350524,996
2024-09-18 11:07:42.073,415.6532861839413,5
2024-09-18 11:07:42.121,415.6166764896192,12
2024-09-18 11:07:42.238,415.6316842579283,10
2024-09-18 11:07:42.311,415.63533473051984,999
2024-09-18 11:07:42.347,415.6224816571584,9
2024-09-18 11:07:42.373,415.6449318033486,5
2024-09-18 11:07:42.375,415.614412955909,97
2024-09-18 11:07:42.411,415.6404610833928,6
2024-09-18 11:07:42.433,415.6270209620217,5
2024-09-18 11:07:42.437,415.6258365383063,1003
2024-09-18 11:07:42.464,415.65633316664366,95
2024-09-18 11:07:42.481,415.6314239061794,12
2024-09-18 11:07:42.488,-415.6371474749208,98
2024-09-18 11:07:42.566,415.6257751966794,7
2024-09-18 11:07:42.621,415.63640442316375,12
2024-09-18 11:07:42.785,415.6376345910809,6
2024-09-18 11:07:42.797,415.6605263915935,14
2024-09-18 11:07:42.803,415.6511015399612,98
2024-09-18 11:07:42.814,415.63531149711855,15
2024-09-18 11:07:42.826,415.6154782495475,105
2024-09-18 11:07:42.846,415.6312976891019,9
2024-09-18 11:07:42.892,415.602763424482,98
2024-09-18 11:07:42.907,415.6526252774184,999
2024-09-18 11:07:42.928,415.63611967277234,99
2024-09-18 11:07:42.934,415.6214835291415,99
2024-09-18 11:07:42.974,415.6057952685927,105
2024-09-18 11:07:42.978,415.6244795251718,1005
2024-09-18 11:07:43.060,415.63342621072167,104
2024-09-18 11:07:43.116,415.6453903154375,9
2024-09-18 11:07:43.334,415.6571570406192,999
2024-09-18 11:07:43.478,415.6329741515323,1005
2024-09-18 11:07:43.663,415.6636431468477,1004
2024-09-18 11:07:43.913,415.6620806717396,1005
2024-09-18 11:07:43.950,415.6612516324078,99
2024-09-18 11:07:44.005,415.5918371062755,98
2024-09-18 11:07:44.010,415.6393766493492,14
2024-09-18 11:07:44.074,415.626123591225,1005
2024-09-18 11:07:44.077,415.6634070943522,96
2024-09-18 11:07:44.102,415.6334374031493,9
2024-09-18 11:07:44.103,415.7058024028564,996
2024-09-18 11:07:44.174,415.7308354229993,1005
2024-09-18 11:07:44.181,415.6235246545376,96
2024-09-18 11:07:44.198,415.72377737981776,995
2024-09-18 11:07:44.220,415.6086842833773,1005
2024-09-18 11:07:44.252,415.7624275556044,6
2024-09-18 11:07:44.324,415.62722877674446,15
2024-09-18 11:07:44.352,415.7519811742457,9
2024-09-18 11:07:44.432,415.6350756424756,13
2024-09-18 11:07:44.449,415.63875586550336,1000
2024-09-18 11:07:44.538,415.6975520877634,105
2024-09-18 11:07:44.618,415.6237447376141,9
2024-09-18 11:07:44.631,415.60453700642665,99
2024-09-18 11:07:44.638,415.7391377867437,15
2024-09-18 11:07:44.655,415.62353507367993,1005
2024-09-18 11:07:44.668,415.6063170246224,15
2024-09-18 11:07:44.670,415.6237061505094,9
2024-09-18 11:07:44.737,415.68241085084463,998
2024-09-18 11:07:44.822,415.6996578718553,96
2024-09-18 11:07:44.834,415.6724237719137,95
2024-09-18 11:07:45.163,415.7574618816507,12
2024-09-18 11:07:45.230,415.7844647959896,1001
2024-09-18 11:07:45.274,415.7473563066313,7
2024-09-18 11:07:45.365,415.7714310614713,1000
2024-09-18 11:07:45.474,415.76614914907225,999
2024-09-18 11:07:46.028,415.7776100934815,96
2024-09-18 11:07:46.029,415.7899599791722,5
2024-09-18 11:07:46.033,415.78109474447245,99
2024-09-18 11:07:46.129,415.80555288217073,14
2024-09-18 11:07:46.220,415.8097589063327,15
2024-09-18 11:07:46.253,415.7951427909292,15
2024-09-18 11:07:46.346,415.7851167028136,1000
2024-09-18 11:07:46.389,415.7832883585698,1004
2024-09-18 11:07:46.411,415.7923824046266,8
2024-09-18 11:07:46.443,415.78516713458566,995
2024-09-18 11:07:46.496,415.8024636625038,5
2024-09-18 11:07:46.501,415.7950187218832,98
2024-09-18 11:07:46.551,415.7994217218036,97
2024-09-18 11:07:46.717,415.77840109359767,997
2024-09-18 11:07:46.788,415.80421389881184,995
2024-09-18 11:07:47.028,415.7914341651078,5
2024-09-18 11:07:47.074,415.7941926268904,999
2024-09-18 11:07:47.100,415.8065994377318,6
2024-09-18 11:07:47.166,415.79330758152366,9
2024-09-18 11:07:47.325,415.8052513544114,103
2024-09-18 11:07:47.336,415.7700038737958,9
2024-09-18 11:07:47.473,415.7979629732776,100
2024-09-18 11:07:47.509,415.7759425182475,996
2024-09-18 11:07:47.511,415.78828047180417,997
2024-09-18 11:07:47.669,415.773341708924,995
2024-09-18 11:07:47.905,415.7771878385456,7
2024-09-18 11:07:48.265,415.7521810000287,96
2024-09-18 11:07:48.569,415.753079977831,102
2024-09-18 11:07:48.585,415.7491589354621,100
2024-09-18 11:07:48.593,415.74076724048905,95
2024-09-18 11:07:48.934,415.75681228305086,1003
2024-09-18 11:07:49.083,415.74215238802105,10
2024-09-18 11:07:49.092,415.72215049100737,995
2024-09-18 11:07:49.389,415.7301162227026,98
2024-09-18 11:07:49.401,415.7191273864549,999
2024-09-18 11:07:49.537,415.7309111721485,11
2024-09-18 11:07:49.558,415.722522495817,1002
2024-09-18 11:07:49.577,415.71573680232177,1002
2024-09-18 11:07:49.685,415.7204684081115,8
2024-09-18 11:07:49.768,415.75036716115216,97
2024-09-18 11:07:49.879,415.7322456391934,8
2024-09-18 11:07:49.896,415.7495687416812,10
2024-09-18 11:07:49.986,415.7303828054631,104
2024-09-18 11:07:50.335,415.7280632282464,6
2024-09-18 11:07:50.352,415.7313901417376,999
2024-09-18 11:07:50.514,415.7263281585688,99
2024-09-18 11:07:50.536,415.71773530195634,999
2024-09-18 11:07:50.557,415.71156713259217,14
2024-09-18 11:07:50.671,415.74176703377583,1002
2024-09-18 11:07:51.316,415.7185572039016,102
2024-09-18 11:07:51.389,415.7272267890354,1004
2024-09-18 11:07:51.419,415.725628272542,1000
2024-09-18 11:07:51.715,415.7158383288359,1004
2024-09-18 11:07:51.767,415.7413874473349,998
2024-09-18 11:07:51.816,415.7445927336957,1004
2024-09-18 11:07:51.837,,11
2024-09-18 11:07:52.007,415.7402431038406,8
2024-09-18 11:07:52.045,415.6879833329152,101
2024-09-18 11:07:52.221,415.73452587599735,105
2024-09-18 11:07:52.307,415.72308390585926,98
2024-09-18 11:07:52.427,415.7369910003136,996
2024-09-18 11:07:52.464,415.69819384004495,15
2024-09-18 11:07:52.467,415.72618721386056,101
2024-09-18 11:07:52.509,415.7135663079711,11
2024-09-18 11:07:52.652,415.7223103540181,997
2024-09-18 11:07:52.917,415.691885122904,1003
2024-09-18 11:07:52.977,415.7181808866665,999
2024-09-18 11:07:53.013,415.6843061128316,999
2024-09-18 11:07:53.148,415.6908517769544,5
2024-09-18 11:07:53.168,415.664986927884,996
2024-09-18 11:07:53.248,415.6683939348365,1003
2024-09-18 11:07:53.248,415.6835982675243,8
2024-09-18 11:07:53.303,415.6612374375594,10
2024-09-18 11:07:53.345,415.6865355298261,100
2024-09-18 11:07:53.363,415.6709422589382,98
2024-09-18 11:07:53.373,-415.69437803739993,995
2024-09-18 11:07:53.414,415.6878399821992,99
2024-09-18 11:07:53.437,415.6821323723055,1000
2024-09-18 11:07:53.445,415.6546389096446,104
2024-09-18 11:07:53.463,415.7049348724382,996
2024-09-18 11:07:53.506,415.6848023945977,1000
2024-09-18 11:07:53.547,415.6868907525115,99
2024-09-18 11:07:53.638,415.663389154511,105
2024-09-18 11:07:53.658,415.6458669364733,1002
2024-09-18 11:07:53.768,415.7114177941795,99
2024-09-18 11:07:53.775,415.6727963374288,5
2024-09-18 11:07:53.778,415.7108117487014,100
2024-09-18 11:07:53.780,415.6879048444886,995
2024-09-18 11:07:53.786,415.67569725649247,6
2024-09-18 11:07:53.793,415.671123896821,99
2024-09-18 11:07:53.808,415.68183038581486,1005
2024-09-18 11:07:53.836,415.67009024911226,96
2024-09-18 11:07:53.863,415.6904475215652,96
2024-09-18 11:07:53.874,415.6661526008824,6
2024-09-18 11:07:53.964,415.6638176341425,7
2024-09-18 11:07:54.576,415.7196495640172,95
2024-09-18 11:07:55.018,415.6563547524125,96
2024-09-18 11:07:55.066,415.6779829042162,96
2024-09-18 11:07:55.135,415.6565691401742,97
2024-09-18 11:07:55.190,415.6574750588168,1002
2024-09-18 11:07:55.246,415.7142254161662,997
2024-09-18 11:07:55.384,415.6497514118324,13
2024-09-18 11:07:55.430,415.6799505358483,6
2024-09-18 11:07:55.469,415.6638560521904,995
2024-09-18 11:07:55.474,415.7216305605274,9
2024-09-18 11:07:55.539,415.6914171744788,1002
2024-09-18 11:07:55.569,415.7011757074623,99
2024-09-18 11:07:55.575,415.7122768872263,13
2024-09-18 11:07:55.636,415.708247466111,98
2024-09-18 11:07:55.655,415.7111961546245,8
2024-09-18 11:07:55.656,415.6977663754749,998
2024-09-18 11:07:55.687,415.6688285719515,996
2024-09-18 11:07:55.699,415.6620398672845,1005
2024-09-18 11:07:55.818,415.6906029163989,96
2024-09-18 11:07:55.861,,995
2024-09-18 11:07:55.880,415.70797843934537,98
2024-09-18 11:07:55.893,415.70239147741466,10
2024-09-18 11:07:55.934,415.6520149209642,997
2024-09-18 11:07:56.208,415.6370493287956,1002
2024-09-18 11:07:56.308,415.6299606084549,1000
2024-09-18 11:07:56.413,415.6650409450005,14
2024-09-18 11:07:56.435,415.67739934336,5
2024-09-18 11:07:56.445,415.6502671025637,995
2024-09-18 11:07:56.449,415.6669105403006,102
2024-09-18 11:07:56.756,415.6739657531135,1002
2024-09-18 11:07:56.939,415.6678643033521,1004
2024-09-18 11:07:57.051,415.6919811667248,6
2024-09-18 11:07:57.089,415.65925086784375,15
2024-09-18 11:07:57.209,415.6925611662748,996
2024-09-18 11:07:57.246,415.67603788899805,5
2024-09-18 11:07:57.249,415.6653162641279,13
2024-09-18 11:07:57.304,415.6880322766835,997
2024-09-18 11:07:57.355,415.67231895342593,1000
2024-09-18 11:07:57.366,415.6788275896863,98
2024-09-18 11:07:57.516,415.668447963814,96
2024-09-18 11:07:57.708,415.66746126990233,95
2024-09-18 11:07:57.860,415.6862195967708,999
2024-09-18 11:07:57.964,415.6940010286924,96
2024-09-18 11:07:58.161,415.65005058532745,7
2024-09-18 11:07:58.463,415.63570137345874,102
2024-09-18 11:07:58.523,415.6340160359537,11
2024-09-18 11:07:58.550,415.6770667478514,11
2024-09-18 11:07:58.627,415.6331185839624,100
2024-09-18 11:07:58.656,415.663182347034,13
2024-09-18 11:07:58.657,415.6691795707098,1001
2024-09-18 11:07:58.662,415.6853817932736,5
2024-09-18 11:07:58.693,415.6508945540305,996
2024-09-18 11:07:58.725,415.6947554464535,7
2024-09-18 11:07:58.740,415.67083051799415,998
2024-09-18 11:07:58.769,415.6864182562978,999
2024-09-18 11:07:58.800,415.63571744391214,1005
2024-09-18 11:07:58.847,415.6367475113483,8
2024-09-18 11:07:58.857,415.6245692965341,103
2024-09-18 11:07:58.936,415.70708014654406,995
2024-09-18 11:07:59.014,415.719374831173,8
2024-09-18 11:07:59.085,415.7068251682925,98
2024-09-18 11:07:59.185,415.7973709765654,1005
2024-09-18 11:07:59.296,415.7983746927691,102
2024-09-18 11:07:59.308,-415.8108538623268,1002
2024-09-18 11:07:59.363,415.7738247248681,997
2024-09-18 11:07:59.380,415.7189943492725,998
2024-09-18 11:07:59.501,415.7829253839018,13
2024-09-18 11:07:59.550,415.7168839637273,6
2024-09-18 11:07:59.635,415.7958742060928,11
2024-09-18 11:07:59.726,415.7854991396614,13
2024-09-18 11:07:59.794,415.7378361866603,998
