Timestamp,Price,Size
2024-09-18 15:35:00.071,417.05996989523305,95
2024-09-18 15:35:00.187,-417.0125178981418,1004
2024-09-18 15:35:00.275,417.00225074945314,95
2024-09-18 15:35:00.371,416.9986441420812,97
2024-09-18 15:35:00.391,417.0538383541744,104
2024-09-18 15:35:00.420,-417.0676580385758,96
2024-09-18 15:35:00.433,417.0276889673944,98
2024-09-18 15:35:00.459,417.06891232760063,13
2024-09-18 15:35:00.465,417.0275166678641,997
2024-09-18 15:35:00.578,417.0501757295558,14
2024-09-18 15:35:00.601,417.00765078620856,997
2024-09-18 15:35:00.609,417.01126025369183,101
2024-09-18 15:35:00.770,417.0675316163909,6
2024-09-18 15:35:01.045,417.08084990593966,103
2024-09-18 15:35:01.058,417.1064796057752,1001
2024-09-18 15:35:01.100,417.0364755213236,1000
2024-09-18 15:35:01.104,417.08767775843256,15
2024-09-18 15:35:01.119,417.07269664921097,105
2024-09-18 15:35:01.138,417.0554765450485,101
2024-09-18 15:35:01.146,,998
2024-09-18 15:35:01.161,417.0946646820434,11
2024-09-18 15:35:01.170,417.0815084247455,1001
2024-09-18 15:35:01.319,417.0820170690552,6
2024-09-18 15:35:01.344,417.0841848743028,102
2024-09-18 15:35:01.377,417.0274559969996,1000
2024-09-18 15:35:01.409,417.0769993761709,996
2024-09-18 15:35:01.423,417.040827132878,5
2024-09-18 15:35:01.425,417.05411373631097,98
2024-09-18 15:35:01.429,417.0884752201322,1000
2024-09-18 15:35:01.460,417.09178453875336,11
2024-09-18 15:35:01.543,417.03303215043127,7
2024-09-18 15:35:01.549,417.0732097864517,15
2024-09-18 15:35:01.619,417.0263050008235,11
2024-09-18 15:35:01.699,417.07232365835614,15
2024-09-18 15:35:01.701,417.09192746717247,95
2024-09-18 15:35:01.852,417.0601947177613,105
2024-09-18 15:35:01.923,417.0746964761255,9
2024-09-18 15:35:02.189,417.0929817788259,1003
2024-09-18 15:35:02.219,417.0714766574813,5
2024-09-18 15:35:02.370,-417.0773621609077,6
2024-09-18 15:35:02.564,417.0756870660922,98
2024-09-18 15:35:02.826,417.06518845989496,998
2024-09-18 15:35:02.828,417.0448760676101,103
2024-09-18 15:35:02.833,412.1062638636955,103
2024-09-18 15:35:03.057,41.7135273347788,12
2024-09-18 15:35:03.075,417.1515486683278,14
2024-09-18 15:35:03.075,417.1206989847393,1005
2024-09-18 15:35:03.076,417.0732586055535,5
2024-09-18 15:35:03.082,417.15835937677934,1003
2024-09-18 15:35:03.127,417.0913674832409,100
2024-09-18 15:35:03.222,417.1409354635412,13
2024-09-18 15:35:03.249,417.1343046276389,101
2024-09-18 15:35:03.281,417.1376047487057,7
2024-09-18 15:35:03.298,417.0864424711106,14
2024-09-18 15:35:03.310,417.1060160896337,1000
2024-09-18 15:35:03.328,,995
2024-09-18 15:35:03.333,417.1411131538284,7
2024-09-18 15:35:03.441,417.1180666141637,998
2024-09-18 15:35:03.463,417.1369120434726,95
2024-09-18 15:35:03.506,417.1185070582406,98
2024-09-18 15:35:03.533,417.1178471387184,14
2024-09-18 15:35:03.584,412.1028953453196,105
2024-09-18 15:35:03.585,417.1705827754079,6
2024-09-18 15:35:03.629,417.170574267257,9
2024-09-18 15:35:03.694,417.1267132561684,11
2024-09-18 15:35:03.727,417.1661677689805,7
2024-09-18 15:35:03.728,417.113525981398,98
2024-09-18 15:35:03.749,417.1286187561728,13
2024-09-18 15:35:03.826,417.1117189407217,9
2024-09-18 15:35:03.830,417.1754963431724,14
2024-09-18 15:35:03.867,417.11282322004433,7
2024-09-18 15:35:03.872,417.0997756354922,998
2024-09-18 15:35:03.972,417.0767685591797,1003
2024-09-18 15:35:04.530,417.1670869390458,103
2024-09-18 15:35:04.576,417.1685312527276,1005
2024-09-18 15:35:05.112,417.17558731454153,12
2024-09-18 15:35:05.225,417.167157150455,10
2024-09-18 15:35:05.370,417.152271705939,15
2024-09-18 15:35:05.636,417.1927031053983,1001
2024-09-18 15:35:05.767,417.1956708736933,96
2024-09-18 15:35:05.876,417.165218113932,997
2024-09-18 15:35:06.110,41.72075697231591,1004
2024-09-18 15:35:06.126,417.2085865820383,9
2024-09-18 15:35:06.282,417.2087702565416,97
2024-09-18 15:35:06.557,417.2144874260824,104
2024-09-18 15:35:06.876,417.2186648029007,996
2024-09-18 15:35:06.906,417.2350171932601,997
2024-09-18 15:35:06.954,417.2112110471829,996
2024-09-18 15:35:07.043,417.2473167607951,1003
2024-09-18 15:35:07.255,417.2862389894268,1000
2024-09-18 15:35:07.287,417.2591169148882,9
2024-09-18 15:35:07.360,417.25408930647313,1000
2024-09-18 15:35:07.388,417.24460893221465,999
2024-09-18 15:35:07.416,417.2483471919418,1004
2024-09-18 15:35:07.432,417.3013803636963,10
2024-09-18 15:35:07.552,417.2437015473257,97
2024-09-18 15:35:07.602,417.2491085665714,95
2024-09-18 15:35:07.616,417.2734279660775,996
2024-09-18 15:35:07.638,417.2761417931456,1003
2024-09-18 15:35:08.058,417.3058040133201,104
2024-09-18 15:35:08.186,417.28663127682034,999
2024-09-18 15:35:08.237,417.2978705139563,997
2024-09-18 15:35:08.304,417.320897716175,13
2024-09-18 15:35:08.371,417.2996592939444,1002
2024-09-18 15:35:08.841,417.29698272681856,96
2024-09-18 15:35:09.001,417.3242909866837,1005
2024-09-18 15:35:09.077,417.3408466929176,7
2024-09-18 15:35:09.138,417.3365021748728,96
2024-09-18 15:35:09.143,417.3022358204096,103
2024-09-18 15:35:09.208,417.3184412666518,995
2024-09-18 15:35:09.226,412.2063795768067,1004
2024-09-18 15:35:09.262,417.3164685393464,14
2024-09-18 15:35:09.292,417.3141796005812,1001
2024-09-18 15:35:09.333,417.3226569064781,7
2024-09-18 15:35:09.347,417.31899143712246,96
2024-09-18 15:35:09.349,417.3283310350093,103
2024-09-18 15:35:09.371,417.324376579892,104
2024-09-18 15:35:09.399,417.3003170022079,102
2024-09-18 15:35:09.423,417.31301074223313,6
2024-09-18 15:35:09.539,412.2768574348915,99
2024-09-18 15:35:09.565,417.3276794206942,996
2024-09-18 15:35:09.595,417.3235002955813,13
2024-09-18 15:35:09.714,417.30399033682494,98
2024-09-18 15:35:09.760,417.2952074955711,102
2024-09-18 15:35:09.762,-417.3199211157969,1000
2024-09-18 15:35:09.804,417.3178632629792,7
2024-09-18 15:35:09.838,417.3193686499708,9
2024-09-18 15:35:09.854,417.3301168741655,105
2024-09-18 15:35:09.872,417.3272946468655,1000
2024-09-18 15:35:09.891,417.3066930526558,99
2024-09-18 15:35:10.066,417.3243033545661,98
2024-09-18 15:35:10.320,417.34386434426176,1004
2024-09-18 15:35:10.444,417.354156930753,8
2024-09-18 15:35:10.470,-417.34197274190245,96
2024-09-18 15:35:10.543,417.3525571442827,999
2024-09-18 15:35:10.556,417.3412162038533,10
2024-09-18 15:35:10.608,417.3304219221482,10
2024-09-18 15:35:10.618,417.30858415208615,104
2024-09-18 15:35:10.673,417.3187710095536,105
2024-09-18 15:35:10.784,417.3272897439645,7
2024-09-18 15:35:10.819,417.3295386549312,995
2024-09-18 15:35:10.884,417.30371924390727,997
2024-09-18 15:35:10.910,417.3044733427686,8
2024-09-18 15:35:10.942,417.3421986713103,995
2024-09-18 15:35:10.993,417.3157752535821,103
2024-09-18 15:35:11.014,417.3112781088842,97
2024-09-18 15:35:11.022,417.3358296101151,96
2024-09-18 15:35:11.044,417.3181481810955,101
2024-09-18 15:35:11.069,417.339269241228,15
2024-09-18 15:35:11.071,417.3183705224962,95
2024-09-18 15:35:11.076,417.33591610149017,102
2024-09-18 15:35:11.147,417.3097522697373,99
2024-09-18 15:35:11.188,417.31583586703294,995
2024-09-18 15:35:11.198,417.32815265253146,999
2024-09-18 15:35:11.261,417.32421525938406,105
2024-09-18 15:35:11.306,417.3023391462926,97
2024-09-18 15:35:11.315,417.3352158222743,11
2024-09-18 15:35:11.325,417.3111959486545,10
2024-09-18 15:35:11.341,417.2881058692488,1001
2024-09-18 15:35:11.352,417.3316291744137,15
2024-09-18 15:35:11.421,417.303523868957,999
2024-09-18 15:35:11.439,417.3068449287308,998
2024-09-18 15:35:11.440,417.3298455871455,101
2024-09-18 15:35:11.534,417.3061188396095,1003
2024-09-18 15:35:11.561,417.3372027327598,999
2024-09-18 15:35:11.665,417.3204909488632,100
2024-09-18 15:35:11.678,417.3138078247076,8
2024-09-18 15:35:11.739,417.3342436377283,13
2024-09-18 15:35:11.785,417.3542366473065,99
2024-09-18 15:35:11.793,417.3079875762775,95
2024-09-18 15:35:11.812,417.3132050468401,998
2024-09-18 15:35:11.871,417.32219599538433,100
2024-09-18 15:35:11.978,417.3335775128657,10
2024-09-18 15:35:12.004,417.3272760188461,1005
2024-09-18 15:35:12.008,417.26334539972856,1004
2024-09-18 15:35:12.012,417.3379511385253,1003
2024-09-18 15:35:12.034,417.3312934284695,6
2024-09-18 15:35:12.042,417.3010524206566,103
2024-09-18 15:35:12.042,417.25230827286833,98
2024-09-18 15:35:12.144,417.34579226796393,105
2024-09-18 15:35:12.159,417.2648297966409,97
2024-09-18 15:35:12.199,417.29147685242776,13
2024-09-18 15:35:12.318,417.2988886943544,14
2024-09-18 15:35:12.344,417.3008141724526,996
2024-09-18 15:35:12.414,417.33348771655056,14
2024-09-18 15:35:12.467,417.3080219488834,14
2024-09-18 15:35:12.512,417.2749166373383,99
2024-09-18 15:35:12.580,417.33051898345286,1003
2024-09-18 15:35:12.600,417.3468989119725,1001
2024-09-18 15:35:12.605,417.29796563553936,5
2024-09-18 15:35:12.610,417.34576781978905,99
2024-09-18 15:35:12.677,417.3630927597624,13
2024-09-18 15:35:12.677,417.3060198767466,1004
2024-09-18 15:35:12.749,417.3195304127233,104
2024-09-18 15:35:12.799,417.3332845010474,9
2024-09-18 15:35:12.824,417.3202701830246,11
2024-09-18 15:35:13.065,417.2632540799789,5
2024-09-18 15:35:13.086,417.2477757298027,1003
2024-09-18 15:35:13.105,417.2258002395665,8
2024-09-18 15:35:13.189,417.26216291649314,102
2024-09-18 15:35:13.276,417.25830354069967,1005
2024-09-18 15:35:13.413,417.23296795230783,1004
2024-09-18 15:35:13.420,417.2513582236904,103
2024-09-18 15:35:13.427,417.25911532803065,98
2024-09-18 15:35:13.455,417.254973386416,1002
2024-09-18 15:35:13.597,417.2815302680906,15
2024-09-18 15:35:13.672,417.2363878966024,8
2024-09-18 15:35:13.675,417.2302267662613,999
2024-09-18 15:35:13.735,417.22642748100486,15
2024-09-18 15:35:13.866,417.2288466442017,100
2024-09-18 15:35:13.936,417.26740438855546,103
2024-09-18 15:35:13.954,417.2482380602238,102
2024-09-18 15:35:14.000,417.29851080217736,7
2024-09-18 15:35:14.077,417.3221623405251,99
2024-09-18 15:35:14.091,417.3249967142274,6
2024-09-18 15:35:14.140,417.2765500482819,97
2024-09-18 15:35:14.168,417.3148813575816,1003
2024-09-18 15:35:14.230,417.2762039231974,1002
2024-09-18 15:35:14.231,417.2544035496464,97
2024-09-18 15:35:14.256,417.2477790660448,103
2024-09-18 15:35:14.311,417.2600932393013,8
2024-09-18 15:35:14.344,417.2776189076762,99
2024-09-18 15:35:14.357,417.3165755398479,995
2024-09-18 15:35:14.378,417.2972782587616,1000
2024-09-18 15:35:14.466,417.2819741392048,102
2024-09-18 15:35:14.480,417.2797780868798,8
2024-09-18 15:35:14.491,417.2712751204045,996
2024-09-18 15:35:14.589,417.299197008329,100
2024-09-18 15:35:14.650,-417.29073866607166,95
2024-09-18 15:35:14.669,417.2623597212997,8
2024-09-18 15:35:14.783,417.28731361039206,999
2024-09-18 15:35:14.803,417.2717669114826,996
2024-09-18 15:35:14.834,417.25029634346095,12
2024-09-18 15:35:14.853,417.3153951215468,6
2024-09-18 15:35:14.856,417.2592961132222,13
2024-09-18 15:35:14.925,417.249076259672,1000
2024-09-18 15:35:14.934,417.2990657808291,1005
2024-09-18 15:35:15.184,417.2849429448837,12
2024-09-18 15:35:15.199,417.2981374797736,6
2024-09-18 15:35:15.206,41.73352615695816,101
2024-09-18 15:35:15.295,417.3137739145891,1000
2024-09-18 15:35:15.307,417.29745653268543,101
2024-09-18 15:35:15.321,417.2794405451349,12
2024-09-18 15:35:15.354,417.3038433879878,103
2024-09-18 15:35:15.431,417.3115476571121,103
2024-09-18 15:35:15.463,417.3252816971403,7
2024-09-18 15:35:15.551,417.3046375655316,103
2024-09-18 15:35:15.557,417.3451110838957,10
2024-09-18 15:35:15.675,417.3186960301148,8
2024-09-18 15:35:15.681,417.3040580591005,13
2024-09-18 15:35:15.731,417.2805674225841,10
2024-09-18 15:35:15.748,417.291833154813,1002
2024-09-18 15:35:15.780,417.3040160441613,1003
2024-09-18 15:35:15.828,417.2750585368205,1002
2024-09-18 15:35:15.869,417.2981915811414,98
2024-09-18 15:35:15.942,417.3041006238821,1005
2024-09-18 15:35:15.966,417.275789639916,104
2024-09-18 15:35:16.066,417.2960009084636,1004
2024-09-18 15:35:16.318,417.30155556159343,1003
2024-09-18 15:35:16.932,417.2911737424648,7
2024-09-18 15:35:17.012,417.2770014137368,999
2024-09-18 15:35:17.021,417.3142929430262,13
2024-09-18 15:35:17.061,417.27893609549074,10
2024-09-18 15:35:17.138,417.2774717475313,6
2024-09-18 15:35:17.248,417.2786352920083,103
2024-09-18 15:35:17.322,417.3064337280268,97
2024-09-18 15:35:17.324,417.30924664601895,8
2024-09-18 15:35:17.406,417.311723928329,96
2024-09-18 15:35:17.435,417.31344352913,8
2024-09-18 15:35:17.453,417.3038033406007,995
2024-09-18 15:35:17.579,417.300959658469,1002
2024-09-18 15:35:17.610,417.2584462705301,995
2024-09-18 15:35:17.668,417.3033578233044,1002
2024-09-18 15:35:17.704,417.2961218765643,105
2024-09-18 15:35:17.713,417.314261381772,1005
2024-09-18 15:35:17.839,417.3088013896066,7
2024-09-18 15:35:18.034,417.2661632813005,102
2024-09-18 15:35:18.216,417.2668466023828,103
2024-09-18 15:35:18.251,417.281846493416,9
2024-09-18 15:35:18.261,417.2914454920405,96
2024-09-18 15:35:18.284,417.26053616396007,102
2024-09-18 15:35:18.293,417.2950606779156,999
2024-09-18 15:35:18.339,417.27334051650894,104
2024-09-18 15:35:18.427,,99
2024-09-18 15:35:18.445,417.2746920749397,6
2024-09-18 15:35:18.489,417.2870235570067,95
2024-09-18 15:35:18.550,417.27622019847416,1005
2024-09-18 15:35:18.572,417.2905717911373,9
2024-09-18 15:35:18.619,417.26830247026777,1003
2024-09-18 15:35:18.665,417.2904399047116,99
2024-09-18 15:35:18.880,417.2862010725156,100
2024-09-18 15:35:18.923,417.2882191174674,95
2024-09-18 15:35:18.983,417.26903819546936,12
2024-09-18 15:35:19.088,417.2537279578119,13
2024-09-18 15:35:19.092,417.18866996510513,11
2024-09-18 15:35:19.137,417.20543211997546,999
2024-09-18 15:35:19.192,417.24112612371937,99
2024-09-18 15:35:19.199,417.26984235540266,1003
2024-09-18 15:35:19.254,417.20903540400974,15
2024-09-18 15:35:19.355,417.2452336977792,995
2024-09-18 15:35:19.375,417.2014291459001,1002
2024-09-18 15:35:19.432,417.1936675845545,14
2024-09-18 15:35:19.438,417.2258157724447,1004
2024-09-18 15:35:19.439,417.2215039074912,15
2024-09-18 15:35:19.461,417.2597827316914,99
2024-09-18 15:35:19.466,417.190090958798,15
2024-09-18 15:35:19.491,417.2753144522276,8
2024-09-18 15:35:19.548,417.25440834565154,998
2024-09-18 15:35:19.608,417.2782369455171,95
2024-09-18 15:35:19.626,417.28507971316986,1004
2024-09-18 15:35:19.689,417.2035345610369,1000
2024-09-18 15:35:19.812,417.268322235776,1003
2024-09-18 15:35:19.848,417.2498727825301,997
2024-09-18 15:35:19.864,41.723077248575606,95
2024-09-18 15:35:19.867,417.2577744173825,10
2024-09-18 15:35:19.892,417.1698081045464,99
2024-09-18 15:35:19.953,417.1989536055418,6
2024-09-18 15:35:19.992,417.226837744904,1003
2024-09-18 15:35:20.223,417.2186622900858,98
2024-09-18 15:35:20.639,417.2625279951318,99
2024-09-18 15:35:20.853,417.2464154584623,999
2024-09-18 15:35:21.019,417.2914059097201,7
2024-09-18 15:35:21.034,417.2393182562333,102
2024-09-18 15:35:21.063,417.247552563918,100
2024-09-18 15:35:21.098,417.2896135887073,103
2024-09-18 15:35:21.102,417.23170649127314,1002
2024-09-18 15:35:21.333,417.2630142378088,8
2024-09-18 15:35:21.388,417.3235161640958,996
2024-09-18 15:35:21.554,417.2247827457964,99
2024-09-18 15:35:21.665,417.2215617065698,96
2024-09-18 15:35:21.699,417.2146968532598,1003
2024-09-18 15:35:21.720,417.35781392575313,999
2024-09-18 15:35:21.880,417.2895785006958,96
2024-09-18 15:35:21.928,417.3503246072343,12
2024-09-18 15:35:21.929,417.25299642247296,996
2024-09-18 15:35:21.941,417.312855124211,997
2024-09-18 15:35:21.972,417.21441620103576,8
2024-09-18 15:35:22.056,417.3261779362193,13
2024-09-18 15:35:22.136,417.3298423724436,98
2024-09-18 15:35:22.403,417.34528077014255,10
2024-09-18 15:35:22.419,417.30346403770415,999
2024-09-18 15:35:22.587,417.3081048641338,999
2024-09-18 15:35:22.696,417.3234250226407,11
2024-09-18 15:35:22.725,417.3108845163852,996
2024-09-18 15:35:22.831,417.3346146316992,99
2024-09-18 15:35:22.844,417.3175506713686,13
2024-09-18 15:35:22.865,417.32067822686,1001
2024-09-18 15:35:22.895,417.31750591632425,995
2024-09-18 15:35:22.907,417.3113759061399,5
2024-09-18 15:35:22.911,417.3368319173864,100
2024-09-18 15:35:22.950,417.3150268842826,999
2024-09-18 15:35:23.032,417.3211528110743,99
2024-09-18 15:35:23.117,417.2920784496607,12
2024-09-18 15:35:23.136,41.72708475132995,102
2024-09-18 15:35:23.159,417.285295781718,105
2024-09-18 15:35:23.230,417.2871421559512,7
2024-09-18 15:35:23.263,417.30157539965415,10
2024-09-18 15:35:23.358,417.2834607152416,1001
2024-09-18 15:35:23.409,417.28380928393847,995
2024-09-18 15:35:23.498,417.29461257779263,15
2024-09-18 15:35:23.536,417.29271013667534,100
2024-09-18 15:35:23.598,417.2969138124556,101
2024-09-18 15:35:23.611,417.2567739735809,103
2024-09-18 15:35:23.737,417.289913472161,8
2024-09-18 15:35:23.831,417.3069083478812,996
2024-09-18 15:35:23.859,417.2904318833273,9
2024-09-18 15:35:23.888,417.27670512502925,100
2024-09-18 15:35:23.894,417.2819430132548,103
2024-09-18 15:35:23.906,417.3059225830968,104
2024-09-18 15:35:23.928,417.2914277465507,8
2024-09-18 15:35:23.928,417.3034259215379,1000
2024-09-18 15:35:23.971,417.2652487848839,102
2024-09-18 15:35:24.026,417.253865379616,1001
2024-09-18 15:35:24.061,417.2658965766792,996
2024-09-18 15:35:24.163,417.2620250019247,7
2024-09-18 15:35:24.211,417.2773359254342,8
2024-09-18 15:35:24.335,417.2733485958453,996
2024-09-18 15:35:24.416,417.23845136058935,9
2024-09-18 15:35:24.432,417.2507521293789,95
2024-09-18 15:35:24.434,417.2621064360064,11
2024-09-18 15:35:24.464,417.2813849186853,996
2024-09-18 15:35:24.564,417.2451629453552,14
2024-09-18 15:35:24.721,417.2801650564143,999
2024-09-18 15:35:24.829,417.2853867603457,103
2024-09-18 15:35:24.869,417.23397318328136,102
2024-09-18 15:35:24.876,417.2792154980399,12
2024-09-18 15:35:24.936,417.2692817956218,999
2024-09-18 15:35:24.975,417.2353183757074,1002
2024-09-18 15:35:25.020,417.2261016667417,5
2024-09-18 15:35:25.043,417.2389436505067,995
2024-09-18 15:35:25.174,417.2455827373143,103
2024-09-18 15:35:25.247,417.2401538677715,97
2024-09-18 15:35:25.307,417.2118677752503,1003
2024-09-18 15:35:25.433,417.2098644079,995
2024-09-18 15:35:25.525,417.2312421896856,13
2024-09-18 15:35:25.540,417.2374727334149,15
2024-09-18 15:35:25.658,417.1966422157516,11
2024-09-18 15:35:25.740,417.2404576671234,103
2024-09-18 15:35:25.915,417.2283008025664,103
2024-09-18 15:35:25.921,417.2170508139384,995
2024-09-18 15:35:26.021,417.1840150106571,1000
2024-09-18 15:35:26.086,417.2170828217687,997
2024-09-18 15:35:26.114,417.21026551595753,104
2024-09-18 15:35:26.217,417.2277780379949,996
2024-09-18 15:35:26.239,417.227463876996,8
2024-09-18 15:35:26.241,417.21366926168673,999
2024-09-18 15:35:26.253,417.2037268129336,14
2024-09-18 15:35:26.284,417.2256247076922,999
2024-09-18 15:35:26.299,417.2351720867908,7
2024-09-18 15:35:26.320,417.2604579040354,7
2024-09-18 15:35:26.342,417.2118560850861,1001
2024-09-18 15:35:26.450,417.2197828759229,1005
2024-09-18 15:35:26.477,417.2390995606103,99
2024-09-18 15:35:26.481,417.2482645668272,9
2024-09-18 15:35:26.541,417.2086736177486,1001
2024-09-18 15:35:26.633,417.2259689546909,1005
2024-09-18 15:35:26.637,417.2110156269456,1005
2024-09-18 15:35:26.692,417.2101985053808,104
2024-09-18 15:35:26.695,417.2004167807731,998
2024-09-18 15:35:26.710,417.1909599714794,6
2024-09-18 15:35:26.811,417.2282542592104,10
2024-09-18 15:35:26.831,417.20171849496944,1003
2024-09-18 15:35:26.845,41.71946161083101,996
2024-09-18 15:35:26.851,417.17206325387576,10
2024-09-18 15:35:27.074,417.2389550815628,1003
2024-09-18 15:35:27.158,417.2705756550317,1004
2024-09-18 15:35:27.167,417.2389925554788,97
2024-09-18 15:35:27.241,417.2313390084753,1005
2024-09-18 15:35:27.250,417.2380768097036,13
2024-09-18 15:35:27.330,,102
2024-09-18 15:35:27.388,417.251162750528,6
2024-09-18 15:35:27.435,417.2375082248904,104
2024-09-18 15:35:27.445,417.2499472155557,1005
2024-09-18 15:35:27.459,417.2490623755709,96
2024-09-18 15:35:27.485,417.2519458464083,14
2024-09-18 15:35:27.534,417.2447543268031,1002
2024-09-18 15:35:27.552,41.72247043512228,996
2024-09-18 15:35:27.595,417.2585114744424,100
2024-09-18 15:35:27.683,417.1950576325238,995
2024-09-18 15:35:27.743,417.251547633545,998
2024-09-18 15:35:27.757,417.223270845748,98
2024-09-18 15:35:27.812,417.22777333107217,999
2024-09-18 15:35:27.827,417.2161645350282,6
2024-09-18 15:35:27.838,417.23539919145776,15
2024-09-18 15:35:27.897,417.26464550649786,997
2024-09-18 15:35:27.901,417.24937384553,1001
2024-09-18 15:35:27.951,417.2292113338732,95
2024-09-18 15:35:27.970,417.2306653153405,995
2024-09-18 15:35:28.480,417.22607091603135,101
2024-09-18 15:35:28.599,417.2262361057982,9
2024-09-18 15:35:29.020,417.232194178693,103
2024-09-18 15:35:29.290,417.2508302073009,15
2024-09-18 15:35:29.494,417.2565722574634,105
2024-09-18 15:35:29.550,417.24011613610327,104
2024-09-18 15:35:29.553,417.2348923511592,999
2024-09-18 15:35:29.747,417.2298962281902,14
2024-09-18 15:35:29.789,417.22644322036393,98
2024-09-18 15:35:29.797,417.2467955902903,1000
2024-09-18 15:35:29.814,417.244669617742,1000
2024-09-18 15:35:29.879,412.02753397944514,99
2024-09-18 15:35:29.906,417.2382205203469,103
2024-09-18 15:35:29.914,412.0371057657275,8
2024-09-18 15:35:29.993,417.2366546652953,99
2024-09-18 15:35:30.031,417.2380013502327,14
2024-09-18 15:35:30.159,417.250348733268,1000
2024-09-18 15:35:30.183,417.23683937653016,96
2024-09-18 15:35:30.282,417.222984194391,1000
2024-09-18 15:35:30.287,417.2617586837794,102
2024-09-18 15:35:30.387,417.2212323826506,15
2024-09-18 15:35:30.389,417.2227844008585,104
2024-09-18 15:35:30.403,417.23820633253433,9
2024-09-18 15:35:30.424,417.1929368613996,105
2024-09-18 15:35:30.447,417.2515459353137,1003
2024-09-18 15:35:30.458,417.2281009453672,995
2024-09-18 15:35:30.504,417.2212085305247,102
2024-09-18 15:35:30.525,417.2497615426264,10
2024-09-18 15:35:30.544,417.2613909999647,99
2024-09-18 15:35:30.576,417.2502159542432,13
2024-09-18 15:35:30.623,417.2629538789187,97
2024-09-18 15:35:30.629,417.2585744445608,9
2024-09-18 15:35:30.667,417.24443638005306,1005
2024-09-18 15:35:30.691,417.2307663770067,997
2024-09-18 15:35:30.694,417.24851159816814,1001
2024-09-18 15:35:30.700,417.2545897970473,96
2024-09-18 15:35:30.773,417.2619532575268,103
2024-09-18 15:35:30.820,417.2318732758425,96
2024-09-18 15:35:30.984,417.2433488465913,101
2024-09-18 15:35:30.989,417.2306674442708,105
2024-09-18 15:35:30.990,417.19634508690064,998
2024-09-18 15:35:31.007,417.20343376967793,1000
2024-09-18 15:35:31.048,417.1684118264436,95
2024-09-18 15:35:31.089,417.1899217147668,96
2024-09-18 15:35:31.107,417.1415322432982,6
2024-09-18 15:35:31.114,417.15174952235753,13
2024-09-18 15:35:31.127,417.19666550430856,1000
2024-09-18 15:35:31.218,417.18430752095554,1001
2024-09-18 15:35:31.468,417.1493720232712,996
2024-09-18 15:35:31.519,417.1923883794872,96
2024-09-18 15:35:31.551,417.1654536076947,104
2024-09-18 15:35:31.592,417.2197442021334,105
2024-09-18 15:35:31.623,417.22876564431095,14
2024-09-18 15:35:31.785,417.1262419112972,95
2024-09-18 15:35:31.935,417.1844308850765,102
2024-09-18 15:35:31.989,417.1754762896763,1000
2024-09-18 15:35:32.003,417.2770824560312,9
2024-09-18 15:35:32.003,417.19542656816526,995
2024-09-18 15:35:32.063,,98
2024-09-18 15:35:32.089,417.2159775912436,1000
2024-09-18 15:35:32.156,417.2424900000477,9
2024-09-18 15:35:32.230,417.2691889534931,101
2024-09-18 15:35:32.266,417.2724799378638,14
2024-09-18 15:35:32.508,417.2830249024439,5
2024-09-18 15:35:32.510,417.27101962618,102
2024-09-18 15:35:32.537,417.2141750292102,100
2024-09-18 15:35:32.649,417.2561403011015,10
2024-09-18 15:35:32.665,417.241086379528,1005
2024-09-18 15:35:32.666,417.27746798180766,13
2024-09-18 15:35:32.762,411.98135619380616,997
2024-09-18 15:35:32.825,417.2720297534744,1000
2024-09-18 15:35:32.874,417.28657279697495,11
2024-09-18 15:35:32.891,417.2694449738217,1004
2024-09-18 15:35:32.896,417.2290267604663,1002
2024-09-18 15:35:32.940,417.245168951972,102
2024-09-18 15:35:32.942,417.2578772168353,100
2024-09-18 15:35:32.954,417.2300676811472,98
2024-09-18 15:35:33.029,417.15351364584455,95
2024-09-18 15:35:33.065,417.1963195397937,1004
2024-09-18 15:35:33.086,417.21784379514565,15
2024-09-18 15:35:33.111,417.1717763845544,98
2024-09-18 15:35:33.154,417.2160538034671,1003
2024-09-18 15:35:33.291,417.1395064337617,103
2024-09-18 15:35:33.330,417.12642344860126,999
2024-09-18 15:35:33.332,417.1275691407138,6
2024-09-18 15:35:33.554,417.139454566077,1004
2024-09-18 15:35:33.566,417.2277140048095,1004
2024-09-18 15:35:33.630,417.141351453642,8
2024-09-18 15:35:33.651,417.18860420709314,13
2024-09-18 15:35:33.670,417.2124187615419,1002
2024-09-18 15:35:33.692,417.1348691900864,1004
2024-09-18 15:35:33.726,417.2192076748774,12
2024-09-18 15:35:33.778,417.2258956129833,101
2024-09-18 15:35:33.830,417.1620240618593,997
2024-09-18 15:35:33.847,417.1623255697806,103
2024-09-18 15:35:33.860,417.13686421713686,15
2024-09-18 15:35:33.897,417.1365513742908,98
2024-09-18 15:35:33.970,417.13154271449457,999
2024-09-18 15:35:34.234,417.1336154998952,98
2024-09-18 15:35:34.372,417.1161548732717,105
2024-09-18 15:35:34.466,417.1258827027645,15
2024-09-18 15:35:34.500,417.1075049669236,9
2024-09-18 15:35:34.782,417.1548563762215,997
2024-09-18 15:35:34.812,417.1212296871205,998
2024-09-18 15:35:35.027,417.1244376187223,1000
2024-09-18 15:35:35.090,-417.1399693060856,1003
2024-09-18 15:35:35.165,417.1520558607414,102
2024-09-18 15:35:35.234,41.71044700387564,102
2024-09-18 15:35:35.597,417.127705864228,995
2024-09-18 15:35:35.685,417.158124501099,10
2024-09-18 15:35:36.032,417.1188173170051,96
2024-09-18 15:35:36.096,417.1393675699277,6
2024-09-18 15:35:36.166,417.1323550691886,1005
2024-09-18 15:35:36.190,417.1299468601053,997
2024-09-18 15:35:36.196,417.1270391360355,12
2024-09-18 15:35:36.315,417.165747382024,11
2024-09-18 15:35:36.371,417.1498235002299,96
2024-09-18 15:35:36.419,41.71195291974362,10
2024-09-18 15:35:36.445,417.11460691791854,105
2024-09-18 15:35:36.449,417.1406596448969,6
2024-09-18 15:35:36.467,417.09549769780176,99
2024-09-18 15:35:36.504,417.1554476517552,14
2024-09-18 15:35:36.512,417.1534842688551,8
2024-09-18 15:35:36.524,417.1359238025007,995
2024-09-18 15:35:36.637,417.1386396366565,15
2024-09-18 15:35:36.666,417.1490369327973,5
2024-09-18 15:35:36.682,417.1182227511616,14
2024-09-18 15:35:36.692,417.13036794567887,7
2024-09-18 15:35:36.808,417.16532440648194,995
2024-09-18 15:35:36.815,417.130905329098,13
2024-09-18 15:35:36.821,417.1300550611198,1002
2024-09-18 15:35:36.842,417.1303134114142,105
2024-09-18 15:35:36.962,417.15238881795096,95
2024-09-18 15:35:36.963,417.1014130197024,997
2024-09-18 15:35:37.028,417.0865129475224,998
2024-09-18 15:35:37.037,417.12579060469216,996
2024-09-18 15:35:37.368,417.108683947656,5
2024-09-18 15:35:37.398,417.1274415286826,101
2024-09-18 15:35:37.450,417.1464578662128,8
2024-09-18 15:35:37.477,417.1124189207269,997
2024-09-18 15:35:37.528,417.1475216797517,102
2024-09-18 15:35:37.671,417.1286074474596,101
2024-09-18 15:35:37.691,417.1395909026658,15
2024-09-18 15:35:37.849,417.1361462360444,7
2024-09-18 15:35:38.036,417.085272119154,101
2024-09-18 15:35:38.055,417.09243584476894,101
2024-09-18 15:35:38.082,417.0776727183993,996
2024-09-18 15:35:38.239,417.0791382465439,995
2024-09-18 15:35:38.355,417.0816712441549,7
2024-09-18 15:35:38.381,417.0983857270317,11
2024-09-18 15:35:38.452,417.1229280737056,1001
2024-09-18 15:35:38.549,417.0942466768388,13
2024-09-18 15:35:38.596,417.0924229125129,999
2024-09-18 15:35:38.599,417.1101437768892,101
2024-09-18 15:35:38.647,417.0765135280793,1000
2024-09-18 15:35:38.674,417.10088204083473,97
2024-09-18 15:35:38.754,417.0843550885736,6
2024-09-18 15:35:38.844,417.0799406615182,1001
2024-09-18 15:35:38.855,417.0781419117286,998
2024-09-18 15:35:39.167,417.1189636232799,1005
2024-09-18 15:35:39.310,,96
2024-09-18 15:35:39.585,411.90198459839576,105
2024-09-18 15:35:39.861,417.0989501959312,10
2024-09-18 15:35:40.017,417.0931910568054,7
2024-09-18 15:35:40.186,417.096643364069,995
2024-09-18 15:35:40.257,417.09406452770935,103
2024-09-18 15:35:40.303,417.0931800974201,14
2024-09-18 15:35:40.420,417.10000276866,95
2024-09-18 15:35:40.426,417.1098187635011,996
2024-09-18 15:35:40.460,417.1140935283642,998
2024-09-18 15:35:40.563,417.0950959406425,12
2024-09-18 15:35:40.565,417.1090395465414,99
2024-09-18 15:35:40.676,417.1029000840297,10
2024-09-18 15:35:40.712,417.0808981784172,1004
2024-09-18 15:35:40.746,417.1028916702128,9
2024-09-18 15:35:40.774,417.1075084848047,1001
2024-09-18 15:35:40.816,417.1292808361189,1004
2024-09-18 15:35:40.830,417.1161252296312,10
2024-09-18 15:35:41.242,417.07395057845577,1002
2024-09-18 15:35:41.291,417.079820478923,995
2024-09-18 15:35:41.552,417.0864932303974,6
2024-09-18 15:35:41.721,,7
2024-09-18 15:35:42.077,417.1076026211391,13
2024-09-18 15:35:42.115,417.0688957819141,5
2024-09-18 15:35:42.146,417.085430328755,99
2024-09-18 15:35:42.195,417.0878241729948,97
2024-09-18 15:35:42.223,417.123758910512,96
2024-09-18 15:35:42.280,417.09624455410574,10
2024-09-18 15:35:42.365,417.0948201815919,101
2024-09-18 15:35:42.389,417.0568910431134,999
2024-09-18 15:35:42.406,417.08842436162143,1005
2024-09-18 15:35:42.523,417.0652536261459,10
2024-09-18 15:35:42.678,417.0959249979952,1004
2024-09-18 15:35:42.721,417.0889268465075,997
2024-09-18 15:35:42.737,417.105121348598,1004
2024-09-18 15:35:42.855,417.08302778679086,100
2024-09-18 15:35:42.860,417.0559167197029,103
2024-09-18 15:35:42.886,417.05706790503046,15
2024-09-18 15:35:42.954,417.0769482710696,999
2024-09-18 15:35:43.075,417.0333901531057,6
2024-09-18 15:35:43.147,417.0249292277063,1002
2024-09-18 15:35:43.190,417.0247046712383,10
2024-09-18 15:35:43.203,417.038985234805,99
2024-09-18 15:35:43.252,417.0310850761069,99
2024-09-18 15:35:43.277,416.9890832915128,97
2024-09-18 15:35:43.328,416.991321984145,105
2024-09-18 15:35:43.358,417.0064796289563,12
2024-09-18 15:35:43.392,416.9933863489529,8
2024-09-18 15:35:43.419,417.0407987500799,1000
2024-09-18 15:35:43.476,417.02209745811007,1001
2024-09-18 15:35:43.480,417.0441698383659,97
2024-09-18 15:35:43.551,417.0079045032142,97
2024-09-18 15:35:43.626,417.03322691605206,12
2024-09-18 15:35:43.650,417.0264142889652,995
2024-09-18 15:35:43.691,417.042272878204,11
2024-09-18 15:35:43.696,417.0306494669435,1002
2024-09-18 15:35:43.781,417.0418259057169,100
2024-09-18 15:35:43.782,416.98144569307954,100
2024-09-18 15:35:43.883,417.0303854908305,99
2024-09-18 15:35:43.983,416.9880260359081,10
2024-09-18 15:35:44.034,416.9388524436664,995
2024-09-18 15:35:44.054,416.9834508151932,96
2024-09-18 15:35:44.078,416.9289238390711,995
2024-09-18 15:35:44.119,416.8785670034187,6
2024-09-18 15:35:44.208,416.9190444275648,7
2024-09-18 15:35:44.241,416.8835692207057,1001
2024-09-18 15:35:44.269,416.93929890790776,11
2024-09-18 15:35:44.311,416.935214184002,6
2024-09-18 15:35:44.347,416.9577689261402,1001
2024-09-18 15:35:44.361,416.93639641684456,103
2024-09-18 15:35:44.362,416.9985960511037,97
2024-09-18 15:35:44.366,416.9401285171808,1005
2024-09-18 15:35:44.440,416.9204348455584,1004
2024-09-18 15:35:44.472,417.0147895256487,102
2024-09-18 15:35:44.502,416.908922053216,998
2024-09-18 15:35:44.523,416.9694082103712,14
2024-09-18 15:35:44.560,416.92310314535024,14
2024-09-18 15:35:44.585,417.0022537146784,996
2024-09-18 15:35:44.606,416.8931343686724,105
2024-09-18 15:35:44.621,416.9341375064972,995
2024-09-18 15:35:44.628,416.99117778146655,12
2024-09-18 15:35:44.631,416.8899331482083,1002
2024-09-18 15:35:44.686,416.9558226970992,96
2024-09-18 15:35:44.724,416.926857473164,97
2024-09-18 15:35:44.779,416.89404487140246,98
2024-09-18 15:35:44.843,416.8756009806255,99
2024-09-18 15:35:44.857,416.8882247372578,101
2024-09-18 15:35:44.949,416.9712958338444,1003
2024-09-18 15:35:45.061,416.8850720809365,101
2024-09-18 15:35:45.200,416.8509303215367,12
2024-09-18 15:35:45.216,416.8357366037847,995
2024-09-18 15:35:45.268,416.8527441550125,6
2024-09-18 15:35:45.303,416.8385485713141,996
2024-09-18 15:35:45.523,416.8621667624115,9
2024-09-18 15:35:45.538,416.8730644134643,99
2024-09-18 15:35:45.791,416.8730862250993,8
2024-09-18 15:35:45.801,416.8453038703091,13
2024-09-18 15:35:45.851,416.8752103618125,6
2024-09-18 15:35:45.951,416.8596323555496,6
2024-09-18 15:35:45.962,416.87235197621214,996
2024-09-18 15:35:45.983,416.8531583097762,12
2024-09-18 15:35:46.019,416.8395396794954,1000
2024-09-18 15:35:46.046,416.9295627439078,11
2024-09-18 15:35:46.110,416.919428018755,5
2024-09-18 15:35:46.145,416.8369309120056,1003
2024-09-18 15:35:46.199,416.8552629298824,1002
2024-09-18 15:35:46.257,416.86080755469067,102
2024-09-18 15:35:46.274,416.8221869408565,1004
2024-09-18 15:35:46.291,416.8557808268876,14
2024-09-18 15:35:46.325,416.8719336053468,103
2024-09-18 15:35:46.335,416.937870740025,5
2024-09-18 15:35:46.343,416.8780164286732,105
2024-09-18 15:35:46.396,416.8808444656831,13
2024-09-18 15:35:46.448,416.8939984999273,95
2024-09-18 15:35:46.488,416.8613880819145,997
2024-09-18 15:35:46.489,416.8799640662268,97
2024-09-18 15:35:46.503,416.8766579851698,996
2024-09-18 15:35:46.517,,8
2024-09-18 15:35:46.534,-416.9346973687666,12
2024-09-18 15:35:46.598,416.9127055201247,96
2024-09-18 15:35:46.698,416.9016971990134,9
2024-09-18 15:35:46.729,416.8424279528521,10
2024-09-18 15:35:46.760,416.88870970045735,5
2024-09-18 15:35:46.820,416.8732438427328,1003
2024-09-18 15:35:46.823,416.8595734130807,101
2024-09-18 15:35:46.825,416.8541143785413,5
2024-09-18 15:35:46.830,416.84013770859207,998
2024-09-18 15:35:46.831,416.9310278992357,101
2024-09-18 15:35:46.835,416.865280662484,95
2024-09-18 15:35:46.939,416.8943065192343,14
2024-09-18 15:35:46.985,416.8536591984682,11
2024-09-18 15:35:47.134,416.9531122612302,12
2024-09-18 15:35:47.259,416.9485229144127,1002
2024-09-18 15:35:47.609,416.9588639542947,11
2024-09-18 15:35:47.622,416.9492296262746,96
2024-09-18 15:35:47.835,416.9600551868684,99
2024-09-18 15:35:47.918,416.95819158816016,11
2024-09-18 15:35:48.071,416.94855469184654,998
2024-09-18 15:35:48.096,416.9237175542791,11
2024-09-18 15:35:48.329,416.9455595504889,103
2024-09-18 15:35:48.515,416.9613444514964,1002
2024-09-18 15:35:48.661,416.95233718417103,1001
2024-09-18 15:35:48.896,-416.9700280578014,6
2024-09-18 15:35:48.956,416.9703660660173,104
2024-09-18 15:35:48.986,416.9108300839593,101
2024-09-18 15:35:49.049,416.932277316177,95
2024-09-18 15:35:49.058,416.9337508954576,998
2024-09-18 15:35:49.062,416.96010588117696,1002
2024-09-18 15:35:49.064,416.9387326929904,998
2024-09-18 15:35:49.172,416.8977759101672,1005
2024-09-18 15:35:49.213,416.94981396328967,10
2024-09-18 15:35:49.222,,5
2024-09-18 15:35:49.224,416.88189265019656,10
2024-09-18 15:35:49.255,416.8778888147176,999
2024-09-18 15:35:49.258,416.8992247722265,14
2024-09-18 15:35:49.367,416.89423275401,1003
2024-09-18 15:35:49.395,416.9082796464335,5
2024-09-18 15:35:49.507,416.9027747962768,999
2024-09-18 15:35:49.603,416.8855130401636,105
2024-09-18 15:35:49.615,416.9340237918162,100
2024-09-18 15:35:49.633,416.9292687822796,102
2024-09-18 15:35:49.643,416.86410699128174,14
2024-09-18 15:35:49.651,416.933413955324,11
2024-09-18 15:35:49.656,416.8965195835192,1002
2024-09-18 15:35:49.722,416.88773681805634,100
2024-09-18 15:35:49.824,416.91234825643954,8
2024-09-18 15:35:49.827,416.9707546365631,104
2024-09-18 15:35:49.843,416.9124311195066,102
2024-09-18 15:35:49.904,416.9081849427995,5
2024-09-18 15:35:50.001,416.92503753296313,14
2024-09-18 15:35:50.005,416.9184181264512,996
2024-09-18 15:35:50.074,416.9095820142558,1001
2024-09-18 15:35:50.078,416.8724809391244,9
2024-09-18 15:35:50.098,416.8509323559725,102
2024-09-18 15:35:50.161,416.9372752843669,995
2024-09-18 15:35:50.212,416.8820889657554,12
2024-09-18 15:35:50.226,416.867149468739,95
2024-09-18 15:35:50.320,416.8805724840284,1002
2024-09-18 15:35:50.360,416.8654952765968,999
2024-09-18 15:35:50.426,416.8698922538648,15
2024-09-18 15:35:50.439,416.8853336479381,8
2024-09-18 15:35:50.517,416.8788010076152,11
2024-09-18 15:35:50.517,416.93112247163344,103
2024-09-18 15:35:50.548,416.8661870889856,101
2024-09-18 15:35:50.603,416.8638892902389,95
2024-09-18 15:35:50.712,416.9059573872616,103
2024-09-18 15:35:50.734,416.9048098928083,97
2024-09-18 15:35:50.742,416.9217777349482,1001
2024-09-18 15:35:50.747,416.8570996646699,13
2024-09-18 15:35:50.764,416.8653191286969,1000
2024-09-18 15:35:50.806,416.91138811423775,104
2024-09-18 15:35:50.846,416.8819778827973,5
2024-09-18 15:35:50.848,416.9020278734988,102
2024-09-18 15:35:50.879,416.9110735054944,7
2024-09-18 15:35:50.886,416.8567402033108,1004
2024-09-18 15:35:50.987,41.68456190783144,11
2024-09-18 15:35:51.091,416.8890668711203,999
2024-09-18 15:35:51.143,416.88328038385646,1003
2024-09-18 15:35:51.382,416.8562430178996,7
2024-09-18 15:35:51.421,416.859608192847,10
2024-09-18 15:35:51.492,416.8894440395776,1004
2024-09-18 15:35:51.632,416.89710109838,15
2024-09-18 15:35:51.664,416.878406690204,97
2024-09-18 15:35:51.678,416.88249529239073,15
2024-09-18 15:35:51.762,416.8744239999812,1002
2024-09-18 15:35:51.809,416.8844832278955,100
2024-09-18 15:35:51.852,416.8765483682148,13
2024-09-18 15:35:51.863,416.87856753859774,101
2024-09-18 15:35:52.017,411.57568674944815,99
2024-09-18 15:35:52.054,416.847043674596,99
2024-09-18 15:35:52.169,416.9072713110165,95
2024-09-18 15:35:52.232,416.9174864859105,105
2024-09-18 15:35:52.367,416.89478180737314,104
2024-09-18 15:35:52.367,416.8384645887413,1001
2024-09-18 15:35:52.456,416.8436747042143,14
2024-09-18 15:35:52.483,416.86323917096286,11
2024-09-18 15:35:52.625,416.8525421530685,7
2024-09-18 15:35:52.648,416.9012107175219,1000
2024-09-18 15:35:52.673,416.911389534924,105
2024-09-18 15:35:52.783,416.8965728695976,999
2024-09-18 15:35:52.831,416.8434527159792,104
2024-09-18 15:35:52.882,416.8985964737053,1003
2024-09-18 15:35:52.897,416.8929678084697,1003
2024-09-18 15:35:52.946,416.89055434396136,104
2024-09-18 15:35:53.030,416.9272003050047,1000
2024-09-18 15:35:53.042,416.9688816285196,5
2024-09-18 15:35:53.058,416.960930917032,103
2024-09-18 15:35:53.212,416.9157800347889,13
2024-09-18 15:35:53.279,416.9761772288408,1004
2024-09-18 15:35:53.281,416.9259269063325,997
2024-09-18 15:35:53.308,416.9330575997106,13
2024-09-18 15:35:53.496,416.9302859292176,6
2024-09-18 15:35:53.504,416.9130131408045,1002
2024-09-18 15:35:53.629,416.9207981499313,1000
2024-09-18 15:35:53.639,416.9358524505152,105
2024-09-18 15:35:53.678,416.93623060662736,1003
2024-09-18 15:35:53.744,416.9219548638901,6
2024-09-18 15:35:53.801,416.94187747799015,98
2024-09-18 15:35:53.805,416.9396153529409,101
2024-09-18 15:35:53.879,416.9695507524584,997
2024-09-18 15:35:53.908,416.9207065976805,8
2024-09-18 15:35:53.928,416.9577880487946,103
2024-09-18 15:35:53.969,416.9667009670969,995
2024-09-18 15:35:53.990,416.9114082167811,997
2024-09-18 15:35:54.417,416.9642573185387,12
2024-09-18 15:35:54.572,416.9687426919753,104
2024-09-18 15:35:54.700,411.5659628476784,97
2024-09-18 15:35:54.921,416.95877271865527,1001
2024-09-18 15:35:55.029,,96
2024-09-18 15:35:55.436,416.9846036095069,6
2024-09-18 15:35:55.558,416.9698167365892,1002
2024-09-18 15:35:55.928,416.96701006320353,1005
2024-09-18 15:35:55.946,416.994661356397,999
2024-09-18 15:35:55.985,416.9704039869276,101
2024-09-18 15:35:56.047,417.00666980954895,1004
2024-09-18 15:35:56.062,417.0047833511565,1005
2024-09-18 15:35:56.094,416.9892699782188,1005
2024-09-18 15:35:56.099,,9
2024-09-18 15:35:56.129,416.9951621335799,1004
2024-09-18 15:35:56.189,417.0120199657682,8
2024-09-18 15:35:56.221,417.0410206494133,998
2024-09-18 15:35:56.339,416.9883322698733,999
2024-09-18 15:35:56.347,417.00198599497656,1003
2024-09-18 15:35:56.356,417.0511417589996,1005
2024-09-18 15:35:56.384,417.0066080875176,8
2024-09-18 15:35:56.393,416.9984435531801,1000
2024-09-18 15:35:56.440,417.0350388956037,9
2024-09-18 15:35:56.459,417.0094507441669,998
2024-09-18 15:35:56.463,417.031331749564,104
2024-09-18 15:35:56.504,417.04744288687897,996
2024-09-18 15:35:56.529,416.9867757197803,999
2024-09-18 15:35:56.545,417.0564461432719,1001
2024-09-18 15:35:56.622,417.03791125784863,12
2024-09-18 15:35:56.636,417.0296748277431,99
2024-09-18 15:35:56.649,416.9960691572749,11
2024-09-18 15:35:56.763,417.0290241460548,95
2024-09-18 15:35:56.787,417.0137511608789,105
2024-09-18 15:35:56.790,417.0003651046352,997
2024-09-18 15:35:56.827,417.0416146922055,14
2024-09-18 15:35:56.865,417.00178271654113,96
2024-09-18 15:35:56.937,417.0184391201336,101
2024-09-18 15:35:56.979,417.0068006626201,97
2024-09-18 15:35:57.404,417.04161722680345,6
2024-09-18 15:35:57.925,417.0349378941468,97
2024-09-18 15:35:58.101,416.9961726072305,12
2024-09-18 15:35:58.131,417.0163239946435,11
2024-09-18 15:35:58.227,417.0173718121598,1003
2024-09-18 15:35:58.312,417.04360588972736,99
2024-09-18 15:35:58.338,416.97513149536144,5
2024-09-18 15:35:58.350,417.0005854575061,997
2024-09-18 15:35:58.420,417.02453178640366,8
2024-09-18 15:35:58.464,417.01076287576,105
2024-09-18 15:35:58.573,417.01277289252175,9
2024-09-18 15:35:58.580,417.0169548737326,998
2024-09-18 15:35:58.625,416.97671879647606,102
2024-09-18 15:35:58.711,417.0202037123564,14
2024-09-18 15:35:58.732,417.0231627530821,98
2024-09-18 15:35:58.746,416.9696480760478,8
2024-09-18 15:35:58.785,416.9829017550881,6
2024-09-18 15:35:58.819,417.0052465105788,6
2024-09-18 15:35:58.963,41.702495333387816,1005
2024-09-18 15:35:58.988,417.0209004991325,12
2024-09-18 15:35:59.065,416.9916209752205,996
2024-09-18 15:35:59.316,416.9951659592365,14
2024-09-18 15:35:59.339,416.98255510901015,9
2024-09-18 15:35:59.378,417.0073201055204,103
2024-09-18 15:35:59.464,417.0347772015922,7
2024-09-18 15:35:59.556,416.991205314351,5
2024-09-18 15:35:59.569,417.0263866944053,999
2024-09-18 15:35:59.731,417.00429946723096,1005
2024-09-18 15:35:59.792,417.013747220592,15
2024-09-18 15:35:59.810,416.9982291830578,95
2024-09-18 15:35:59.839,417.0111073180317,98
2024-09-18 15:35:59.860,417.0041954069357,11
2024-09-18 15:35:59.948,416.99489445941487,7
2024-09-18 15:35:59.963,417.0214969647808,104
