Timestamp,Price,Size
2024-09-19 10:08:00.049,418.577516739589,100
2024-09-19 10:08:00.203,418.5834627558136,97
2024-09-19 10:08:00.270,418.56486639049393,98
2024-09-19 10:08:00.333,418.5896827623188,995
2024-09-19 10:08:00.334,418.568580205014,1005
2024-09-19 10:08:00.434,418.60338708346217,102
2024-09-19 10:08:00.444,418.6162174923732,1003
2024-09-19 10:08:00.446,418.56829323865935,1003
2024-09-19 10:08:00.447,418.5357390686494,102
2024-09-19 10:08:00.458,418.5625083554784,97
2024-09-19 10:08:00.486,418.6111483328502,95
2024-09-19 10:08:00.507,418.5673902460224,8
2024-09-19 10:08:00.510,418.5614894925644,7
2024-09-19 10:08:00.566,418.57198101577865,1001
2024-09-19 10:08:00.653,418.5666761450279,996
2024-09-19 10:08:00.664,418.5813752908446,998
2024-09-19 10:08:00.692,418.5935540701919,10
2024-09-19 10:08:00.696,418.53024933445806,1002
2024-09-19 10:08:00.732,418.5818845244722,104
2024-09-19 10:08:00.771,418.5962094723301,99
2024-09-19 10:08:00.795,418.5398300064499,97
2024-09-19 10:08:00.797,418.5515773613297,10
2024-09-19 10:08:00.820,418.5974122101399,98
2024-09-19 10:08:00.876,418.5635533864617,96
2024-09-19 10:08:00.891,418.54694079939617,1000
2024-09-19 10:08:00.999,418.5766741149172,15
2024-09-19 10:08:01.003,418.4976354764312,9
2024-09-19 10:08:01.096,418.49692323030496,14
2024-09-19 10:08:01.123,418.5054861155042,997
2024-09-19 10:08:01.133,418.518884552635,15
2024-09-19 10:08:01.140,418.5473352650481,1002
2024-09-19 10:08:01.197,418.5307852792563,998
2024-09-19 10:08:01.283,418.53185963789,11
2024-09-19 10:08:01.324,418.5047971401041,13
2024-09-19 10:08:01.355,418.5112966948759,1001
2024-09-19 10:08:01.390,418.5008102125139,1003
2024-09-19 10:08:01.595,418.5125769550221,995
2024-09-19 10:08:01.615,418.5063777079053,1002
2024-09-19 10:08:01.618,418.5326887350032,998
2024-09-19 10:08:01.635,41.85073927529962,1002
2024-09-19 10:08:01.651,418.530357142059,6
2024-09-19 10:08:01.673,418.5202062949878,95
2024-09-19 10:08:01.763,418.5236556700109,95
2024-09-19 10:08:01.764,418.5268374515861,1003
2024-09-19 10:08:01.840,418.5099462364441,99
2024-09-19 10:08:03.261,418.5076139206268,15
2024-09-19 10:08:03.339,418.5168973653463,5
2024-09-19 10:08:03.388,418.5281360748022,105
2024-09-19 10:08:03.403,418.5210040099006,8
2024-09-19 10:08:03.407,418.5154472560893,8
2024-09-19 10:08:03.407,418.5063921068143,998
2024-09-19 10:08:03.449,418.5387665361829,995
2024-09-19 10:08:03.502,418.4993137892138,1000
2024-09-19 10:08:03.510,418.50192678874765,13
2024-09-19 10:08:03.582,418.5186200740818,1002
2024-09-19 10:08:03.664,418.5497075247397,15
2024-09-19 10:08:03.763,418.5156453896937,1000
2024-09-19 10:08:03.807,418.5393911766795,102
2024-09-19 10:08:03.892,418.4993164768944,15
2024-09-19 10:08:03.917,418.5159265326324,101
2024-09-19 10:08:03.948,418.5181381169681,995
2024-09-19 10:08:05.098,418.53285852903326,103
2024-09-19 10:08:05.522,418.5283247680204,105
2024-09-19 10:08:05.807,418.5258167676852,1002
2024-09-19 10:08:06.080,418.5384972661838,1002
2024-09-19 10:08:06.125,418.5020579614429,95
2024-09-19 10:08:06.131,418.5589982665392,9
2024-09-19 10:08:06.182,41.85175583654457,15
2024-09-19 10:08:06.187,418.5326553494577,5
2024-09-19 10:08:06.231,418.490742344315,96
2024-09-19 10:08:06.243,418.5322275723694,11
2024-09-19 10:08:06.398,418.51111814109424,997
2024-09-19 10:08:06.408,418.489050964761,12
2024-09-19 10:08:06.412,418.5404047388864,96
2024-09-19 10:08:06.441,418.5287883119343,10
2024-09-19 10:08:06.505,418.5212122370508,104
2024-09-19 10:08:06.530,418.5305605064121,1001
2024-09-19 10:08:06.535,418.4952595429549,8
2024-09-19 10:08:06.539,418.524997273772,98
2024-09-19 10:08:06.551,418.5072935512521,102
2024-09-19 10:08:06.551,418.54932296823,998
2024-09-19 10:08:06.562,418.5037799419198,96
2024-09-19 10:08:06.603,418.4942041700593,101
2024-09-19 10:08:06.636,418.5457819843712,8
2024-09-19 10:08:06.639,418.5150252324928,7
2024-09-19 10:08:06.659,418.5045782197963,1003
2024-09-19 10:08:06.690,418.5011608017133,9
2024-09-19 10:08:06.716,418.53812093750224,102
2024-09-19 10:08:06.741,418.5014968632658,1005
2024-09-19 10:08:06.752,418.56789362393937,8
2024-09-19 10:08:06.791,418.496572286673,1003
2024-09-19 10:08:06.988,418.48815550601967,99
2024-09-19 10:08:07.022,418.5339020145803,5
2024-09-19 10:08:07.205,418.5261911416741,998
2024-09-19 10:08:07.205,418.5048824441367,96
2024-09-19 10:08:07.243,418.5275052603936,102
2024-09-19 10:08:07.428,418.5163422908165,104
2024-09-19 10:08:07.549,418.5145672105856,10
2024-09-19 10:08:07.565,418.5234262146177,1000
2024-09-19 10:08:07.726,418.5028461385078,1005
2024-09-19 10:08:07.793,418.5251651243397,7
2024-09-19 10:08:07.840,418.5172279899096,103
2024-09-19 10:08:07.870,418.53517432967976,13
2024-09-19 10:08:07.903,418.53727395634286,995
2024-09-19 10:08:07.980,418.5091555092825,100
2024-09-19 10:08:07.997,418.52616623582367,103
2024-09-19 10:08:08.040,418.5226037758131,10
2024-09-19 10:08:08.073,418.5356630370537,995
2024-09-19 10:08:08.207,418.53848488754346,10
2024-09-19 10:08:08.220,418.5261699619186,1004
2024-09-19 10:08:08.300,418.551477574198,104
2024-09-19 10:08:08.345,418.54252919414864,995
2024-09-19 10:08:08.390,418.5367541991169,995
2024-09-19 10:08:08.444,418.5417418419918,1003
2024-09-19 10:08:08.514,418.531448310027,8
2024-09-19 10:08:08.600,418.5317154286019,997
2024-09-19 10:08:08.613,418.5365543303367,13
2024-09-19 10:08:08.623,418.5349108100287,15
2024-09-19 10:08:08.698,418.5219059042541,998
2024-09-19 10:08:08.714,418.5222547979188,997
2024-09-19 10:08:08.764,418.5619401116887,1000
2024-09-19 10:08:08.779,418.5306610688549,102
2024-09-19 10:08:08.848,418.5409103638554,7
2024-09-19 10:08:08.878,418.5631237605661,11
2024-09-19 10:08:08.881,418.5300515867828,99
2024-09-19 10:08:08.918,418.55575071434464,99
2024-09-19 10:08:08.930,418.5301025849692,103
2024-09-19 10:08:08.978,418.5139724654324,996
2024-09-19 10:08:10.064,418.5499463058468,12
2024-09-19 10:08:10.144,418.5988896621545,99
2024-09-19 10:08:10.170,418.58278819082057,997
2024-09-19 10:08:10.192,418.6309063565113,98
2024-09-19 10:08:10.229,418.59859652226,999
2024-09-19 10:08:10.258,418.5882482848921,1001
2024-09-19 10:08:10.297,418.5693274239858,8
2024-09-19 10:08:10.329,418.6148179018328,100
2024-09-19 10:08:10.551,418.6193893250915,1001
2024-09-19 10:08:10.709,418.5589790536841,100
2024-09-19 10:08:10.732,418.5595466917591,12
2024-09-19 10:08:10.813,418.578968507685,1005
2024-09-19 10:08:10.816,418.6027205520549,100
2024-09-19 10:08:10.895,418.606040537954,8
2024-09-19 10:08:10.899,418.56589673849726,1002
2024-09-19 10:08:10.909,418.6174905963007,1002
2024-09-19 10:08:11.085,418.6144376835414,98
2024-09-19 10:08:11.123,418.6240901710552,11
2024-09-19 10:08:11.245,41.86061413081727,104
2024-09-19 10:08:11.327,418.60001904469937,996
2024-09-19 10:08:11.359,418.6424456582547,96
2024-09-19 10:08:11.482,418.642746865453,100
2024-09-19 10:08:11.536,418.621457483713,1001
2024-09-19 10:08:11.594,418.63388252926063,8
2024-09-19 10:08:11.653,418.6115453173815,5
2024-09-19 10:08:11.711,418.6162374719797,996
2024-09-19 10:08:11.771,418.5979423938,102
2024-09-19 10:08:11.827,418.6347038372992,15
2024-09-19 10:08:11.885,-418.63777304009113,5
2024-09-19 10:08:12.036,418.6604228050901,997
2024-09-19 10:08:12.043,418.6533334852156,1003
2024-09-19 10:08:12.093,418.65055243604206,6
2024-09-19 10:08:12.094,418.616230872348,999
2024-09-19 10:08:12.198,418.64584584833307,104
2024-09-19 10:08:12.209,418.6339002875181,96
2024-09-19 10:08:12.227,418.6438412310784,996
2024-09-19 10:08:12.359,418.6511447337693,99
2024-09-19 10:08:12.370,418.63415276017565,97
2024-09-19 10:08:12.703,418.6319304178154,99
2024-09-19 10:08:12.864,418.6390363638176,101
2024-09-19 10:08:12.936,418.6443655848485,101
2024-09-19 10:08:13.000,-418.67965918810455,1002
2024-09-19 10:08:13.038,418.6762660462073,5
2024-09-19 10:08:13.135,418.6648390126558,6
2024-09-19 10:08:13.142,418.6757923365845,95
2024-09-19 10:08:13.172,418.66934355392624,13
2024-09-19 10:08:13.224,418.6809326180346,1003
2024-09-19 10:08:13.266,418.66341611238096,1000
2024-09-19 10:08:13.274,418.6539203161653,8
2024-09-19 10:08:13.295,418.6497740942033,1005
2024-09-19 10:08:13.321,418.6280990175618,1003
2024-09-19 10:08:13.346,418.64577527393055,99
2024-09-19 10:08:13.428,418.6330520904644,995
2024-09-19 10:08:13.483,418.6819878438493,1000
2024-09-19 10:08:13.492,418.6621523049821,1002
2024-09-19 10:08:13.582,418.66625638761286,1001
2024-09-19 10:08:13.599,418.6611936175357,9
2024-09-19 10:08:13.646,418.657957185396,1001
2024-09-19 10:08:13.707,41.86176170496877,998
2024-09-19 10:08:13.714,418.6635792737524,105
2024-09-19 10:08:13.747,418.6675695365696,95
2024-09-19 10:08:13.772,418.665974463816,102
2024-09-19 10:08:13.783,418.6598378073929,8
2024-09-19 10:08:13.797,418.6326493927888,6
2024-09-19 10:08:13.851,418.6025650144898,103
2024-09-19 10:08:13.872,418.6645288538841,5
2024-09-19 10:08:13.915,418.6650694928084,11
2024-09-19 10:08:13.982,418.61944907494217,102
2024-09-19 10:08:14.383,418.6575069977601,98
2024-09-19 10:08:14.395,418.6635968365594,996
2024-09-19 10:08:14.402,418.6565954552378,97
2024-09-19 10:08:14.432,418.630583547089,14
2024-09-19 10:08:14.435,418.64301002202274,100
2024-09-19 10:08:14.498,418.6485510217258,104
2024-09-19 10:08:14.688,418.6462241851965,12
2024-09-19 10:08:14.700,418.6156729963177,999
2024-09-19 10:08:14.797,418.6260670421168,104
2024-09-19 10:08:15.055,418.6474462932869,9
2024-09-19 10:08:15.114,418.61403874676586,7
2024-09-19 10:08:15.425,418.6352239551208,95
2024-09-19 10:08:15.525,418.647869653678,12
2024-09-19 10:08:15.547,418.6275194983426,99
2024-09-19 10:08:15.596,418.5945606934861,1005
2024-09-19 10:08:15.630,418.6529471960631,13
2024-09-19 10:08:15.687,418.6527348215436,5
2024-09-19 10:08:15.694,418.6489228256698,15
2024-09-19 10:08:15.819,418.6127262608747,95
2024-09-19 10:08:16.001,418.6454136898704,996
2024-09-19 10:08:16.154,418.6404293328257,5
2024-09-19 10:08:16.258,418.65055536601153,996
2024-09-19 10:08:16.603,418.6380472176156,100
2024-09-19 10:08:16.762,418.6480262803457,1004
2024-09-19 10:08:17.185,418.6775376648753,98
2024-09-19 10:08:17.206,418.67157392678473,997
2024-09-19 10:08:17.339,418.6561052937834,11
2024-09-19 10:08:17.350,418.6505844574045,1001
2024-09-19 10:08:17.411,418.6403791909736,996
2024-09-19 10:08:17.441,418.63350607371615,95
2024-09-19 10:08:17.540,418.68621672241744,9
2024-09-19 10:08:17.629,418.6543211404275,14
2024-09-19 10:08:17.733,418.6688491108875,11
2024-09-19 10:08:17.755,418.6642527960704,103
2024-09-19 10:08:18.442,418.6307947959766,998
2024-09-19 10:08:19.074,418.61941609565673,5
2024-09-19 10:08:19.114,418.5875175538148,99
2024-09-19 10:08:19.158,418.5879259051663,14
2024-09-19 10:08:19.230,418.590063399369,15
2024-09-19 10:08:19.334,418.591717537106,102
2024-09-19 10:08:19.409,418.62894324554327,99
2024-09-19 10:08:19.447,418.593558483782,1001
2024-09-19 10:08:19.448,418.6265469699041,12
2024-09-19 10:08:19.473,418.5936705852531,1004
2024-09-19 10:08:19.572,418.5889370681761,9
2024-09-19 10:08:19.586,418.5834424829854,999
2024-09-19 10:08:19.659,418.60241557642047,998
2024-09-19 10:08:19.791,418.5832297760044,1003
2024-09-19 10:08:19.821,418.63403142804657,100
2024-09-19 10:08:19.921,418.6245904762317,999
2024-09-19 10:08:19.982,418.59182791007856,11
2024-09-19 10:08:19.998,418.587664947213,15
2024-09-19 10:08:20.070,418.62398280401857,1002
2024-09-19 10:08:20.372,418.6365380357056,997
2024-09-19 10:08:20.455,418.644982083585,11
2024-09-19 10:08:20.524,418.6420186521552,101
2024-09-19 10:08:20.680,418.6155324906492,995
2024-09-19 10:08:20.712,418.6165687181964,7
2024-09-19 10:08:20.726,418.6385274554156,998
2024-09-19 10:08:20.753,418.6255849634517,996
2024-09-19 10:08:20.842,418.6390875307815,1001
2024-09-19 10:08:20.851,418.6347131328155,5
2024-09-19 10:08:20.990,418.6261876830002,999
2024-09-19 10:08:21.031,418.5049176742469,12
2024-09-19 10:08:21.072,418.5426252653709,1001
2024-09-19 10:08:21.090,418.55592564575153,1005
2024-09-19 10:08:21.094,418.5544513772256,12
2024-09-19 10:08:21.143,418.618854626662,97
2024-09-19 10:08:21.188,418.6222454509849,13
2024-09-19 10:08:21.208,418.5895027612334,104
2024-09-19 10:08:21.260,418.5505033090771,10
2024-09-19 10:08:21.278,418.5232327302918,1001
2024-09-19 10:08:21.293,418.6035846101799,1002
2024-09-19 10:08:21.372,418.506432066002,103
2024-09-19 10:08:21.393,418.5753568323357,102
2024-09-19 10:08:21.414,41.850623031891686,100
2024-09-19 10:08:21.476,-418.5164361796526,1001
2024-09-19 10:08:21.480,418.618466128792,8
2024-09-19 10:08:21.539,418.55281148012347,98
2024-09-19 10:08:21.552,418.61912440360953,997
2024-09-19 10:08:21.566,418.5109387777156,103
2024-09-19 10:08:21.608,418.5227084990681,100
2024-09-19 10:08:21.661,418.6158106828811,8
2024-09-19 10:08:21.668,418.5322625636323,99
2024-09-19 10:08:21.763,418.6069811879012,11
2024-09-19 10:08:21.764,418.6386671345179,999
2024-09-19 10:08:21.828,418.5974782567921,6
2024-09-19 10:08:21.842,41.86112405252328,1001
2024-09-19 10:08:21.900,418.5615971809407,1005
2024-09-19 10:08:21.904,418.6054268012051,102
2024-09-19 10:08:21.931,418.53684506365937,12
2024-09-19 10:08:22.016,418.5187114653001,100
2024-09-19 10:08:22.028,418.49675660684267,5
2024-09-19 10:08:22.151,418.50204140478246,997
2024-09-19 10:08:22.160,418.5123520196133,96
2024-09-19 10:08:22.166,418.4773388862364,98
2024-09-19 10:08:22.171,418.5148774588096,1001
2024-09-19 10:08:22.228,418.5236426506341,1002
2024-09-19 10:08:22.311,418.5036454051635,98
2024-09-19 10:08:22.323,418.50130688963816,97
2024-09-19 10:08:22.370,418.5304912857673,998
2024-09-19 10:08:22.378,418.51314791006206,96
2024-09-19 10:08:22.379,418.4960770586454,1000
2024-09-19 10:08:22.422,418.4790267736923,100
2024-09-19 10:08:22.424,418.4768384996513,103
2024-09-19 10:08:22.479,418.48401687453753,1003
2024-09-19 10:08:22.565,418.482440870297,1005
2024-09-19 10:08:22.698,418.5199422803167,97
2024-09-19 10:08:22.736,418.5004087613468,1005
2024-09-19 10:08:22.767,418.5177111834159,999
2024-09-19 10:08:22.835,418.498861104068,1005
2024-09-19 10:08:22.839,418.526826825018,101
2024-09-19 10:08:22.912,418.48849775011087,95
2024-09-19 10:08:23.005,418.4709339387194,1003
2024-09-19 10:08:23.142,418.5026393475829,5
2024-09-19 10:08:23.161,418.4872507929542,1002
2024-09-19 10:08:23.231,418.487049090264,1002
2024-09-19 10:08:23.370,418.5033128831848,997
2024-09-19 10:08:23.570,418.5001919057074,99
2024-09-19 10:08:23.639,418.4886205449519,95
2024-09-19 10:08:23.858,418.4841478554468,12
2024-09-19 10:08:23.860,418.47919332534417,996
2024-09-19 10:08:23.863,418.4787262552599,1000
2024-09-19 10:08:23.894,418.503202280894,102
2024-09-19 10:08:23.931,418.4879630757351,102
2024-09-19 10:08:23.957,418.505985122478,1005
2024-09-19 10:08:23.971,418.4945801574828,101
2024-09-19 10:08:24.010,418.47978859448193,105
2024-09-19 10:08:24.235,418.4656461918785,997
2024-09-19 10:08:24.306,418.4802957899781,14
2024-09-19 10:08:24.307,418.4729717519226,13
2024-09-19 10:08:24.742,418.4680464445978,10
2024-09-19 10:08:24.842,418.4958434197841,15
2024-09-19 10:08:24.910,418.5093670957607,1002
2024-09-19 10:08:24.971,418.4714735165173,10
2024-09-19 10:08:25.169,418.5374538068393,997
2024-09-19 10:08:25.290,418.5267834484711,99
2024-09-19 10:08:25.537,418.5358906170496,7
2024-09-19 10:08:25.652,418.528505365344,103
2024-09-19 10:08:25.785,418.51089491071775,995
2024-09-19 10:08:25.841,418.5283610990237,14
2024-09-19 10:08:25.950,418.5107719512948,12
2024-09-19 10:08:26.086,418.5179215677976,96
2024-09-19 10:08:26.171,418.51437926926695,104
2024-09-19 10:08:26.195,418.435343527996,999
2024-09-19 10:08:26.196,418.5166998277336,1003
2024-09-19 10:08:26.254,418.4619055689176,996
2024-09-19 10:08:26.277,418.55198840678094,101
2024-09-19 10:08:26.297,418.53541363802697,6
2024-09-19 10:08:26.421,418.5437757669417,98
2024-09-19 10:08:26.429,418.53412085912527,99
2024-09-19 10:08:26.567,418.5402036594539,103
2024-09-19 10:08:26.570,418.4955398257016,8
2024-09-19 10:08:26.607,418.4794590877132,101
2024-09-19 10:08:26.770,418.5128233112074,999
2024-09-19 10:08:26.802,418.4690623593453,996
2024-09-19 10:08:26.834,418.5377818093292,9
2024-09-19 10:08:26.887,418.4499017468202,1001
2024-09-19 10:08:26.915,418.528738489205,8
2024-09-19 10:08:27.036,418.4623847467034,14
2024-09-19 10:08:27.081,418.495469262825,95
2024-09-19 10:08:27.102,418.4526338379994,6
2024-09-19 10:08:27.338,418.4394734261024,9
2024-09-19 10:08:27.421,418.4515870153291,8
2024-09-19 10:08:27.443,418.5053851655427,5
2024-09-19 10:08:27.531,418.48933185922414,99
2024-09-19 10:08:27.553,418.4386540335894,7
2024-09-19 10:08:27.585,418.4912820515013,99
2024-09-19 10:08:27.661,418.4379542141091,98
2024-09-19 10:08:27.725,418.4518021450141,99
2024-09-19 10:08:27.798,418.4802470522568,995
2024-09-19 10:08:27.802,418.4577428592021,9
2024-09-19 10:08:27.894,418.4776398431504,996
2024-09-19 10:08:27.895,418.4566711863265,105
2024-09-19 10:08:28.044,418.5155497378601,1005
2024-09-19 10:08:28.083,418.532243358169,1000
2024-09-19 10:08:28.119,418.56005206915,1001
2024-09-19 10:08:28.143,418.570208292643,97
2024-09-19 10:08:28.181,418.5223538996228,98
2024-09-19 10:08:28.196,418.52279565645,1004
2024-09-19 10:08:28.197,418.5564150251806,995
2024-09-19 10:08:28.198,418.5062369315454,997
2024-09-19 10:08:28.228,418.517800004788,999
2024-09-19 10:08:28.253,418.5242254461783,11
2024-09-19 10:08:28.254,418.52968760312814,95
2024-09-19 10:08:28.301,418.5754405989978,996
2024-09-19 10:08:28.328,418.53383774554914,1001
2024-09-19 10:08:28.366,418.5688320611928,999
2024-09-19 10:08:28.382,418.5094115374011,101
2024-09-19 10:08:28.414,418.5399040175868,9
2024-09-19 10:08:28.458,418.5373315651457,1003
2024-09-19 10:08:28.522,418.5383795334489,104
2024-09-19 10:08:28.582,418.5363303852256,999
2024-09-19 10:08:28.611,418.5458009448838,13
2024-09-19 10:08:28.631,418.5245659692885,101
2024-09-19 10:08:28.636,418.5276218073677,1005
2024-09-19 10:08:28.736,418.5589600777173,997
2024-09-19 10:08:28.833,418.5368046874552,1002
2024-09-19 10:08:28.867,418.5321712548159,1003
2024-09-19 10:08:28.935,418.55499681833584,1002
2024-09-19 10:08:28.940,418.50072897043526,97
2024-09-19 10:08:28.949,418.5237633848918,15
2024-09-19 10:08:28.995,418.5192347605053,14
2024-09-19 10:08:29.033,418.571555901743,95
2024-09-19 10:08:29.043,418.5859071538507,996
2024-09-19 10:08:29.057,418.61573985636966,95
2024-09-19 10:08:29.120,418.5615336964254,13
2024-09-19 10:08:29.139,418.5765221358709,15
2024-09-19 10:08:29.250,418.5744394440644,99
2024-09-19 10:08:29.269,418.6020372481941,11
2024-09-19 10:08:29.283,,97
2024-09-19 10:08:29.332,418.5560531689334,1002
2024-09-19 10:08:29.362,418.60977940772943,13
2024-09-19 10:08:29.405,418.6163016389799,5
2024-09-19 10:08:29.409,418.5696910023271,1003
2024-09-19 10:08:29.420,418.5886492505925,997
2024-09-19 10:08:29.420,418.63569166389664,14
2024-09-19 10:08:29.462,418.5599999186401,14
2024-09-19 10:08:29.542,418.6118679161506,1005
2024-09-19 10:08:29.623,418.59939034858667,5
2024-09-19 10:08:29.655,418.5878378176736,10
2024-09-19 10:08:29.770,418.58337200737503,14
2024-09-19 10:08:29.812,418.57403770523086,998
2024-09-19 10:08:29.829,418.5902181376164,104
2024-09-19 10:08:29.928,418.6218525297109,5
2024-09-19 10:08:30.063,418.6716979716999,1005
2024-09-19 10:08:30.083,418.66757451926605,1003
2024-09-19 10:08:30.102,418.680012166104,996
2024-09-19 10:08:30.216,418.69787972145,10
2024-09-19 10:08:30.254,418.6649545853079,11
2024-09-19 10:08:30.257,418.6792856924166,999
2024-09-19 10:08:30.271,418.6683122879999,5
2024-09-19 10:08:30.310,418.69016773811273,1004
2024-09-19 10:08:30.357,418.67591115011714,102
2024-09-19 10:08:30.366,418.6434284597801,12
2024-09-19 10:08:30.368,418.6742681398198,103
2024-09-19 10:08:30.572,418.6657176614201,99
2024-09-19 10:08:30.599,418.6826541560189,1002
2024-09-19 10:08:30.617,418.6273298923266,996
2024-09-19 10:08:30.683,418.652378158436,5
2024-09-19 10:08:30.728,418.70375875027577,96
2024-09-19 10:08:30.754,418.6953750846682,8
2024-09-19 10:08:30.754,418.6853423907581,105
2024-09-19 10:08:30.928,418.6361055526984,14
2024-09-19 10:08:30.976,418.6689542107828,95
2024-09-19 10:08:31.032,418.587891275405,999
2024-09-19 10:08:31.045,418.5945793597414,105
2024-09-19 10:08:31.054,418.6218196051319,95
2024-09-19 10:08:31.111,418.5525209793452,5
2024-09-19 10:08:31.114,418.5791796331871,7
2024-09-19 10:08:31.208,418.6511790850613,101
2024-09-19 10:08:31.227,418.6221910897781,1005
2024-09-19 10:08:31.362,418.5743938625495,99
2024-09-19 10:08:31.380,418.5787301074332,1002
2024-09-19 10:08:31.401,418.6882282098449,1005
2024-09-19 10:08:31.447,418.64222955521217,105
2024-09-19 10:08:31.455,418.62893543518334,995
2024-09-19 10:08:31.504,418.56297466890624,998
2024-09-19 10:08:31.579,418.56455128001113,1004
2024-09-19 10:08:31.591,418.5662668412735,5
2024-09-19 10:08:31.623,418.6844619864599,12
2024-09-19 10:08:31.623,418.60660602194434,13
2024-09-19 10:08:31.746,418.6369540718337,97
2024-09-19 10:08:31.779,418.5828967946564,998
2024-09-19 10:08:31.782,418.601061917318,12
2024-09-19 10:08:31.793,418.5764162272964,97
2024-09-19 10:08:31.799,418.6406457131061,9
2024-09-19 10:08:31.916,418.6180856873735,7
2024-09-19 10:08:31.938,418.6135764885857,7
2024-09-19 10:08:31.940,418.6973127549937,102
2024-09-19 10:08:31.969,418.573242995183,13
2024-09-19 10:08:31.989,418.5446447659239,96
2024-09-19 10:08:32.066,418.6285958225215,101
2024-09-19 10:08:32.096,418.6451054352737,13
2024-09-19 10:08:32.099,418.61420531326473,1004
2024-09-19 10:08:32.166,418.6069134429004,97
2024-09-19 10:08:32.227,418.6360319366834,95
2024-09-19 10:08:32.241,418.63515330336696,998
2024-09-19 10:08:32.268,418.6569515404095,12
2024-09-19 10:08:32.272,418.61006678129775,104
2024-09-19 10:08:32.327,418.6316471757802,97
2024-09-19 10:08:32.348,418.5970673398522,7
2024-09-19 10:08:32.403,418.6548532337793,995
2024-09-19 10:08:32.425,418.6088660853033,997
2024-09-19 10:08:32.444,418.6439393061882,997
2024-09-19 10:08:32.482,418.6310157877791,102
2024-09-19 10:08:32.503,418.6134240896534,1005
2024-09-19 10:08:32.552,418.6362761140557,998
2024-09-19 10:08:32.563,418.61388800294014,103
2024-09-19 10:08:32.565,418.6156823734152,1001
2024-09-19 10:08:32.581,418.60344390254056,14
2024-09-19 10:08:32.613,418.628278877486,997
2024-09-19 10:08:32.641,418.6190185583136,1000
2024-09-19 10:08:32.649,418.6371313738886,101
2024-09-19 10:08:32.654,418.6279123100149,1001
2024-09-19 10:08:32.820,418.6538051571666,8
2024-09-19 10:08:32.897,418.6111873359168,999
2024-09-19 10:08:32.963,418.6541726433683,102
2024-09-19 10:08:33.005,418.5681626644176,10
2024-09-19 10:08:33.228,418.657433308808,6
2024-09-19 10:08:33.485,418.6163105611709,11
2024-09-19 10:08:33.509,418.6344548852029,995
2024-09-19 10:08:33.563,418.62555899454384,96
2024-09-19 10:08:33.863,418.6152904722129,104
2024-09-19 10:08:33.928,418.63245442915866,996
2024-09-19 10:08:33.985,418.6146385938157,1001
2024-09-19 10:08:33.986,418.620505999513,101
2024-09-19 10:08:34.213,418.5388874823377,10
2024-09-19 10:08:34.382,418.5317749011305,105
2024-09-19 10:08:34.418,418.52848571079744,96
2024-09-19 10:08:34.498,418.5377122805072,996
2024-09-19 10:08:34.558,418.5303585447432,14
2024-09-19 10:08:34.559,418.5338546649469,1003
2024-09-19 10:08:34.623,418.5579497913072,5
2024-09-19 10:08:34.729,418.5300018481104,1003
2024-09-19 10:08:34.853,418.5370598012356,1001
2024-09-19 10:08:34.909,418.5362141605416,998
2024-09-19 10:08:34.943,418.55672278898464,10
2024-09-19 10:08:35.024,418.5882472262381,97
2024-09-19 10:08:35.099,418.6314423076368,996
2024-09-19 10:08:35.152,418.66840321291227,100
2024-09-19 10:08:35.262,418.699781223474,8
2024-09-19 10:08:35.280,418.6700503508615,103
2024-09-19 10:08:35.300,-418.6729388121518,1004
2024-09-19 10:08:35.332,418.6489353985812,1001
2024-09-19 10:08:35.356,418.6449960521607,97
2024-09-19 10:08:35.357,418.6451985627922,999
2024-09-19 10:08:35.389,418.68338965252855,1002
2024-09-19 10:08:35.411,418.6475073384401,102
2024-09-19 10:08:35.419,418.6754510834084,6
2024-09-19 10:08:35.423,,14
2024-09-19 10:08:35.447,418.6148085618681,1001
2024-09-19 10:08:35.453,418.6086630623074,1004
2024-09-19 10:08:35.474,418.59551652622713,102
2024-09-19 10:08:35.536,418.6651103673784,11
2024-09-19 10:08:35.539,418.6188705138639,1002
2024-09-19 10:08:35.585,418.5601677329731,8
2024-09-19 10:08:35.678,418.6210992698173,104
2024-09-19 10:08:35.741,418.6037520740664,103
2024-09-19 10:08:35.808,418.6756703192268,96
2024-09-19 10:08:35.851,418.6001620293995,998
2024-09-19 10:08:35.853,418.6726960116262,8
2024-09-19 10:08:35.885,418.68848236832656,7
2024-09-19 10:08:35.916,418.6541339874053,97
2024-09-19 10:08:35.932,418.6551967620431,5
2024-09-19 10:08:35.999,418.69079707814456,996
2024-09-19 10:08:36.104,418.6264132857075,6
2024-09-19 10:08:36.104,418.657716190315,15
2024-09-19 10:08:36.120,,1001
2024-09-19 10:08:36.183,418.6474364974134,11
2024-09-19 10:08:36.210,418.6384776602121,999
2024-09-19 10:08:36.231,418.7128433080709,9
2024-09-19 10:08:36.340,418.7064272117498,996
2024-09-19 10:08:36.344,418.6504000228563,100
2024-09-19 10:08:36.357,-418.6767850061846,99
2024-09-19 10:08:36.384,418.64434146233367,997
2024-09-19 10:08:36.426,418.6635772793274,101
2024-09-19 10:08:36.444,418.6316060718961,1003
2024-09-19 10:08:36.456,418.6907550977733,11
2024-09-19 10:08:36.458,418.6579887582644,999
2024-09-19 10:08:36.486,418.6594188510207,97
2024-09-19 10:08:36.508,418.6691384494584,101
2024-09-19 10:08:36.637,418.6661708027819,8
2024-09-19 10:08:36.742,418.6256275964274,6
2024-09-19 10:08:36.743,418.6275480599161,104
2024-09-19 10:08:36.799,418.6341241742465,7
2024-09-19 10:08:36.810,418.6361696746175,100
2024-09-19 10:08:36.892,418.69229252607926,995
2024-09-19 10:08:36.904,418.65088610880457,100
2024-09-19 10:08:36.927,418.6480642382116,100
2024-09-19 10:08:36.956,418.6593431309875,1004
2024-09-19 10:08:36.969,418.6560290239082,105
2024-09-19 10:08:36.993,418.64308463906303,1001
2024-09-19 10:08:37.101,418.6479183425646,9
2024-09-19 10:08:37.131,418.6862774539805,95
2024-09-19 10:08:37.146,418.67204562094383,1000
2024-09-19 10:08:37.163,418.6758682850431,7
2024-09-19 10:08:37.173,418.6634907450658,998
2024-09-19 10:08:37.204,418.6702086186432,13
2024-09-19 10:08:37.242,418.6344653508135,997
2024-09-19 10:08:37.321,418.6766909404913,99
2024-09-19 10:08:37.507,418.6428484430364,996
2024-09-19 10:08:37.511,418.65241790803856,101
2024-09-19 10:08:37.636,418.6522826118714,102
2024-09-19 10:08:37.789,418.6582517967081,1003
2024-09-19 10:08:37.792,418.649135651387,96
2024-09-19 10:08:37.794,418.64450801696506,100
2024-09-19 10:08:37.817,418.6751181297705,104
2024-09-19 10:08:37.821,418.6819133956164,1005
2024-09-19 10:08:37.849,418.6676395049976,998
2024-09-19 10:08:37.913,418.67782737073225,14
2024-09-19 10:08:37.976,418.6743295343503,995
2024-09-19 10:08:38.031,418.7575624145579,8
2024-09-19 10:08:38.168,418.70587054664986,99
2024-09-19 10:08:38.230,418.6760911342094,1003
2024-09-19 10:08:38.257,418.70058008532624,105
2024-09-19 10:08:38.456,418.728344118098,995
2024-09-19 10:08:38.602,418.7842794430968,105
2024-09-19 10:08:38.605,418.757974229317,998
2024-09-19 10:08:38.634,418.7343005716261,1005
2024-09-19 10:08:38.816,418.71088295858834,5
2024-09-19 10:08:38.867,418.6979493596058,12
2024-09-19 10:08:38.923,418.773947414218,997
2024-09-19 10:08:39.009,418.7835465957388,105
2024-09-19 10:08:39.025,418.76041806430953,104
2024-09-19 10:08:39.075,418.7701961280709,995
2024-09-19 10:08:39.120,418.7198191817633,1001
2024-09-19 10:08:39.137,418.7031860871722,996
2024-09-19 10:08:39.143,418.6990981103184,998
2024-09-19 10:08:39.182,418.745584344086,7
2024-09-19 10:08:39.200,418.75655909294585,10
2024-09-19 10:08:39.228,418.7602146872364,998
2024-09-19 10:08:39.277,418.77937906180745,99
2024-09-19 10:08:39.426,418.7482726304865,995
2024-09-19 10:08:39.443,418.7706831449978,6
2024-09-19 10:08:39.563,418.7451849193657,6
2024-09-19 10:08:39.592,418.74804483049405,996
2024-09-19 10:08:39.631,418.7768645762364,97
2024-09-19 10:08:39.688,418.7118939992079,1003
2024-09-19 10:08:39.736,418.772655555647,100
2024-09-19 10:08:39.749,418.74350793380125,1004
2024-09-19 10:08:39.761,418.7524635372599,5
2024-09-19 10:08:39.795,418.7202340778293,14
2024-09-19 10:08:39.813,418.77173077043744,100
2024-09-19 10:08:39.847,418.7837753348463,96
2024-09-19 10:08:39.859,418.7599962214567,95
2024-09-19 10:08:39.889,418.7422534473407,95
2024-09-19 10:08:39.890,418.7580407173824,11
2024-09-19 10:08:39.890,418.70617888053175,999
2024-09-19 10:08:39.915,418.7760244771514,100
2024-09-19 10:08:39.930,418.731220755183,100
2024-09-19 10:08:39.951,418.75228157318486,7
2024-09-19 10:08:40.066,418.6819867483614,12
2024-09-19 10:08:40.149,418.6910373086816,997
2024-09-19 10:08:40.248,418.6931500511948,103
2024-09-19 10:08:40.381,418.68478972316,102
2024-09-19 10:08:40.540,418.68171439860674,1000
2024-09-19 10:08:40.605,418.6928582211904,995
2024-09-19 10:08:40.691,418.6827794936461,5
2024-09-19 10:08:40.849,418.6895992193905,997
2024-09-19 10:08:40.931,418.6775792745435,996
2024-09-19 10:08:41.081,418.7070305887464,97
2024-09-19 10:08:41.139,418.6636502903616,1004
2024-09-19 10:08:41.142,418.6349095916275,11
2024-09-19 10:08:41.258,418.6623038344588,999
2024-09-19 10:08:41.318,418.7036036561652,9
2024-09-19 10:08:41.438,418.7070546124576,1003
2024-09-19 10:08:41.467,418.698022858992,1004
2024-09-19 10:08:41.471,418.63495819748834,14
2024-09-19 10:08:41.557,418.7267382753366,1001
2024-09-19 10:08:41.791,418.6909902481491,97
2024-09-19 10:08:41.815,418.7164966821332,7
2024-09-19 10:08:41.967,418.6331011515936,6
2024-09-19 10:08:41.974,418.6328002544861,998
2024-09-19 10:08:42.254,418.65602690321646,1004
2024-09-19 10:08:42.298,418.649418177905,998
2024-09-19 10:08:42.459,418.6520454661221,7
2024-09-19 10:08:43.214,418.6614540824417,1004
2024-09-19 10:08:43.396,418.6492352873415,98
2024-09-19 10:08:43.412,418.65834098647247,101
2024-09-19 10:08:43.418,418.6685416191685,12
2024-09-19 10:08:43.455,418.64415243821645,1000
2024-09-19 10:08:43.462,418.6531942052417,13
2024-09-19 10:08:43.468,418.6524547868057,102
2024-09-19 10:08:43.593,418.6434995752177,15
2024-09-19 10:08:43.602,418.6523622217597,97
2024-09-19 10:08:43.666,418.6736980644391,10
2024-09-19 10:08:43.764,418.65674321855454,7
2024-09-19 10:08:43.855,418.6567517498175,96
2024-09-19 10:08:43.938,418.6521464288096,1004
2024-09-19 10:08:43.999,418.6233569461848,1001
2024-09-19 10:08:44.041,418.60093160248925,12
2024-09-19 10:08:44.077,418.5994820506558,104
2024-09-19 10:08:44.081,418.6253644027908,13
2024-09-19 10:08:44.084,418.619173527586,995
2024-09-19 10:08:44.096,418.5649243600034,1000
2024-09-19 10:08:44.123,418.60951313615226,12
2024-09-19 10:08:44.176,418.5887806287277,1000
2024-09-19 10:08:44.329,418.5962710753445,999
2024-09-19 10:08:44.335,418.59033722824734,1003
2024-09-19 10:08:44.377,418.55573981204026,997
2024-09-19 10:08:44.484,418.6134169905858,1003
2024-09-19 10:08:44.571,418.60927892546994,15
2024-09-19 10:08:44.582,418.5957492107959,12
2024-09-19 10:08:44.744,418.60058557786135,9
2024-09-19 10:08:44.766,418.6256334875097,1000
2024-09-19 10:08:44.869,418.5882342188473,11
2024-09-19 10:08:44.888,418.5790984251879,97
2024-09-19 10:08:44.906,418.6090947366824,96
2024-09-19 10:08:44.927,418.6397115726826,102
2024-09-19 10:08:45.271,418.6260637833655,11
2024-09-19 10:08:45.354,418.6471736354619,1005
2024-09-19 10:08:45.395,418.6619299258934,1001
2024-09-19 10:08:45.684,418.6069458771569,1002
2024-09-19 10:08:45.856,418.6757880763264,1003
2024-09-19 10:08:45.876,418.6526818985259,97
2024-09-19 10:08:45.927,418.6613316226124,15
2024-09-19 10:08:45.947,418.6154808086615,1003
2024-09-19 10:08:46.053,418.6881383211939,100
2024-09-19 10:08:46.321,418.69733634735246,96
2024-09-19 10:08:46.369,418.6888245906546,103
2024-09-19 10:08:46.563,418.68092677616687,998
2024-09-19 10:08:46.701,418.6745323491608,103
2024-09-19 10:08:46.903,418.6833207281528,99
2024-09-19 10:08:47.371,418.6701003112262,996
2024-09-19 10:08:47.439,418.6816256152068,99
2024-09-19 10:08:47.487,418.6806039040155,13
2024-09-19 10:08:47.615,418.6768312969947,9
2024-09-19 10:08:47.662,418.677261617048,1001
2024-09-19 10:08:47.923,41.86631987079869,998
2024-09-19 10:08:48.042,418.6070421856859,103
2024-09-19 10:08:48.094,418.5910559949568,100
2024-09-19 10:08:48.116,418.6082832892839,11
2024-09-19 10:08:48.119,418.6391031161644,99
2024-09-19 10:08:48.175,418.6746295628637,98
2024-09-19 10:08:48.176,418.6703993423676,9
2024-09-19 10:08:48.304,418.66455011328094,99
2024-09-19 10:08:48.311,418.6565183442239,105
2024-09-19 10:08:48.319,418.5838918934304,1005
2024-09-19 10:08:48.366,418.5951776707161,995
2024-09-19 10:08:48.386,418.6699357031683,1000
2024-09-19 10:08:48.393,418.6742781232431,9
2024-09-19 10:08:48.393,418.6224908848951,105
2024-09-19 10:08:48.405,418.6759340233917,996
2024-09-19 10:08:48.405,418.66166692550655,102
2024-09-19 10:08:48.460,418.6748654457994,1000
2024-09-19 10:08:48.466,418.6601560774473,105
2024-09-19 10:08:48.526,418.5903761512421,15
2024-09-19 10:08:48.629,418.5964838759287,995
2024-09-19 10:08:48.636,418.6444482818343,13
2024-09-19 10:08:48.748,418.6634810601333,99
2024-09-19 10:08:48.789,418.6083832073259,996
2024-09-19 10:08:48.871,418.66862866206753,999
2024-09-19 10:08:48.883,418.5791987390282,96
2024-09-19 10:08:48.934,418.59337127026527,96
2024-09-19 10:08:48.945,-418.68333286306506,10
2024-09-19 10:08:48.956,418.6533034716318,104
2024-09-19 10:08:48.964,418.6076227212224,96
2024-09-19 10:08:49.033,418.6147646126898,999
2024-09-19 10:08:49.218,418.6289539680433,1002
2024-09-19 10:08:49.221,418.61191046798905,1004
2024-09-19 10:08:49.321,418.61152074870114,95
2024-09-19 10:08:49.342,418.5995299216333,1004
2024-09-19 10:08:49.345,418.6258185411221,98
2024-09-19 10:08:49.387,418.61342752662,9
2024-09-19 10:08:49.544,418.60750854914335,100
2024-09-19 10:08:49.567,418.61017792768246,5
2024-09-19 10:08:49.569,418.6073521836486,100
2024-09-19 10:08:49.598,418.6068822377026,997
2024-09-19 10:08:49.640,418.6157650757004,999
2024-09-19 10:08:49.719,418.6044448923293,103
2024-09-19 10:08:49.733,418.6224415019457,12
2024-09-19 10:08:49.766,418.6234231373096,1000
2024-09-19 10:08:49.774,418.6231841232273,102
2024-09-19 10:08:49.779,418.6130842173854,8
2024-09-19 10:08:49.811,418.62304458158735,1003
2024-09-19 10:08:49.997,418.6225794801914,998
2024-09-19 10:08:50.072,418.6519494309696,12
2024-09-19 10:08:50.199,418.66856573957705,1003
2024-09-19 10:08:50.435,418.6496403610583,96
2024-09-19 10:08:50.491,418.6484765186965,104
2024-09-19 10:08:50.604,418.654413960556,103
2024-09-19 10:08:50.654,418.6673852432441,1002
2024-09-19 10:08:50.881,418.6659490351231,996
2024-09-19 10:08:50.904,,1002
2024-09-19 10:08:51.021,418.651796130444,12
2024-09-19 10:08:51.038,418.6493580817959,1000
2024-09-19 10:08:51.098,418.6750444777636,1000
2024-09-19 10:08:51.145,418.67786879049714,997
2024-09-19 10:08:51.322,418.66987396769287,98
2024-09-19 10:08:51.342,418.6531099264022,995
2024-09-19 10:08:51.354,418.6794529944493,7
2024-09-19 10:08:51.430,418.65782540820254,15
2024-09-19 10:08:51.471,418.676574108177,997
2024-09-19 10:08:51.471,418.6646585097727,99
2024-09-19 10:08:51.561,418.6789999637504,12
2024-09-19 10:08:51.589,418.6674211378796,1002
2024-09-19 10:08:51.607,418.6731459790256,7
2024-09-19 10:08:51.657,418.6620339973215,9
2024-09-19 10:08:51.731,418.6827754690117,14
2024-09-19 10:08:51.752,418.6772122967405,10
2024-09-19 10:08:51.775,418.6626416099796,1001
2024-09-19 10:08:51.819,418.6526037731573,13
2024-09-19 10:08:51.862,418.6668671714869,103
2024-09-19 10:08:51.866,418.6612779539636,6
2024-09-19 10:08:51.873,418.672837029213,12
2024-09-19 10:08:51.888,418.6742942342459,11
2024-09-19 10:08:51.998,418.66753042808335,95
2024-09-19 10:08:52.052,418.652598497734,96
2024-09-19 10:08:52.357,418.6575634425528,98
2024-09-19 10:08:52.466,418.6364214591029,7
2024-09-19 10:08:52.473,418.65264414159793,13
2024-09-19 10:08:52.538,418.6243247201408,13
2024-09-19 10:08:52.599,418.65643935602697,100
2024-09-19 10:08:52.608,418.6446031197664,1002
2024-09-19 10:08:52.642,418.6463056454062,103
2024-09-19 10:08:52.870,418.6347039398203,11
2024-09-19 10:08:53.115,418.5599165861255,105
2024-09-19 10:08:53.356,418.5784794652553,1003
2024-09-19 10:08:53.357,418.5769551858997,104
2024-09-19 10:08:53.539,418.5536834441361,995
2024-09-19 10:08:53.634,418.5760941814605,1003
2024-09-19 10:08:53.677,418.5868232527114,6
2024-09-19 10:08:53.680,418.5653072797245,7
2024-09-19 10:08:53.709,,998
2024-09-19 10:08:53.730,418.5792381500008,13
2024-09-19 10:08:53.758,418.6126347179361,15
2024-09-19 10:08:53.820,418.5882978465761,6
2024-09-19 10:08:53.843,418.6368935208874,15
2024-09-19 10:08:53.851,418.6187251729768,99
2024-09-19 10:08:53.877,418.5694037076668,999
2024-09-19 10:08:53.927,418.5698888896574,11
2024-09-19 10:08:53.969,418.6081069328641,10
2024-09-19 10:08:53.992,418.5849947759437,7
2024-09-19 10:08:53.998,418.60923047154057,9
2024-09-19 10:08:54.079,418.5597413779526,13
2024-09-19 10:08:54.125,418.56075838296863,103
2024-09-19 10:08:54.127,418.55570443732427,97
2024-09-19 10:08:54.170,418.5606728461132,1001
2024-09-19 10:08:54.188,418.58460903006176,1005
2024-09-19 10:08:54.298,418.5705447032674,104
2024-09-19 10:08:54.501,418.56481293557925,9
2024-09-19 10:08:54.565,418.579308033653,1005
2024-09-19 10:08:54.582,418.5782554967383,1002
2024-09-19 10:08:54.603,418.5588247849142,103
2024-09-19 10:08:54.872,418.585091236505,12
2024-09-19 10:08:54.881,418.5768035332841,102
2024-09-19 10:08:55.332,418.5335747290526,105
2024-09-19 10:08:55.535,418.5400547144526,5
2024-09-19 10:08:55.742,418.5433009264754,14
2024-09-19 10:08:55.812,418.5525973908634,998
2024-09-19 10:08:55.882,418.561969146764,14
2024-09-19 10:08:56.176,418.5936785594261,995
2024-09-19 10:08:56.256,418.61184591667393,995
2024-09-19 10:08:56.642,418.5896988180922,996
2024-09-19 10:08:57.001,418.5859226569445,98
2024-09-19 10:08:57.054,418.55041377258567,5
2024-09-19 10:08:57.083,418.5669695359627,97
2024-09-19 10:08:57.103,418.60129408972153,99
2024-09-19 10:08:57.161,418.5984534926883,103
2024-09-19 10:08:57.216,418.58491323090135,7
2024-09-19 10:08:57.252,418.59283906085307,1000
2024-09-19 10:08:57.447,418.58734289987854,11
2024-09-19 10:08:57.525,418.5971012342209,11
2024-09-19 10:08:57.537,418.610671614832,8
2024-09-19 10:08:57.627,418.58209890545294,5
2024-09-19 10:08:57.684,418.5857298647669,5
2024-09-19 10:08:57.725,418.5892959784135,998
2024-09-19 10:08:57.776,418.5885736414228,1002
2024-09-19 10:08:57.879,418.55967693693657,102
2024-09-19 10:08:57.916,418.5672114470175,105
2024-09-19 10:08:58.013,418.589671247477,12
2024-09-19 10:08:58.065,418.59445500035855,5
2024-09-19 10:08:58.077,418.5676598504411,14
2024-09-19 10:08:58.134,418.5877674078466,999
2024-09-19 10:08:58.136,418.5755343932373,998
2024-09-19 10:08:58.184,418.5748225133377,8
2024-09-19 10:08:58.307,418.5856676046304,999
2024-09-19 10:08:58.356,418.5736604656841,105
2024-09-19 10:08:58.382,41.856550753031314,13
2024-09-19 10:08:58.454,418.5824989785916,12
2024-09-19 10:08:58.465,418.5866282696357,8
2024-09-19 10:08:58.575,418.5968367152603,97
2024-09-19 10:08:58.626,418.5821374181963,1001
2024-09-19 10:08:58.630,418.579456829934,104
2024-09-19 10:08:58.785,418.6071881950729,999
2024-09-19 10:08:58.804,418.56860569543113,5
2024-09-19 10:08:58.857,418.58987895489474,100
2024-09-19 10:08:58.926,418.57687899023983,103
2024-09-19 10:08:58.929,418.5770474017078,995
2024-09-19 10:08:58.957,418.5514858625723,999
2024-09-19 10:08:59.015,418.6669415856061,995
2024-09-19 10:08:59.065,418.5850451503391,1003
2024-09-19 10:08:59.071,418.6808868755804,8
2024-09-19 10:08:59.095,418.6604564149,6
2024-09-19 10:08:59.133,418.67311217780974,13
2024-09-19 10:08:59.166,418.6336576048077,95
2024-09-19 10:08:59.185,418.6257245980269,7
2024-09-19 10:08:59.204,418.5789414358373,15
2024-09-19 10:08:59.209,418.6521082504562,99
2024-09-19 10:08:59.217,418.65146913416487,1003
2024-09-19 10:08:59.287,418.66378282430287,96
2024-09-19 10:08:59.300,418.6540924889941,14
2024-09-19 10:08:59.363,418.6610099573375,6
2024-09-19 10:08:59.366,418.583335798476,102
2024-09-19 10:08:59.435,418.6075776612204,98
2024-09-19 10:08:59.457,418.6178349413869,5
2024-09-19 10:08:59.541,418.5710338727052,9
2024-09-19 10:08:59.575,418.5894978542148,15
2024-09-19 10:08:59.654,418.6530860346102,998
2024-09-19 10:08:59.657,418.5912075525285,96
2024-09-19 10:08:59.667,418.68648839998536,14
2024-09-19 10:08:59.799,418.6536592443581,13
2024-09-19 10:08:59.845,418.5855032704984,7
2024-09-19 10:08:59.924,418.58155793314006,999
2024-09-19 10:08:59.935,418.63857032576766,7
