Timestamp,Price,Size
2024-09-20 14:57:00.086,431.07678411433255,8
2024-09-20 14:57:00.148,431.0789741086709,12
2024-09-20 14:57:00.208,431.06527296987485,1001
2024-09-20 14:57:00.224,431.06880351879823,99
2024-09-20 14:57:00.733,431.09351526880727,99
2024-09-20 14:57:00.809,431.0552578112143,6
2024-09-20 14:57:01.081,431.197212200576,98
2024-09-20 14:57:01.109,431.1541086544688,995
2024-09-20 14:57:01.191,431.2168131300654,1000
2024-09-20 14:57:01.254,431.2256584320994,998
2024-09-20 14:57:01.272,431.1092935749701,103
2024-09-20 14:57:01.280,431.0889770899704,8
2024-09-20 14:57:01.287,431.10337071881,6
2024-09-20 14:57:01.342,431.1313286303394,999
2024-09-20 14:57:01.398,431.14428545659183,104
2024-09-20 14:57:01.517,431.0829120844555,95
2024-09-20 14:57:01.543,431.158736372105,95
2024-09-20 14:57:01.552,431.0661392528056,1000
2024-09-20 14:57:01.596,431.1943711204582,14
2024-09-20 14:57:01.713,431.1553788601444,6
2024-09-20 14:57:01.763,431.1981267641825,997
2024-09-20 14:57:01.767,431.0894683605674,15
2024-09-20 14:57:01.787,431.1767527510247,101
2024-09-20 14:57:01.870,431.2179414366397,1005
2024-09-20 14:57:01.876,431.169590598402,101
2024-09-20 14:57:01.911,431.1759941752797,96
2024-09-20 14:57:01.972,431.1506048787021,7
2024-09-20 14:57:01.975,431.1992404850624,999
2024-09-20 14:57:01.989,431.1776344940391,100
2024-09-20 14:57:02.013,431.1958996726468,1004
2024-09-20 14:57:02.039,431.25214558734575,1005
2024-09-20 14:57:02.073,431.264689929559,1005
2024-09-20 14:57:02.111,431.204078422652,95
2024-09-20 14:57:02.207,431.1988332758055,997
2024-09-20 14:57:02.259,431.21397757617086,1003
2024-09-20 14:57:02.264,431.2038164203926,1002
2024-09-20 14:57:02.295,431.2163286492273,101
2024-09-20 14:57:02.297,431.2099576394195,8
2024-09-20 14:57:02.302,431.19829671133743,12
2024-09-20 14:57:02.309,431.2026290251296,999
2024-09-20 14:57:02.314,431.1815612185403,12
2024-09-20 14:57:02.345,431.2082735216842,1000
2024-09-20 14:57:02.366,431.2004910062191,97
2024-09-20 14:57:02.376,431.2497001862593,97
2024-09-20 14:57:02.396,431.22400058214464,1001
2024-09-20 14:57:02.416,431.2053085469329,99
2024-09-20 14:57:02.473,431.1916612662964,12
2024-09-20 14:57:02.484,431.18767712198064,9
2024-09-20 14:57:02.526,431.1871879930803,101
2024-09-20 14:57:02.565,431.2030928850784,8
2024-09-20 14:57:02.591,431.201430027746,1003
2024-09-20 14:57:02.596,431.2073700908079,9
2024-09-20 14:57:02.641,43.123456609426725,1000
2024-09-20 14:57:02.654,431.20173562560046,6
2024-09-20 14:57:02.744,431.2352688796996,1001
2024-09-20 14:57:02.848,431.2163419000905,100
2024-09-20 14:57:02.957,431.19877923269655,10
2024-09-20 14:57:02.974,431.2104877288317,997
2024-09-20 14:57:02.976,431.2386480884432,12
2024-09-20 14:57:03.063,431.1285076141604,10
2024-09-20 14:57:03.185,431.1111936688716,13
2024-09-20 14:57:03.203,431.1155004755119,1005
2024-09-20 14:57:03.216,431.1093811767957,10
2024-09-20 14:57:03.241,431.1455009090485,997
2024-09-20 14:57:03.285,431.1834568482429,100
2024-09-20 14:57:03.377,431.1584369188635,101
2024-09-20 14:57:03.399,431.13526705991393,998
2024-09-20 14:57:03.416,431.2094895763324,1005
2024-09-20 14:57:03.441,431.13641897196817,11
2024-09-20 14:57:03.537,431.16692884892666,103
2024-09-20 14:57:03.544,431.1405584630438,103
2024-09-20 14:57:03.593,431.1416956977227,1000
2024-09-20 14:57:03.666,431.1280223845391,14
2024-09-20 14:57:03.709,431.21828712818274,100
2024-09-20 14:57:03.799,431.1495272326024,998
2024-09-20 14:57:03.820,431.1117134726573,102
2024-09-20 14:57:03.838,431.1653570426661,998
2024-09-20 14:57:03.841,431.209099606232,7
2024-09-20 14:57:03.924,431.11671943448425,998
2024-09-20 14:57:04.013,431.1497003660653,105
2024-09-20 14:57:04.031,431.156914013872,11
2024-09-20 14:57:04.037,431.2072558003483,6
2024-09-20 14:57:04.158,431.1595265021267,995
2024-09-20 14:57:04.255,431.1489412605033,102
2024-09-20 14:57:04.258,431.1691513496455,99
2024-09-20 14:57:04.282,431.1924780378432,9
2024-09-20 14:57:04.358,431.1826936755734,14
2024-09-20 14:57:04.376,-431.1437552772169,102
2024-09-20 14:57:04.380,431.21531188901207,98
2024-09-20 14:57:04.391,431.1386614088033,999
2024-09-20 14:57:04.478,431.1378900379965,1001
2024-09-20 14:57:04.533,431.1601404304908,14
2024-09-20 14:57:04.541,431.17573300472833,999
2024-09-20 14:57:04.547,431.1462123179318,97
2024-09-20 14:57:04.551,431.1865234225527,98
2024-09-20 14:57:04.596,431.1613323376321,1000
2024-09-20 14:57:04.625,431.14935927915457,96
2024-09-20 14:57:04.670,431.1828943029254,7
2024-09-20 14:57:04.674,431.1473664046376,6
2024-09-20 14:57:04.785,431.1562530527195,9
2024-09-20 14:57:04.788,431.1548687365516,98
2024-09-20 14:57:04.819,431.15636186452,102
2024-09-20 14:57:04.862,431.1593783914613,5
2024-09-20 14:57:04.881,431.20135836571166,1005
2024-09-20 14:57:04.882,431.1594926039625,11
2024-09-20 14:57:04.890,431.194613649819,98
2024-09-20 14:57:04.894,431.155165108852,1005
2024-09-20 14:57:04.964,431.1370439770607,101
2024-09-20 14:57:05.023,431.1770286205023,11
2024-09-20 14:57:05.136,431.18727888440975,105
2024-09-20 14:57:05.166,431.1836964203185,14
2024-09-20 14:57:05.177,431.1915711714218,104
2024-09-20 14:57:05.206,431.1841584983115,103
2024-09-20 14:57:05.284,431.1519975707821,998
2024-09-20 14:57:05.331,431.1707868435135,95
2024-09-20 14:57:05.356,431.1795585182343,1005
2024-09-20 14:57:05.379,431.1749231169367,8
2024-09-20 14:57:05.419,431.1792854790648,95
2024-09-20 14:57:05.495,431.1717777995269,997
2024-09-20 14:57:05.524,431.1558754962595,10
2024-09-20 14:57:05.642,431.18189017584007,100
2024-09-20 14:57:05.742,431.1698979724442,98
2024-09-20 14:57:05.752,431.17115617679417,105
2024-09-20 14:57:05.787,431.166781234485,12
2024-09-20 14:57:05.857,431.1595302645649,102
2024-09-20 14:57:05.899,431.1528191378185,1002
2024-09-20 14:57:05.901,431.1780266645512,1000
2024-09-20 14:57:05.921,431.1753735390199,7
2024-09-20 14:57:05.988,431.1730769769171,105
2024-09-20 14:57:05.992,431.1718387319679,996
2024-09-20 14:57:06.168,431.1773398206034,1000
2024-09-20 14:57:06.348,431.1914439945611,101
2024-09-20 14:57:06.490,431.20993320549655,9
2024-09-20 14:57:06.543,431.1824616321363,10
2024-09-20 14:57:06.546,431.2000901122607,12
2024-09-20 14:57:06.553,431.18982070492007,1004
2024-09-20 14:57:06.583,431.1917813880733,104
2024-09-20 14:57:06.722,431.1878090929182,14
2024-09-20 14:57:06.736,431.19392987830565,96
2024-09-20 14:57:06.821,431.2077566096559,996
2024-09-20 14:57:06.822,431.197478606613,996
2024-09-20 14:57:06.918,431.1979731441705,103
2024-09-20 14:57:07.025,431.209787705548,12
2024-09-20 14:57:07.129,431.2313324511726,97
2024-09-20 14:57:07.186,431.21736692108175,1004
2024-09-20 14:57:07.267,431.2390046302664,6
2024-09-20 14:57:07.312,431.2013803073547,105
2024-09-20 14:57:07.511,431.2351475031862,105
2024-09-20 14:57:07.536,431.2349119465884,15
2024-09-20 14:57:07.636,431.2019353161363,1002
2024-09-20 14:57:07.694,431.2093031094566,11
2024-09-20 14:57:07.780,431.24226853987216,100
2024-09-20 14:57:07.958,431.2430270454213,8
2024-09-20 14:57:07.998,431.2335569974999,5
2024-09-20 14:57:08.669,431.2171136958332,96
2024-09-20 14:57:08.821,431.228794994635,7
2024-09-20 14:57:08.939,-431.2203995336828,997
2024-09-20 14:57:09.927,431.22132053557385,99
2024-09-20 14:57:10.973,431.2153833451485,97
2024-09-20 14:57:11.440,431.24604125278256,11
2024-09-20 14:57:11.693,431.2608009309039,997
2024-09-20 14:57:11.697,431.2563132557633,1003
2024-09-20 14:57:11.862,431.2129872203112,6
2024-09-20 14:57:12.025,431.2414971614867,997
2024-09-20 14:57:13.012,431.2790139223299,103
2024-09-20 14:57:13.060,431.2461731650089,9
2024-09-20 14:57:13.095,431.28777643714,995
2024-09-20 14:57:13.104,431.2475658500904,995
2024-09-20 14:57:13.209,431.27628372031455,6
2024-09-20 14:57:13.302,431.2554548230582,100
2024-09-20 14:57:13.318,431.2539667608498,997
2024-09-20 14:57:13.328,431.26850251172914,98
2024-09-20 14:57:13.444,431.2300336589215,1000
2024-09-20 14:57:13.455,431.2961967644975,7
2024-09-20 14:57:13.477,431.28415913091294,15
2024-09-20 14:57:13.500,431.2719235084497,1001
2024-09-20 14:57:13.526,431.2835945156809,6
2024-09-20 14:57:13.555,431.2354809309534,995
2024-09-20 14:57:13.579,431.2437935752481,1004
2024-09-20 14:57:13.597,431.28925137351047,6
2024-09-20 14:57:13.677,431.2955843144736,1005
2024-09-20 14:57:13.687,431.22863849962425,9
2024-09-20 14:57:13.697,431.2911902784864,14
2024-09-20 14:57:13.729,431.2699215841528,102
2024-09-20 14:57:13.730,431.2684903339477,9
2024-09-20 14:57:13.761,431.2784146187392,998
2024-09-20 14:57:13.832,431.24022866493607,15
2024-09-20 14:57:13.835,431.2831871540217,11
2024-09-20 14:57:13.866,431.2753948116958,1001
2024-09-20 14:57:13.937,431.27468699408297,101
2024-09-20 14:57:13.938,431.2343389254501,15
2024-09-20 14:57:13.952,431.24861614523616,1005
2024-09-20 14:57:13.962,431.26599801851336,7
2024-09-20 14:57:14.029,431.2318543227516,15
2024-09-20 14:57:14.053,431.2608789223276,1003
2024-09-20 14:57:14.229,431.2276356735304,105
2024-09-20 14:57:14.325,431.2285252726625,103
2024-09-20 14:57:14.441,431.26265053284015,9
2024-09-20 14:57:14.479,431.2637802950831,104
2024-09-20 14:57:14.530,431.27040427576185,6
2024-09-20 14:57:14.631,431.26651464323095,12
2024-09-20 14:57:14.692,431.2435384936288,100
2024-09-20 14:57:14.739,431.30018093404976,104
2024-09-20 14:57:14.783,431.1941056094081,5
2024-09-20 14:57:14.788,431.2692582225719,12
2024-09-20 14:57:14.983,431.200788126394,1005
2024-09-20 14:57:14.990,431.2831635465747,8
2024-09-20 14:57:15.227,431.1899669836381,96
2024-09-20 14:57:16.667,431.2148583262185,998
2024-09-20 14:57:17.088,431.19625238945787,12
2024-09-20 14:57:17.152,-431.19841748732375,10
2024-09-20 14:57:17.159,431.1938641660251,104
2024-09-20 14:57:17.172,431.1932401644665,104
2024-09-20 14:57:17.249,431.1942313328765,1000
2024-09-20 14:57:17.375,431.2144860115258,101
2024-09-20 14:57:17.385,431.18323075249685,1001
2024-09-20 14:57:17.392,431.1824065507935,997
2024-09-20 14:57:17.409,431.1604590190833,9
2024-09-20 14:57:17.451,431.1563375360817,12
2024-09-20 14:57:17.601,431.1962531081172,14
2024-09-20 14:57:17.696,431.19818277129457,15
2024-09-20 14:57:17.702,431.2063417472572,95
2024-09-20 14:57:17.764,431.1960842407019,100
2024-09-20 14:57:17.786,431.1961033175036,95
2024-09-20 14:57:17.815,431.1966211463853,999
2024-09-20 14:57:17.899,431.2121381617729,1004
2024-09-20 14:57:17.978,431.1659997658524,97
2024-09-20 14:57:17.994,431.201516997728,96
2024-09-20 14:57:18.096,431.229022952293,101
2024-09-20 14:57:18.142,431.23706113008177,104
2024-09-20 14:57:18.196,431.1604005741686,100
2024-09-20 14:57:18.267,431.20668645682775,98
2024-09-20 14:57:18.639,431.1644452537085,100
2024-09-20 14:57:18.874,431.1721853115047,998
2024-09-20 14:57:18.961,431.1881414667208,8
2024-09-20 14:57:19.053,431.1694811206488,996
2024-09-20 14:57:19.059,431.1377865218665,101
2024-09-20 14:57:19.065,431.1227392394314,10
2024-09-20 14:57:19.151,431.1393510404462,98
2024-09-20 14:57:19.155,431.13441519076986,6
2024-09-20 14:57:19.296,431.1878466838694,999
2024-09-20 14:57:19.451,431.1660742061487,104
2024-09-20 14:57:19.503,431.1920193801228,9
2024-09-20 14:57:19.544,431.2222133574361,103
2024-09-20 14:57:19.592,431.1430502376623,5
2024-09-20 14:57:19.611,431.1898854107247,95
2024-09-20 14:57:19.619,431.2392703148543,6
2024-09-20 14:57:19.670,431.20850545933706,104
2024-09-20 14:57:19.690,431.219664161508,14
2024-09-20 14:57:19.722,431.1628949005549,95
2024-09-20 14:57:19.725,431.1765664127961,101
2024-09-20 14:57:19.760,431.1164709024433,1000
2024-09-20 14:57:19.806,431.1167633378752,996
2024-09-20 14:57:19.851,,8
2024-09-20 14:57:19.888,431.1764677580432,101
2024-09-20 14:57:19.954,431.1552537459436,1003
2024-09-20 14:57:19.986,431.1737352265724,12
2024-09-20 14:57:20.280,431.1233576428732,100
2024-09-20 14:57:20.356,431.1399819461143,104
2024-09-20 14:57:20.410,431.134035668285,105
2024-09-20 14:57:20.717,431.1269410936423,99
2024-09-20 14:57:21.010,431.0994809482082,101
2024-09-20 14:57:21.050,431.1161260950119,6
2024-09-20 14:57:21.078,431.15453018189663,999
2024-09-20 14:57:21.150,431.1598328420922,14
2024-09-20 14:57:21.176,431.1147605132068,1005
2024-09-20 14:57:21.196,431.1165680690182,10
2024-09-20 14:57:21.282,431.1207797364515,95
2024-09-20 14:57:21.309,431.16357055013634,13
2024-09-20 14:57:21.389,431.1687132890063,98
2024-09-20 14:57:21.441,431.1193923070655,997
2024-09-20 14:57:21.688,431.1077141906508,1004
2024-09-20 14:57:21.691,431.153195918346,9
2024-09-20 14:57:21.758,431.1071638694507,9
2024-09-20 14:57:21.796,431.1356191044255,1005
2024-09-20 14:57:21.890,431.1534012636894,98
2024-09-20 14:57:22.038,431.1865709610608,15
2024-09-20 14:57:22.103,431.1358399034712,95
2024-09-20 14:57:22.161,431.1334832019639,102
2024-09-20 14:57:22.163,431.1407741167938,1005
2024-09-20 14:57:22.396,431.12340584243896,96
2024-09-20 14:57:22.403,431.1166969560786,997
2024-09-20 14:57:22.472,431.1547875228201,997
2024-09-20 14:57:22.530,431.1240430664357,11
2024-09-20 14:57:22.542,431.10829377365457,103
2024-09-20 14:57:22.550,431.1409551038477,1000
2024-09-20 14:57:22.557,431.13043076330985,102
2024-09-20 14:57:22.572,431.1635918787594,15
2024-09-20 14:57:22.603,431.1764313483408,15
2024-09-20 14:57:22.660,431.147636296224,8
2024-09-20 14:57:22.684,431.19150565310974,100
2024-09-20 14:57:22.709,431.1594233101926,95
2024-09-20 14:57:22.759,431.129324411986,96
2024-09-20 14:57:22.813,431.1801214531189,105
2024-09-20 14:57:22.849,431.1494716858606,105
2024-09-20 14:57:22.905,43.11352659683434,5
2024-09-20 14:57:22.906,431.203677374558,999
2024-09-20 14:57:22.954,431.14433257145095,996
2024-09-20 14:57:23.111,431.2426177954057,13
2024-09-20 14:57:23.141,431.2096167101764,105
2024-09-20 14:57:23.246,431.2206565360044,100
2024-09-20 14:57:23.246,423.2366711228256,1002
2024-09-20 14:57:23.269,431.21188721303577,1000
2024-09-20 14:57:23.358,431.2186177473977,999
2024-09-20 14:57:23.365,431.20096481328017,97
2024-09-20 14:57:23.405,431.21092768231495,7
2024-09-20 14:57:23.485,431.213155300605,1000
2024-09-20 14:57:23.532,431.20025871252267,97
2024-09-20 14:57:23.545,431.21983410208486,101
2024-09-20 14:57:23.572,431.2257390519063,104
2024-09-20 14:57:23.584,431.2480995321624,96
2024-09-20 14:57:23.612,431.1918082671712,96
2024-09-20 14:57:23.623,431.1898231113133,15
2024-09-20 14:57:23.646,431.2196367412005,10
2024-09-20 14:57:23.765,431.213620592553,9
2024-09-20 14:57:23.879,431.202481671006,95
2024-09-20 14:57:23.889,431.2048236148905,101
2024-09-20 14:57:23.895,431.2583808779439,98
2024-09-20 14:57:23.942,431.2116189592522,96
2024-09-20 14:57:23.958,431.2047112398169,100
2024-09-20 14:57:24.009,431.1861999424173,105
2024-09-20 14:57:24.015,,999
2024-09-20 14:57:24.020,431.15480474276336,101
2024-09-20 14:57:24.065,431.20416336958056,996
2024-09-20 14:57:24.081,431.1788026264857,1003
2024-09-20 14:57:24.137,431.167560423691,8
2024-09-20 14:57:24.256,431.1979334693296,1003
2024-09-20 14:57:24.303,431.1743364458572,101
2024-09-20 14:57:24.375,431.1965475246196,998
2024-09-20 14:57:24.466,431.21138557556816,15
2024-09-20 14:57:24.477,431.2035637075091,97
2024-09-20 14:57:24.547,431.2078505439784,1002
2024-09-20 14:57:24.561,431.1353534044732,1000
2024-09-20 14:57:24.566,431.1608775125362,995
2024-09-20 14:57:24.569,431.1992832442181,96
2024-09-20 14:57:24.643,431.2087164028159,1000
2024-09-20 14:57:24.695,431.1696986971749,998
2024-09-20 14:57:24.702,431.1930747094681,998
2024-09-20 14:57:24.731,431.2114194638466,1002
2024-09-20 14:57:24.739,431.181545555174,996
2024-09-20 14:57:24.743,431.1859132144749,1003
2024-09-20 14:57:24.764,431.198468299586,1003
2024-09-20 14:57:24.788,431.2134564069632,13
2024-09-20 14:57:24.799,431.1709375747565,98
2024-09-20 14:57:24.821,431.1502312593062,13
2024-09-20 14:57:24.857,431.1778450558378,7
2024-09-20 14:57:24.900,431.1528731207976,996
2024-09-20 14:57:24.902,431.2223304874363,9
2024-09-20 14:57:24.960,431.1683453547862,5
2024-09-20 14:57:24.994,431.1672283168767,996
2024-09-20 14:57:25.033,431.2040997090117,104
2024-09-20 14:57:25.038,431.192967775432,1005
2024-09-20 14:57:25.173,431.2403581380154,1003
2024-09-20 14:57:25.184,431.1765802376761,100
2024-09-20 14:57:25.251,431.24673464051045,999
2024-09-20 14:57:25.254,431.220859453856,103
2024-09-20 14:57:25.273,431.2184463566446,997
2024-09-20 14:57:25.322,431.20590617985215,13
2024-09-20 14:57:25.340,431.21569705827073,1003
2024-09-20 14:57:25.473,431.2324207829933,99
2024-09-20 14:57:25.490,-431.24075027288586,6
2024-09-20 14:57:25.537,431.2016008931004,1003
2024-09-20 14:57:25.554,431.1784407495845,8
2024-09-20 14:57:25.652,431.2042495459867,97
2024-09-20 14:57:25.730,431.1951770441849,996
2024-09-20 14:57:25.769,431.1606326464179,1000
2024-09-20 14:57:25.825,431.2006258726084,12
2024-09-20 14:57:25.837,431.2254286711764,1002
2024-09-20 14:57:25.849,431.2215118447695,12
2024-09-20 14:57:25.852,431.1902244936122,998
2024-09-20 14:57:25.879,43.11931406320529,10
2024-09-20 14:57:25.963,431.20622637267473,15
2024-09-20 14:57:26.086,431.22952240725,102
2024-09-20 14:57:26.137,431.2219981100644,98
2024-09-20 14:57:26.215,431.2278478037736,1000
2024-09-20 14:57:26.409,431.2707145468437,95
2024-09-20 14:57:26.454,431.2382446079438,9
2024-09-20 14:57:26.457,431.2451762557985,8
2024-09-20 14:57:26.661,431.2383474691371,96
2024-09-20 14:57:26.685,431.2191541175251,98
2024-09-20 14:57:26.770,431.2321433562935,5
2024-09-20 14:57:26.847,431.2527389550552,95
2024-09-20 14:57:26.862,431.2337492139171,999
2024-09-20 14:57:26.894,431.2249331026653,14
2024-09-20 14:57:26.907,431.2199388110021,998
2024-09-20 14:57:27.069,431.2717019336541,1001
2024-09-20 14:57:27.136,431.22743887655656,1005
2024-09-20 14:57:27.206,431.2389893055147,996
2024-09-20 14:57:27.226,431.2459450376713,12
2024-09-20 14:57:27.228,431.2561515039383,1000
2024-09-20 14:57:27.255,431.2736009156909,12
2024-09-20 14:57:27.279,431.2428887471956,13
2024-09-20 14:57:27.281,43.126275411608425,995
2024-09-20 14:57:27.283,431.25160319012593,1005
2024-09-20 14:57:27.286,431.2841766826811,101
2024-09-20 14:57:27.302,431.2479233379223,1003
2024-09-20 14:57:27.333,431.3042097549741,13
2024-09-20 14:57:27.335,431.2889489446444,15
2024-09-20 14:57:27.398,431.2847299798863,99
2024-09-20 14:57:27.399,431.28011847299416,101
2024-09-20 14:57:27.402,431.2533074876932,101
2024-09-20 14:57:27.424,431.3016883829495,997
2024-09-20 14:57:27.440,431.2427272719207,13
2024-09-20 14:57:27.494,431.3059921722343,104
2024-09-20 14:57:27.632,,7
2024-09-20 14:57:27.655,431.2434348760101,999
2024-09-20 14:57:27.721,431.2576848651135,7
2024-09-20 14:57:27.767,431.2911242605629,96
2024-09-20 14:57:27.868,431.32120346882834,100
2024-09-20 14:57:27.924,431.2458773694357,98
2024-09-20 14:57:27.939,431.2707737358648,6
2024-09-20 14:57:27.968,431.247744515773,100
2024-09-20 14:57:27.971,431.2568561904287,1003
2024-09-20 14:57:27.983,431.2620790673695,1004
2024-09-20 14:57:27.991,431.2475121013016,13
2024-09-20 14:57:28.032,431.2967903288179,95
2024-09-20 14:57:28.053,431.2800618569743,1004
2024-09-20 14:57:28.064,431.2712846559931,1001
2024-09-20 14:57:28.143,431.2692864415725,95
2024-09-20 14:57:28.819,431.2697859749393,102
2024-09-20 14:57:28.868,431.26987449260673,105
2024-09-20 14:57:28.930,431.27021794807393,997
2024-09-20 14:57:29.034,431.2782661431147,97
2024-09-20 14:57:29.330,431.3012628989579,95
2024-09-20 14:57:29.341,431.2823842811238,13
2024-09-20 14:57:29.359,431.2855524949025,995
2024-09-20 14:57:29.360,431.3343099215072,99
2024-09-20 14:57:29.379,431.30316576973496,99
2024-09-20 14:57:29.435,431.3165053418402,14
2024-09-20 14:57:29.509,431.29359819397473,6
2024-09-20 14:57:29.558,431.3381264506132,11
2024-09-20 14:57:29.573,431.30429956328544,996
2024-09-20 14:57:29.577,431.31920018456606,996
2024-09-20 14:57:29.612,431.31720186045,1000
2024-09-20 14:57:29.667,431.3157236604357,996
2024-09-20 14:57:29.672,431.2666959302575,97
2024-09-20 14:57:29.731,431.3494180204622,1000
2024-09-20 14:57:29.731,431.33019913053926,997
2024-09-20 14:57:29.758,431.2813665230782,100
2024-09-20 14:57:29.832,431.2658339243419,1003
2024-09-20 14:57:29.877,431.30946259438224,98
2024-09-20 14:57:29.889,431.2874667483672,1004
2024-09-20 14:57:29.935,431.355148742931,101
2024-09-20 14:57:29.950,431.33449258112,10
2024-09-20 14:57:30.089,431.2735185547879,12
2024-09-20 14:57:30.120,431.2605734506208,10
2024-09-20 14:57:30.181,431.2703418906726,1002
2024-09-20 14:57:30.244,431.2761000695305,8
2024-09-20 14:57:30.354,431.2691407273493,105
2024-09-20 14:57:30.383,431.27725907494136,14
2024-09-20 14:57:30.401,423.3050511309282,105
2024-09-20 14:57:30.403,431.278309877964,105
2024-09-20 14:57:30.404,431.2536722977156,6
2024-09-20 14:57:30.413,431.28403692208497,1002
2024-09-20 14:57:30.435,431.2627904792492,995
2024-09-20 14:57:30.632,431.2786921302782,105
2024-09-20 14:57:30.673,431.2546901645163,1004
2024-09-20 14:57:30.798,431.2969254212841,10
2024-09-20 14:57:30.803,431.2942701685691,9
2024-09-20 14:57:30.850,-431.29640216474246,1002
2024-09-20 14:57:30.870,431.27983116805,95
2024-09-20 14:57:30.875,431.2946480091196,97
2024-09-20 14:57:30.882,431.2598942825778,95
2024-09-20 14:57:30.968,431.2644633347039,98
2024-09-20 14:57:30.983,431.2769357774961,1003
2024-09-20 14:57:31.052,431.2827596861644,14
2024-09-20 14:57:31.080,431.2795681362646,996
2024-09-20 14:57:31.094,431.2895036526365,11
2024-09-20 14:57:31.110,431.1548496781265,1003
2024-09-20 14:57:31.223,431.1703467584486,99
2024-09-20 14:57:31.232,431.19806515452245,100
2024-09-20 14:57:31.251,431.1855939392371,103
2024-09-20 14:57:31.269,431.2819527474682,96
2024-09-20 14:57:31.299,431.1713396652812,14
2024-09-20 14:57:31.345,431.2881467895104,10
2024-09-20 14:57:31.375,431.2888187369082,105
2024-09-20 14:57:31.441,431.287194044387,105
2024-09-20 14:57:31.557,431.28877337438496,10
2024-09-20 14:57:31.590,431.2399337683135,99
2024-09-20 14:57:31.613,431.2104938970559,995
2024-09-20 14:57:31.620,431.1880961958549,1003
2024-09-20 14:57:31.682,431.1849571609503,996
2024-09-20 14:57:31.727,431.2730503018317,13
2024-09-20 14:57:31.797,431.2686830309734,11
2024-09-20 14:57:31.804,431.2870539358559,101
2024-09-20 14:57:31.922,431.1672942033583,101
2024-09-20 14:57:32.261,431.1752261715253,6
2024-09-20 14:57:32.451,431.1552889446146,13
2024-09-20 14:57:32.656,431.1779960355696,1004
2024-09-20 14:57:32.661,431.17550653848906,996
2024-09-20 14:57:32.746,431.172450840696,95
2024-09-20 14:57:32.748,431.158872270864,103
2024-09-20 14:57:32.777,431.1828652786087,1002
2024-09-20 14:57:32.801,431.1661746637114,1005
2024-09-20 14:57:32.861,431.1777519269515,98
2024-09-20 14:57:32.927,431.1714556417601,1001
2024-09-20 14:57:33.021,431.1458716138536,15
2024-09-20 14:57:33.045,431.15606578356216,996
2024-09-20 14:57:33.097,431.1722977577135,999
2024-09-20 14:57:33.161,431.1604758332193,997
2024-09-20 14:57:33.359,431.1755041860075,95
2024-09-20 14:57:33.418,431.1804940258586,103
2024-09-20 14:57:33.428,431.1231888988198,1003
2024-09-20 14:57:33.597,431.1451025701356,6
2024-09-20 14:57:33.636,431.1476565793256,997
2024-09-20 14:57:33.818,431.1153495215484,97
2024-09-20 14:57:34.062,431.2528769577104,101
2024-09-20 14:57:34.104,431.26476431737694,1005
2024-09-20 14:57:34.108,431.221117776241,103
2024-09-20 14:57:34.208,431.1485267457899,101
2024-09-20 14:57:34.251,431.2492084738601,996
2024-09-20 14:57:34.251,431.1124363649534,98
2024-09-20 14:57:34.267,431.12046674192845,105
2024-09-20 14:57:34.330,431.1144200695165,99
2024-09-20 14:57:34.348,431.130380226552,999
2024-09-20 14:57:34.390,431.13202122011126,104
2024-09-20 14:57:34.395,431.1071890364345,996
2024-09-20 14:57:34.425,431.1260954838059,97
2024-09-20 14:57:34.526,431.1701660889903,98
2024-09-20 14:57:34.571,431.1093970969895,1004
2024-09-20 14:57:34.610,431.0893193759569,7
2024-09-20 14:57:34.638,431.1094921939947,1000
2024-09-20 14:57:34.717,431.18393706534414,7
2024-09-20 14:57:34.765,431.2489895386185,100
2024-09-20 14:57:34.801,431.2121084259599,99
2024-09-20 14:57:34.824,431.1363827579554,1005
2024-09-20 14:57:34.832,431.24476647493896,1001
2024-09-20 14:57:34.918,431.10901869858486,101
2024-09-20 14:57:34.958,431.11661813305057,1002
2024-09-20 14:57:34.973,431.16173158060457,1003
2024-09-20 14:57:35.079,431.2379639844163,1001
2024-09-20 14:57:35.273,431.25355946899583,105
2024-09-20 14:57:35.340,431.2331973666089,103
2024-09-20 14:57:35.351,431.2567828126005,1002
2024-09-20 14:57:35.569,431.2371266868051,105
2024-09-20 14:57:35.698,431.2518205604396,99
2024-09-20 14:57:35.929,431.2218868971028,6
2024-09-20 14:57:36.006,431.2523513479208,10
2024-09-20 14:57:36.025,431.2649476514156,104
2024-09-20 14:57:36.079,431.2697551561415,12
2024-09-20 14:57:36.108,431.2875045198784,1001
2024-09-20 14:57:36.188,431.2816477370972,103
2024-09-20 14:57:36.358,431.2732145656352,105
2024-09-20 14:57:36.387,431.2554924863268,1004
2024-09-20 14:57:36.497,431.2663667575455,14
2024-09-20 14:57:36.498,431.2673217903791,10
2024-09-20 14:57:36.599,431.2642217438098,1000
2024-09-20 14:57:36.620,431.25734216253767,1001
2024-09-20 14:57:36.621,431.2501462896118,995
2024-09-20 14:57:36.632,431.27858569323695,6
2024-09-20 14:57:36.704,431.2900376719878,97
2024-09-20 14:57:36.717,431.28422975525086,1004
2024-09-20 14:57:36.746,431.2659649352083,996
2024-09-20 14:57:36.832,431.2608952979701,14
2024-09-20 14:57:36.834,431.2655543521666,999
2024-09-20 14:57:36.871,431.2971835483187,104
2024-09-20 14:57:36.907,431.2681575557801,13
2024-09-20 14:57:36.937,431.2660635535327,9
2024-09-20 14:57:36.969,431.27342971434695,105
2024-09-20 14:57:37.113,431.2699353424438,1004
2024-09-20 14:57:37.161,431.2939093237744,996
2024-09-20 14:57:37.342,431.25789157869,996
2024-09-20 14:57:37.457,431.2843962731427,95
2024-09-20 14:57:37.509,423.5080953029113,1005
2024-09-20 14:57:37.510,431.268096609825,999
2024-09-20 14:57:37.511,431.27425988704783,9
2024-09-20 14:57:37.539,431.2772209549195,997
2024-09-20 14:57:37.546,431.2785089310688,95
2024-09-20 14:57:37.577,431.2442185829323,100
2024-09-20 14:57:37.630,431.27216466614107,7
2024-09-20 14:57:37.678,431.2696389240835,95
2024-09-20 14:57:37.681,431.27439464697767,1001
2024-09-20 14:57:37.816,431.25993239309327,15
2024-09-20 14:57:37.968,431.2884135980567,98
2024-09-20 14:57:37.992,431.23906111035615,95
2024-09-20 14:57:38.066,431.28898814878266,996
2024-09-20 14:57:38.106,431.2938310369967,98
2024-09-20 14:57:38.151,431.2710253182759,997
2024-09-20 14:57:38.197,431.2919395030528,97
2024-09-20 14:57:38.208,431.26933498911694,1004
2024-09-20 14:57:38.247,431.29572379448007,105
2024-09-20 14:57:38.253,431.2885470568969,998
2024-09-20 14:57:38.313,431.2866806886967,14
2024-09-20 14:57:38.336,431.25699470087073,14
2024-09-20 14:57:38.339,431.2760720935866,10
2024-09-20 14:57:38.357,431.2764741799581,104
2024-09-20 14:57:38.391,431.2778630857979,102
2024-09-20 14:57:38.483,431.2835762346911,98
2024-09-20 14:57:38.484,431.2916128827313,103
2024-09-20 14:57:38.543,-431.2904802983351,97
2024-09-20 14:57:38.671,431.2760377314639,1000
2024-09-20 14:57:38.696,431.2736731655685,1003
2024-09-20 14:57:38.819,431.2752201456051,99
2024-09-20 14:57:38.898,431.2681711833599,996
2024-09-20 14:57:38.923,431.27677463936215,104
2024-09-20 14:57:39.001,431.35907008402296,102
2024-09-20 14:57:39.028,431.28902836438095,11
2024-09-20 14:57:39.076,431.292839107351,97
2024-09-20 14:57:39.083,431.3092157458447,9
2024-09-20 14:57:39.145,431.3650799712318,13
2024-09-20 14:57:39.153,431.3167945360465,6
2024-09-20 14:57:39.182,431.3138387990704,998
2024-09-20 14:57:39.245,431.33543287489823,1000
2024-09-20 14:57:39.274,431.342950651132,104
2024-09-20 14:57:39.351,431.32083756713575,96
2024-09-20 14:57:39.410,431.3061297005671,1004
2024-09-20 14:57:39.516,431.3028245752286,13
2024-09-20 14:57:39.517,431.3547216033653,15
2024-09-20 14:57:39.518,431.3146098815938,101
2024-09-20 14:57:39.556,431.3420064545449,999
2024-09-20 14:57:39.605,431.3035483419205,999
2024-09-20 14:57:39.668,431.2793249215554,97
2024-09-20 14:57:39.673,431.3065755903982,14
2024-09-20 14:57:39.700,431.3294778012816,11
2024-09-20 14:57:39.816,431.3523464726371,102
2024-09-20 14:57:39.860,431.3517138558876,1001
2024-09-20 14:57:39.872,431.3090947534607,96
2024-09-20 14:57:39.910,431.3111918647711,1005
2024-09-20 14:57:39.981,431.3519918577425,101
2024-09-20 14:57:39.981,431.2940525130806,13
2024-09-20 14:57:40.012,431.34876509695226,996
2024-09-20 14:57:40.041,431.3659936070263,14
2024-09-20 14:57:40.128,431.34049524592086,6
2024-09-20 14:57:40.459,,1002
2024-09-20 14:57:40.511,431.35420309208206,103
2024-09-20 14:57:40.622,431.33665987844006,103
2024-09-20 14:57:40.873,431.3352768072911,1005
2024-09-20 14:57:41.024,431.30480598375743,1001
2024-09-20 14:57:41.043,431.3001598488093,104
2024-09-20 14:57:41.117,431.2834168048046,998
2024-09-20 14:57:41.150,431.2972204893909,999
2024-09-20 14:57:41.223,431.3282029490829,1004
2024-09-20 14:57:41.283,431.36118442724586,12
2024-09-20 14:57:41.324,431.2881379910915,7
2024-09-20 14:57:41.429,431.2925332172291,996
2024-09-20 14:57:41.449,431.35106457995846,996
2024-09-20 14:57:41.663,431.31488749264105,6
2024-09-20 14:57:41.735,431.296450948284,1002
2024-09-20 14:57:41.755,431.28398975021526,8
2024-09-20 14:57:41.790,431.2891997262579,12
2024-09-20 14:57:41.790,431.3275827975064,10
2024-09-20 14:57:41.796,431.3505725764114,98
2024-09-20 14:57:41.798,431.33327849051847,14
2024-09-20 14:57:41.865,431.3157865118008,97
2024-09-20 14:57:41.922,431.3163249329394,1003
2024-09-20 14:57:41.950,431.309257234665,104
2024-09-20 14:57:42.005,431.1901971787016,998
2024-09-20 14:57:42.131,431.21946012200686,97
2024-09-20 14:57:42.179,431.2144184142284,997
2024-09-20 14:57:42.228,431.1993881617543,98
2024-09-20 14:57:42.231,431.2235968048134,996
2024-09-20 14:57:42.244,431.1547371902079,10
2024-09-20 14:57:42.286,43.11426434616007,996
2024-09-20 14:57:42.306,431.2079225377461,1001
2024-09-20 14:57:42.336,431.2047285485765,8
2024-09-20 14:57:42.392,-431.2696902603098,15
2024-09-20 14:57:42.397,431.2108352995597,14
2024-09-20 14:57:42.427,-431.2408033857823,96
2024-09-20 14:57:42.504,431.2254796439003,998
2024-09-20 14:57:42.562,431.19649095940815,102
2024-09-20 14:57:42.576,431.2183437584764,101
2024-09-20 14:57:42.604,431.2919288595777,10
2024-09-20 14:57:42.665,431.2166733672174,13
2024-09-20 14:57:42.688,431.1856872375645,11
2024-09-20 14:57:42.692,431.2172664617588,97
2024-09-20 14:57:42.715,431.1883580956164,101
2024-09-20 14:57:42.748,431.21702297700375,6
2024-09-20 14:57:42.755,431.3025287800577,5
2024-09-20 14:57:42.781,431.1670310740896,104
2024-09-20 14:57:42.783,,105
2024-09-20 14:57:42.911,431.1673279649805,1003
2024-09-20 14:57:42.935,431.1866719746191,1001
2024-09-20 14:57:42.951,431.2987062940459,95
2024-09-20 14:57:43.021,431.24771120194777,6
2024-09-20 14:57:43.036,431.295380359233,996
2024-09-20 14:57:43.072,431.2258709089952,996
2024-09-20 14:57:43.173,431.27603069338153,5
2024-09-20 14:57:43.276,431.28790253862365,995
2024-09-20 14:57:43.397,431.21694322713546,995
2024-09-20 14:57:43.452,431.2162940568785,7
2024-09-20 14:57:43.456,431.23551179893855,1004
2024-09-20 14:57:43.494,431.21982824169095,7
2024-09-20 14:57:43.495,431.3116452451988,1001
2024-09-20 14:57:43.565,,996
2024-09-20 14:57:43.577,431.2792288272762,998
2024-09-20 14:57:43.582,,103
2024-09-20 14:57:43.588,431.2859425935878,95
2024-09-20 14:57:43.610,431.27944019435785,103
2024-09-20 14:57:43.663,431.2730476661487,5
2024-09-20 14:57:43.742,431.2229131383684,99
2024-09-20 14:57:43.765,431.2080398821754,995
2024-09-20 14:57:43.833,431.2155288244824,12
2024-09-20 14:57:43.885,431.2304615524894,10
2024-09-20 14:57:43.917,431.2331195645159,100
2024-09-20 14:57:44.031,431.3472723511409,1003
2024-09-20 14:57:44.105,431.34808162567305,100
2024-09-20 14:57:44.127,431.3222210378801,6
2024-09-20 14:57:44.266,431.3424037397856,9
2024-09-20 14:57:44.268,431.3491221109138,96
2024-09-20 14:57:44.513,431.3248279904034,15
2024-09-20 14:57:44.607,431.3471334847119,99
2024-09-20 14:57:44.618,431.35489437146975,1005
2024-09-20 14:57:44.633,431.3266188297194,12
2024-09-20 14:57:44.703,431.3279766131938,1001
2024-09-20 14:57:44.736,431.3314150435765,6
2024-09-20 14:57:44.780,431.3245952233535,95
2024-09-20 14:57:44.798,431.3585496383941,105
2024-09-20 14:57:44.904,431.3222389487175,96
2024-09-20 14:57:44.908,431.3433936301788,97
2024-09-20 14:57:44.978,431.3415119780414,1000
2024-09-20 14:57:44.988,431.3430707663596,1003
2024-09-20 14:57:45.028,431.32089518378814,12
2024-09-20 14:57:45.062,431.3258567497538,15
2024-09-20 14:57:45.065,43.134147449755815,15
2024-09-20 14:57:45.127,431.3453311651711,7
2024-09-20 14:57:45.202,431.3349863252442,5
2024-09-20 14:57:45.350,431.3717506344709,99
2024-09-20 14:57:45.426,431.31937595853,996
2024-09-20 14:57:45.676,431.35809040274125,95
2024-09-20 14:57:45.754,431.37833698536775,96
2024-09-20 14:57:45.957,431.3597476763979,7
2024-09-20 14:57:45.961,431.3364259056864,995
2024-09-20 14:57:46.052,431.3670297658798,998
2024-09-20 14:57:46.068,431.3667152077818,1002
2024-09-20 14:57:46.289,431.35857922609546,104
2024-09-20 14:57:46.931,431.3422239564016,99
2024-09-20 14:57:47.029,431.4083217952842,10
2024-09-20 14:57:47.040,431.51015039049423,12
2024-09-20 14:57:47.068,431.4973203722107,1004
2024-09-20 14:57:47.100,431.4423725122677,103
2024-09-20 14:57:47.112,431.41926268531125,104
2024-09-20 14:57:47.131,431.3788026690212,103
2024-09-20 14:57:47.173,431.402540798074,5
2024-09-20 14:57:47.202,431.5138757814185,14
2024-09-20 14:57:47.235,431.4609554885889,99
2024-09-20 14:57:47.258,431.5021337565052,100
2024-09-20 14:57:47.309,431.51292014774106,14
2024-09-20 14:57:47.408,431.36811187094247,97
2024-09-20 14:57:47.454,431.49192625320296,1005
2024-09-20 14:57:47.467,431.4461200519849,15
2024-09-20 14:57:47.523,431.3941569962824,999
2024-09-20 14:57:47.525,431.4440736152133,12
2024-09-20 14:57:47.560,431.4734317827215,11
2024-09-20 14:57:47.582,431.40458133067966,11
2024-09-20 14:57:47.613,431.45020486277366,101
2024-09-20 14:57:47.624,431.4555230690911,1002
2024-09-20 14:57:47.659,431.39046197565176,99
2024-09-20 14:57:47.696,431.37055244931673,7
2024-09-20 14:57:47.806,431.405815525215,1002
2024-09-20 14:57:47.938,431.3994314326068,1005
2024-09-20 14:57:48.547,423.49370764295776,1002
2024-09-20 14:57:48.847,431.48129655750114,13
2024-09-20 14:57:48.871,431.4834666348032,105
2024-09-20 14:57:49.144,431.4672271384677,103
2024-09-20 14:57:49.194,431.4703875760456,96
2024-09-20 14:57:49.224,431.4597394110231,14
2024-09-20 14:57:49.390,423.5603042980999,1005
2024-09-20 14:57:49.429,431.4693579525476,97
2024-09-20 14:57:49.449,431.4662255428125,102
2024-09-20 14:57:49.458,431.4704445515072,104
2024-09-20 14:57:49.458,431.4727605323972,1004
2024-09-20 14:57:49.461,431.4723763631696,1001
2024-09-20 14:57:49.470,431.4676865254344,1005
2024-09-20 14:57:49.503,431.470370114661,97
2024-09-20 14:57:49.580,431.4687950018186,99
2024-09-20 14:57:49.582,431.4728830652479,99
2024-09-20 14:57:49.605,431.466915368025,101
2024-09-20 14:57:49.620,431.4597283689381,104
2024-09-20 14:57:49.638,431.4612352011192,9
2024-09-20 14:57:49.647,431.4618359386,1005
2024-09-20 14:57:49.844,431.4655359362299,6
2024-09-20 14:57:50.026,431.43120686022576,96
2024-09-20 14:57:50.041,431.44686786641495,95
2024-09-20 14:57:50.109,431.44428244540086,999
2024-09-20 14:57:50.171,431.4731051989337,12
2024-09-20 14:57:50.187,431.45625082848574,6
2024-09-20 14:57:50.212,431.4498511146585,1001
2024-09-20 14:57:50.267,431.43664005795154,5
2024-09-20 14:57:50.272,431.4451323717264,1005
2024-09-20 14:57:50.280,431.4567881187361,999
2024-09-20 14:57:50.292,431.4617738899088,1005
2024-09-20 14:57:50.404,431.46006415429264,1003
2024-09-20 14:57:50.488,431.4319197520159,1005
2024-09-20 14:57:50.531,431.44326594047385,1005
2024-09-20 14:57:50.532,431.4520033012154,102
2024-09-20 14:57:50.537,431.44610961529344,7
2024-09-20 14:57:50.593,431.4721084909026,103
2024-09-20 14:57:50.615,431.4756959507024,7
2024-09-20 14:57:50.659,431.45996429641167,5
2024-09-20 14:57:50.669,431.4469542200855,102
2024-09-20 14:57:50.702,431.45936439994,5
2024-09-20 14:57:50.753,43.14588612225341,14
2024-09-20 14:57:50.798,431.45850795098863,6
2024-09-20 14:57:50.807,431.46100528486863,105
2024-09-20 14:57:50.860,431.4578844904671,995
2024-09-20 14:57:50.950,431.4790528983192,5
2024-09-20 14:57:50.957,431.4584573186592,13
2024-09-20 14:57:52.046,431.4154608124966,6
2024-09-20 14:57:52.053,431.4324520416757,12
2024-09-20 14:57:52.242,431.400272321408,10
2024-09-20 14:57:52.250,431.4535944271246,1002
2024-09-20 14:57:52.371,431.4127601730384,997
2024-09-20 14:57:52.453,431.456001901242,10
2024-09-20 14:57:52.534,431.4647245060818,1004
2024-09-20 14:57:52.536,431.4109820432916,12
2024-09-20 14:57:52.538,431.4512514322534,996
2024-09-20 14:57:52.575,431.4496920544445,1001
2024-09-20 14:57:52.654,431.4472988200598,1000
2024-09-20 14:57:52.671,431.4571485170978,1003
2024-09-20 14:57:52.696,431.45055016157625,8
2024-09-20 14:57:52.751,431.4353606556979,998
2024-09-20 14:57:52.809,431.4391718792156,13
2024-09-20 14:57:52.833,431.4557860887512,1002
2024-09-20 14:57:52.876,431.43712082550206,1002
2024-09-20 14:57:52.958,431.45404291784416,10
2024-09-20 14:57:53.059,431.45475581166176,7
2024-09-20 14:57:53.129,431.4575586303943,999
2024-09-20 14:57:53.476,431.444387867256,995
2024-09-20 14:57:53.487,431.4543770042214,1003
2024-09-20 14:57:53.544,431.4834147897245,1005
2024-09-20 14:57:53.576,431.4668539840715,999
2024-09-20 14:57:53.582,431.44894947753176,97
2024-09-20 14:57:53.623,431.4832358289768,996
2024-09-20 14:57:53.760,431.4805524416104,98
2024-09-20 14:57:53.772,431.4435172445032,100
2024-09-20 14:57:53.952,431.4574918497302,6
2024-09-20 14:57:53.975,431.4649777155573,995
2024-09-20 14:57:54.025,431.46802510111945,100
2024-09-20 14:57:54.182,431.4662153314738,1003
2024-09-20 14:57:54.304,431.4715453823128,97
2024-09-20 14:57:54.431,431.4639658164406,15
2024-09-20 14:57:54.559,431.4424573207373,11
2024-09-20 14:57:54.719,431.44826949198807,95
2024-09-20 14:57:54.753,,13
2024-09-20 14:57:54.777,431.4682998148398,105
2024-09-20 14:57:54.788,431.468482609537,1001
2024-09-20 14:57:54.954,431.4629167616173,8
2024-09-20 14:57:56.010,431.4649727767919,1001
2024-09-20 14:57:56.032,431.4340315845407,1003
2024-09-20 14:57:56.134,-431.50112477581087,96
2024-09-20 14:57:56.175,431.4852632839266,101
2024-09-20 14:57:56.246,431.4478333954714,12
2024-09-20 14:57:56.263,431.4343202705169,12
2024-09-20 14:57:56.265,431.4487957161484,9
2024-09-20 14:57:56.299,431.4478039411964,14
2024-09-20 14:57:56.318,431.4497354765443,13
2024-09-20 14:57:56.396,,15
2024-09-20 14:57:56.400,431.453695709936,97
2024-09-20 14:57:56.413,431.48341354606697,1005
2024-09-20 14:57:56.494,431.4194248554216,101
2024-09-20 14:57:56.497,431.4518465088586,100
2024-09-20 14:57:56.532,431.451608607578,99
2024-09-20 14:57:56.546,431.4458257032333,102
2024-09-20 14:57:56.575,431.44355435094513,9
2024-09-20 14:57:56.599,431.4575678196051,14
2024-09-20 14:57:56.618,431.5142855929001,1004
2024-09-20 14:57:56.618,431.470376663377,96
2024-09-20 14:57:56.636,431.5129044880384,1003
2024-09-20 14:57:56.637,431.4383581525761,998
2024-09-20 14:57:56.669,431.449999472224,95
2024-09-20 14:57:56.673,431.4513778549096,5
2024-09-20 14:57:56.770,431.4809907648681,999
2024-09-20 14:57:56.857,431.4424297600208,96
2024-09-20 14:57:56.864,423.57119846355386,1002
2024-09-20 14:57:56.941,431.4506075564689,1004
2024-09-20 14:57:56.941,431.4632641878203,98
2024-09-20 14:57:56.988,431.45958430268735,999
2024-09-20 14:57:57.080,431.522374439044,11
2024-09-20 14:57:57.101,431.49788998869104,1005
2024-09-20 14:57:57.122,431.5243184601642,9
2024-09-20 14:57:57.146,431.5275086479682,7
2024-09-20 14:57:57.148,431.5311641641856,5
2024-09-20 14:57:57.153,431.4957639787843,12
2024-09-20 14:57:57.185,431.5297123744836,995
2024-09-20 14:57:57.226,431.54026804263566,105
2024-09-20 14:57:57.292,431.5575046762398,7
2024-09-20 14:57:57.358,431.5605697519222,13
2024-09-20 14:57:57.460,431.5347722311295,13
2024-09-20 14:57:57.630,431.5081952979689,98
2024-09-20 14:57:57.665,431.52502290751175,15
2024-09-20 14:57:57.733,431.5997529897192,104
2024-09-20 14:57:57.744,431.5425219703905,12
2024-09-20 14:57:57.779,431.5213595532758,12
2024-09-20 14:57:57.833,431.5863986898409,1004
2024-09-20 14:57:57.856,-431.5278258040507,1001
2024-09-20 14:57:57.878,431.5836751105167,101
2024-09-20 14:57:57.924,431.49863669551706,100
2024-09-20 14:57:58.001,431.4269123159602,997
2024-09-20 14:57:58.020,431.4872684271928,995
2024-09-20 14:57:58.023,431.4354012935683,6
2024-09-20 14:57:58.030,431.4502680227976,104
2024-09-20 14:57:58.033,431.4357048688666,96
2024-09-20 14:57:58.034,431.41034959126137,100
2024-09-20 14:57:58.047,431.4307832551968,995
2024-09-20 14:57:58.098,431.4325397823313,105
2024-09-20 14:57:58.111,431.4301904349093,97
2024-09-20 14:57:58.126,431.46383812855686,96
2024-09-20 14:57:58.146,431.4301148652156,5
2024-09-20 14:57:58.342,431.4235727632701,1005
2024-09-20 14:57:58.369,431.4257439228391,14
2024-09-20 14:57:58.441,431.44202719048417,103
2024-09-20 14:57:58.533,431.42314176412657,15
2024-09-20 14:57:58.585,431.4917061629624,99
2024-09-20 14:57:58.598,,1002
2024-09-20 14:57:58.620,431.4445008700037,95
2024-09-20 14:57:58.664,431.4042366124183,8
2024-09-20 14:57:58.682,431.4028129207736,13
2024-09-20 14:57:58.769,431.43123253515705,1002
2024-09-20 14:57:58.887,431.4372306629946,7
2024-09-20 14:57:58.897,431.4184897111133,102
2024-09-20 14:57:58.900,431.4516760703286,9
2024-09-20 14:57:58.907,431.4283011253083,13
2024-09-20 14:57:58.951,431.42559682582646,97
2024-09-20 14:57:59.094,431.417851817386,102
2024-09-20 14:57:59.109,431.44263274535865,14
2024-09-20 14:57:59.163,431.41458738153136,11
2024-09-20 14:57:59.210,431.43733611745824,997
2024-09-20 14:57:59.249,431.41822856566654,104
2024-09-20 14:57:59.250,431.4197361407575,95
2024-09-20 14:57:59.294,431.42168903147694,1002
2024-09-20 14:57:59.315,431.4468269315849,96
2024-09-20 14:57:59.356,431.43363703208246,1000
2024-09-20 14:57:59.439,431.4115441503682,9
2024-09-20 14:57:59.528,431.44695648330304,12
2024-09-20 14:57:59.593,431.4146607810721,996
2024-09-20 14:57:59.626,431.4111520462695,5
2024-09-20 14:57:59.725,431.41738804460994,1000
2024-09-20 14:57:59.899,431.4132443895901,12
2024-09-20 14:57:59.918,431.4042884565342,103
2024-09-20 14:57:59.923,431.41239244504254,104
