Timestamp,Price,Size
2024-09-18 14:22:00.038,414.0718860841976,9
2024-09-18 14:22:00.105,414.0438015234999,998
2024-09-18 14:22:00.114,-414.0546775187905,997
2024-09-18 14:22:00.118,414.0777927828168,104
2024-09-18 14:22:00.179,414.0667016788427,1004
2024-09-18 14:22:00.315,414.0428631321169,1005
2024-09-18 14:22:00.342,414.0481927333138,5
2024-09-18 14:22:00.349,414.0378649608672,102
2024-09-18 14:22:00.374,414.06145584276135,999
2024-09-18 14:22:00.411,414.0526167015368,1002
2024-09-18 14:22:00.536,414.0651874462373,99
2024-09-18 14:22:00.540,414.0542546167398,6
2024-09-18 14:22:00.555,414.0489434813763,8
2024-09-18 14:22:00.575,414.0277204195832,15
2024-09-18 14:22:00.575,414.04369314844513,1003
2024-09-18 14:22:00.603,414.06250922903456,7
2024-09-18 14:22:00.610,414.0533653799984,10
2024-09-18 14:22:00.662,414.0450988188538,1000
2024-09-18 14:22:00.678,414.0518021590571,1000
2024-09-18 14:22:00.679,414.0816330798352,8
2024-09-18 14:22:00.762,414.0421705554699,105
2024-09-18 14:22:00.838,414.06433511893545,10
2024-09-18 14:22:00.878,414.0573117064285,104
2024-09-18 14:22:00.908,414.05954982196977,99
2024-09-18 14:22:00.994,414.07163555635486,1005
2024-09-18 14:22:01.170,414.09459709316,5
2024-09-18 14:22:01.256,414.0965171418393,8
2024-09-18 14:22:01.267,414.0703443722509,999
2024-09-18 14:22:01.303,414.0839875143469,5
2024-09-18 14:22:01.327,414.0922968333453,13
2024-09-18 14:22:01.345,414.0490958685563,1003
2024-09-18 14:22:01.425,414.08071716289896,997
2024-09-18 14:22:01.508,414.0658257116956,1000
2024-09-18 14:22:01.534,414.052562595019,1003
2024-09-18 14:22:01.701,414.0578113938025,1001
2024-09-18 14:22:01.777,414.05633833720174,8
2024-09-18 14:22:01.797,414.0779667703571,12
2024-09-18 14:22:01.886,414.0550113613785,996
2024-09-18 14:22:01.979,414.04899574557936,97
2024-09-18 14:22:02.001,414.1039025598181,102
2024-09-18 14:22:02.001,414.1335457608831,103
2024-09-18 14:22:02.080,414.14479261286976,9
2024-09-18 14:22:02.088,414.1114404208944,13
2024-09-18 14:22:02.218,414.1174684415362,7
2024-09-18 14:22:02.319,414.1245286154176,1005
2024-09-18 14:22:02.361,414.09198003555775,8
2024-09-18 14:22:02.397,414.12867512622944,9
2024-09-18 14:22:02.498,414.1118938523109,105
2024-09-18 14:22:02.690,414.1329633344357,9
2024-09-18 14:22:02.918,414.10227734502587,7
2024-09-18 14:22:03.074,414.0722789531352,997
2024-09-18 14:22:03.094,414.0590354353093,10
2024-09-18 14:22:03.099,414.0894336309952,14
2024-09-18 14:22:03.124,414.09257450682026,97
2024-09-18 14:22:03.178,414.0145684036808,5
2024-09-18 14:22:03.198,414.0958971743767,1005
2024-09-18 14:22:03.269,414.0580722597679,14
2024-09-18 14:22:03.290,414.0838383089805,995
2024-09-18 14:22:03.303,413.9930355067,1001
2024-09-18 14:22:03.306,414.04548854635,1002
2024-09-18 14:22:03.321,414.0772828303543,998
2024-09-18 14:22:03.329,414.0909234610052,104
2024-09-18 14:22:03.486,414.10286059979984,998
2024-09-18 14:22:03.553,414.030642870376,12
2024-09-18 14:22:03.573,414.05745312906447,1004
2024-09-18 14:22:03.603,414.0679906758191,99
2024-09-18 14:22:03.739,414.0339447328527,97
2024-09-18 14:22:03.742,414.1023296466955,9
2024-09-18 14:22:03.822,414.01485398399626,997
2024-09-18 14:22:03.906,414.0754609920304,105
2024-09-18 14:22:04.031,413.9856740905407,995
2024-09-18 14:22:04.042,414.1016516851914,12
2024-09-18 14:22:04.075,414.11424722269294,12
2024-09-18 14:22:04.076,414.0508832750303,7
2024-09-18 14:22:04.185,414.1282548054425,100
2024-09-18 14:22:04.194,414.1114369592218,98
2024-09-18 14:22:04.215,414.09168822653766,6
2024-09-18 14:22:04.250,414.07411789241,15
2024-09-18 14:22:04.290,414.04742283917057,13
2024-09-18 14:22:04.305,414.0941754425233,1003
2024-09-18 14:22:04.315,414.08494490690816,7
2024-09-18 14:22:04.325,414.11089701553874,103
2024-09-18 14:22:04.404,414.10194333395657,8
2024-09-18 14:22:04.438,414.09724031164126,995
2024-09-18 14:22:04.462,413.9855852654094,1002
2024-09-18 14:22:04.502,414.09434395828384,12
2024-09-18 14:22:04.532,414.13844794918,96
2024-09-18 14:22:04.677,414.09086003216566,96
2024-09-18 14:22:04.699,414.0044417466085,101
2024-09-18 14:22:04.717,,98
2024-09-18 14:22:04.723,414.11688574662526,104
2024-09-18 14:22:04.758,414.10443322155845,7
2024-09-18 14:22:04.773,414.0252995501592,7
2024-09-18 14:22:04.784,414.05326305270165,102
2024-09-18 14:22:04.788,414.0094205112632,999
2024-09-18 14:22:04.808,414.0328311062268,998
2024-09-18 14:22:04.882,414.0548101051924,1005
2024-09-18 14:22:04.885,414.1010934331988,105
2024-09-18 14:22:04.887,414.1242569317324,101
2024-09-18 14:22:05.047,414.14117757704656,999
2024-09-18 14:22:05.189,414.128047060141,1004
2024-09-18 14:22:05.280,414.1409930660356,6
2024-09-18 14:22:05.453,414.1292153261304,14
2024-09-18 14:22:05.459,41.41293775462714,1003
2024-09-18 14:22:05.577,414.1130612923229,999
2024-09-18 14:22:05.581,414.1319610849895,95
2024-09-18 14:22:05.702,414.1189364745637,104
2024-09-18 14:22:05.879,414.1340227828603,1000
2024-09-18 14:22:05.993,414.127989562017,8
2024-09-18 14:22:06.010,414.1816825991224,10
2024-09-18 14:22:06.021,414.1752971465416,8
2024-09-18 14:22:06.217,414.16290625185576,95
2024-09-18 14:22:06.220,414.1593107557453,103
2024-09-18 14:22:06.315,414.18758169185736,999
2024-09-18 14:22:06.337,414.19281789451895,1005
2024-09-18 14:22:06.903,414.17569930672346,1003
2024-09-18 14:22:07.015,414.18500306669023,103
2024-09-18 14:22:07.235,414.1716974026174,6
2024-09-18 14:22:07.764,414.2081532912799,1004
2024-09-18 14:22:07.833,414.2039685287537,13
2024-09-18 14:22:08.011,414.2164171250008,98
2024-09-18 14:22:08.045,414.2270309308499,102
2024-09-18 14:22:08.478,414.2165511118144,105
2024-09-18 14:22:08.671,414.2168468632929,104
2024-09-18 14:22:08.743,414.21934266018246,6
2024-09-18 14:22:08.750,414.2254631068416,1003
2024-09-18 14:22:08.901,414.20091530975054,998
2024-09-18 14:22:09.700,414.193576177812,103
2024-09-18 14:22:09.799,414.1858459918041,102
2024-09-18 14:22:09.810,414.1880446914165,95
2024-09-18 14:22:09.937,414.1983754006292,1004
2024-09-18 14:22:10.022,414.15771448789394,14
2024-09-18 14:22:10.061,414.17812446940513,104
2024-09-18 14:22:10.117,414.16844119238914,100
2024-09-18 14:22:10.312,414.1680230342262,104
2024-09-18 14:22:10.396,414.1746708269028,6
2024-09-18 14:22:10.413,414.1806264680314,7
2024-09-18 14:22:10.648,414.1790401415916,15
2024-09-18 14:22:10.670,414.1800710195321,104
2024-09-18 14:22:11.026,414.1570698720892,97
2024-09-18 14:22:11.082,414.150895672808,6
2024-09-18 14:22:11.107,414.1550985914696,97
2024-09-18 14:22:11.129,414.162155928236,996
2024-09-18 14:22:11.331,414.1703504312236,5
2024-09-18 14:22:11.388,414.1496082796231,102
2024-09-18 14:22:11.452,414.1622026946718,997
2024-09-18 14:22:11.493,414.1557890667512,1005
2024-09-18 14:22:11.494,414.151713567922,9
2024-09-18 14:22:11.570,414.1510200092103,101
2024-09-18 14:22:11.580,414.1516294137724,5
2024-09-18 14:22:11.630,414.1609754084705,14
2024-09-18 14:22:11.784,414.1527671178117,5
2024-09-18 14:22:11.998,414.172141499118,1000
2024-09-18 14:22:12.040,414.1287704564276,996
2024-09-18 14:22:12.043,414.1267253276194,100
2024-09-18 14:22:12.526,414.1265299098101,95
2024-09-18 14:22:12.623,414.1219086254957,6
2024-09-18 14:22:12.783,414.1342323089851,14
2024-09-18 14:22:13.010,414.14085548536576,95
2024-09-18 14:22:13.048,414.0671772923875,14
2024-09-18 14:22:13.126,414.1344362115641,997
2024-09-18 14:22:13.231,414.0730576781862,95
2024-09-18 14:22:13.260,414.0756398349389,98
2024-09-18 14:22:13.281,414.1319743249271,10
2024-09-18 14:22:13.286,414.0758725843009,7
2024-09-18 14:22:13.481,414.0807511349129,100
2024-09-18 14:22:13.531,414.0951327704326,103
2024-09-18 14:22:13.532,414.0455231666919,999
2024-09-18 14:22:13.555,41.4052831024348,13
2024-09-18 14:22:13.656,414.1084240683356,1003
2024-09-18 14:22:13.689,414.0833392511377,99
2024-09-18 14:22:13.702,414.0693134267417,8
2024-09-18 14:22:13.717,414.09271391994,1003
2024-09-18 14:22:13.726,414.06693968217263,7
2024-09-18 14:22:13.729,414.1367536798671,996
2024-09-18 14:22:13.773,414.0527425274301,97
2024-09-18 14:22:13.805,414.1065761914173,12
2024-09-18 14:22:13.856,414.0745705075736,97
2024-09-18 14:22:13.917,414.1321500614538,95
2024-09-18 14:22:13.941,414.0905005725367,95
2024-09-18 14:22:13.977,414.121015396062,1003
2024-09-18 14:22:14.006,414.07294561592,98
2024-09-18 14:22:14.033,414.0313895200624,13
2024-09-18 14:22:14.109,-414.0480138903392,9
2024-09-18 14:22:14.165,414.0362104233577,1001
2024-09-18 14:22:14.190,414.0472649200504,997
2024-09-18 14:22:14.322,414.029025563131,104
2024-09-18 14:22:14.324,414.0575378843327,10
2024-09-18 14:22:14.449,414.05521817356174,997
2024-09-18 14:22:14.481,414.02190113415423,96
2024-09-18 14:22:14.533,414.0428306937351,998
2024-09-18 14:22:14.567,414.0615825455146,15
2024-09-18 14:22:14.584,414.04093193661146,1005
2024-09-18 14:22:14.759,414.0333082363086,96
2024-09-18 14:22:14.760,414.0796833990012,95
2024-09-18 14:22:14.877,414.0432149027855,8
2024-09-18 14:22:14.937,414.0373620086428,995
2024-09-18 14:22:14.947,414.0336191454624,99
2024-09-18 14:22:15.011,414.0300017994231,997
2024-09-18 14:22:15.043,414.0530470512867,999
2024-09-18 14:22:15.078,414.036702397027,996
2024-09-18 14:22:15.171,414.03418616119546,10
2024-09-18 14:22:15.222,414.0596803390149,11
2024-09-18 14:22:15.229,414.0236678313481,1000
2024-09-18 14:22:15.232,414.0499601401283,998
2024-09-18 14:22:15.303,414.05994751993046,99
2024-09-18 14:22:15.309,414.0327413952516,15
2024-09-18 14:22:15.356,,12
2024-09-18 14:22:15.361,414.0465037609265,7
2024-09-18 14:22:15.444,414.0395873947447,15
2024-09-18 14:22:15.451,414.0298078633922,997
2024-09-18 14:22:15.605,414.0055739191407,99
2024-09-18 14:22:15.663,414.0296565515133,13
2024-09-18 14:22:15.677,414.0334063395381,7
2024-09-18 14:22:15.681,414.03265998140097,12
2024-09-18 14:22:15.702,414.05709459316097,8
2024-09-18 14:22:15.734,414.0369795376546,102
2024-09-18 14:22:15.766,414.0650928584897,103
2024-09-18 14:22:15.820,414.04262359789647,1002
2024-09-18 14:22:15.911,414.0389689149328,8
2024-09-18 14:22:16.791,414.04596367221376,9
2024-09-18 14:22:16.986,414.04131409883706,96
2024-09-18 14:22:17.054,413.992055806406,96
2024-09-18 14:22:17.082,414.03925723633614,8
2024-09-18 14:22:17.267,413.9921933044015,104
2024-09-18 14:22:17.387,414.01097829794463,1005
2024-09-18 14:22:17.409,413.9974439802414,97
2024-09-18 14:22:17.450,414.02910851637967,97
2024-09-18 14:22:17.532,414.04491968125234,997
2024-09-18 14:22:17.579,414.0276458367568,1003
2024-09-18 14:22:18.052,413.9727561595332,13
2024-09-18 14:22:18.204,413.97838277925393,997
2024-09-18 14:22:18.223,413.97481817001847,5
2024-09-18 14:22:18.333,413.9810507079278,7
2024-09-18 14:22:18.417,413.992276058702,999
2024-09-18 14:22:18.511,413.9953407610018,996
2024-09-18 14:22:18.597,413.9725467030002,99
2024-09-18 14:22:18.623,413.99691543151545,1004
2024-09-18 14:22:18.655,413.9864535473857,7
2024-09-18 14:22:19.196,413.9956558882329,102
2024-09-18 14:22:19.285,413.9722472392671,6
2024-09-18 14:22:19.332,413.9690491960154,102
2024-09-18 14:22:19.620,413.97056450512,1002
2024-09-18 14:22:19.801,41.39648063199892,1000
2024-09-18 14:22:19.967,413.9734975516006,11
2024-09-18 14:22:20.014,-413.9773554532826,101
2024-09-18 14:22:20.020,413.9244398493458,1005
2024-09-18 14:22:20.021,413.99433510124754,104
2024-09-18 14:22:20.127,414.02004962493567,104
2024-09-18 14:22:20.127,413.9354990285304,998
2024-09-18 14:22:20.148,414.0120192955529,1003
2024-09-18 14:22:20.154,413.9663139405566,103
2024-09-18 14:22:20.159,413.98271109251857,7
2024-09-18 14:22:20.165,413.93619259077497,1001
2024-09-18 14:22:20.166,413.9860852011255,1001
2024-09-18 14:22:20.223,413.9224150666728,1000
2024-09-18 14:22:20.301,413.9649427754404,1000
2024-09-18 14:22:20.358,413.93791757376425,100
2024-09-18 14:22:20.363,414.01495841262914,7
2024-09-18 14:22:20.396,413.97917129972745,104
2024-09-18 14:22:20.420,413.992810239812,104
2024-09-18 14:22:20.500,414.00066398368233,9
2024-09-18 14:22:20.516,413.96104744194366,98
2024-09-18 14:22:20.558,413.9679642333353,103
2024-09-18 14:22:20.566,413.9437771205938,96
2024-09-18 14:22:20.586,414.00327712132776,100
2024-09-18 14:22:20.614,413.9285868534705,6
2024-09-18 14:22:20.624,414.0023251013067,11
2024-09-18 14:22:20.690,413.9228169898242,11
2024-09-18 14:22:20.713,413.99044827232535,12
2024-09-18 14:22:20.761,414.0045567717949,1005
2024-09-18 14:22:20.778,413.95513713997866,96
2024-09-18 14:22:20.838,413.9988165252736,100
2024-09-18 14:22:20.925,413.9662153036196,5
2024-09-18 14:22:20.968,414.0079279124794,95
2024-09-18 14:22:21.010,413.9203730128309,97
2024-09-18 14:22:21.059,413.8881023108326,99
2024-09-18 14:22:21.090,413.8664647926982,98
2024-09-18 14:22:21.100,413.9050079401516,1004
2024-09-18 14:22:21.137,413.9226173928736,1003
2024-09-18 14:22:21.235,413.9216305413919,996
2024-09-18 14:22:21.378,413.9281612489281,95
2024-09-18 14:22:21.391,413.88973097577457,6
2024-09-18 14:22:21.482,413.90825707723263,12
2024-09-18 14:22:21.623,413.8873484695308,1003
2024-09-18 14:22:21.686,413.9149842261846,105
2024-09-18 14:22:21.693,413.8733725981391,14
2024-09-18 14:22:21.696,413.89941161135647,95
2024-09-18 14:22:21.700,413.9190885704448,995
2024-09-18 14:22:21.737,413.9064733326107,1000
2024-09-18 14:22:21.766,413.9306764838672,100
2024-09-18 14:22:21.795,413.90820963982594,997
2024-09-18 14:22:21.983,413.9123349945187,95
2024-09-18 14:22:22.014,413.8935418157264,97
2024-09-18 14:22:22.036,413.89965500514455,14
2024-09-18 14:22:22.073,413.8973610542503,10
2024-09-18 14:22:22.086,413.9027136130701,997
2024-09-18 14:22:22.257,413.86385111352354,995
2024-09-18 14:22:22.266,413.90880513105446,100
2024-09-18 14:22:22.269,413.8906624655203,102
2024-09-18 14:22:22.295,413.8861377410496,999
2024-09-18 14:22:22.361,413.9066768525545,999
2024-09-18 14:22:22.362,413.8484742109288,95
2024-09-18 14:22:22.459,413.8526000268064,95
2024-09-18 14:22:22.496,413.8798224474142,103
2024-09-18 14:22:22.520,413.8608008957663,1004
2024-09-18 14:22:22.531,413.8955729081122,9
2024-09-18 14:22:22.547,413.8857184785404,105
2024-09-18 14:22:22.569,413.90674695544976,105
2024-09-18 14:22:22.625,413.9072879386061,15
2024-09-18 14:22:22.657,413.8962330970384,102
2024-09-18 14:22:22.681,413.896581816241,102
2024-09-18 14:22:22.704,413.9051639251696,13
2024-09-18 14:22:22.708,413.907502518563,1004
2024-09-18 14:22:22.724,413.9015810292194,10
2024-09-18 14:22:22.728,413.90223519030855,95
2024-09-18 14:22:22.791,413.90242336923774,12
2024-09-18 14:22:22.826,413.90436189707015,8
2024-09-18 14:22:22.856,413.8820219318605,104
2024-09-18 14:22:22.870,413.8952256215641,12
2024-09-18 14:22:22.884,,1003
2024-09-18 14:22:22.892,413.85965569481846,9
2024-09-18 14:22:22.984,413.8861546559588,103
2024-09-18 14:22:23.001,413.92017110546647,6
2024-09-18 14:22:23.013,413.91214196184495,13
2024-09-18 14:22:23.041,413.9050482628841,1003
2024-09-18 14:22:23.041,413.89912349512,14
2024-09-18 14:22:23.057,413.9572295731876,97
2024-09-18 14:22:23.114,413.89988679978353,13
2024-09-18 14:22:23.131,413.89200807818565,6
2024-09-18 14:22:23.212,413.9025562004621,98
2024-09-18 14:22:23.263,413.9248893476236,7
2024-09-18 14:22:23.304,413.9037880415742,997
2024-09-18 14:22:23.309,413.903485916201,999
2024-09-18 14:22:23.540,413.90815344272096,998
2024-09-18 14:22:23.670,413.8809073839877,996
2024-09-18 14:22:23.725,413.9165944826791,1000
2024-09-18 14:22:23.735,413.91624990136046,1004
2024-09-18 14:22:23.763,413.88861144632256,1003
2024-09-18 14:22:23.836,413.89893117672585,1004
2024-09-18 14:22:23.855,413.9491398746538,998
2024-09-18 14:22:23.883,413.92201423832097,98
2024-09-18 14:22:23.885,413.9258850862518,11
2024-09-18 14:22:23.914,413.889563653861,99
2024-09-18 14:22:23.933,413.9009377826116,1001
2024-09-18 14:22:23.961,413.9079753323322,1005
2024-09-18 14:22:24.071,413.9204635255461,1003
2024-09-18 14:22:24.081,-413.84056293769777,1004
2024-09-18 14:22:24.106,413.81786596287697,104
2024-09-18 14:22:24.142,413.80288913457866,1000
2024-09-18 14:22:24.168,413.9108347399098,995
2024-09-18 14:22:24.235,413.8133803629093,100
2024-09-18 14:22:24.274,413.90897586372586,1005
2024-09-18 14:22:24.303,413.82995785078623,100
2024-09-18 14:22:24.312,413.8479860832885,997
2024-09-18 14:22:24.385,413.9168946035778,96
2024-09-18 14:22:24.387,413.90895403592685,1003
2024-09-18 14:22:24.393,413.92672792800334,6
2024-09-18 14:22:24.414,413.85695771082055,1004
2024-09-18 14:22:24.422,413.8892909384397,99
2024-09-18 14:22:24.493,413.872180769384,996
2024-09-18 14:22:24.634,413.8081416363064,95
2024-09-18 14:22:24.687,413.83579678446506,97
2024-09-18 14:22:24.741,413.81327229596894,8
2024-09-18 14:22:24.815,413.8207285775413,1000
2024-09-18 14:22:24.818,413.9088014451669,1001
2024-09-18 14:22:24.871,413.9383740132941,1001
2024-09-18 14:22:24.905,413.79766001714864,96
2024-09-18 14:22:24.954,413.9179972685846,999
2024-09-18 14:22:24.990,413.7966948493655,14
2024-09-18 14:22:24.998,413.8044518567883,1005
2024-09-18 14:22:25.215,413.793304518409,6
2024-09-18 14:22:26.040,413.7926835187229,100
2024-09-18 14:22:26.045,413.7728830145877,5
2024-09-18 14:22:26.063,413.7287294522096,996
2024-09-18 14:22:26.093,413.76971950249794,6
2024-09-18 14:22:26.118,413.76845293235925,96
2024-09-18 14:22:26.145,,1000
2024-09-18 14:22:26.167,413.7811583281463,11
2024-09-18 14:22:26.255,413.7907322427135,11
2024-09-18 14:22:26.367,413.76887486053545,996
2024-09-18 14:22:26.376,413.7781224876577,99
2024-09-18 14:22:26.437,413.75671446468937,997
2024-09-18 14:22:26.480,413.7465465445334,95
2024-09-18 14:22:26.536,413.7622419744552,15
2024-09-18 14:22:26.566,,103
2024-09-18 14:22:26.606,413.7250114992521,6
2024-09-18 14:22:26.675,413.7973079206205,1001
2024-09-18 14:22:26.723,413.7540090683498,96
2024-09-18 14:22:26.765,413.7302969098809,104
2024-09-18 14:22:26.772,413.7855683273133,997
2024-09-18 14:22:26.832,413.73720560984674,1002
2024-09-18 14:22:26.842,413.7451701329806,101
2024-09-18 14:22:26.881,413.78626648280056,996
2024-09-18 14:22:26.899,413.752951932745,14
2024-09-18 14:22:26.912,413.770099564993,1002
2024-09-18 14:22:26.922,413.7809721432126,100
2024-09-18 14:22:27.007,413.7531341322356,1000
2024-09-18 14:22:27.048,413.7863857045881,103
2024-09-18 14:22:27.090,413.7697626412495,9
2024-09-18 14:22:27.128,413.74858729151856,7
2024-09-18 14:22:27.143,413.7763492530877,13
2024-09-18 14:22:27.151,413.767983778111,95
2024-09-18 14:22:27.198,413.7669782770344,98
2024-09-18 14:22:27.221,413.747908604868,12
2024-09-18 14:22:27.244,413.722799050501,11
2024-09-18 14:22:27.364,413.7501985209129,5
2024-09-18 14:22:27.371,413.75819941854303,1002
2024-09-18 14:22:27.379,413.7746786900598,1000
2024-09-18 14:22:27.424,413.7735019134822,1000
2024-09-18 14:22:27.463,413.7411601715588,1002
2024-09-18 14:22:27.503,413.7848282202714,13
2024-09-18 14:22:27.505,413.7593840719389,998
2024-09-18 14:22:27.581,413.75415766063713,1001
2024-09-18 14:22:27.601,413.79131657217386,995
2024-09-18 14:22:27.672,413.7824753555603,997
2024-09-18 14:22:27.739,413.7696479406732,98
2024-09-18 14:22:27.787,413.7693746533501,1004
2024-09-18 14:22:27.805,413.7237665143895,100
2024-09-18 14:22:27.835,413.7342696861896,1005
2024-09-18 14:22:27.918,413.7738681487713,102
2024-09-18 14:22:27.928,413.7285469116807,96
2024-09-18 14:22:27.984,413.77034367651913,996
2024-09-18 14:22:27.987,413.7313807564079,8
2024-09-18 14:22:28.083,413.7492526940099,998
2024-09-18 14:22:28.378,413.7183138370971,999
2024-09-18 14:22:28.449,413.73864853613793,1000
2024-09-18 14:22:28.589,413.7443089354021,8
2024-09-18 14:22:28.684,413.7337342125661,998
2024-09-18 14:22:28.807,413.7276356702072,98
2024-09-18 14:22:28.818,413.7210331815668,6
2024-09-18 14:22:29.170,413.69854502905577,97
2024-09-18 14:22:29.191,413.65651707495385,105
2024-09-18 14:22:29.429,413.6551654472559,101
2024-09-18 14:22:29.790,413.6809895172781,997
2024-09-18 14:22:29.797,413.6826508031013,99
2024-09-18 14:22:29.854,413.700880674923,1005
2024-09-18 14:22:30.070,413.67291943235074,95
2024-09-18 14:22:30.106,413.6341321894227,100
2024-09-18 14:22:30.125,413.6632939722495,5
2024-09-18 14:22:30.140,413.66478858525926,99
2024-09-18 14:22:30.232,413.6655871466924,998
2024-09-18 14:22:30.255,413.659307510076,102
2024-09-18 14:22:30.358,413.63717059154624,103
2024-09-18 14:22:30.366,413.637723579638,5
2024-09-18 14:22:30.369,413.67631287681854,102
2024-09-18 14:22:30.371,413.62848304813576,1002
2024-09-18 14:22:30.407,413.67716040989006,97
2024-09-18 14:22:30.440,413.6621111123467,996
2024-09-18 14:22:30.468,413.658291906758,7
2024-09-18 14:22:30.520,413.6689179115997,102
2024-09-18 14:22:30.535,413.66443270993256,102
2024-09-18 14:22:30.549,413.6507262145684,101
2024-09-18 14:22:30.618,413.6587944356333,9
2024-09-18 14:22:30.645,413.6496175752593,97
2024-09-18 14:22:30.709,413.67442538295353,996
2024-09-18 14:22:30.719,413.65741472931785,1005
2024-09-18 14:22:30.781,413.6450746050694,11
2024-09-18 14:22:30.795,413.63254889784594,1004
2024-09-18 14:22:30.837,413.6611452779849,8
2024-09-18 14:22:30.889,413.6707987835864,13
2024-09-18 14:22:30.940,413.6229051480355,1000
2024-09-18 14:22:30.946,413.65749888248513,14
2024-09-18 14:22:30.958,413.6381838299407,1000
2024-09-18 14:22:31.049,413.6199420107017,997
2024-09-18 14:22:31.453,413.607288473933,1001
2024-09-18 14:22:31.635,413.59611978770624,5
2024-09-18 14:22:31.919,413.627942946585,7
2024-09-18 14:22:32.067,413.5875281699589,103
2024-09-18 14:22:32.088,413.58574807011297,7
2024-09-18 14:22:32.106,413.5672326621087,995
2024-09-18 14:22:33.077,413.5936931585593,101
2024-09-18 14:22:33.100,413.5804034893946,996
2024-09-18 14:22:33.223,413.5666120555657,1004
2024-09-18 14:22:33.290,413.5656781335916,999
2024-09-18 14:22:33.411,413.5773971017954,15
2024-09-18 14:22:33.426,413.5542674595849,1002
2024-09-18 14:22:33.505,413.58612936566175,998
2024-09-18 14:22:33.635,413.57697338169976,104
2024-09-18 14:22:33.662,413.59517727904495,1005
2024-09-18 14:22:33.969,413.5729339044646,1002
2024-09-18 14:22:34.039,413.574815005813,98
2024-09-18 14:22:34.126,413.5807996104644,96
2024-09-18 14:22:34.168,413.5994101617417,97
2024-09-18 14:22:34.205,413.56301637416726,997
2024-09-18 14:22:34.267,413.5683839462963,101
2024-09-18 14:22:34.269,413.5553447878862,5
2024-09-18 14:22:34.279,413.5853518158142,96
2024-09-18 14:22:34.296,413.6058507593684,12
2024-09-18 14:22:34.301,413.5988714679008,1000
2024-09-18 14:22:34.331,413.5840860589231,1003
2024-09-18 14:22:34.336,413.58496521731576,96
2024-09-18 14:22:34.365,413.602081935648,10
2024-09-18 14:22:34.397,413.5703688571418,5
2024-09-18 14:22:34.460,413.5777328270148,101
2024-09-18 14:22:34.487,413.5937257896017,7
2024-09-18 14:22:34.497,413.5800541418049,1005
2024-09-18 14:22:34.558,413.5841103028694,1004
2024-09-18 14:22:34.581,413.56719284256206,14
2024-09-18 14:22:34.706,413.5793116286234,104
2024-09-18 14:22:34.837,413.5869139071736,1001
2024-09-18 14:22:34.864,413.5717475786717,9
2024-09-18 14:22:34.898,413.58077300589247,1005
2024-09-18 14:22:34.926,413.5671598301312,101
2024-09-18 14:22:34.976,413.6038280713413,98
2024-09-18 14:22:34.990,413.5824765168696,997
2024-09-18 14:22:35.023,413.5415901396007,14
2024-09-18 14:22:35.139,413.513216881828,102
2024-09-18 14:22:35.226,413.45746493898673,1005
2024-09-18 14:22:35.239,413.5046027020543,10
2024-09-18 14:22:35.239,413.4343286406641,12
2024-09-18 14:22:35.261,-413.4764837257268,1001
2024-09-18 14:22:35.269,413.507513428251,995
2024-09-18 14:22:35.293,413.50697276902434,101
2024-09-18 14:22:35.330,413.5065872955414,999
2024-09-18 14:22:35.375,413.5221449045455,9
2024-09-18 14:22:35.413,413.4654075134045,1002
2024-09-18 14:22:35.428,413.4927921728929,997
2024-09-18 14:22:35.558,413.5364176811638,998
2024-09-18 14:22:35.603,413.4638958063112,103
2024-09-18 14:22:35.622,413.453344735959,95
2024-09-18 14:22:35.636,413.5491019400396,998
2024-09-18 14:22:35.664,413.4735283458826,97
2024-09-18 14:22:35.673,413.45843756100425,6
2024-09-18 14:22:35.676,413.4496654881304,103
2024-09-18 14:22:35.729,413.4732413445758,995
2024-09-18 14:22:35.739,413.4670581228714,995
2024-09-18 14:22:35.772,413.4675204387175,15
2024-09-18 14:22:35.811,413.4796987730522,1003
2024-09-18 14:22:35.812,413.4497537908112,96
2024-09-18 14:22:35.891,413.4480112265065,1004
2024-09-18 14:22:35.903,413.54059115197424,7
2024-09-18 14:22:35.964,413.449636641019,7
2024-09-18 14:22:36.024,413.5404663965045,102
2024-09-18 14:22:36.111,413.53291615795774,11
2024-09-18 14:22:36.111,413.5093187450009,1002
2024-09-18 14:22:36.159,413.54495788035774,1001
2024-09-18 14:22:36.166,413.5375547509892,14
2024-09-18 14:22:36.184,413.5381748684876,13
2024-09-18 14:22:36.240,413.4920977373628,1000
2024-09-18 14:22:36.269,413.4867300384586,11
2024-09-18 14:22:36.282,413.5467870452578,99
2024-09-18 14:22:36.346,413.45595071088695,95
2024-09-18 14:22:36.390,413.5444821179931,97
2024-09-18 14:22:36.410,,1004
2024-09-18 14:22:36.419,413.5066382610206,103
2024-09-18 14:22:36.449,413.54247704252367,99
2024-09-18 14:22:36.508,413.55354811622726,6
2024-09-18 14:22:36.514,413.5693981977711,104
2024-09-18 14:22:36.558,413.5580791526974,1001
2024-09-18 14:22:36.595,413.5531758587481,99
2024-09-18 14:22:36.602,413.46684665820095,997
2024-09-18 14:22:36.642,413.5208052602242,13
2024-09-18 14:22:36.720,413.5604942909085,999
2024-09-18 14:22:36.732,413.53133216643016,97
2024-09-18 14:22:36.738,413.4525546022261,9
2024-09-18 14:22:36.754,413.46770058483753,100
2024-09-18 14:22:36.808,413.55913414448673,14
2024-09-18 14:22:36.814,413.5019553392702,8
2024-09-18 14:22:36.921,413.5615140467423,9
2024-09-18 14:22:36.958,413.56548269813175,105
2024-09-18 14:22:36.964,413.557232067023,100
2024-09-18 14:22:37.034,413.5701818082457,1000
2024-09-18 14:22:37.090,413.56535607621146,12
2024-09-18 14:22:37.432,413.55171622414974,104
2024-09-18 14:22:37.461,413.5462702920402,12
2024-09-18 14:22:37.727,413.5749539074006,100
2024-09-18 14:22:37.768,413.57452714761655,1001
2024-09-18 14:22:37.814,413.5733072628481,9
2024-09-18 14:22:37.866,413.56533487220463,99
2024-09-18 14:22:37.887,413.5560408917924,14
2024-09-18 14:22:39.067,413.6784712251858,12
2024-09-18 14:22:39.117,,15
2024-09-18 14:22:39.154,413.6248087585241,15
2024-09-18 14:22:39.252,413.6673795324305,97
2024-09-18 14:22:39.257,413.703710012371,15
2024-09-18 14:22:39.309,413.6924175156016,8
2024-09-18 14:22:39.327,413.6478305596733,100
2024-09-18 14:22:39.334,413.6678865938525,10
2024-09-18 14:22:39.350,413.65881359670976,96
2024-09-18 14:22:39.355,413.6689188168908,101
2024-09-18 14:22:39.363,413.6631004663852,105
2024-09-18 14:22:39.417,413.64625407876696,995
2024-09-18 14:22:39.419,413.6887925158146,15
2024-09-18 14:22:39.447,413.6867255669654,6
2024-09-18 14:22:39.472,413.6993188749376,99
2024-09-18 14:22:39.515,413.6609979057973,1003
2024-09-18 14:22:39.533,413.6874795754047,7
2024-09-18 14:22:39.549,413.65581661780107,100
2024-09-18 14:22:39.553,413.6716134865536,12
2024-09-18 14:22:39.557,413.6498138230735,7
2024-09-18 14:22:39.657,413.6792601735807,14
2024-09-18 14:22:39.745,413.6656869197568,999
2024-09-18 14:22:39.820,413.6906850301485,1000
2024-09-18 14:22:39.821,413.6862568496031,996
2024-09-18 14:22:39.899,413.6862502014386,15
2024-09-18 14:22:39.915,413.6059676731288,14
2024-09-18 14:22:39.916,413.6842944136025,997
2024-09-18 14:22:39.980,413.68402181049015,1003
2024-09-18 14:22:40.700,413.7223476584618,13
2024-09-18 14:22:40.906,413.72030042582185,102
2024-09-18 14:22:40.932,413.7094730237917,99
2024-09-18 14:22:41.046,413.704959958983,999
2024-09-18 14:22:41.102,413.7035715388336,96
2024-09-18 14:22:41.178,413.7233658678418,13
2024-09-18 14:22:41.258,413.7213930184192,100
2024-09-18 14:22:41.261,413.6966153929688,13
2024-09-18 14:22:41.262,413.7315222924633,1002
2024-09-18 14:22:41.294,413.6947092867157,1004
2024-09-18 14:22:41.313,413.7248199456391,1002
2024-09-18 14:22:41.318,413.6994602698408,996
2024-09-18 14:22:41.339,413.7276406404021,98
2024-09-18 14:22:41.363,413.7228247749644,15
2024-09-18 14:22:41.368,413.73429509463335,105
2024-09-18 14:22:41.409,-413.7382458774911,9
2024-09-18 14:22:41.432,413.73548306340746,103
2024-09-18 14:22:41.542,413.7213873523908,103
2024-09-18 14:22:41.597,413.727317508037,7
2024-09-18 14:22:41.616,413.7016374916317,13
2024-09-18 14:22:41.629,413.7263313853623,1002
2024-09-18 14:22:41.814,413.7110558236246,103
2024-09-18 14:22:41.866,413.7288372172573,11
2024-09-18 14:22:42.096,413.6407408145151,96
2024-09-18 14:22:42.124,413.67787590758974,102
2024-09-18 14:22:42.129,413.6813547024722,98
2024-09-18 14:22:42.134,413.677861172517,1004
2024-09-18 14:22:42.135,413.6476162736391,104
2024-09-18 14:22:42.153,413.6298195540437,96
2024-09-18 14:22:42.163,413.67295244093657,15
2024-09-18 14:22:42.285,413.6746050355903,96
2024-09-18 14:22:42.326,413.6775893461826,99
2024-09-18 14:22:42.354,413.6799856280052,7
2024-09-18 14:22:42.360,413.6843980940213,102
2024-09-18 14:22:42.376,413.6860013575672,101
2024-09-18 14:22:42.377,413.68970120878265,103
2024-09-18 14:22:42.428,413.6633733145581,1001
2024-09-18 14:22:42.451,413.6800054330733,11
2024-09-18 14:22:42.475,413.6764602077254,6
2024-09-18 14:22:42.528,413.6652613676425,995
2024-09-18 14:22:42.566,413.6698750999248,103
2024-09-18 14:22:42.636,413.6877998229944,995
2024-09-18 14:22:42.723,413.6548280779445,997
2024-09-18 14:22:42.758,413.6845342193139,100
2024-09-18 14:22:42.804,413.6889054780314,13
2024-09-18 14:22:42.808,413.6539700602892,99
2024-09-18 14:22:42.817,413.64932548630935,105
2024-09-18 14:22:42.866,413.65953971072094,105
2024-09-18 14:22:42.881,413.6708356568427,5
2024-09-18 14:22:42.942,413.65243007689,11
2024-09-18 14:22:42.977,413.6342197223029,9
2024-09-18 14:22:42.992,413.68686079320975,11
2024-09-18 14:22:42.997,413.6857751670197,98
2024-09-18 14:22:43.105,413.6958880576924,997
2024-09-18 14:22:43.546,413.65030743785536,100
2024-09-18 14:22:43.600,413.6646401647961,12
2024-09-18 14:22:43.864,413.6963961713306,14
2024-09-18 14:22:43.901,413.6949443991128,7
2024-09-18 14:22:44.026,413.6617156972199,13
2024-09-18 14:22:44.035,413.6930432535919,997
2024-09-18 14:22:44.048,413.6721337567807,997
2024-09-18 14:22:44.148,,101
2024-09-18 14:22:44.167,413.6579666049996,101
2024-09-18 14:22:44.207,413.6578509789894,102
2024-09-18 14:22:44.297,413.6527687387484,999
2024-09-18 14:22:44.376,413.6748718343674,100
2024-09-18 14:22:44.501,413.687863542041,10
2024-09-18 14:22:44.551,413.64195954424525,95
2024-09-18 14:22:44.714,413.6548158705304,103
2024-09-18 14:22:44.721,413.6888851942606,1004
2024-09-18 14:22:44.751,413.6863722933439,999
2024-09-18 14:22:44.886,413.6483376546111,998
2024-09-18 14:22:44.893,413.64064943768847,998
2024-09-18 14:22:44.898,413.6845466307758,105
2024-09-18 14:22:44.954,413.67326684965656,1001
2024-09-18 14:22:45.021,413.5331719929971,8
2024-09-18 14:22:45.044,413.6272514250663,7
2024-09-18 14:22:45.050,413.5595152807522,11
2024-09-18 14:22:45.127,413.52043042188905,998
2024-09-18 14:22:45.194,413.5900367551047,98
2024-09-18 14:22:45.212,413.6356055501066,9
2024-09-18 14:22:45.301,413.6420368114674,100
2024-09-18 14:22:45.322,413.5855972328016,12
2024-09-18 14:22:45.338,413.5696427945738,1005
2024-09-18 14:22:45.349,413.5585363536508,97
2024-09-18 14:22:45.405,413.5520866064792,15
2024-09-18 14:22:45.412,413.5205315419204,1004
2024-09-18 14:22:45.573,413.6303927722098,12
2024-09-18 14:22:45.575,413.5749186285229,11
2024-09-18 14:22:45.575,413.56179072046,101
2024-09-18 14:22:45.634,413.5594671269085,1003
2024-09-18 14:22:45.742,413.5734068579072,95
2024-09-18 14:22:45.759,413.5565667587144,6
2024-09-18 14:22:45.783,413.6136759857405,10
2024-09-18 14:22:45.813,413.5649623578691,7
2024-09-18 14:22:45.886,413.5768350045938,6
2024-09-18 14:22:45.912,413.5563471325796,12
2024-09-18 14:22:45.937,413.565309590142,13
2024-09-18 14:22:45.985,413.5599941044331,100
2024-09-18 14:22:46.117,413.6146910705551,11
2024-09-18 14:22:46.118,413.55704516785886,13
2024-09-18 14:22:46.364,-413.61734353328046,98
2024-09-18 14:22:46.386,413.5684860507938,13
2024-09-18 14:22:46.410,413.6091488927638,1001
2024-09-18 14:22:46.483,413.5357930411544,103
2024-09-18 14:22:46.488,413.5908962630224,1005
2024-09-18 14:22:46.522,413.5828329353408,8
2024-09-18 14:22:46.593,413.6043868242707,999
2024-09-18 14:22:46.631,413.54890345320047,101
2024-09-18 14:22:46.857,413.55999398310007,9
2024-09-18 14:22:46.972,413.6227870974456,1001
2024-09-18 14:22:47.036,413.6158480361792,98
2024-09-18 14:22:47.286,413.60109196654713,101
2024-09-18 14:22:47.340,413.5739050857035,102
2024-09-18 14:22:47.383,413.6038311892149,102
2024-09-18 14:22:47.444,413.5789813754299,1004
2024-09-18 14:22:47.494,413.6109971460709,97
2024-09-18 14:22:47.538,413.6190241415748,8
2024-09-18 14:22:47.644,413.630456747956,8
2024-09-18 14:22:47.695,413.5932904055885,14
2024-09-18 14:22:47.775,413.6349069298418,10
2024-09-18 14:22:47.880,413.6065928093655,96
2024-09-18 14:22:47.918,413.6065027641922,997
2024-09-18 14:22:49.415,413.5730170060245,998
2024-09-18 14:22:49.506,413.5920211771618,1003
2024-09-18 14:22:49.919,413.56933332718506,95
2024-09-18 14:22:50.146,413.5483965723387,101
2024-09-18 14:22:50.718,413.5573254293628,102
2024-09-18 14:22:50.978,413.5644450481163,97
2024-09-18 14:22:51.028,413.63715139144784,100
2024-09-18 14:22:51.050,413.59574441985,102
2024-09-18 14:22:51.217,413.5341900029832,13
2024-09-18 14:22:51.323,413.5421018468472,5
2024-09-18 14:22:51.460,413.5760933773853,12
2024-09-18 14:22:51.474,413.61788443539206,1001
2024-09-18 14:22:51.484,413.5599281176865,1000
2024-09-18 14:22:51.486,413.5727877923726,1003
2024-09-18 14:22:51.542,413.613149513548,6
2024-09-18 14:22:51.613,413.5884320005205,97
2024-09-18 14:22:51.618,413.56678836822414,13
2024-09-18 14:22:51.680,413.5520679141361,101
2024-09-18 14:22:51.687,413.5952719290852,105
2024-09-18 14:22:51.696,413.5942331898874,95
2024-09-18 14:22:51.736,413.5437445509379,13
2024-09-18 14:22:51.909,413.5799449736779,95
2024-09-18 14:22:52.054,413.7793817534794,1000
2024-09-18 14:22:52.089,413.7846471074223,998
2024-09-18 14:22:52.097,413.6574616403351,998
2024-09-18 14:22:52.172,413.7196692689718,95
2024-09-18 14:22:52.182,413.6828447449867,999
2024-09-18 14:22:52.210,413.6963725778554,998
2024-09-18 14:22:52.250,413.6843700689873,104
2024-09-18 14:22:52.301,413.76016638937847,995
2024-09-18 14:22:52.311,413.6619427717582,99
2024-09-18 14:22:52.317,413.6502324006369,104
2024-09-18 14:22:52.432,413.694618788706,99
2024-09-18 14:22:52.469,413.6593207046365,102
2024-09-18 14:22:52.491,413.6349603266503,1005
2024-09-18 14:22:52.586,413.68426228496463,1000
2024-09-18 14:22:52.599,413.758570825856,998
2024-09-18 14:22:52.697,413.6365485966573,96
2024-09-18 14:22:52.707,413.7733418788254,102
2024-09-18 14:22:52.737,413.6310202593321,1001
2024-09-18 14:22:52.749,413.77987523145583,999
2024-09-18 14:22:52.863,413.7516968904919,997
2024-09-18 14:22:52.870,413.7143468652927,15
2024-09-18 14:22:52.983,413.77795020743247,15
2024-09-18 14:22:53.053,413.78086267103,6
2024-09-18 14:22:53.073,413.7563582366772,1004
2024-09-18 14:22:53.138,413.7872390000416,14
2024-09-18 14:22:53.181,413.77736697037335,13
2024-09-18 14:22:53.199,413.7455182182267,1002
2024-09-18 14:22:53.243,413.7527961966237,997
2024-09-18 14:22:53.314,413.7549157771516,1001
2024-09-18 14:22:53.317,413.7998700593864,102
2024-09-18 14:22:53.327,413.77969861890347,1003
2024-09-18 14:22:53.369,413.7619986813992,999
2024-09-18 14:22:53.422,413.7683481688694,6
2024-09-18 14:22:53.474,413.7745790188166,1005
2024-09-18 14:22:53.475,413.76237289797376,1003
2024-09-18 14:22:53.577,413.76465201659545,1005
2024-09-18 14:22:53.657,413.7647748385471,5
2024-09-18 14:22:53.700,413.7638506764369,996
2024-09-18 14:22:53.766,413.8059110508041,97
2024-09-18 14:22:53.790,413.728978999474,98
2024-09-18 14:22:53.796,413.7670926229315,101
2024-09-18 14:22:53.830,413.7704510808748,102
2024-09-18 14:22:53.871,413.7641562607224,9
2024-09-18 14:22:53.910,413.7873578143134,996
2024-09-18 14:22:53.922,413.788325532884,1004
2024-09-18 14:22:53.925,413.7886658613316,11
2024-09-18 14:22:53.966,413.78953733075184,98
2024-09-18 14:22:53.987,413.7644605211404,105
2024-09-18 14:22:54.007,413.797487184239,12
2024-09-18 14:22:54.081,413.806471215564,102
2024-09-18 14:22:54.083,413.77988994512106,997
2024-09-18 14:22:54.122,413.8146247582528,11
2024-09-18 14:22:54.141,413.8244698578804,6
2024-09-18 14:22:54.157,413.8294868552969,99
2024-09-18 14:22:54.196,413.8004136030833,997
2024-09-18 14:22:54.206,413.7956453051337,1002
2024-09-18 14:22:54.406,413.8427468602824,15
2024-09-18 14:22:54.489,413.81540882810873,1000
2024-09-18 14:22:54.666,413.8304005863693,999
2024-09-18 14:22:54.691,413.8347124977074,97
2024-09-18 14:22:54.701,413.8155386814653,999
2024-09-18 14:22:54.760,413.7946264008195,14
2024-09-18 14:22:54.766,413.8069121852216,1003
2024-09-18 14:22:54.887,413.7922939128504,97
2024-09-18 14:22:54.887,413.7899858024824,5
2024-09-18 14:22:55.111,-413.774481077268,12
2024-09-18 14:22:55.115,413.7533728175923,98
2024-09-18 14:22:55.118,413.7698574563683,5
2024-09-18 14:22:55.177,413.7477354750026,1005
2024-09-18 14:22:55.214,,999
2024-09-18 14:22:55.269,413.7531933311327,999
2024-09-18 14:22:55.306,413.7519292590804,1003
2024-09-18 14:22:55.342,413.7521245369439,6
2024-09-18 14:22:55.375,41.37836741155064,13
2024-09-18 14:22:55.391,413.7747310039214,1002
2024-09-18 14:22:55.403,413.76488073137375,9
2024-09-18 14:22:55.476,41.37880759664677,1005
2024-09-18 14:22:55.646,413.8164306981869,14
2024-09-18 14:22:55.731,413.752593737542,999
2024-09-18 14:22:55.837,413.7773196834024,15
2024-09-18 14:22:55.893,413.7599353194205,11
2024-09-18 14:22:55.991,413.7532558521041,1001
2024-09-18 14:22:56.024,413.8152391719392,995
2024-09-18 14:22:56.028,413.8137030264637,996
2024-09-18 14:22:56.272,413.8359552011914,1003
2024-09-18 14:22:56.273,413.8145099846918,14
2024-09-18 14:22:56.369,413.8298869352001,1000
2024-09-18 14:22:56.430,413.8078664735482,15
2024-09-18 14:22:56.433,413.816044072431,15
2024-09-18 14:22:56.490,413.8000770855881,14
2024-09-18 14:22:56.526,413.80188236006353,98
2024-09-18 14:22:56.674,413.8079327811517,998
2024-09-18 14:22:56.772,413.8004253767514,96
2024-09-18 14:22:56.900,413.8311999825463,997
2024-09-18 14:22:56.930,413.8043311759063,9
2024-09-18 14:22:56.968,413.8139515929233,99
2024-09-18 14:22:57.008,413.8157567584569,11
2024-09-18 14:22:57.102,413.838913852784,1000
2024-09-18 14:22:57.142,413.8165141831509,99
2024-09-18 14:22:57.150,413.793265752548,995
2024-09-18 14:22:57.171,413.8267587683335,104
2024-09-18 14:22:57.219,413.8216441107651,995
2024-09-18 14:22:57.229,413.8045468224004,13
2024-09-18 14:22:57.270,413.8176346178866,1004
2024-09-18 14:22:57.459,413.82078059805946,101
2024-09-18 14:22:57.463,41.38359847814843,101
2024-09-18 14:22:57.480,413.85581880405226,9
2024-09-18 14:22:57.485,413.8314597593544,101
2024-09-18 14:22:57.567,413.81066855354027,101
2024-09-18 14:22:57.590,413.8180319134108,1001
2024-09-18 14:22:57.752,413.83186060205816,95
2024-09-18 14:22:57.874,413.85942527038645,7
2024-09-18 14:22:57.934,413.8226333613486,998
2024-09-18 14:22:58.055,413.835628932292,5
2024-09-18 14:22:58.234,413.8578900997728,13
2024-09-18 14:22:58.257,413.8173367416562,1002
2024-09-18 14:22:58.258,413.82319714250303,995
2024-09-18 14:22:58.275,413.8106571772611,999
2024-09-18 14:22:58.317,413.81335280559534,103
2024-09-18 14:22:58.327,413.8254546104638,1001
2024-09-18 14:22:58.368,413.8571206982543,998
2024-09-18 14:22:58.648,413.823963002247,995
2024-09-18 14:22:58.688,413.83878964570056,5
2024-09-18 14:22:58.706,413.81612101550354,11
2024-09-18 14:22:58.851,413.8110880058944,12
2024-09-18 14:22:58.962,413.8404149552065,996
2024-09-18 14:22:59.225,413.7856304196457,96
2024-09-18 14:22:59.232,413.814727051513,95
2024-09-18 14:22:59.270,413.79873603808295,98
2024-09-18 14:22:59.271,413.7777178424383,12
2024-09-18 14:22:59.471,413.7709810691557,101
2024-09-18 14:22:59.655,413.815314000401,1004
2024-09-18 14:22:59.793,413.77643401135145,999
2024-09-18 14:22:59.804,413.8275474621408,97
2024-09-18 14:22:59.807,413.7766227472633,1000
2024-09-18 14:22:59.817,413.81726060207546,104
2024-09-18 14:22:59.847,413.80350906113006,105
2024-09-18 14:22:59.874,413.80785071092686,1002
2024-09-18 14:22:59.890,413.7898021666788,5
2024-09-18 14:22:59.890,413.80794965699454,7
2024-09-18 14:22:59.940,413.7901745078753,8
2024-09-18 14:22:59.974,413.80754347730704,14
