Timestamp,Price,Size
2024-09-16 09:58:00.008,418.59971420848126,5
2024-09-16 09:58:00.062,418.5093159753762,105
2024-09-16 09:58:00.074,418.5911793991221,996
2024-09-16 09:58:00.101,,1003
2024-09-16 09:58:00.109,418.5858149841206,97
2024-09-16 09:58:00.179,418.53687673077775,9
2024-09-16 09:58:00.247,418.5923530758701,11
2024-09-16 09:58:00.257,418.59939099811294,5
2024-09-16 09:58:00.287,418.6022507730266,13
2024-09-16 09:58:00.290,418.6306603322171,7
2024-09-16 09:58:00.310,418.5774824017397,101
2024-09-16 09:58:00.348,418.52066220141234,13
2024-09-16 09:58:00.392,418.48058813936586,12
2024-09-16 09:58:00.420,418.58903426339305,1001
2024-09-16 09:58:00.437,418.5017650519929,97
2024-09-16 09:58:00.452,418.5831517827292,99
2024-09-16 09:58:00.464,41.86057856223109,96
2024-09-16 09:58:00.493,418.525742579165,105
2024-09-16 09:58:00.510,418.6305982679024,104
2024-09-16 09:58:00.514,418.5915082100221,96
2024-09-16 09:58:00.533,-418.5483089931229,98
2024-09-16 09:58:00.539,418.59029729357127,1000
2024-09-16 09:58:00.624,418.577774633636,101
2024-09-16 09:58:00.698,418.5876214471017,97
2024-09-16 09:58:00.701,418.5911312653492,1002
2024-09-16 09:58:00.756,418.52034363555634,105
2024-09-16 09:58:00.819,418.51949792589306,102
2024-09-16 09:58:00.837,418.5058338725251,15
2024-09-16 09:58:01.022,418.5939400456801,103
2024-09-16 09:58:01.120,418.60328474646633,5
2024-09-16 09:58:01.122,418.64230514170674,5
2024-09-16 09:58:01.231,418.5957641908748,105
2024-09-16 09:58:01.291,418.64281377290337,5
2024-09-16 09:58:01.315,418.6118417800204,97
2024-09-16 09:58:01.429,418.6148307648969,1005
2024-09-16 09:58:01.461,418.6329069929122,1001
2024-09-16 09:58:01.547,418.6360716663024,98
2024-09-16 09:58:01.558,,997
2024-09-16 09:58:01.588,418.6606193540162,105
2024-09-16 09:58:01.606,418.582458915946,97
2024-09-16 09:58:01.608,418.62408398063945,1004
2024-09-16 09:58:01.626,418.63768727357046,5
2024-09-16 09:58:01.658,418.64111133544594,5
2024-09-16 09:58:01.664,418.6366995269767,999
2024-09-16 09:58:01.666,418.62801999912,1005
2024-09-16 09:58:01.674,418.63965007508455,996
2024-09-16 09:58:01.727,418.6375560812592,6
2024-09-16 09:58:01.889,418.62019843091656,1005
2024-09-16 09:58:01.913,418.6301550284349,98
2024-09-16 09:58:01.950,418.66469433239,999
2024-09-16 09:58:02.020,418.7069201722382,11
2024-09-16 09:58:02.136,418.6709028352132,1002
2024-09-16 09:58:02.159,418.6931327806511,999
2024-09-16 09:58:02.198,418.6603883020748,10
2024-09-16 09:58:02.369,418.69949804560775,1004
2024-09-16 09:58:02.880,418.6341618844139,13
2024-09-16 09:58:03.299,418.6909999142619,998
2024-09-16 09:58:03.321,418.68790957657103,998
2024-09-16 09:58:04.015,418.6760063522436,1001
2024-09-16 09:58:04.335,418.6946614811183,96
2024-09-16 09:58:04.458,418.7040396588781,101
2024-09-16 09:58:04.472,418.6986345170316,13
2024-09-16 09:58:04.632,418.69753597723366,1001
2024-09-16 09:58:04.654,418.724461555436,13
2024-09-16 09:58:04.666,418.70203378826767,104
2024-09-16 09:58:04.704,418.6936304795867,100
2024-09-16 09:58:04.726,418.7176812710025,999
2024-09-16 09:58:05.018,418.6979408637846,1002
2024-09-16 09:58:05.301,418.6840234066927,999
2024-09-16 09:58:05.358,418.6810181881455,998
2024-09-16 09:58:05.480,41.86821531087247,1004
2024-09-16 09:58:05.548,418.7295589363636,6
2024-09-16 09:58:05.576,418.6974334745266,103
2024-09-16 09:58:05.601,418.7045652550574,998
2024-09-16 09:58:05.711,418.6961273648992,100
2024-09-16 09:58:05.943,418.6908477202509,104
2024-09-16 09:58:06.038,418.7400059382487,1002
2024-09-16 09:58:06.046,418.74449328604624,1003
2024-09-16 09:58:06.048,418.7391395524303,7
2024-09-16 09:58:06.061,418.7698852357866,97
2024-09-16 09:58:06.087,418.7408777471219,998
2024-09-16 09:58:06.128,418.75438999513983,99
2024-09-16 09:58:06.130,418.73717893408985,1000
2024-09-16 09:58:06.160,418.7369509413774,9
2024-09-16 09:58:06.308,418.725289949776,96
2024-09-16 09:58:06.341,418.7531475143418,105
2024-09-16 09:58:06.438,418.7298893693199,9
2024-09-16 09:58:06.636,418.7544974820003,998
2024-09-16 09:58:06.673,418.7551766552191,12
2024-09-16 09:58:06.697,418.7411324058999,95
2024-09-16 09:58:06.738,418.7535050867842,98
2024-09-16 09:58:06.790,418.7488592504212,100
2024-09-16 09:58:06.840,418.7269266746627,1002
2024-09-16 09:58:06.944,418.7563617989433,8
2024-09-16 09:58:07.038,418.6928198550318,1001
2024-09-16 09:58:07.070,418.718027047469,1001
2024-09-16 09:58:07.099,418.6809756138084,999
2024-09-16 09:58:07.304,418.7497733884934,997
2024-09-16 09:58:07.351,418.7380697767277,6
2024-09-16 09:58:07.393,418.74180551126784,1002
2024-09-16 09:58:07.459,418.7131450204556,1001
2024-09-16 09:58:07.474,,1004
2024-09-16 09:58:07.758,418.7141974255598,100
2024-09-16 09:58:07.833,418.72533837915233,15
2024-09-16 09:58:07.834,418.7218747423465,13
2024-09-16 09:58:07.937,418.69292701764175,1003
2024-09-16 09:58:07.983,418.7192382262174,998
2024-09-16 09:58:08.512,418.7082872717224,10
2024-09-16 09:58:09.031,418.6616497858469,99
2024-09-16 09:58:09.052,418.6700635935708,100
2024-09-16 09:58:09.077,418.6572753020027,7
2024-09-16 09:58:09.096,418.6904428952324,7
2024-09-16 09:58:09.184,418.6431087859669,103
2024-09-16 09:58:09.200,418.6567270540485,97
2024-09-16 09:58:09.247,418.6469635042243,997
2024-09-16 09:58:09.387,-418.6779946421372,11
2024-09-16 09:58:09.433,418.6529244805965,10
2024-09-16 09:58:09.472,418.69800464820304,8
2024-09-16 09:58:09.511,418.677776412588,13
2024-09-16 09:58:09.542,418.6919393233038,10
2024-09-16 09:58:09.614,418.6669937051855,9
2024-09-16 09:58:09.621,418.6744839637934,96
2024-09-16 09:58:09.645,418.6462052958421,1002
2024-09-16 09:58:09.675,418.6958685363672,7
2024-09-16 09:58:09.683,418.68184898582814,6
2024-09-16 09:58:09.685,418.7056508449326,11
2024-09-16 09:58:09.697,418.6768541660352,995
2024-09-16 09:58:09.772,418.65285293258944,11
2024-09-16 09:58:09.819,418.6767321690718,998
2024-09-16 09:58:09.860,418.655645401883,999
2024-09-16 09:58:09.891,418.694589968914,5
2024-09-16 09:58:09.912,418.6773597457733,9
2024-09-16 09:58:09.986,418.7050033283338,12
2024-09-16 09:58:09.991,418.686797337848,102
2024-09-16 09:58:09.991,418.7083100464709,10
2024-09-16 09:58:11.180,418.6319897945183,99
2024-09-16 09:58:11.301,418.5679578157362,100
2024-09-16 09:58:11.309,418.56775685554993,101
2024-09-16 09:58:11.316,418.5932670533329,12
2024-09-16 09:58:11.380,418.66635725693743,1005
2024-09-16 09:58:11.393,418.6754355463762,1004
2024-09-16 09:58:11.406,418.6735738252391,102
2024-09-16 09:58:11.452,418.6788065187186,96
2024-09-16 09:58:11.505,418.685952581654,104
2024-09-16 09:58:11.573,418.5751376864851,105
2024-09-16 09:58:11.604,418.67650953264905,11
2024-09-16 09:58:11.643,418.57153078706585,999
2024-09-16 09:58:11.658,418.5826746824167,97
2024-09-16 09:58:11.671,418.5826585988488,5
2024-09-16 09:58:11.851,-418.5756498667548,7
2024-09-16 09:58:11.859,418.6781784514836,103
2024-09-16 09:58:11.859,418.5746403885012,8
2024-09-16 09:58:11.867,418.56800688730175,1005
2024-09-16 09:58:11.880,418.6660404742505,105
2024-09-16 09:58:11.891,418.570088722051,14
2024-09-16 09:58:11.941,418.5872602470815,12
2024-09-16 09:58:11.956,418.6722958505688,97
2024-09-16 09:58:12.101,418.5406591489079,105
2024-09-16 09:58:12.221,418.5433226342733,8
2024-09-16 09:58:12.239,418.56079254590526,100
2024-09-16 09:58:12.307,418.50575921663057,7
2024-09-16 09:58:12.333,418.5068359096495,12
2024-09-16 09:58:12.357,418.5214394354309,13
2024-09-16 09:58:12.380,418.5467606370771,7
2024-09-16 09:58:12.529,418.5462097499116,102
2024-09-16 09:58:12.559,418.56563588307216,101
2024-09-16 09:58:12.559,418.56934545129394,1003
2024-09-16 09:58:12.573,418.529285305026,996
2024-09-16 09:58:12.577,418.5501225554598,98
2024-09-16 09:58:12.607,418.5480566588797,102
2024-09-16 09:58:12.666,418.5481356969021,1004
2024-09-16 09:58:12.726,418.5697470334309,13
2024-09-16 09:58:12.741,418.5475909322933,98
2024-09-16 09:58:12.752,418.5539884964841,1003
2024-09-16 09:58:12.791,418.5557355644364,9
2024-09-16 09:58:12.829,418.5808628963408,995
2024-09-16 09:58:12.832,418.502141768081,7
2024-09-16 09:58:12.834,418.56089437844673,998
2024-09-16 09:58:12.941,418.58364934999406,8
2024-09-16 09:58:13.000,418.5065609470885,99
2024-09-16 09:58:13.000,418.5235351992952,1004
2024-09-16 09:58:13.144,418.5055723313176,15
2024-09-16 09:58:13.231,418.5854690676293,1001
2024-09-16 09:58:13.288,418.5762118906815,12
2024-09-16 09:58:13.381,418.5713102470088,999
2024-09-16 09:58:13.395,418.5912430290213,102
2024-09-16 09:58:13.490,418.525311966357,996
2024-09-16 09:58:13.491,418.5287054145947,11
2024-09-16 09:58:13.502,418.55551317212297,6
2024-09-16 09:58:13.533,418.5335747252721,998
2024-09-16 09:58:13.551,418.5191207089687,1002
2024-09-16 09:58:13.556,418.5943767190946,15
2024-09-16 09:58:13.583,418.5222085965394,14
2024-09-16 09:58:13.589,418.5378843769325,1000
2024-09-16 09:58:13.716,418.5492070737026,995
2024-09-16 09:58:13.716,418.5211110291792,1000
2024-09-16 09:58:13.802,418.5446417746557,98
2024-09-16 09:58:13.823,418.5637987389552,96
2024-09-16 09:58:13.834,418.5438527973698,998
2024-09-16 09:58:13.853,418.57853951058814,96
2024-09-16 09:58:13.909,418.5825747352992,7
2024-09-16 09:58:13.919,418.5916509378467,96
2024-09-16 09:58:13.925,418.53571506504136,996
2024-09-16 09:58:13.945,418.4990901559784,999
2024-09-16 09:58:13.952,-418.5830443592407,10
2024-09-16 09:58:14.129,418.57425145733714,998
2024-09-16 09:58:14.149,418.53435214531305,1000
2024-09-16 09:58:14.314,418.5772465142138,6
2024-09-16 09:58:14.501,418.5296520725613,14
2024-09-16 09:58:14.509,418.58171144554046,102
2024-09-16 09:58:14.616,418.5446311324105,1000
2024-09-16 09:58:14.688,418.55119633249205,10
2024-09-16 09:58:14.724,418.5324746938301,11
2024-09-16 09:58:14.732,418.54527143973314,5
2024-09-16 09:58:14.749,418.5697641860716,96
2024-09-16 09:58:14.796,418.5680194221496,1001
2024-09-16 09:58:14.822,418.5303240157436,95
2024-09-16 09:58:14.861,418.5157036985295,8
2024-09-16 09:58:14.862,418.5803100245161,1003
2024-09-16 09:58:14.886,418.54012190145374,10
2024-09-16 09:58:14.904,418.5798965742258,11
2024-09-16 09:58:14.995,418.5363282854542,15
2024-09-16 09:58:15.216,418.5757448007861,105
2024-09-16 09:58:15.395,418.55728592859657,11
2024-09-16 09:58:15.480,418.58377140012914,1001
2024-09-16 09:58:15.527,418.5818502760631,15
2024-09-16 09:58:15.710,418.5730415527398,999
2024-09-16 09:58:15.903,418.5927581941429,103
2024-09-16 09:58:16.009,418.6128986850068,5
2024-09-16 09:58:16.012,418.6117926529309,6
2024-09-16 09:58:16.063,418.61546839070746,15
2024-09-16 09:58:16.075,418.61218544768286,14
2024-09-16 09:58:16.120,418.606087275765,998
2024-09-16 09:58:16.167,418.577192588629,9
2024-09-16 09:58:16.172,418.5871139041901,998
2024-09-16 09:58:16.172,418.59944014296457,102
2024-09-16 09:58:16.213,418.6024127679442,1004
2024-09-16 09:58:16.229,418.6195082451549,7
2024-09-16 09:58:16.236,418.62258236285726,1002
2024-09-16 09:58:16.565,418.6064401098661,1001
2024-09-16 09:58:16.567,41.86336716503607,105
2024-09-16 09:58:16.575,418.6094856449379,6
2024-09-16 09:58:16.584,418.61745507385245,7
2024-09-16 09:58:16.625,418.6037195603722,1002
2024-09-16 09:58:16.626,418.64086333435216,10
2024-09-16 09:58:16.669,418.6176563800449,5
2024-09-16 09:58:16.690,418.6226950591046,99
2024-09-16 09:58:16.702,418.6156351958397,14
2024-09-16 09:58:16.723,418.60250319157626,103
2024-09-16 09:58:16.727,418.6179189625231,96
2024-09-16 09:58:16.819,418.5945633950085,99
2024-09-16 09:58:16.824,418.5917672912816,99
2024-09-16 09:58:16.852,418.6222667433024,95
2024-09-16 09:58:16.966,418.5978643785515,996
2024-09-16 09:58:16.981,418.6105301114469,104
2024-09-16 09:58:16.999,41.86319450565457,104
2024-09-16 09:58:17.481,418.6256985052124,1001
2024-09-16 09:58:17.522,418.6706397873071,1000
2024-09-16 09:58:17.529,418.5906587923788,15
2024-09-16 09:58:17.536,418.6114649754786,9
2024-09-16 09:58:17.679,418.6608774417492,7
2024-09-16 09:58:17.692,418.65256342068807,11
2024-09-16 09:58:17.787,418.66268090103085,11
2024-09-16 09:58:19.055,418.5721055178054,5
2024-09-16 09:58:19.086,418.5815489818811,14
2024-09-16 09:58:19.106,418.5775739841141,14
2024-09-16 09:58:19.315,418.5860204510679,9
2024-09-16 09:58:19.324,418.55737383984575,103
2024-09-16 09:58:19.425,418.56340692716975,8
2024-09-16 09:58:19.477,418.56714510561386,8
2024-09-16 09:58:19.496,,102
2024-09-16 09:58:19.500,418.60726459152,99
2024-09-16 09:58:19.540,418.5723318291943,14
2024-09-16 09:58:19.601,418.5874630058102,11
2024-09-16 09:58:19.609,418.55537453786536,15
2024-09-16 09:58:19.664,418.6081260804186,12
2024-09-16 09:58:19.683,418.5772294919684,105
2024-09-16 09:58:19.686,418.5773994894046,999
2024-09-16 09:58:19.728,418.5680354263111,95
2024-09-16 09:58:19.793,418.5466700482273,15
2024-09-16 09:58:19.800,418.5913889281256,10
2024-09-16 09:58:19.870,418.5422060785785,1001
2024-09-16 09:58:19.876,418.5675266908681,1002
2024-09-16 09:58:19.918,418.6043200434301,10
2024-09-16 09:58:19.932,418.6046386843725,10
2024-09-16 09:58:19.969,418.5687085021623,95
2024-09-16 09:58:19.986,418.584180674631,996
2024-09-16 09:58:20.011,418.58159942524907,996
2024-09-16 09:58:20.028,418.53972539777016,99
2024-09-16 09:58:20.120,418.58707505472944,996
2024-09-16 09:58:20.146,418.53796923605097,100
2024-09-16 09:58:20.225,41.85363928820121,14
2024-09-16 09:58:20.331,418.5468721830378,997
2024-09-16 09:58:20.348,418.5702870731859,999
2024-09-16 09:58:20.356,418.5352577083818,12
2024-09-16 09:58:20.417,418.5881204621749,6
2024-09-16 09:58:20.492,418.54065754375847,12
2024-09-16 09:58:20.513,418.5698565592487,995
2024-09-16 09:58:20.531,418.5450151590264,14
2024-09-16 09:58:20.550,418.55378236139086,98
2024-09-16 09:58:20.601,418.5489748238298,7
2024-09-16 09:58:20.658,418.5382260803344,11
2024-09-16 09:58:20.705,418.5391134632641,12
2024-09-16 09:58:20.733,418.5431574469621,1002
2024-09-16 09:58:20.754,418.5269523577284,1001
2024-09-16 09:58:20.776,418.5640312627859,1002
2024-09-16 09:58:20.864,418.55453903109856,104
2024-09-16 09:58:20.879,418.5147658256079,997
2024-09-16 09:58:20.952,418.5485000967324,999
2024-09-16 09:58:21.155,418.5809764891575,100
2024-09-16 09:58:21.545,418.5728572951997,1003
2024-09-16 09:58:22.032,418.5827443753687,7
2024-09-16 09:58:22.083,418.593455141994,5
2024-09-16 09:58:22.190,418.5867296181005,6
2024-09-16 09:58:22.276,418.5566645484798,1002
2024-09-16 09:58:22.290,418.5768348810576,8
2024-09-16 09:58:22.300,418.56903878568176,103
2024-09-16 09:58:22.301,418.5917912465264,12
2024-09-16 09:58:22.336,418.55054964875495,97
2024-09-16 09:58:22.338,418.5549367942461,102
2024-09-16 09:58:22.338,418.5717152696631,997
2024-09-16 09:58:22.340,418.5548304485399,10
2024-09-16 09:58:22.388,418.5468598338724,97
2024-09-16 09:58:22.439,418.5375810379475,15
2024-09-16 09:58:22.465,418.5768906560284,14
2024-09-16 09:58:22.470,418.5823304674478,1001
2024-09-16 09:58:22.638,418.5689277391487,97
2024-09-16 09:58:22.698,418.5731286282243,1004
2024-09-16 09:58:22.717,418.5434406222868,104
2024-09-16 09:58:22.731,418.6108972376613,1000
2024-09-16 09:58:22.789,418.5537013033713,96
2024-09-16 09:58:22.927,418.57729185880703,101
2024-09-16 09:58:22.935,418.565327858481,13
2024-09-16 09:58:22.987,418.6023683629232,103
2024-09-16 09:58:23.025,418.5097461349475,5
2024-09-16 09:58:23.080,418.47178562231,10
2024-09-16 09:58:23.082,418.5346732852912,98
2024-09-16 09:58:23.339,418.45604177790847,996
2024-09-16 09:58:23.342,418.5256560770065,1003
2024-09-16 09:58:23.362,418.5159479512792,105
2024-09-16 09:58:23.363,418.52448739259984,11
2024-09-16 09:58:23.372,418.5229641788712,99
2024-09-16 09:58:23.474,418.47902220377387,101
2024-09-16 09:58:23.484,418.58454102882513,999
2024-09-16 09:58:23.644,418.5212321726243,105
2024-09-16 09:58:23.646,418.5338137265481,14
2024-09-16 09:58:23.675,418.53485984836914,998
2024-09-16 09:58:23.701,418.5326207711701,102
2024-09-16 09:58:23.726,418.5110642006068,97
2024-09-16 09:58:23.729,418.5372072580065,996
2024-09-16 09:58:23.846,418.4483859524922,1002
2024-09-16 09:58:23.867,418.5220898928743,997
2024-09-16 09:58:23.873,418.56267017381134,15
2024-09-16 09:58:23.927,418.4938203985633,10
2024-09-16 09:58:23.952,418.4461829658262,99
2024-09-16 09:58:23.995,418.5045657356305,1000
2024-09-16 09:58:24.073,418.4864466746811,99
2024-09-16 09:58:24.079,418.4335420501541,6
2024-09-16 09:58:24.085,418.5109294835602,1005
2024-09-16 09:58:24.121,418.4156341854705,15
2024-09-16 09:58:24.122,418.5566130170516,1004
2024-09-16 09:58:24.122,418.452583588917,102
2024-09-16 09:58:24.296,418.5114183856017,997
2024-09-16 09:58:24.333,418.4747809082293,102
2024-09-16 09:58:24.428,418.5535646941174,1005
2024-09-16 09:58:24.445,418.4634571064794,100
2024-09-16 09:58:24.449,418.4824851581536,103
2024-09-16 09:58:24.489,418.45671409288417,103
2024-09-16 09:58:24.499,418.5478182316608,15
2024-09-16 09:58:24.623,418.4495100540002,104
2024-09-16 09:58:24.638,41.85560915162712,101
2024-09-16 09:58:24.639,418.4471756302425,95
2024-09-16 09:58:24.703,418.5316614502705,10
2024-09-16 09:58:24.719,418.43753533662687,1004
2024-09-16 09:58:24.734,418.4325592769523,102
2024-09-16 09:58:24.736,418.49816563972007,101
2024-09-16 09:58:24.774,418.5373275166887,1000
2024-09-16 09:58:24.833,418.5177532207734,6
2024-09-16 09:58:24.892,418.4456803373249,9
2024-09-16 09:58:24.923,418.4572649799325,96
2024-09-16 09:58:24.936,418.5483750664937,1002
2024-09-16 09:58:24.939,418.5560610986515,8
2024-09-16 09:58:25.035,418.5514175448485,9
2024-09-16 09:58:25.037,418.5402499196511,9
2024-09-16 09:58:25.101,418.5574797388132,999
2024-09-16 09:58:25.166,418.5584281392237,13
2024-09-16 09:58:25.187,418.5824218820777,101
2024-09-16 09:58:25.388,418.5763029792011,100
2024-09-16 09:58:25.400,418.5152260771852,102
2024-09-16 09:58:25.405,418.5607996405631,9
2024-09-16 09:58:25.430,418.543492675047,10
2024-09-16 09:58:25.441,418.55812425859966,102
2024-09-16 09:58:25.464,418.53120326109456,11
2024-09-16 09:58:25.490,418.5711505319815,10
2024-09-16 09:58:25.541,418.5706051379228,11
2024-09-16 09:58:25.590,418.5566433475409,15
2024-09-16 09:58:25.596,41.85352511405648,96
2024-09-16 09:58:25.612,418.534286884436,6
2024-09-16 09:58:25.621,418.5560527098574,997
2024-09-16 09:58:25.658,418.5487685731204,9
2024-09-16 09:58:25.674,418.5349985086543,103
2024-09-16 09:58:25.749,418.56521004251056,11
2024-09-16 09:58:25.753,418.5493270703962,98
2024-09-16 09:58:25.765,418.5523088041174,996
2024-09-16 09:58:25.771,418.55443639246,97
2024-09-16 09:58:25.866,418.5721451376817,998
2024-09-16 09:58:25.869,418.55347939856745,1000
2024-09-16 09:58:25.896,418.5058476167159,103
2024-09-16 09:58:25.904,418.5556185570444,1003
2024-09-16 09:58:25.933,418.5693006027496,997
2024-09-16 09:58:25.964,418.54556332054887,1001
2024-09-16 09:58:25.969,418.5449368909747,1002
2024-09-16 09:58:26.030,418.4719977461796,12
2024-09-16 09:58:26.049,418.4963006211821,1001
2024-09-16 09:58:26.064,418.53326271331815,998
2024-09-16 09:58:26.086,418.4965246952064,999
2024-09-16 09:58:26.089,418.5012425531746,102
2024-09-16 09:58:26.105,418.4744368730469,102
2024-09-16 09:58:26.202,418.4656149065783,97
2024-09-16 09:58:26.306,418.4813476345605,7
2024-09-16 09:58:26.310,418.4696552659871,997
2024-09-16 09:58:26.312,418.4847908998434,101
2024-09-16 09:58:26.326,418.4653270660083,12
2024-09-16 09:58:26.365,418.5072198805507,14
2024-09-16 09:58:26.502,418.4930922862895,997
2024-09-16 09:58:26.595,-418.4737361537263,14
2024-09-16 09:58:26.595,418.5238884493939,95
2024-09-16 09:58:26.619,418.47081118652505,13
2024-09-16 09:58:26.643,418.4943144744665,998
2024-09-16 09:58:26.654,418.5307475191057,1000
2024-09-16 09:58:26.691,418.45855021846273,10
2024-09-16 09:58:26.750,418.56093177496615,97
2024-09-16 09:58:26.777,418.5747513792773,997
2024-09-16 09:58:26.873,418.48815204288087,1004
2024-09-16 09:58:26.876,418.5053994509242,105
2024-09-16 09:58:26.879,418.5297921681743,15
2024-09-16 09:58:26.903,418.4954671752089,15
2024-09-16 09:58:26.934,418.4813814887164,103
2024-09-16 09:58:26.973,418.5049328346808,6
2024-09-16 09:58:27.175,418.5736977615847,8
2024-09-16 09:58:27.334,418.5804143064986,104
2024-09-16 09:58:27.599,418.5711144050635,95
2024-09-16 09:58:27.660,418.5826678264973,1001
2024-09-16 09:58:27.880,418.590460733727,101
2024-09-16 09:58:27.936,418.5687970671254,1003
2024-09-16 09:58:28.023,418.5802816152282,101
2024-09-16 09:58:28.035,418.5391109550533,5
2024-09-16 09:58:28.172,418.5453179059603,997
2024-09-16 09:58:28.190,418.5415817582236,1005
2024-09-16 09:58:28.225,418.5041540512704,1002
2024-09-16 09:58:28.231,418.498065232004,96
2024-09-16 09:58:28.321,418.4931741364139,5
2024-09-16 09:58:28.324,418.5447776788196,9
2024-09-16 09:58:28.359,418.5247779220465,10
2024-09-16 09:58:28.594,418.52949177786223,9
2024-09-16 09:58:28.601,418.5004661716279,105
2024-09-16 09:58:28.632,418.4975604818717,95
2024-09-16 09:58:28.662,418.5711809070985,11
2024-09-16 09:58:28.697,418.4834791543903,10
2024-09-16 09:58:28.798,418.5038137470698,9
2024-09-16 09:58:28.800,418.5367043594629,999
2024-09-16 09:58:28.920,418.5046767375485,100
2024-09-16 09:58:28.939,418.5272059022413,12
2024-09-16 09:58:28.969,418.5864937262256,9
2024-09-16 09:58:28.975,418.5566084589481,1005
2024-09-16 09:58:28.996,418.5118640513229,13
2024-09-16 09:58:29.082,418.5042228453374,105
2024-09-16 09:58:29.128,418.5201583980019,8
2024-09-16 09:58:29.136,418.49635937846057,102
2024-09-16 09:58:29.140,418.5000421536304,1005
2024-09-16 09:58:29.152,418.4636981884821,1002
2024-09-16 09:58:29.162,418.5098201949469,997
2024-09-16 09:58:29.172,418.4852048879197,999
2024-09-16 09:58:29.178,-418.48934753193424,1003
2024-09-16 09:58:29.198,418.543791123992,1000
2024-09-16 09:58:29.341,-418.52129675391154,99
2024-09-16 09:58:29.465,-418.4942124579861,1000
2024-09-16 09:58:29.501,418.483177977346,998
2024-09-16 09:58:29.610,418.4998134390308,104
2024-09-16 09:58:29.665,418.4931139773837,95
2024-09-16 09:58:29.689,418.50835959906703,1001
2024-09-16 09:58:29.740,418.5227244451315,6
2024-09-16 09:58:29.753,418.5292339935475,1000
2024-09-16 09:58:29.834,418.5047084492505,7
2024-09-16 09:58:29.838,418.5268664412033,998
2024-09-16 09:58:29.854,418.5239781705904,1002
2024-09-16 09:58:29.859,418.4784071970553,6
2024-09-16 09:58:29.861,418.5110855398892,98
2024-09-16 09:58:29.887,418.4991917251321,6
2024-09-16 09:58:29.962,418.5260621008539,12
2024-09-16 09:58:30.104,418.4506252454135,996
2024-09-16 09:58:30.458,418.4967576632094,6
2024-09-16 09:58:30.477,418.4882250377918,996
2024-09-16 09:58:30.564,,15
2024-09-16 09:58:30.567,418.4652633990444,7
2024-09-16 09:58:30.573,418.4573523111244,98
2024-09-16 09:58:30.642,418.4986928760065,13
2024-09-16 09:58:30.737,418.4578826222863,1004
2024-09-16 09:58:30.806,418.4827489171985,103
2024-09-16 09:58:30.836,418.4574075642181,96
2024-09-16 09:58:30.899,418.4500044410089,97
2024-09-16 09:58:30.928,418.4898733058168,104
2024-09-16 09:58:30.990,418.44969755989104,1000
2024-09-16 09:58:31.199,418.4609622769602,98
2024-09-16 09:58:31.314,418.4483221212291,9
2024-09-16 09:58:31.405,418.46548594832257,1000
2024-09-16 09:58:31.912,418.4696686080477,13
2024-09-16 09:58:32.677,418.4573807244923,99
2024-09-16 09:58:32.727,418.44974502678014,98
2024-09-16 09:58:33.099,418.4196721733775,101
2024-09-16 09:58:33.216,418.3753635641836,1002
2024-09-16 09:58:33.282,418.3872690197728,13
2024-09-16 09:58:33.286,418.437146442782,7
2024-09-16 09:58:33.304,418.3985251858308,1002
2024-09-16 09:58:33.339,418.4085190822702,15
2024-09-16 09:58:33.365,418.3933399568098,104
2024-09-16 09:58:33.410,418.4018621323791,5
2024-09-16 09:58:33.534,418.4044368889028,102
2024-09-16 09:58:33.549,418.381543790715,7
2024-09-16 09:58:33.592,418.3800888984743,100
2024-09-16 09:58:33.653,418.37588765298574,14
2024-09-16 09:58:33.729,418.4299485529447,1004
2024-09-16 09:58:33.764,418.3981448655771,12
2024-09-16 09:58:33.816,418.43254155798735,1002
2024-09-16 09:58:33.880,418.3989828883593,10
2024-09-16 09:58:33.947,418.4208659697171,997
2024-09-16 09:58:33.991,418.3869812479825,7
2024-09-16 09:58:35.024,418.3993683106218,100
2024-09-16 09:58:35.051,418.4373208552433,98
2024-09-16 09:58:35.103,418.370472176686,102
2024-09-16 09:58:35.130,418.3610463136087,97
2024-09-16 09:58:35.188,418.3985106945617,1003
2024-09-16 09:58:35.202,418.3945261834136,102
2024-09-16 09:58:35.251,418.3729910103684,14
2024-09-16 09:58:35.256,418.4158760765324,997
2024-09-16 09:58:35.417,418.45767663318094,15
2024-09-16 09:58:35.457,418.4301751974018,101
2024-09-16 09:58:35.467,418.4499612305576,13
2024-09-16 09:58:35.491,418.43201764043647,95
2024-09-16 09:58:35.505,418.4426241503008,98
2024-09-16 09:58:35.507,418.41349426846784,996
2024-09-16 09:58:35.538,418.3738516808261,12
2024-09-16 09:58:35.651,418.4431685289647,12
2024-09-16 09:58:35.683,418.3939112338223,998
2024-09-16 09:58:35.701,418.3652107220799,96
2024-09-16 09:58:35.731,418.37951087355793,6
2024-09-16 09:58:35.739,418.430718665686,95
2024-09-16 09:58:35.757,418.4565618161828,10
2024-09-16 09:58:35.781,418.3705570944291,10
2024-09-16 09:58:35.790,418.4444806604745,10
2024-09-16 09:58:35.914,418.42995785328645,1003
2024-09-16 09:58:35.992,418.4526149375951,12
2024-09-16 09:58:35.999,418.4112082483074,995
2024-09-16 09:58:36.132,418.4500841191225,103
2024-09-16 09:58:36.149,418.3962943093432,1005
2024-09-16 09:58:36.184,418.4154278211888,1003
2024-09-16 09:58:36.192,418.4327680277257,995
2024-09-16 09:58:36.257,418.4081811366751,103
2024-09-16 09:58:36.276,418.4409686269581,104
2024-09-16 09:58:36.326,418.44385520540567,10
2024-09-16 09:58:36.390,418.4232687236512,15
2024-09-16 09:58:36.426,418.4036529287652,98
2024-09-16 09:58:36.456,418.41274692950793,104
2024-09-16 09:58:36.570,418.4435364800128,14
2024-09-16 09:58:36.637,418.4381839366519,1002
2024-09-16 09:58:36.747,41.843207548631455,14
2024-09-16 09:58:36.879,418.4458480729495,102
2024-09-16 09:58:37.114,418.4624657782048,97
2024-09-16 09:58:37.119,418.4761322598397,104
2024-09-16 09:58:37.250,418.46496231298016,100
2024-09-16 09:58:37.584,418.4741987552045,1005
2024-09-16 09:58:37.776,418.4688154915028,1004
2024-09-16 09:58:37.935,418.4703541577155,1000
2024-09-16 09:58:37.944,418.48577872231385,99
2024-09-16 09:58:38.395,418.4797878922884,103
2024-09-16 09:58:39.491,418.4990171189938,12
2024-09-16 09:58:39.611,418.49999316369866,999
2024-09-16 09:58:40.005,418.4382597046807,1004
2024-09-16 09:58:40.029,418.3921995157979,1005
2024-09-16 09:58:40.137,418.519727476959,1000
2024-09-16 09:58:40.154,418.4577339382213,10
2024-09-16 09:58:40.259,418.4822535158444,997
2024-09-16 09:58:40.304,418.4828919738149,6
2024-09-16 09:58:40.421,418.4046770649354,11
2024-09-16 09:58:40.495,418.473453333803,102
2024-09-16 09:58:40.520,41.84456432313685,13
2024-09-16 09:58:40.543,418.4291258203211,105
2024-09-16 09:58:40.575,418.4908278856576,995
2024-09-16 09:58:40.584,418.4885196360983,7
2024-09-16 09:58:40.585,418.5092049423557,9
2024-09-16 09:58:40.611,418.4721480261308,1001
2024-09-16 09:58:40.615,418.4553246014657,99
2024-09-16 09:58:40.624,418.5130183624328,995
2024-09-16 09:58:40.655,418.4781797651469,102
2024-09-16 09:58:40.741,418.47928374485343,14
2024-09-16 09:58:40.747,418.4966591339238,99
2024-09-16 09:58:40.763,,8
2024-09-16 09:58:40.784,418.4893986599758,103
2024-09-16 09:58:40.825,418.44991316400143,995
2024-09-16 09:58:40.973,418.3770432260174,101
2024-09-16 09:58:41.053,418.4522117367646,10
2024-09-16 09:58:41.124,418.4377686302975,996
2024-09-16 09:58:41.149,418.42718843504,998
2024-09-16 09:58:41.300,418.410529400686,14
2024-09-16 09:58:41.369,418.4068137748824,12
2024-09-16 09:58:41.528,418.4348614794852,10
2024-09-16 09:58:41.590,418.456397544765,103
2024-09-16 09:58:41.639,418.432395034726,9
2024-09-16 09:58:41.720,418.4338694279201,1004
2024-09-16 09:58:41.731,418.4265697124412,6
2024-09-16 09:58:41.798,418.4210285164459,14
2024-09-16 09:58:41.880,418.4507633703468,7
2024-09-16 09:58:41.924,41.84059802340894,6
2024-09-16 09:58:42.155,418.4678326137,1000
2024-09-16 09:58:42.159,418.4575949688244,5
2024-09-16 09:58:42.166,418.5210006077433,995
2024-09-16 09:58:42.189,418.6006401525185,5
2024-09-16 09:58:42.238,418.6141865566688,996
2024-09-16 09:58:42.284,418.6275824307257,1004
2024-09-16 09:58:42.323,418.5955126274623,12
2024-09-16 09:58:42.370,418.5071080250641,1004
2024-09-16 09:58:42.394,418.4786319846236,6
2024-09-16 09:58:42.422,418.4744644897517,96
2024-09-16 09:58:42.511,418.6460763126786,101
2024-09-16 09:58:42.524,418.64554785911866,1001
2024-09-16 09:58:42.584,418.62719634005566,104
2024-09-16 09:58:42.658,418.6151448105273,10
2024-09-16 09:58:42.664,418.5608632677345,96
2024-09-16 09:58:42.712,418.5741736919243,101
2024-09-16 09:58:42.755,418.5525385028617,1000
2024-09-16 09:58:42.793,418.5836251122578,101
2024-09-16 09:58:42.814,418.4503612454494,10
2024-09-16 09:58:42.821,418.6196054206664,996
2024-09-16 09:58:42.843,418.5009079818255,7
2024-09-16 09:58:42.882,418.4928196850448,997
2024-09-16 09:58:42.912,418.48108629768166,101
2024-09-16 09:58:43.020,418.6590368062647,96
2024-09-16 09:58:43.196,418.638795939514,11
2024-09-16 09:58:43.198,418.6527309769972,8
2024-09-16 09:58:43.198,418.6224754115455,997
2024-09-16 09:58:43.264,418.6546214404647,1001
2024-09-16 09:58:43.340,418.65764673940737,1001
2024-09-16 09:58:43.410,418.67078245097525,15
2024-09-16 09:58:43.445,418.6041702170476,1005
2024-09-16 09:58:43.497,418.6476374944517,8
2024-09-16 09:58:43.681,418.6195479132184,14
2024-09-16 09:58:43.684,418.666666136132,1005
2024-09-16 09:58:43.743,418.6124003590227,1000
2024-09-16 09:58:43.815,418.6747501460956,998
2024-09-16 09:58:44.035,418.6389125288876,15
2024-09-16 09:58:44.132,418.64816767551935,13
2024-09-16 09:58:44.270,418.6549798905693,11
2024-09-16 09:58:44.378,418.6420006274537,996
2024-09-16 09:58:44.543,418.6224122412824,6
2024-09-16 09:58:44.588,418.6349874351951,999
2024-09-16 09:58:44.608,418.6460212174979,9
2024-09-16 09:58:44.683,418.6382299766452,11
2024-09-16 09:58:44.839,418.6475448725445,6
2024-09-16 09:58:44.942,418.64646775193785,1001
2024-09-16 09:58:45.129,418.6373811154735,103
2024-09-16 09:58:45.145,418.6329997783381,9
2024-09-16 09:58:45.177,418.6214785499018,101
2024-09-16 09:58:45.235,418.6323982505464,95
2024-09-16 09:58:45.381,418.62062668954616,100
2024-09-16 09:58:45.395,418.6388718898861,96
2024-09-16 09:58:45.406,418.5987256327528,104
2024-09-16 09:58:45.414,418.6059589388714,14
2024-09-16 09:58:45.431,418.61641789874506,98
2024-09-16 09:58:45.436,418.6304113503506,1002
2024-09-16 09:58:45.666,418.601560084952,98
2024-09-16 09:58:45.688,418.6380145146523,104
2024-09-16 09:58:45.853,418.6228408799455,996
2024-09-16 09:58:45.854,418.6232170902336,999
2024-09-16 09:58:45.929,418.6125779715815,99
2024-09-16 09:58:46.068,418.60883727939336,1004
2024-09-16 09:58:46.144,-418.59513569490485,97
2024-09-16 09:58:47.027,418.5827992351919,98
2024-09-16 09:58:47.062,418.5819531154624,1005
2024-09-16 09:58:47.145,418.5775952252285,999
2024-09-16 09:58:47.193,418.585131743513,103
2024-09-16 09:58:47.283,418.5759952255394,95
2024-09-16 09:58:47.392,418.5681675899812,15
2024-09-16 09:58:47.454,418.5834047707996,99
2024-09-16 09:58:47.458,418.5995316672396,1002
2024-09-16 09:58:47.507,,98
2024-09-16 09:58:47.608,418.580274318164,100
2024-09-16 09:58:47.654,418.5921282321405,105
2024-09-16 09:58:47.706,418.57399130616426,996
2024-09-16 09:58:47.759,418.5918718555188,100
2024-09-16 09:58:47.766,418.5747227506742,996
2024-09-16 09:58:47.772,418.5964582618141,999
2024-09-16 09:58:47.798,418.5908800592327,98
2024-09-16 09:58:47.913,418.59313359301774,14
2024-09-16 09:58:47.984,418.5850761653464,1000
2024-09-16 09:58:47.987,418.58354008435634,102
2024-09-16 09:58:48.075,418.6485978761033,100
2024-09-16 09:58:48.621,418.5966219688051,8
2024-09-16 09:58:48.730,418.62564081974966,104
2024-09-16 09:58:48.808,418.5899810091349,999
2024-09-16 09:58:49.046,418.59073005440143,98
2024-09-16 09:58:49.056,418.6041205973063,1004
2024-09-16 09:58:49.126,418.6120864224546,998
2024-09-16 09:58:49.143,418.61702974254194,105
2024-09-16 09:58:49.178,418.5985529013793,103
2024-09-16 09:58:49.192,418.62504524407495,996
2024-09-16 09:58:49.200,418.6154573092495,1003
2024-09-16 09:58:49.201,418.6230921221066,12
2024-09-16 09:58:49.241,418.6105438648157,1002
2024-09-16 09:58:49.321,,1000
2024-09-16 09:58:49.328,418.6066882132724,95
2024-09-16 09:58:49.366,418.5862728023399,96
2024-09-16 09:58:49.372,418.63949255560976,1003
2024-09-16 09:58:49.420,418.6029034781756,8
2024-09-16 09:58:49.423,418.6049311017589,99
2024-09-16 09:58:49.432,418.5970350833744,103
2024-09-16 09:58:49.468,418.6217573254676,97
2024-09-16 09:58:49.576,418.58854854509445,1001
2024-09-16 09:58:49.631,418.6058209652402,12
2024-09-16 09:58:49.678,418.5914529522431,103
2024-09-16 09:58:49.767,418.6355894307181,8
2024-09-16 09:58:50.006,418.6489000257762,13
2024-09-16 09:58:50.077,418.6756060083911,102
2024-09-16 09:58:50.107,418.6729542532186,5
2024-09-16 09:58:50.119,418.62516790836673,98
2024-09-16 09:58:50.235,418.5954878145883,1005
2024-09-16 09:58:50.295,418.6135500990299,9
2024-09-16 09:58:50.303,418.5913347144111,100
2024-09-16 09:58:50.331,418.6820296240844,9
2024-09-16 09:58:50.386,418.6498823091518,1003
2024-09-16 09:58:50.397,418.59374323741656,1005
2024-09-16 09:58:50.413,418.62290811423946,1003
2024-09-16 09:58:50.415,418.59953535972176,1002
2024-09-16 09:58:50.438,418.6826434931341,97
2024-09-16 09:58:50.554,418.6780607490624,1000
2024-09-16 09:58:50.555,418.7057615019514,7
2024-09-16 09:58:50.612,418.6024646012586,96
2024-09-16 09:58:50.665,418.6543900046197,99
2024-09-16 09:58:50.672,418.60764451821416,1002
2024-09-16 09:58:50.806,418.60326314675655,1004
2024-09-16 09:58:50.983,418.61012976917874,999
2024-09-16 09:58:51.033,418.6314362919586,8
2024-09-16 09:58:51.129,418.6289119300726,103
2024-09-16 09:58:51.153,418.6377093671588,100
2024-09-16 09:58:51.169,418.62907752885815,7
2024-09-16 09:58:51.227,418.592873715947,998
2024-09-16 09:58:51.393,418.6081393747013,1002
2024-09-16 09:58:51.521,41.859726101234514,101
2024-09-16 09:58:51.569,418.6513671139707,8
2024-09-16 09:58:51.721,418.6385439112279,96
2024-09-16 09:58:51.827,418.6389777282171,105
2024-09-16 09:58:51.852,418.6426468775859,1000
2024-09-16 09:58:51.858,418.62142719622886,95
2024-09-16 09:58:51.976,418.6205178522925,1000
2024-09-16 09:58:52.004,418.6479543378391,7
2024-09-16 09:58:52.025,418.6370096266535,995
2024-09-16 09:58:52.041,418.6743965534453,103
2024-09-16 09:58:52.091,418.6343406817073,996
2024-09-16 09:58:52.158,418.66752254709377,997
2024-09-16 09:58:52.213,418.72890058988446,100
2024-09-16 09:58:52.249,418.7084535803522,999
2024-09-16 09:58:52.330,418.7150102593535,98
2024-09-16 09:58:52.334,418.6194861084656,10
2024-09-16 09:58:52.354,418.7004243505455,104
2024-09-16 09:58:52.362,418.7359472293455,15
2024-09-16 09:58:52.402,418.6475042619628,14
2024-09-16 09:58:52.408,418.6039638596633,1001
2024-09-16 09:58:52.419,418.7218691018397,97
2024-09-16 09:58:52.473,418.72965051378713,1003
2024-09-16 09:58:52.483,418.6617271235581,105
2024-09-16 09:58:52.497,418.6688579423621,96
2024-09-16 09:58:52.499,418.6061502216807,998
2024-09-16 09:58:52.499,418.7099272248544,101
2024-09-16 09:58:52.533,418.6451430713457,98
2024-09-16 09:58:52.556,418.6338496776588,12
2024-09-16 09:58:52.596,418.6401947187068,1002
2024-09-16 09:58:52.670,418.6823547126442,7
2024-09-16 09:58:52.712,418.63664427635166,1002
2024-09-16 09:58:52.726,418.6457423548914,1005
2024-09-16 09:58:52.736,418.7078677387073,97
2024-09-16 09:58:52.744,418.6257038335045,101
2024-09-16 09:58:52.777,418.659478823833,13
2024-09-16 09:58:52.793,418.6189297092832,104
2024-09-16 09:58:52.848,418.6966354151523,995
2024-09-16 09:58:53.017,418.70670908209263,99
2024-09-16 09:58:53.049,418.7283857661316,96
2024-09-16 09:58:53.066,418.70807181702367,6
2024-09-16 09:58:53.171,418.7283046148309,102
2024-09-16 09:58:53.190,418.756010853701,98
2024-09-16 09:58:53.239,418.7296852057818,13
2024-09-16 09:58:53.278,418.7322181898567,6
2024-09-16 09:58:53.320,418.73178758412814,103
2024-09-16 09:58:53.369,418.7430137958454,96
2024-09-16 09:58:53.371,418.72154783706486,13
2024-09-16 09:58:53.388,418.73615994114726,13
2024-09-16 09:58:53.448,418.7274244880676,100
2024-09-16 09:58:53.449,418.71596092627976,1004
2024-09-16 09:58:53.465,418.7382472362327,6
2024-09-16 09:58:53.610,418.7260076409676,102
2024-09-16 09:58:53.676,418.7090538776449,996
2024-09-16 09:58:53.696,418.7164024527914,9
2024-09-16 09:58:53.697,418.7353857594511,96
2024-09-16 09:58:53.799,418.6967399766795,15
2024-09-16 09:58:53.869,418.7367902682311,1003
2024-09-16 09:58:53.887,418.7317665447628,1005
2024-09-16 09:58:54.081,418.7375653824725,996
2024-09-16 09:58:54.095,418.7282203214816,10
2024-09-16 09:58:54.210,418.741509781724,1000
2024-09-16 09:58:54.215,418.7548588320528,6
2024-09-16 09:58:54.245,418.71737581209777,998
2024-09-16 09:58:54.288,418.72683453935366,96
2024-09-16 09:58:54.458,418.758255614545,95
2024-09-16 09:58:54.590,418.721271881194,98
2024-09-16 09:58:54.602,418.7424514184391,1002
2024-09-16 09:58:54.629,418.7201947913002,1004
2024-09-16 09:58:54.632,418.7445908788188,998
2024-09-16 09:58:54.666,418.7415626802946,100
2024-09-16 09:58:54.809,418.7435177694052,100
2024-09-16 09:58:54.921,418.7106612856298,1003
2024-09-16 09:58:54.949,418.7432907133049,97
2024-09-16 09:58:55.032,418.69946435023206,1003
2024-09-16 09:58:55.258,418.7041835720585,998
2024-09-16 09:58:55.269,418.7169861303359,999
2024-09-16 09:58:55.381,418.7047023011792,995
2024-09-16 09:58:55.395,418.72387107103447,1005
2024-09-16 09:58:55.424,418.7360043587121,6
2024-09-16 09:58:55.428,418.7372018381132,97
2024-09-16 09:58:55.466,418.7417643258764,1004
2024-09-16 09:58:55.468,418.706088244498,102
2024-09-16 09:58:55.678,418.713892817151,104
2024-09-16 09:58:55.789,418.6996653955043,104
2024-09-16 09:58:55.791,418.7222339027717,995
2024-09-16 09:58:55.821,418.7346760258009,995
2024-09-16 09:58:55.838,418.7119743457458,15
2024-09-16 09:58:55.892,418.71914504883887,996
2024-09-16 09:58:55.921,418.7263780735116,995
2024-09-16 09:58:55.930,418.7176507550963,9
2024-09-16 09:58:56.098,418.72803898653416,1003
2024-09-16 09:58:56.443,418.7286245258271,15
2024-09-16 09:58:56.542,418.7371121638041,103
2024-09-16 09:58:56.580,418.7340020131637,11
2024-09-16 09:58:56.607,418.73046136723445,1004
2024-09-16 09:58:56.912,418.7212069299408,996
2024-09-16 09:58:57.131,418.7327594486501,5
2024-09-16 09:58:57.136,418.7372497086885,5
2024-09-16 09:58:57.221,418.7354411335413,13
2024-09-16 09:58:57.265,418.7301653182183,101
2024-09-16 09:58:57.356,418.728675244642,99
2024-09-16 09:58:57.370,418.7170486221508,15
2024-09-16 09:58:57.498,418.7554640598526,105
2024-09-16 09:58:57.630,418.7223222570479,7
2024-09-16 09:58:57.700,418.73731937083,99
2024-09-16 09:58:58.126,418.7398200784607,12
2024-09-16 09:58:58.148,418.74231446392713,97
2024-09-16 09:58:58.239,418.7201194218149,13
2024-09-16 09:58:58.278,418.7339863932589,999
2024-09-16 09:58:58.729,418.7353386638621,7
2024-09-16 09:58:58.917,418.73995902120544,99
