Timestamp,Price,Size
2024-09-17 09:51:00.045,416.0811574021775,10
2024-09-17 09:51:00.127,416.093741245602,105
2024-09-17 09:51:00.152,416.1069377518267,98
2024-09-17 09:51:00.204,416.0880584991633,96
2024-09-17 09:51:00.209,416.0901221283356,996
2024-09-17 09:51:00.211,416.0850031117865,995
2024-09-17 09:51:00.393,416.119662737265,97
2024-09-17 09:51:00.403,416.080722071124,15
2024-09-17 09:51:00.543,416.0883401058221,999
2024-09-17 09:51:00.569,-416.0992938495109,996
2024-09-17 09:51:00.606,416.1029067819556,1002
2024-09-17 09:51:00.809,416.1186015261139,101
2024-09-17 09:51:00.862,416.0951884155825,1001
2024-09-17 09:51:00.910,416.08746407509307,12
2024-09-17 09:51:00.922,416.11926178093887,98
2024-09-17 09:51:01.028,416.1455116024767,1000
2024-09-17 09:51:01.157,416.1370872686509,104
2024-09-17 09:51:01.164,416.1541799235739,995
2024-09-17 09:51:01.521,416.15879981287503,6
2024-09-17 09:51:01.798,416.1491342656004,95
2024-09-17 09:51:01.805,416.1505740677304,1001
2024-09-17 09:51:01.883,416.168970452072,1004
2024-09-17 09:51:01.924,416.1377929950633,5
2024-09-17 09:51:02.010,416.1467639412178,998
2024-09-17 09:51:02.080,416.1467357207652,10
2024-09-17 09:51:02.092,416.1710947716724,8
2024-09-17 09:51:02.098,416.1444331866312,1004
2024-09-17 09:51:02.131,416.1581147054608,1004
2024-09-17 09:51:02.165,416.1553420717022,13
2024-09-17 09:51:02.178,416.1578543239975,998
2024-09-17 09:51:02.198,416.1626724127875,96
2024-09-17 09:51:02.201,416.1242900059521,995
2024-09-17 09:51:02.213,416.1713262213957,102
2024-09-17 09:51:02.237,416.11410266673033,1000
2024-09-17 09:51:02.263,416.1766075837908,10
2024-09-17 09:51:02.343,416.1322380945264,1001
2024-09-17 09:51:02.620,416.1214139695314,103
2024-09-17 09:51:02.633,416.1037396849053,11
2024-09-17 09:51:02.654,416.1542361104492,7
2024-09-17 09:51:02.660,416.1056881520143,14
2024-09-17 09:51:02.681,416.1434494182079,6
2024-09-17 09:51:02.686,416.1142303675137,11
2024-09-17 09:51:02.838,416.152370117218,15
2024-09-17 09:51:02.867,416.16934041733657,1001
2024-09-17 09:51:02.868,416.1268822473014,1002
2024-09-17 09:51:02.881,416.1357591308782,1002
2024-09-17 09:51:02.968,416.1159948619705,11
2024-09-17 09:51:03.023,416.1304032433956,11
2024-09-17 09:51:03.044,416.0792125395813,100
2024-09-17 09:51:03.056,416.1272978640662,996
2024-09-17 09:51:03.080,416.1032127230144,105
2024-09-17 09:51:03.100,416.1434608830012,999
2024-09-17 09:51:03.198,416.04269011132885,99
2024-09-17 09:51:03.217,416.0664560284998,99
2024-09-17 09:51:03.339,416.10852932691785,11
2024-09-17 09:51:03.351,416.0827689874392,13
2024-09-17 09:51:03.394,416.1157339436024,9
2024-09-17 09:51:03.399,416.048263832906,104
2024-09-17 09:51:03.427,416.0916107176163,1004
2024-09-17 09:51:03.520,416.1236943337896,103
2024-09-17 09:51:03.630,416.1223162596016,11
2024-09-17 09:51:03.660,416.0810161691919,1000
2024-09-17 09:51:03.687,416.10202251331344,98
2024-09-17 09:51:03.725,416.1362601715911,95
2024-09-17 09:51:03.726,416.1391170028767,15
2024-09-17 09:51:03.730,416.10605646607104,1001
2024-09-17 09:51:03.742,416.111406469,103
2024-09-17 09:51:03.744,416.1193708201061,101
2024-09-17 09:51:03.745,416.096567530613,14
2024-09-17 09:51:03.798,416.07581240931984,8
2024-09-17 09:51:03.803,416.057242635504,15
2024-09-17 09:51:03.804,416.1053505080388,1003
2024-09-17 09:51:03.820,416.0303194124351,996
2024-09-17 09:51:03.855,416.05932032944384,1005
2024-09-17 09:51:03.927,416.10455636347865,98
2024-09-17 09:51:03.929,416.1493889638702,104
2024-09-17 09:51:03.967,416.0837328535376,999
2024-09-17 09:51:04.460,416.09981505319314,7
2024-09-17 09:51:04.656,416.114253131976,997
2024-09-17 09:51:05.025,416.1001931146947,999
2024-09-17 09:51:05.053,416.09959265362886,1001
2024-09-17 09:51:05.078,416.05762461240096,105
2024-09-17 09:51:05.079,416.0802763268684,101
2024-09-17 09:51:05.182,416.0860173866764,11
2024-09-17 09:51:05.240,416.0773977837654,101
2024-09-17 09:51:05.250,416.0744015068835,997
2024-09-17 09:51:05.283,416.0851221068286,102
2024-09-17 09:51:05.325,416.0842265408102,14
2024-09-17 09:51:05.399,416.0722276131745,1001
2024-09-17 09:51:05.455,416.0769051863372,998
2024-09-17 09:51:05.455,416.1017867356815,12
2024-09-17 09:51:05.513,416.08935895358326,1000
2024-09-17 09:51:05.556,416.0867395528865,6
2024-09-17 09:51:05.636,416.0663502993857,8
2024-09-17 09:51:05.652,416.0761308297621,1004
2024-09-17 09:51:05.714,416.0710085279049,105
2024-09-17 09:51:05.719,416.0687977218307,96
2024-09-17 09:51:05.721,416.0763578868987,96
2024-09-17 09:51:05.968,416.069999062548,15
2024-09-17 09:51:06.235,416.0854063834626,13
2024-09-17 09:51:06.844,416.08271212814,1001
2024-09-17 09:51:07.070,416.08157315946943,1002
2024-09-17 09:51:07.080,416.0973436742661,995
2024-09-17 09:51:07.138,416.08402085635737,998
2024-09-17 09:51:07.142,416.0401930613776,1004
2024-09-17 09:51:07.164,416.0565050596916,14
2024-09-17 09:51:07.171,416.058529038046,1001
2024-09-17 09:51:07.237,416.06934944688334,7
2024-09-17 09:51:07.239,416.1030649350595,999
2024-09-17 09:51:07.340,416.1021453205293,1005
2024-09-17 09:51:07.368,416.0730933686333,1004
2024-09-17 09:51:07.415,416.0337053224899,11
2024-09-17 09:51:07.456,416.0650602416658,102
2024-09-17 09:51:07.534,416.0744679475148,97
2024-09-17 09:51:07.545,416.0440256415028,6
2024-09-17 09:51:07.566,416.0525248033157,999
2024-09-17 09:51:07.574,416.0875502421167,11
2024-09-17 09:51:07.588,416.0639052934586,13
2024-09-17 09:51:07.671,416.0224549155181,15
2024-09-17 09:51:07.701,416.0321841926396,102
2024-09-17 09:51:07.707,416.0640215822453,95
2024-09-17 09:51:07.820,416.0925538479038,7
2024-09-17 09:51:07.839,416.0480699703873,98
2024-09-17 09:51:07.901,416.0692814649277,101
2024-09-17 09:51:07.911,416.09016801139217,7
2024-09-17 09:51:07.964,416.08568765302863,103
2024-09-17 09:51:08.068,416.0256421856714,1001
2024-09-17 09:51:08.143,416.0722469450501,1001
2024-09-17 09:51:08.201,416.0521281660663,996
2024-09-17 09:51:08.217,416.034225260562,103
2024-09-17 09:51:08.278,416.0375476359814,996
2024-09-17 09:51:08.302,416.0411171089569,7
2024-09-17 09:51:08.360,416.0345102915904,998
2024-09-17 09:51:08.444,416.0515148723128,12
2024-09-17 09:51:08.483,416.0466654956368,1002
2024-09-17 09:51:08.532,416.0454658830219,98
2024-09-17 09:51:08.622,415.99820350977103,13
2024-09-17 09:51:08.633,416.081007854349,102
2024-09-17 09:51:08.701,416.0655888768539,12
2024-09-17 09:51:08.735,416.0042796958562,101
2024-09-17 09:51:08.755,416.05677957656616,5
2024-09-17 09:51:08.839,416.0513494251815,101
2024-09-17 09:51:08.974,416.0918882698045,1003
2024-09-17 09:51:09.146,415.9583641909932,105
2024-09-17 09:51:09.307,415.9794549665819,5
2024-09-17 09:51:09.363,415.95954069672274,7
2024-09-17 09:51:09.488,415.9097416672469,99
2024-09-17 09:51:09.571,415.9753210284184,6
2024-09-17 09:51:09.573,416.0018078885109,13
2024-09-17 09:51:09.595,415.99985387190486,101
2024-09-17 09:51:09.635,415.9965856271118,5
2024-09-17 09:51:09.641,415.9719155422028,13
2024-09-17 09:51:09.641,415.97308461067325,997
2024-09-17 09:51:09.659,415.9278405747471,9
2024-09-17 09:51:09.669,415.9565691977045,11
2024-09-17 09:51:09.671,415.9654030199185,1001
2024-09-17 09:51:09.698,415.9709484688877,1004
2024-09-17 09:51:09.710,415.97917192983897,95
2024-09-17 09:51:09.933,415.97772786044175,996
2024-09-17 09:51:10.021,415.9311102338007,99
2024-09-17 09:51:10.021,415.906255359585,95
2024-09-17 09:51:10.032,415.9195104550115,9
2024-09-17 09:51:10.048,415.9096982034589,997
2024-09-17 09:51:10.088,415.9291321089801,999
2024-09-17 09:51:10.107,415.9126147026901,96
2024-09-17 09:51:10.125,415.9345445115024,14
2024-09-17 09:51:10.134,415.8916505475793,96
2024-09-17 09:51:10.252,415.92476594525056,15
2024-09-17 09:51:10.277,415.8998024750885,104
2024-09-17 09:51:10.278,415.9047772486124,7
2024-09-17 09:51:10.331,415.9232927463236,99
2024-09-17 09:51:10.336,415.9375183270087,997
2024-09-17 09:51:10.337,415.90454894085633,9
2024-09-17 09:51:10.375,415.9030610597899,95
2024-09-17 09:51:10.386,415.9182356845806,15
2024-09-17 09:51:10.472,415.9051922918828,5
2024-09-17 09:51:10.528,415.9064542403506,104
2024-09-17 09:51:10.548,415.9141373386935,6
2024-09-17 09:51:10.598,415.9068194100922,1002
2024-09-17 09:51:10.633,415.9194135196524,103
2024-09-17 09:51:10.643,415.911796309186,12
2024-09-17 09:51:10.684,415.91328012130737,6
2024-09-17 09:51:10.693,415.906164982035,8
2024-09-17 09:51:10.785,415.9173191043906,96
2024-09-17 09:51:10.807,415.91684942082446,8
2024-09-17 09:51:10.835,415.9059609777012,105
2024-09-17 09:51:11.168,415.90730137172704,13
2024-09-17 09:51:11.251,415.9107678096206,999
2024-09-17 09:51:11.321,415.91305341622746,6
2024-09-17 09:51:11.522,415.908532442394,10
2024-09-17 09:51:11.576,415.903303275003,999
2024-09-17 09:51:11.738,415.9363195281706,996
2024-09-17 09:51:11.767,415.91140604365125,99
2024-09-17 09:51:11.865,415.94136778051467,7
2024-09-17 09:51:11.957,415.9180557310096,999
2024-09-17 09:51:12.379,415.9268384772212,12
2024-09-17 09:51:13.012,416.0430269422594,97
2024-09-17 09:51:13.018,415.96289634599054,997
2024-09-17 09:51:13.068,415.9886329299311,1003
2024-09-17 09:51:13.123,416.0259929725615,101
2024-09-17 09:51:13.204,415.98846814914606,14
2024-09-17 09:51:13.239,415.96690040374375,15
2024-09-17 09:51:13.260,416.03964011733547,1000
2024-09-17 09:51:13.291,416.0483607078816,1003
2024-09-17 09:51:13.366,416.0505131999661,995
2024-09-17 09:51:13.475,415.9665864332531,99
2024-09-17 09:51:13.475,415.9422092437748,6
2024-09-17 09:51:13.479,415.97481167408864,11
2024-09-17 09:51:13.486,415.9965413400584,8
2024-09-17 09:51:13.511,415.985466769814,100
2024-09-17 09:51:13.512,416.00468079623465,1004
2024-09-17 09:51:13.514,415.9770669017596,105
2024-09-17 09:51:13.575,415.99798758803695,11
2024-09-17 09:51:13.799,416.04985595970055,7
2024-09-17 09:51:13.821,415.9896059768252,97
2024-09-17 09:51:13.821,416.0201725065032,1005
2024-09-17 09:51:13.827,415.9680503220092,97
2024-09-17 09:51:13.855,416.0398692406559,96
2024-09-17 09:51:13.967,416.02991076972734,14
2024-09-17 09:51:14.010,415.9845841486715,15
2024-09-17 09:51:14.098,416.0290546372494,14
2024-09-17 09:51:14.195,416.0427588067772,995
2024-09-17 09:51:14.239,415.99981267859727,999
2024-09-17 09:51:14.333,415.98713645516375,95
2024-09-17 09:51:14.432,416.01651597804886,98
2024-09-17 09:51:14.502,416.0030829295853,7
2024-09-17 09:51:14.531,416.0338401599705,998
2024-09-17 09:51:14.607,416.01177198026585,6
2024-09-17 09:51:14.946,415.966963256418,97
2024-09-17 09:51:15.032,415.97149472169497,995
2024-09-17 09:51:15.082,415.9792812896528,1001
2024-09-17 09:51:15.116,415.96660794182026,99
2024-09-17 09:51:15.117,415.9864764335145,1001
2024-09-17 09:51:15.269,415.9761018898236,98
2024-09-17 09:51:15.286,415.9921785160591,99
2024-09-17 09:51:15.325,415.9636069164508,98
2024-09-17 09:51:15.373,415.9722365576188,996
2024-09-17 09:51:15.380,415.9955748789203,14
2024-09-17 09:51:15.383,415.965215649903,9
2024-09-17 09:51:15.400,416.0045443499124,1005
2024-09-17 09:51:15.418,415.9998899168135,96
2024-09-17 09:51:15.438,415.963650851022,95
2024-09-17 09:51:15.524,415.98169841011065,1000
2024-09-17 09:51:15.546,416.0100850549944,1003
2024-09-17 09:51:15.571,415.96928563553325,10
2024-09-17 09:51:15.572,415.9802748283376,99
2024-09-17 09:51:15.721,415.99357590896096,1003
2024-09-17 09:51:15.806,415.97285620815006,999
2024-09-17 09:51:15.867,415.9834330097295,1001
2024-09-17 09:51:15.906,415.9802408327389,13
2024-09-17 09:51:15.960,415.9694271105939,100
2024-09-17 09:51:15.979,415.9592937410365,1002
2024-09-17 09:51:16.077,,6
2024-09-17 09:51:16.995,415.9783875140086,105
2024-09-17 09:51:17.030,415.9888506615408,96
2024-09-17 09:51:17.040,415.9455102326797,10
2024-09-17 09:51:17.054,415.9837525136825,1000
2024-09-17 09:51:17.066,415.9495684577626,997
2024-09-17 09:51:17.160,415.9380235524549,1004
2024-09-17 09:51:17.214,415.9695938321941,97
2024-09-17 09:51:17.218,415.9781876673279,995
2024-09-17 09:51:17.252,415.9712020744332,15
2024-09-17 09:51:17.260,415.9491496704479,1005
2024-09-17 09:51:17.380,415.9702429847169,97
2024-09-17 09:51:17.401,415.9580092898461,9
2024-09-17 09:51:17.500,415.9411732658114,10
2024-09-17 09:51:17.533,415.989091537799,100
2024-09-17 09:51:17.589,415.9692893021916,1004
2024-09-17 09:51:17.606,415.9799243151398,11
2024-09-17 09:51:17.612,415.9727815133337,14
2024-09-17 09:51:17.614,415.9720444572777,5
2024-09-17 09:51:17.735,415.9708706855181,105
2024-09-17 09:51:17.755,415.96123303757184,100
2024-09-17 09:51:17.838,415.94878413704095,8
2024-09-17 09:51:17.942,415.9509680072937,97
2024-09-17 09:51:17.981,415.9735831767544,7
2024-09-17 09:51:18.011,415.9723164398353,102
2024-09-17 09:51:18.067,416.00695387036944,7
2024-09-17 09:51:18.114,415.9977195172041,997
2024-09-17 09:51:18.127,415.9552138458759,996
2024-09-17 09:51:18.141,415.9897500387928,998
2024-09-17 09:51:18.189,416.0076618406584,999
2024-09-17 09:51:18.270,416.0028553934793,102
2024-09-17 09:51:18.309,415.96252750460826,103
2024-09-17 09:51:18.364,415.97180364493295,1002
2024-09-17 09:51:18.380,416.0121463847916,1002
2024-09-17 09:51:18.488,415.9870059109127,7
2024-09-17 09:51:18.521,416.02393004702657,997
2024-09-17 09:51:18.521,415.981999327914,5
2024-09-17 09:51:18.535,416.00848875606135,11
2024-09-17 09:51:18.603,415.9725582318364,9
2024-09-17 09:51:18.613,415.9848719410789,998
2024-09-17 09:51:18.659,415.9770878353775,11
2024-09-17 09:51:18.662,416.0009044148851,999
2024-09-17 09:51:18.704,416.034405581433,15
2024-09-17 09:51:18.858,415.9672681381242,12
2024-09-17 09:51:18.898,416.0043483363187,995
2024-09-17 09:51:18.960,415.9868828459125,100
2024-09-17 09:51:19.391,415.9867082381098,100
2024-09-17 09:51:20.022,415.9805759557664,103
2024-09-17 09:51:20.050,415.9902587738906,8
2024-09-17 09:51:20.242,416.0069651214129,6
2024-09-17 09:51:20.275,415.9873189781762,102
2024-09-17 09:51:20.323,416.0003287031446,105
2024-09-17 09:51:20.397,416.0004052981007,9
2024-09-17 09:51:20.575,415.9934388572313,14
2024-09-17 09:51:20.945,415.96969242550256,10
2024-09-17 09:51:21.006,415.9994034046605,13
2024-09-17 09:51:21.079,415.9973981399911,97
2024-09-17 09:51:21.147,415.98223772412985,5
2024-09-17 09:51:21.221,415.9541859753599,98
2024-09-17 09:51:21.249,415.97611250128335,100
2024-09-17 09:51:21.282,415.9716061266126,8
2024-09-17 09:51:21.327,415.96880307021206,5
2024-09-17 09:51:21.353,415.9712180078548,7
2024-09-17 09:51:21.387,415.968473731896,995
2024-09-17 09:51:21.442,416.0287884047474,5
2024-09-17 09:51:21.469,416.0347872685984,998
2024-09-17 09:51:21.524,415.9968656719497,97
2024-09-17 09:51:21.655,415.9509255167271,95
2024-09-17 09:51:21.660,415.9688151054218,101
2024-09-17 09:51:21.868,416.0080801225008,998
2024-09-17 09:51:21.912,415.9839796466308,1000
2024-09-17 09:51:21.992,415.9766879422929,101
2024-09-17 09:51:21.996,415.9779337197882,104
2024-09-17 09:51:22.619,416.039420306449,102
2024-09-17 09:51:23.004,416.0072811173369,997
2024-09-17 09:51:23.039,415.9987215194316,97
2024-09-17 09:51:23.123,415.9849377792576,95
2024-09-17 09:51:23.124,415.9909461386796,10
2024-09-17 09:51:23.161,416.0380057965168,998
2024-09-17 09:51:23.165,-416.0564158252146,1000
2024-09-17 09:51:23.170,416.02925542324886,101
2024-09-17 09:51:23.172,416.0111835656693,999
2024-09-17 09:51:23.198,416.00656798540433,95
2024-09-17 09:51:23.250,416.0222001679061,996
2024-09-17 09:51:23.312,416.02830531876594,1001
2024-09-17 09:51:23.316,416.0209025671245,10
2024-09-17 09:51:23.322,416.037220207536,100
2024-09-17 09:51:23.377,416.02669323334345,10
2024-09-17 09:51:23.423,415.9992764879143,99
2024-09-17 09:51:23.544,416.0246547557405,97
2024-09-17 09:51:23.558,416.0412414443014,102
2024-09-17 09:51:23.562,416.0040862229587,7
2024-09-17 09:51:23.709,415.9998938074583,7
2024-09-17 09:51:23.744,416.033586909639,98
2024-09-17 09:51:23.780,416.03416302783177,9
2024-09-17 09:51:23.803,416.0289687051856,1001
2024-09-17 09:51:23.880,416.0155456677921,999
2024-09-17 09:51:23.892,415.9976767845801,1001
2024-09-17 09:51:23.926,416.0283333084362,995
2024-09-17 09:51:23.985,416.0131904026654,9
2024-09-17 09:51:23.989,416.0467716315116,103
2024-09-17 09:51:24.024,415.9773943659773,998
2024-09-17 09:51:24.032,415.9682232847465,7
2024-09-17 09:51:24.033,415.9793096633335,102
2024-09-17 09:51:24.044,415.9970801043567,96
2024-09-17 09:51:24.115,415.9639079529432,996
2024-09-17 09:51:24.282,415.9836651897752,102
2024-09-17 09:51:24.304,416.0042849598441,1003
2024-09-17 09:51:24.325,415.9806518338894,1002
2024-09-17 09:51:24.393,415.9627753198508,9
2024-09-17 09:51:24.641,415.9560783964135,15
2024-09-17 09:51:24.658,415.98616702943775,98
2024-09-17 09:51:24.801,415.9992446878401,7
2024-09-17 09:51:24.863,415.9492007975064,14
2024-09-17 09:51:24.866,416.001557451352,13
2024-09-17 09:51:24.880,415.9899341616313,104
2024-09-17 09:51:24.892,415.9961072739932,97
2024-09-17 09:51:24.959,415.97051443530086,998
2024-09-17 09:51:25.118,416.0139178452909,9
2024-09-17 09:51:26.241,415.91998443635725,1002
2024-09-17 09:51:26.272,415.9852969897227,12
2024-09-17 09:51:26.334,415.9831646752921,96
2024-09-17 09:51:26.396,415.98242508740975,104
2024-09-17 09:51:26.464,415.90157322928695,99
2024-09-17 09:51:26.471,415.9017448204123,14
2024-09-17 09:51:26.577,415.9478383367099,103
2024-09-17 09:51:26.647,415.9341499216969,15
2024-09-17 09:51:26.693,415.99607150389113,100
2024-09-17 09:51:26.745,416.0068410561022,999
2024-09-17 09:51:26.805,415.8897632700881,997
2024-09-17 09:51:26.834,415.8889928544469,997
2024-09-17 09:51:26.914,415.9223172908566,15
2024-09-17 09:51:26.969,415.94280180479046,14
2024-09-17 09:51:27.001,415.8840589475387,97
2024-09-17 09:51:27.030,415.9188540095349,100
2024-09-17 09:51:27.073,41.58932821304782,1004
2024-09-17 09:51:27.079,415.9311154709928,996
2024-09-17 09:51:27.180,-415.9032513349868,1005
2024-09-17 09:51:27.228,415.89922327999903,12
2024-09-17 09:51:27.377,415.9157196695076,1000
2024-09-17 09:51:27.379,415.89811345448976,1000
2024-09-17 09:51:27.393,415.9154021791454,996
2024-09-17 09:51:27.445,415.8963530070208,11
2024-09-17 09:51:27.487,415.8778970665674,995
2024-09-17 09:51:27.537,415.9052944685132,1004
2024-09-17 09:51:27.616,415.916271723598,99
2024-09-17 09:51:27.690,415.93503016790606,1002
2024-09-17 09:51:27.757,415.8970694044148,7
2024-09-17 09:51:27.759,415.92978304712494,9
2024-09-17 09:51:27.807,415.8858637347481,96
2024-09-17 09:51:27.825,415.9014153546619,103
2024-09-17 09:51:27.838,415.8890336192402,999
2024-09-17 09:51:27.852,415.87155479981504,5
2024-09-17 09:51:27.878,415.8974057544251,12
2024-09-17 09:51:27.936,415.9350910424658,14
2024-09-17 09:51:27.938,41.59098232053965,7
2024-09-17 09:51:28.032,415.8704544241328,105
2024-09-17 09:51:28.088,415.8600908568125,100
2024-09-17 09:51:28.136,415.8865727253555,99
2024-09-17 09:51:28.173,415.8922688105781,102
2024-09-17 09:51:28.232,415.864037847993,998
2024-09-17 09:51:28.236,415.8648412898153,14
2024-09-17 09:51:28.293,415.8823294773766,10
2024-09-17 09:51:28.294,415.8572220517704,95
2024-09-17 09:51:28.311,415.8373556887466,102
2024-09-17 09:51:28.374,-415.826687414061,996
2024-09-17 09:51:28.394,415.86623651172863,1005
2024-09-17 09:51:28.434,415.9071873424694,1001
2024-09-17 09:51:28.451,415.878892608602,1005
2024-09-17 09:51:28.485,415.8948892006591,1001
2024-09-17 09:51:28.538,415.88987812216646,15
2024-09-17 09:51:28.601,415.89045531046656,98
2024-09-17 09:51:28.828,415.81558711882,9
2024-09-17 09:51:28.850,415.843633807396,11
2024-09-17 09:51:28.865,415.8438917290401,996
2024-09-17 09:51:28.889,415.84219934124224,1004
2024-09-17 09:51:29.302,415.915731599325,1004
2024-09-17 09:51:29.849,415.94464792440914,11
2024-09-17 09:51:30.238,415.95799573837365,1000
2024-09-17 09:51:30.460,415.9717078979255,998
2024-09-17 09:51:30.501,415.9578277601988,105
2024-09-17 09:51:30.843,415.9618594766363,9
2024-09-17 09:51:31.376,415.9575208512119,8
2024-09-17 09:51:31.397,415.95512807786633,9
2024-09-17 09:51:31.456,415.9450880857996,97
2024-09-17 09:51:31.493,415.9480736166179,10
2024-09-17 09:51:31.503,415.9309965502271,5
2024-09-17 09:51:31.646,415.9518264192664,101
2024-09-17 09:51:31.707,415.9570016060218,1000
2024-09-17 09:51:31.738,415.9643591067773,999
2024-09-17 09:51:31.897,415.9577539751491,103
2024-09-17 09:51:31.998,415.9676786664797,997
2024-09-17 09:51:32.032,415.94616391771206,11
2024-09-17 09:51:32.059,,105
2024-09-17 09:51:32.063,415.9361914739397,13
2024-09-17 09:51:32.093,415.92915323660986,14
2024-09-17 09:51:32.115,416.0201431810731,97
2024-09-17 09:51:32.180,415.9978939131303,996
2024-09-17 09:51:32.236,415.9892644843775,102
2024-09-17 09:51:32.241,415.9347345352177,104
2024-09-17 09:51:32.289,415.9526159582661,14
2024-09-17 09:51:32.372,415.9288232365224,7
2024-09-17 09:51:32.462,415.944034580193,1000
2024-09-17 09:51:32.463,416.0061410590159,1005
2024-09-17 09:51:32.473,415.9381188778074,999
2024-09-17 09:51:32.589,415.931682017852,95
2024-09-17 09:51:32.643,415.94522033625,8
2024-09-17 09:51:32.669,415.9296540231246,999
2024-09-17 09:51:32.700,,7
2024-09-17 09:51:32.707,41.591883100450936,995
2024-09-17 09:51:32.785,416.0195069501694,99
2024-09-17 09:51:32.790,415.9428831278236,9
2024-09-17 09:51:32.908,416.00996267072935,1002
2024-09-17 09:51:32.925,415.9711502182158,96
2024-09-17 09:51:32.946,415.9623170494152,102
2024-09-17 09:51:32.996,415.9513824692318,10
2024-09-17 09:51:32.998,416.0168579732924,997
2024-09-17 09:51:33.159,415.9991495730588,9
2024-09-17 09:51:33.162,415.88592706001936,5
2024-09-17 09:51:33.172,415.98815820069393,103
2024-09-17 09:51:33.176,416.0288088215424,1005
2024-09-17 09:51:33.238,415.9467426794681,104
2024-09-17 09:51:33.257,415.9348070523144,103
2024-09-17 09:51:33.389,415.9571604022593,9
2024-09-17 09:51:33.390,415.9959409739508,96
2024-09-17 09:51:33.401,415.9910516882621,996
2024-09-17 09:51:33.435,415.9898457970765,10
2024-09-17 09:51:33.436,415.95607396647097,995
2024-09-17 09:51:33.496,415.9916346552119,1003
2024-09-17 09:51:33.499,416.000828979386,103
2024-09-17 09:51:33.534,415.98827131317057,5
2024-09-17 09:51:33.539,416.0097990748644,100
2024-09-17 09:51:33.596,-415.9926940874126,96
2024-09-17 09:51:33.746,415.9612062385209,1004
2024-09-17 09:51:33.811,415.9890320673401,9
2024-09-17 09:51:33.836,415.9898851435413,98
2024-09-17 09:51:33.850,415.9140858664615,105
2024-09-17 09:51:33.883,415.999095499168,104
2024-09-17 09:51:33.935,416.0182429243313,13
2024-09-17 09:51:33.988,416.0049229570429,5
2024-09-17 09:51:34.154,415.9495090995254,105
2024-09-17 09:51:34.178,415.9348579537276,97
2024-09-17 09:51:34.318,415.921576293167,105
2024-09-17 09:51:34.498,415.9037374638574,9
2024-09-17 09:51:34.539,415.9422318228336,14
2024-09-17 09:51:34.569,415.9433579198592,100
2024-09-17 09:51:35.065,415.9347579489359,105
2024-09-17 09:51:35.072,415.93715400005215,1005
2024-09-17 09:51:35.380,415.9370237379823,96
2024-09-17 09:51:35.484,415.9231802419714,1002
2024-09-17 09:51:35.672,415.9378348855784,1005
2024-09-17 09:51:36.044,415.9700233449932,997
2024-09-17 09:51:36.184,415.98133994630217,997
2024-09-17 09:51:36.220,415.95240616291903,999
2024-09-17 09:51:36.255,415.96044673474313,10
2024-09-17 09:51:36.427,415.9807117649943,98
2024-09-17 09:51:36.455,415.9854718942417,13
2024-09-17 09:51:36.475,415.9393372293852,14
2024-09-17 09:51:36.526,415.9833004335282,995
2024-09-17 09:51:36.576,415.9650341807088,998
2024-09-17 09:51:36.677,415.9648863287196,100
2024-09-17 09:51:36.690,415.9809883925088,99
2024-09-17 09:51:36.761,415.951115539866,9
2024-09-17 09:51:36.940,415.95872124238616,11
2024-09-17 09:51:37.017,415.9377458294444,105
2024-09-17 09:51:37.021,415.9812272547547,6
2024-09-17 09:51:37.048,415.9496339885695,12
2024-09-17 09:51:37.136,415.93471232002366,999
2024-09-17 09:51:37.137,415.9557428289716,1000
2024-09-17 09:51:37.167,415.9592912478432,1000
2024-09-17 09:51:37.194,415.9240712948812,9
2024-09-17 09:51:37.238,415.9529009276465,103
2024-09-17 09:51:37.300,415.9622398952605,1002
2024-09-17 09:51:37.327,415.9702742410997,101
2024-09-17 09:51:37.374,415.9448643092879,104
2024-09-17 09:51:37.388,415.9575082711093,102
2024-09-17 09:51:37.408,415.9537939694126,7
2024-09-17 09:51:37.452,415.94210450106,102
2024-09-17 09:51:37.475,415.947329856658,96
2024-09-17 09:51:37.504,415.9405400357416,14
2024-09-17 09:51:37.515,415.94834903111655,98
2024-09-17 09:51:37.595,415.9704540547182,1002
2024-09-17 09:51:37.621,415.9486654852117,995
2024-09-17 09:51:37.637,415.9146278208969,996
2024-09-17 09:51:37.645,415.93407285921006,102
2024-09-17 09:51:37.671,415.9673422672444,99
2024-09-17 09:51:37.697,415.92929046681695,96
2024-09-17 09:51:37.708,415.9280601425932,1003
2024-09-17 09:51:37.851,415.95670024765326,9
2024-09-17 09:51:37.865,415.95620793121634,9
2024-09-17 09:51:37.889,415.926911857306,99
2024-09-17 09:51:37.932,415.95088858738086,5
2024-09-17 09:51:39.052,415.9344470091023,15
2024-09-17 09:51:39.055,415.88793990297546,13
2024-09-17 09:51:39.060,415.9067593044852,96
2024-09-17 09:51:39.123,415.9235197627585,998
2024-09-17 09:51:39.125,415.926535930254,1004
2024-09-17 09:51:39.203,415.9365845224712,1005
2024-09-17 09:51:39.260,415.8971437432117,998
2024-09-17 09:51:39.278,,14
2024-09-17 09:51:39.317,415.92759351301504,105
2024-09-17 09:51:39.359,415.9495550813434,101
2024-09-17 09:51:39.430,415.9355512185628,14
2024-09-17 09:51:39.608,415.94010533018616,96
2024-09-17 09:51:39.675,415.88990739141695,99
2024-09-17 09:51:39.691,415.9369976547552,104
2024-09-17 09:51:39.693,415.92901774735935,13
2024-09-17 09:51:39.694,415.92919468505886,999
2024-09-17 09:51:39.726,415.9314978009555,10
2024-09-17 09:51:39.737,415.89765726878016,1001
2024-09-17 09:51:39.751,415.93621200683793,15
2024-09-17 09:51:39.906,415.9424374037722,8
2024-09-17 09:51:39.915,415.89609500001234,100
2024-09-17 09:51:39.920,415.9257780545799,1003
2024-09-17 09:51:39.923,415.9392745830843,14
2024-09-17 09:51:39.959,415.92925541113885,105
2024-09-17 09:51:39.959,415.8977641284792,1005
2024-09-17 09:51:40.081,415.89617561152215,1001
2024-09-17 09:51:40.083,415.8910721886102,99
2024-09-17 09:51:40.089,415.9205983922381,1004
2024-09-17 09:51:40.106,415.89238625450935,97
2024-09-17 09:51:40.195,415.8884916911102,102
2024-09-17 09:51:40.261,415.8769967162005,10
2024-09-17 09:51:40.353,415.9240490003204,10
2024-09-17 09:51:40.373,415.866354333768,7
2024-09-17 09:51:40.411,415.9095659282392,998
2024-09-17 09:51:40.435,415.8867522236873,999
2024-09-17 09:51:40.513,415.87892904160975,998
2024-09-17 09:51:40.521,415.89399172099456,996
2024-09-17 09:51:40.569,415.9142791417265,99
2024-09-17 09:51:40.575,415.8863896838741,5
2024-09-17 09:51:40.742,415.8711464249282,998
2024-09-17 09:51:40.941,415.8790540711353,14
2024-09-17 09:51:41.032,415.8879552349661,995
2024-09-17 09:51:41.142,415.8166098209063,1000
2024-09-17 09:51:41.156,415.87454389711286,98
2024-09-17 09:51:41.205,415.8446024304674,1001
2024-09-17 09:51:41.365,415.8684863328034,96
2024-09-17 09:51:41.453,415.8741391670777,1001
2024-09-17 09:51:41.500,415.8676124200595,99
2024-09-17 09:51:41.615,415.8555440609106,996
2024-09-17 09:51:41.633,415.8633333052253,103
2024-09-17 09:51:41.877,415.8238068864744,13
2024-09-17 09:51:41.893,415.87826896165024,1005
2024-09-17 09:51:41.914,415.84268928033833,95
2024-09-17 09:51:41.969,415.8219587133823,14
2024-09-17 09:51:41.983,415.8574775541959,101
2024-09-17 09:51:41.986,415.8766776791466,9
2024-09-17 09:51:42.126,-415.8317868656088,103
2024-09-17 09:51:42.129,415.8285616898964,1003
2024-09-17 09:51:42.142,415.8419183276761,15
2024-09-17 09:51:42.208,415.83233710046335,6
2024-09-17 09:51:42.274,415.84296637420783,97
2024-09-17 09:51:42.411,415.8212643562689,8
2024-09-17 09:51:42.416,415.83446039194126,998
2024-09-17 09:51:42.433,415.8495158238473,99
2024-09-17 09:51:42.457,415.8471976524749,15
2024-09-17 09:51:42.577,415.806268161573,8
2024-09-17 09:51:42.628,415.8423644559157,103
2024-09-17 09:51:42.803,415.8413858057694,998
2024-09-17 09:51:42.910,415.80777538431227,996
2024-09-17 09:51:43.339,415.8704379746252,100
2024-09-17 09:51:43.373,415.8725699106599,101
2024-09-17 09:51:43.448,415.9095087392252,95
2024-09-17 09:51:43.477,415.88673156017535,1003
2024-09-17 09:51:43.609,415.8957355730518,5
2024-09-17 09:51:43.682,415.9092003744149,8
2024-09-17 09:51:43.703,415.8649608896215,998
2024-09-17 09:51:43.805,415.9129265155658,999
2024-09-17 09:51:43.932,415.8917290263221,5
2024-09-17 09:51:44.018,415.8705594858178,99
2024-09-17 09:51:44.018,415.8976936226531,11
2024-09-17 09:51:44.044,415.8908719732286,97
2024-09-17 09:51:44.069,415.8549451355193,95
2024-09-17 09:51:44.159,415.857205892942,1003
2024-09-17 09:51:44.216,415.9235465598063,7
2024-09-17 09:51:44.314,415.875375961761,14
2024-09-17 09:51:44.355,415.9248437875029,95
2024-09-17 09:51:44.395,415.9324713226404,100
2024-09-17 09:51:44.417,415.8989243515293,6
2024-09-17 09:51:44.433,415.8887874533904,9
2024-09-17 09:51:44.480,415.8757363661782,6
2024-09-17 09:51:44.495,415.8978927344791,995
2024-09-17 09:51:44.528,415.89284540347313,95
2024-09-17 09:51:44.531,415.8719011767753,9
2024-09-17 09:51:44.543,415.9208267786952,7
2024-09-17 09:51:44.594,415.9099465930081,996
2024-09-17 09:51:44.630,415.8631982328152,15
2024-09-17 09:51:44.706,415.8772799286226,104
2024-09-17 09:51:44.743,415.90379149134606,1004
2024-09-17 09:51:44.745,415.889712685949,6
2024-09-17 09:51:44.769,415.8660265837526,99
2024-09-17 09:51:44.792,415.85563145696347,7
2024-09-17 09:51:44.819,415.8807523073107,1005
2024-09-17 09:51:44.819,415.9063052698287,99
2024-09-17 09:51:44.878,415.8704767231136,1003
2024-09-17 09:51:44.960,415.862164979737,1004
2024-09-17 09:51:44.962,415.8725814124073,7
2024-09-17 09:51:44.987,415.9030678148063,1005
2024-09-17 09:51:45.201,415.81891471633054,5
2024-09-17 09:51:45.407,415.825098028284,99
2024-09-17 09:51:45.430,415.8720474720515,11
2024-09-17 09:51:45.513,415.86646071124727,1004
2024-09-17 09:51:45.576,415.8668907919101,995
2024-09-17 09:51:45.627,415.7999487605408,101
2024-09-17 09:51:45.799,415.8414141531171,9
2024-09-17 09:51:46.194,415.8620476414126,12
2024-09-17 09:51:46.219,415.8106906817905,8
2024-09-17 09:51:46.263,415.853805238163,995
2024-09-17 09:51:46.520,415.84609705928045,996
2024-09-17 09:51:46.656,415.85709409712285,1001
2024-09-17 09:51:46.842,415.8456241164257,15
2024-09-17 09:51:46.908,415.85392749457526,1002
2024-09-17 09:51:47.033,415.8521570721867,12
2024-09-17 09:51:47.075,415.83905425971966,1004
2024-09-17 09:51:47.147,41.58354062654678,8
2024-09-17 09:51:47.264,415.8467345709389,5
2024-09-17 09:51:47.343,415.8670210549714,105
2024-09-17 09:51:47.538,415.875278298141,995
2024-09-17 09:51:47.547,415.8497454238133,98
2024-09-17 09:51:47.551,415.8440536206622,8
2024-09-17 09:51:47.659,-415.86606144900526,1002
2024-09-17 09:51:47.681,415.82892100439534,14
2024-09-17 09:51:47.869,415.8671354678534,101
2024-09-17 09:51:47.928,415.85175049353154,5
2024-09-17 09:51:47.972,415.8624739828765,998
2024-09-17 09:51:48.196,415.83791648036726,9
2024-09-17 09:51:48.266,415.81136875607353,99
2024-09-17 09:51:48.424,415.8427033299701,999
2024-09-17 09:51:48.565,415.8571194914304,1003
2024-09-17 09:51:48.884,415.8416247255279,11
2024-09-17 09:51:48.979,415.84303655418944,100
2024-09-17 09:51:49.353,415.79240819367936,5
2024-09-17 09:51:49.473,415.8013104131667,95
2024-09-17 09:51:49.911,415.7855433155594,103
2024-09-17 09:51:49.913,415.7954520807066,99
2024-09-17 09:51:49.969,415.7975744570673,10
2024-09-17 09:51:50.495,415.8051293193808,13
2024-09-17 09:51:50.563,415.8153155774921,101
2024-09-17 09:51:50.955,415.7836700584847,97
2024-09-17 09:51:52.252,415.8193949887581,1001
2024-09-17 09:51:52.255,415.8140552894397,7
2024-09-17 09:51:52.286,415.7847260410401,97
2024-09-17 09:51:52.470,415.81294307683567,12
2024-09-17 09:51:52.471,415.797917998054,105
2024-09-17 09:51:52.494,415.82636824784834,998
2024-09-17 09:51:52.619,415.805089880905,997
2024-09-17 09:51:52.694,415.826031658458,12
2024-09-17 09:51:52.743,415.819960757639,98
2024-09-17 09:51:52.759,415.80122955193895,9
2024-09-17 09:51:52.800,415.802785889305,100
2024-09-17 09:51:52.848,415.7879380868988,12
2024-09-17 09:51:52.886,415.8238374021777,1000
2024-09-17 09:51:52.899,415.80786547845776,99
2024-09-17 09:51:53.076,415.8677485226605,100
2024-09-17 09:51:53.088,415.8624000319328,1004
2024-09-17 09:51:53.097,415.81397169078247,96
2024-09-17 09:51:53.158,415.85956712095566,99
2024-09-17 09:51:53.164,415.8634379507978,99
2024-09-17 09:51:53.196,415.8644341871637,12
2024-09-17 09:51:53.206,415.8692199131327,6
2024-09-17 09:51:53.219,415.8335851956036,105
2024-09-17 09:51:53.230,415.87664639327846,7
2024-09-17 09:51:53.234,415.8337740886452,9
2024-09-17 09:51:53.277,415.8200672706316,98
2024-09-17 09:51:53.347,415.8735346696332,12
2024-09-17 09:51:53.461,415.86787584288,95
2024-09-17 09:51:53.580,415.8544912848994,9
2024-09-17 09:51:53.634,415.8045140157177,7
2024-09-17 09:51:53.662,415.8146070182929,100
2024-09-17 09:51:53.687,415.8598952481489,6
2024-09-17 09:51:53.694,415.85245533495055,6
2024-09-17 09:51:53.721,415.8765796774592,9
2024-09-17 09:51:53.741,415.81721002866914,12
2024-09-17 09:51:53.753,415.843170865169,6
2024-09-17 09:51:53.758,415.8604958175569,10
2024-09-17 09:51:53.776,415.8333808525472,103
2024-09-17 09:51:53.776,415.8459526802075,13
2024-09-17 09:51:53.792,415.8887029009953,96
2024-09-17 09:51:53.800,415.8097388836183,1003
2024-09-17 09:51:53.861,415.8184671173007,1004
2024-09-17 09:51:53.904,415.858407451127,95
2024-09-17 09:51:53.907,415.8428127188424,997
2024-09-17 09:51:53.908,415.8681946655477,105
2024-09-17 09:51:54.005,415.8319349157285,997
2024-09-17 09:51:54.118,415.879547270917,13
2024-09-17 09:51:54.134,415.89511633086,96
2024-09-17 09:51:54.216,415.8380557951009,13
2024-09-17 09:51:54.376,415.8169440615163,15
2024-09-17 09:51:54.390,415.8908412348047,13
2024-09-17 09:51:54.451,415.8177372746033,1002
2024-09-17 09:51:54.469,415.8111433060935,101
2024-09-17 09:51:54.483,415.825023487217,998
2024-09-17 09:51:54.507,415.8271900652429,14
2024-09-17 09:51:54.600,415.8528502367824,105
2024-09-17 09:51:54.648,415.8437631398438,1005
2024-09-17 09:51:54.664,415.89342872329775,8
2024-09-17 09:51:54.680,415.8275340899905,99
2024-09-17 09:51:54.695,415.82671946198224,104
2024-09-17 09:51:54.732,415.835407599069,998
2024-09-17 09:51:54.861,415.8243536895017,5
2024-09-17 09:51:54.865,415.8323086823736,95
2024-09-17 09:51:54.896,415.8840194676781,14
2024-09-17 09:51:54.921,415.8366395729438,13
2024-09-17 09:51:54.941,415.8905399996789,9
2024-09-17 09:51:54.952,415.8782249169847,101
2024-09-17 09:51:54.991,415.8802789570587,999
2024-09-17 09:51:54.994,415.81675870250905,1002
2024-09-17 09:51:55.069,415.89496662580217,14
2024-09-17 09:51:55.110,415.9293966473607,1001
2024-09-17 09:51:55.131,415.9162456883448,15
2024-09-17 09:51:55.253,415.92643212993545,101
2024-09-17 09:51:55.273,415.9215230808252,998
2024-09-17 09:51:55.338,415.9355621433614,95
2024-09-17 09:51:55.354,415.9124712789195,103
2024-09-17 09:51:55.376,415.9358619382117,95
2024-09-17 09:51:55.469,415.9198540868576,995
2024-09-17 09:51:55.484,415.87722655241095,100
2024-09-17 09:51:55.502,415.8934178865368,10
2024-09-17 09:51:55.564,415.9224395319121,104
2024-09-17 09:51:55.707,415.9244344899412,7
2024-09-17 09:51:55.723,415.91479446837,99
2024-09-17 09:51:57.009,415.8970369833629,14
2024-09-17 09:51:57.076,415.8812715443121,995
2024-09-17 09:51:57.120,,1000
2024-09-17 09:51:57.134,415.8865993921276,105
2024-09-17 09:51:57.203,415.8912459905856,998
2024-09-17 09:51:57.328,415.9016574006574,105
2024-09-17 09:51:57.425,415.8923188270845,5
2024-09-17 09:51:57.426,415.9306640086663,1002
2024-09-17 09:51:57.431,415.9025753746836,95
2024-09-17 09:51:57.432,415.8885213454282,1004
2024-09-17 09:51:57.435,415.9448320691007,997
2024-09-17 09:51:57.486,415.9269248555884,997
2024-09-17 09:51:57.628,415.8900099888296,101
2024-09-17 09:51:57.650,415.8980449694182,1000
2024-09-17 09:51:57.698,415.9109531215698,105
2024-09-17 09:51:57.745,415.9037486307327,7
2024-09-17 09:51:57.838,415.88417782318953,6
2024-09-17 09:51:57.849,415.9040776120098,1002
2024-09-17 09:51:57.917,415.8929922124812,12
2024-09-17 09:51:58.019,415.9050179264542,15
2024-09-17 09:51:58.289,415.90658334181546,96
2024-09-17 09:51:59.025,415.8623337288379,97
2024-09-17 09:51:59.086,415.87867742708767,996
2024-09-17 09:51:59.188,415.85096723155885,998
2024-09-17 09:51:59.203,415.8738530398892,1005
2024-09-17 09:51:59.216,415.8627814193492,1004
2024-09-17 09:51:59.243,415.8476336435032,5
2024-09-17 09:51:59.260,415.8492962781983,1003
2024-09-17 09:51:59.305,415.8859860997762,100
2024-09-17 09:51:59.381,415.8623661793456,100
2024-09-17 09:51:59.539,415.883391840676,6
2024-09-17 09:51:59.564,415.8644142913405,103
2024-09-17 09:51:59.638,415.8650802937915,102
2024-09-17 09:51:59.646,415.8682964353878,15
2024-09-17 09:51:59.658,415.8534997712622,95
2024-09-17 09:51:59.676,415.8498827639221,998
2024-09-17 09:51:59.709,41.5858119715613,1001
2024-09-17 09:51:59.830,415.8549976610962,105
2024-09-17 09:51:59.835,415.85318134413217,95
2024-09-17 09:51:59.882,415.871116221215,96
2024-09-17 09:51:59.924,415.86592081366,9
2024-09-17 09:51:59.949,415.8695706296462,104
2024-09-17 09:51:59.954,415.8644501747256,7
