Timestamp,Price,Size
2024-09-20 11:24:00.045,426.66988165875927,999
2024-09-20 11:24:00.254,426.6637471936949,1003
2024-09-20 11:24:00.380,426.66782928657153,1001
2024-09-20 11:24:00.420,-426.6803907637125,98
2024-09-20 11:24:00.488,426.6754150683119,99
2024-09-20 11:24:00.557,426.6628208830772,995
2024-09-20 11:24:00.738,426.6887381210984,15
2024-09-20 11:24:00.782,426.6986712968648,103
2024-09-20 11:24:00.806,42.66624692144586,102
2024-09-20 11:24:00.840,426.68629769744257,15
2024-09-20 11:24:00.979,426.6935819677791,1001
2024-09-20 11:24:01.010,426.6674324917001,102
2024-09-20 11:24:01.035,,998
2024-09-20 11:24:01.042,426.6839731566797,5
2024-09-20 11:24:01.073,426.6642721116864,97
2024-09-20 11:24:01.108,426.6826135322922,8
2024-09-20 11:24:01.114,426.6553484950435,95
2024-09-20 11:24:01.134,426.6666298486105,9
2024-09-20 11:24:01.356,426.6000887974157,1002
2024-09-20 11:24:01.379,426.66749669819313,999
2024-09-20 11:24:01.382,426.6215795349757,103
2024-09-20 11:24:01.413,426.6449741032469,97
2024-09-20 11:24:01.420,426.65802758348326,97
2024-09-20 11:24:01.428,426.640331048336,1000
2024-09-20 11:24:01.473,426.6684862904565,103
2024-09-20 11:24:01.483,426.7019743127942,1003
2024-09-20 11:24:01.645,426.6921626907003,101
2024-09-20 11:24:01.726,426.6816120513728,12
2024-09-20 11:24:01.736,426.6558539058513,6
2024-09-20 11:24:01.790,426.6881178940719,103
2024-09-20 11:24:01.861,426.6535447984873,100
2024-09-20 11:24:01.966,426.66375290764086,15
2024-09-20 11:24:01.967,426.6314811918351,1004
2024-09-20 11:24:01.972,426.67546877488167,995
2024-09-20 11:24:01.991,426.6376715866708,1000
2024-09-20 11:24:01.997,426.6284338248131,14
2024-09-20 11:24:02.021,426.60416410331567,9
2024-09-20 11:24:02.637,426.6082885197132,1004
2024-09-20 11:24:02.685,426.5985245097614,1005
2024-09-20 11:24:02.731,426.5794894667752,8
2024-09-20 11:24:02.735,426.6101219801182,7
2024-09-20 11:24:02.816,426.6023630439373,97
2024-09-20 11:24:02.820,426.59508652299945,98
2024-09-20 11:24:02.948,426.5800894530501,104
2024-09-20 11:24:02.984,426.5981463968498,95
2024-09-20 11:24:03.149,,7
2024-09-20 11:24:03.178,426.5341813806503,15
2024-09-20 11:24:03.493,426.5439718602895,99
2024-09-20 11:24:03.557,42.65254266471423,103
2024-09-20 11:24:03.661,426.5351242026301,14
2024-09-20 11:24:03.665,426.5690547005812,98
2024-09-20 11:24:03.677,426.544402000556,998
2024-09-20 11:24:04.020,426.5371415500482,13
2024-09-20 11:24:04.059,426.54677931138446,11
2024-09-20 11:24:04.084,426.6089719935016,8
2024-09-20 11:24:04.114,426.538322324123,998
2024-09-20 11:24:04.126,426.602802408651,1001
2024-09-20 11:24:04.139,426.5607405388275,5
2024-09-20 11:24:04.151,426.62501896910726,15
2024-09-20 11:24:04.276,426.5845036811471,5
2024-09-20 11:24:04.280,426.6168696462544,95
2024-09-20 11:24:04.326,426.54471826628605,99
2024-09-20 11:24:04.367,426.594743513491,99
2024-09-20 11:24:04.520,426.545302381764,995
2024-09-20 11:24:04.650,426.54650336029766,103
2024-09-20 11:24:04.789,426.60601175100186,11
2024-09-20 11:24:04.921,426.55260750658175,104
2024-09-20 11:24:05.015,426.6102577992333,11
2024-09-20 11:24:05.690,426.6375650511434,100
2024-09-20 11:24:05.691,426.6312358573793,9
2024-09-20 11:24:05.711,426.6324167514616,99
2024-09-20 11:24:05.965,-426.6332401037995,999
2024-09-20 11:24:06.021,426.6368263340664,995
2024-09-20 11:24:06.026,426.6348108967839,11
2024-09-20 11:24:06.067,426.6328487947157,100
2024-09-20 11:24:06.263,426.651896970491,995
2024-09-20 11:24:06.391,426.6168550594573,1003
2024-09-20 11:24:06.663,,12
2024-09-20 11:24:06.710,426.63874137981566,7
2024-09-20 11:24:06.726,426.6216567224024,96
2024-09-20 11:24:06.842,426.59678629354266,15
2024-09-20 11:24:06.849,426.6434847051132,15
2024-09-20 11:24:06.867,426.6398411582968,999
2024-09-20 11:24:06.955,426.6219853746785,6
2024-09-20 11:24:06.995,426.6410871373935,95
2024-09-20 11:24:07.205,426.6036929733785,8
2024-09-20 11:24:07.254,426.6136571019841,996
2024-09-20 11:24:08.000,426.6413130854036,8
2024-09-20 11:24:08.025,426.6272895156526,998
2024-09-20 11:24:08.057,426.6269199762204,13
2024-09-20 11:24:08.117,426.6545826945104,15
2024-09-20 11:24:08.162,426.6426010300824,104
2024-09-20 11:24:08.165,426.6258431709583,98
2024-09-20 11:24:08.194,426.62855422652046,1003
2024-09-20 11:24:08.197,426.6290114246344,96
2024-09-20 11:24:08.245,426.62140886169055,100
2024-09-20 11:24:08.254,426.64497437758666,7
2024-09-20 11:24:08.254,426.6485199671616,95
2024-09-20 11:24:08.254,426.6520250663117,998
2024-09-20 11:24:08.412,426.6405002316733,998
2024-09-20 11:24:08.597,426.657285178886,995
2024-09-20 11:24:08.630,426.6133603438935,995
2024-09-20 11:24:08.733,426.6395326560815,12
2024-09-20 11:24:08.748,426.6412267288534,8
2024-09-20 11:24:08.812,426.62866091612136,99
2024-09-20 11:24:08.857,426.6276215581579,101
2024-09-20 11:24:08.867,426.6241941414524,10
2024-09-20 11:24:08.917,426.64497330865794,1004
2024-09-20 11:24:08.919,426.63148893933646,104
2024-09-20 11:24:08.958,426.6201033481976,1005
2024-09-20 11:24:09.138,426.6224858304553,8
2024-09-20 11:24:09.239,426.637465079265,1005
2024-09-20 11:24:09.258,426.597554072129,997
2024-09-20 11:24:09.334,426.6722886386273,8
2024-09-20 11:24:09.358,426.6770708173254,103
2024-09-20 11:24:09.386,426.6804490434222,14
2024-09-20 11:24:09.466,426.6449371248017,9
2024-09-20 11:24:09.497,426.6014880587268,104
2024-09-20 11:24:09.513,426.59706261322543,98
2024-09-20 11:24:09.558,426.6498432161091,10
2024-09-20 11:24:09.621,426.5970722578568,7
2024-09-20 11:24:09.657,426.6568130368185,96
2024-09-20 11:24:09.728,426.654651701421,996
2024-09-20 11:24:09.807,426.6267313164688,6
2024-09-20 11:24:09.894,426.59592253285,1000
2024-09-20 11:24:09.934,426.6395007195932,102
2024-09-20 11:24:09.970,426.6443819446229,997
2024-09-20 11:24:10.044,426.5596355210674,101
2024-09-20 11:24:10.139,426.5612339744659,999
2024-09-20 11:24:10.171,426.539427589561,100
2024-09-20 11:24:10.212,426.5909877538006,1003
2024-09-20 11:24:10.259,426.5806904687449,97
2024-09-20 11:24:10.309,426.57188721093553,100
2024-09-20 11:24:10.368,426.55036517185744,995
2024-09-20 11:24:10.399,426.5435437891813,100
2024-09-20 11:24:10.492,426.5620191031412,1005
2024-09-20 11:24:10.497,426.5697971987175,99
2024-09-20 11:24:10.507,426.56700042592655,97
2024-09-20 11:24:10.545,426.5690117443867,1003
2024-09-20 11:24:10.569,426.5656394163675,5
2024-09-20 11:24:10.591,426.5550001395444,14
2024-09-20 11:24:10.598,426.593764849581,101
2024-09-20 11:24:10.606,426.6040245982669,7
2024-09-20 11:24:10.701,426.5355905938024,15
2024-09-20 11:24:10.714,426.5897699078943,97
2024-09-20 11:24:10.719,426.5698527850975,102
2024-09-20 11:24:10.766,426.5590193020699,1005
2024-09-20 11:24:10.784,426.5672659950952,101
2024-09-20 11:24:10.804,426.5829989010682,104
2024-09-20 11:24:10.805,-426.57375828706057,1000
2024-09-20 11:24:10.832,426.5591653462137,105
2024-09-20 11:24:10.882,426.553186637864,8
2024-09-20 11:24:10.911,426.61002839112086,10
2024-09-20 11:24:10.919,426.5907042834223,999
2024-09-20 11:24:11.030,426.6423215806937,103
2024-09-20 11:24:11.165,426.5543384652343,1005
2024-09-20 11:24:11.180,426.6538038538389,100
2024-09-20 11:24:11.196,426.6752075116882,1003
2024-09-20 11:24:11.198,426.5848527874125,98
2024-09-20 11:24:11.229,426.657358116882,1001
2024-09-20 11:24:11.247,426.59082726260186,7
2024-09-20 11:24:11.285,426.66767898996864,10
2024-09-20 11:24:11.329,426.5409808820254,99
2024-09-20 11:24:11.335,426.59074972897423,96
2024-09-20 11:24:11.337,426.6296979958483,97
2024-09-20 11:24:11.390,426.6730831191063,101
2024-09-20 11:24:11.528,426.5797369016455,997
2024-09-20 11:24:11.558,426.6742863193491,101
2024-09-20 11:24:11.566,426.64817438941753,1005
2024-09-20 11:24:11.641,426.655152947988,6
2024-09-20 11:24:11.673,426.6152062065288,97
2024-09-20 11:24:11.679,426.5387007273546,102
2024-09-20 11:24:11.714,426.6649606268403,5
2024-09-20 11:24:11.859,426.5418510411665,14
2024-09-20 11:24:11.866,,996
2024-09-20 11:24:11.867,426.5572077438375,9
2024-09-20 11:24:11.883,426.61877750329177,996
2024-09-20 11:24:11.918,426.5506956881289,10
2024-09-20 11:24:11.958,426.6379633220213,12
2024-09-20 11:24:11.989,,1002
2024-09-20 11:24:12.023,426.6678285316283,998
2024-09-20 11:24:12.081,426.6671572246517,1005
2024-09-20 11:24:12.091,426.6790261744609,1003
2024-09-20 11:24:12.556,426.67856762695385,14
2024-09-20 11:24:12.874,426.69283405893424,1005
2024-09-20 11:24:12.977,426.68592941532665,11
2024-09-20 11:24:13.087,426.6776453148733,1005
2024-09-20 11:24:13.087,426.6736083838497,99
2024-09-20 11:24:13.130,426.68265425624094,103
2024-09-20 11:24:13.247,426.6931994986704,14
2024-09-20 11:24:13.373,426.6875694562522,998
2024-09-20 11:24:13.578,426.6731686649835,995
2024-09-20 11:24:13.829,426.687188382514,8
2024-09-20 11:24:13.879,426.6789003438431,1001
2024-09-20 11:24:14.078,426.6849741132443,996
2024-09-20 11:24:14.172,426.69621077304606,96
2024-09-20 11:24:14.496,426.70391236245575,15
2024-09-20 11:24:14.518,426.686152950058,101
2024-09-20 11:24:14.519,426.7115720905061,13
2024-09-20 11:24:14.545,426.6767341899956,12
2024-09-20 11:24:14.675,426.709037582477,9
2024-09-20 11:24:14.749,426.7021457257524,1003
2024-09-20 11:24:14.757,426.6836958050135,1005
2024-09-20 11:24:14.790,426.69642229593205,1004
2024-09-20 11:24:14.795,426.6694885161203,12
2024-09-20 11:24:14.833,426.6836839616712,7
2024-09-20 11:24:14.904,426.6932140506558,14
2024-09-20 11:24:14.941,426.70743838865184,101
2024-09-20 11:24:15.008,426.6556676239985,10
2024-09-20 11:24:15.059,426.7298753078712,6
2024-09-20 11:24:15.070,426.7012756584736,100
2024-09-20 11:24:15.096,426.6585703223801,11
2024-09-20 11:24:15.144,426.6956049504368,1005
2024-09-20 11:24:15.215,426.6878286832694,1002
2024-09-20 11:24:15.224,426.6759681593875,11
2024-09-20 11:24:15.238,426.73246582938367,995
2024-09-20 11:24:15.276,426.681232962108,1004
2024-09-20 11:24:15.277,426.683094476087,102
2024-09-20 11:24:15.336,426.7373780190224,99
2024-09-20 11:24:15.425,426.6662140598896,99
2024-09-20 11:24:15.495,426.6741695507899,96
2024-09-20 11:24:15.521,426.68170742778784,104
2024-09-20 11:24:15.537,,97
2024-09-20 11:24:15.550,426.6716502286262,1005
2024-09-20 11:24:15.609,426.68648993278407,8
2024-09-20 11:24:15.642,426.6718947683187,15
2024-09-20 11:24:15.674,426.6578476356309,996
2024-09-20 11:24:15.726,426.7775144811972,11
2024-09-20 11:24:15.765,426.6686053615456,103
2024-09-20 11:24:15.787,426.7515432304831,1004
2024-09-20 11:24:15.816,426.6630798514711,15
2024-09-20 11:24:15.837,426.7336101019198,9
2024-09-20 11:24:15.845,426.6834821766946,995
2024-09-20 11:24:15.858,426.6831210924761,6
2024-09-20 11:24:15.900,426.6873640652856,997
2024-09-20 11:24:15.930,426.66782017504335,101
2024-09-20 11:24:15.988,426.6886114790272,999
2024-09-20 11:24:16.014,426.8249262407643,102
2024-09-20 11:24:16.040,426.8365053228869,97
2024-09-20 11:24:16.065,426.784479840496,105
2024-09-20 11:24:16.092,426.8437850730666,11
2024-09-20 11:24:16.109,426.76987986824906,11
2024-09-20 11:24:16.307,426.832272021863,1003
2024-09-20 11:24:16.312,426.79160043678354,99
2024-09-20 11:24:16.502,426.8058301821529,1003
2024-09-20 11:24:16.548,426.8173828877352,7
2024-09-20 11:24:16.586,426.82999611998986,998
2024-09-20 11:24:16.607,426.78068756121,105
2024-09-20 11:24:16.611,426.8063004492806,1004
2024-09-20 11:24:16.611,426.813560561589,8
2024-09-20 11:24:16.728,426.8152594699289,102
2024-09-20 11:24:16.799,426.84732589794896,15
2024-09-20 11:24:16.948,426.7915592732493,1001
2024-09-20 11:24:17.007,426.8245238488129,1004
2024-09-20 11:24:17.131,426.7950365749927,105
2024-09-20 11:24:17.194,426.8241598081964,8
2024-09-20 11:24:17.223,426.83601771559256,1001
2024-09-20 11:24:17.299,426.8293658673527,14
2024-09-20 11:24:17.421,426.7994853234066,1001
2024-09-20 11:24:17.459,426.8242709784349,998
2024-09-20 11:24:17.490,426.8140113590405,95
2024-09-20 11:24:17.615,426.803755122503,103
2024-09-20 11:24:17.671,426.8027439324387,105
2024-09-20 11:24:17.723,-426.8191957517013,997
2024-09-20 11:24:17.767,426.81843508989226,1003
2024-09-20 11:24:17.826,426.81662778000816,100
2024-09-20 11:24:17.835,426.7945542069618,10
2024-09-20 11:24:17.855,426.8108766994994,1005
2024-09-20 11:24:18.042,426.8190999609223,1001
2024-09-20 11:24:18.241,426.7878307646944,1002
2024-09-20 11:24:18.260,426.81255985797446,1001
2024-09-20 11:24:18.309,426.78382991486296,15
2024-09-20 11:24:18.326,426.82904795819127,99
2024-09-20 11:24:18.375,426.78544094141046,1003
2024-09-20 11:24:18.426,426.8113506470707,96
2024-09-20 11:24:18.441,,105
2024-09-20 11:24:18.500,426.80161474997885,5
2024-09-20 11:24:18.626,426.7840035231424,997
2024-09-20 11:24:18.705,42.6816540234976,11
2024-09-20 11:24:18.731,426.7759207277861,99
2024-09-20 11:24:18.754,426.79332941402447,5
2024-09-20 11:24:18.785,426.82711666998046,5
2024-09-20 11:24:18.867,426.7983872505948,1003
2024-09-20 11:24:18.887,426.79757280683856,999
2024-09-20 11:24:18.887,426.8056747228674,7
2024-09-20 11:24:18.937,426.8134068877183,100
2024-09-20 11:24:19.106,426.8156763428359,997
2024-09-20 11:24:19.117,426.8412265245112,997
2024-09-20 11:24:19.124,426.8479895195221,1002
2024-09-20 11:24:19.234,426.8126687186955,9
2024-09-20 11:24:19.264,426.85844452164446,1004
2024-09-20 11:24:19.271,426.8589341747686,101
2024-09-20 11:24:19.314,426.85907667322175,7
2024-09-20 11:24:19.450,426.85220099186864,12
2024-09-20 11:24:19.519,426.848018949622,97
2024-09-20 11:24:19.579,426.82719250030647,9
2024-09-20 11:24:19.598,426.8219849147756,1002
2024-09-20 11:24:19.650,426.8139467498583,10
2024-09-20 11:24:19.664,426.8325410051006,996
2024-09-20 11:24:19.673,426.86128811778127,15
2024-09-20 11:24:19.710,426.8645177608727,100
2024-09-20 11:24:19.837,426.867095339292,96
2024-09-20 11:24:19.882,426.8463591315517,9
2024-09-20 11:24:19.911,426.8497542794726,1001
2024-09-20 11:24:20.021,426.8188994573893,999
2024-09-20 11:24:20.029,426.83139559626153,103
2024-09-20 11:24:20.092,426.8409979073884,9
2024-09-20 11:24:20.278,426.83145345079737,96
2024-09-20 11:24:20.306,426.8177537512717,104
2024-09-20 11:24:20.419,426.8044156701035,1003
2024-09-20 11:24:20.508,426.8065795864492,5
2024-09-20 11:24:20.542,426.8502500629517,100
2024-09-20 11:24:20.616,426.85296489347405,1003
2024-09-20 11:24:20.683,426.8438939094406,15
2024-09-20 11:24:20.687,426.85653192309366,96
2024-09-20 11:24:20.724,426.8125076494966,97
2024-09-20 11:24:20.819,426.82962036128487,1002
2024-09-20 11:24:20.860,,1000
2024-09-20 11:24:20.927,426.8121095657836,13
2024-09-20 11:24:20.948,426.8410602944985,101
2024-09-20 11:24:21.001,426.78735000208223,15
2024-09-20 11:24:21.025,426.7717906073627,1003
2024-09-20 11:24:21.041,426.7985001115988,13
2024-09-20 11:24:21.053,426.7969870813193,15
2024-09-20 11:24:21.158,426.7946229714837,999
2024-09-20 11:24:21.216,426.77488315449887,97
2024-09-20 11:24:21.242,426.7702678842764,15
2024-09-20 11:24:21.278,426.7569184125729,14
2024-09-20 11:24:21.278,426.7532863561738,96
2024-09-20 11:24:21.288,426.8037960518938,995
2024-09-20 11:24:21.362,426.8207079372644,13
2024-09-20 11:24:21.375,426.77425154587615,103
2024-09-20 11:24:21.385,426.78159063987306,995
2024-09-20 11:24:21.557,426.77211031014286,96
2024-09-20 11:24:21.572,426.8328194979365,11
2024-09-20 11:24:21.590,426.7693383948168,10
2024-09-20 11:24:21.634,426.7906147631,1004
2024-09-20 11:24:21.663,,995
2024-09-20 11:24:21.678,426.7937789054532,14
2024-09-20 11:24:21.724,426.79526076827096,12
2024-09-20 11:24:21.742,426.78591695107946,1001
2024-09-20 11:24:21.768,426.7903441127773,11
2024-09-20 11:24:21.833,426.7906541535685,11
2024-09-20 11:24:21.917,426.77123823412063,99
2024-09-20 11:24:21.926,426.7732491347783,10
2024-09-20 11:24:21.933,426.7631731966725,100
2024-09-20 11:24:21.952,426.7781602402156,1005
2024-09-20 11:24:21.980,426.7911694773173,1003
2024-09-20 11:24:22.053,426.7957743605969,997
2024-09-20 11:24:22.059,426.7970793698638,1005
2024-09-20 11:24:22.071,426.7898569225076,98
2024-09-20 11:24:22.096,426.7598851887764,95
2024-09-20 11:24:22.124,426.8019747941657,99
2024-09-20 11:24:22.159,426.8227482494664,102
2024-09-20 11:24:22.205,426.79544196022806,95
2024-09-20 11:24:22.209,426.8213303084884,1001
2024-09-20 11:24:22.231,426.7824798710493,102
2024-09-20 11:24:22.241,426.8113448240817,6
2024-09-20 11:24:22.373,426.8174317367579,15
2024-09-20 11:24:22.465,426.8031986978992,99
2024-09-20 11:24:22.487,426.79444747721806,99
2024-09-20 11:24:22.510,426.8106446495975,14
2024-09-20 11:24:22.511,426.8019430216924,99
2024-09-20 11:24:22.559,426.80318318695146,1002
2024-09-20 11:24:22.570,426.80909964219614,998
2024-09-20 11:24:22.615,426.8124371091829,97
2024-09-20 11:24:22.657,426.7830149717459,995
2024-09-20 11:24:22.756,426.7790586749218,15
2024-09-20 11:24:22.886,426.7944202638485,15
2024-09-20 11:24:22.936,426.8230413189901,12
2024-09-20 11:24:22.948,426.82970254832367,105
2024-09-20 11:24:22.991,426.7835736508797,8
2024-09-20 11:24:23.010,426.8175163554272,8
2024-09-20 11:24:23.051,426.8243567748042,997
2024-09-20 11:24:23.053,426.8629284348209,997
2024-09-20 11:24:23.058,426.80967329938346,102
2024-09-20 11:24:23.067,426.8842771042069,10
2024-09-20 11:24:23.089,426.842360131795,999
2024-09-20 11:24:23.112,426.8077881100114,101
2024-09-20 11:24:23.147,426.8862568706641,995
2024-09-20 11:24:23.196,426.8842413458688,1001
2024-09-20 11:24:23.224,426.800657829386,995
2024-09-20 11:24:23.352,426.9059941269847,97
2024-09-20 11:24:23.355,426.9133458550549,1002
2024-09-20 11:24:23.356,426.853317922135,1003
2024-09-20 11:24:23.365,426.8212287265338,6
2024-09-20 11:24:23.401,426.8500091892837,9
2024-09-20 11:24:23.632,426.89991688132994,999
2024-09-20 11:24:23.731,426.8162034334904,5
2024-09-20 11:24:23.757,426.87721885329694,102
2024-09-20 11:24:23.767,426.8247386609204,997
2024-09-20 11:24:23.865,426.8943477258717,11
2024-09-20 11:24:23.936,426.8787432540947,96
2024-09-20 11:24:23.942,426.8238445860075,1005
2024-09-20 11:24:23.969,426.8010313211146,97
2024-09-20 11:24:23.969,426.8008077282963,995
2024-09-20 11:24:24.007,426.96896832234745,1004
2024-09-20 11:24:24.180,426.9555265321172,995
2024-09-20 11:24:24.343,426.9313531531563,998
2024-09-20 11:24:24.438,426.91939940660905,1004
2024-09-20 11:24:24.917,426.9176671953634,999
2024-09-20 11:24:25.093,427.0154998337672,12
2024-09-20 11:24:25.239,427.1150662950456,97
2024-09-20 11:24:25.240,427.0229498252687,101
2024-09-20 11:24:25.260,427.02091565134606,995
2024-09-20 11:24:25.266,427.0903517652625,1005
2024-09-20 11:24:25.301,427.1029043234991,11
2024-09-20 11:24:25.376,427.0013057162552,8
2024-09-20 11:24:25.448,427.1122637857417,1005
2024-09-20 11:24:25.471,427.0571235779804,6
2024-09-20 11:24:25.475,427.0106154372047,99
2024-09-20 11:24:25.599,427.1129024114498,7
2024-09-20 11:24:25.629,427.0975161301821,1002
2024-09-20 11:24:25.657,427.0883772930545,103
2024-09-20 11:24:25.665,427.0018822409665,7
2024-09-20 11:24:25.696,427.1169842418319,996
2024-09-20 11:24:25.718,427.0277020495079,1000
2024-09-20 11:24:25.801,42.710630258244976,98
2024-09-20 11:24:25.829,427.03083869654097,1003
2024-09-20 11:24:25.836,427.04702440010414,105
2024-09-20 11:24:25.842,427.0646962799656,105
2024-09-20 11:24:25.890,427.01475298389335,6
2024-09-20 11:24:25.967,427.095102545306,15
2024-09-20 11:24:25.969,427.0175616629589,998
2024-09-20 11:24:25.969,,95
2024-09-20 11:24:26.042,427.05072877450783,995
2024-09-20 11:24:26.063,427.0469849257611,103
2024-09-20 11:24:26.081,427.1346744378286,103
2024-09-20 11:24:26.091,427.0457168581643,102
2024-09-20 11:24:26.171,427.04393895631495,95
2024-09-20 11:24:26.186,427.10600265535857,1002
2024-09-20 11:24:26.284,,999
2024-09-20 11:24:26.294,427.0375599546504,5
2024-09-20 11:24:26.325,-427.08362514625577,12
2024-09-20 11:24:26.381,427.0589315213992,105
2024-09-20 11:24:26.568,427.03788440630245,101
2024-09-20 11:24:26.625,427.1176379975804,1004
2024-09-20 11:24:26.648,427.001117457072,1003
2024-09-20 11:24:26.712,427.0687072588182,1001
2024-09-20 11:24:26.726,427.03951804736,8
2024-09-20 11:24:26.743,427.0577877887798,15
2024-09-20 11:24:26.772,426.9891312868592,12
2024-09-20 11:24:26.835,427.0540555969191,995
2024-09-20 11:24:26.881,427.1422547191052,95
2024-09-20 11:24:26.889,427.1343825139919,11
2024-09-20 11:24:26.899,427.0531577982447,6
2024-09-20 11:24:26.925,427.006350457843,998
2024-09-20 11:24:26.952,427.0415279723895,1004
2024-09-20 11:24:28.087,42.69108111541351,100
2024-09-20 11:24:28.121,426.94346898153896,105
2024-09-20 11:24:28.131,426.902997936304,99
2024-09-20 11:24:28.219,426.976402366856,1004
2024-09-20 11:24:28.245,426.980560405846,9
2024-09-20 11:24:28.248,426.9597482484943,103
2024-09-20 11:24:28.282,426.910968579081,995
2024-09-20 11:24:28.369,426.9242545571506,1004
2024-09-20 11:24:28.443,426.9350543153627,998
2024-09-20 11:24:28.451,426.9082660199184,1002
2024-09-20 11:24:28.455,426.9057234700628,13
2024-09-20 11:24:28.484,426.91128724372703,105
2024-09-20 11:24:28.504,426.9803674909046,102
2024-09-20 11:24:28.539,426.9044048127138,102
2024-09-20 11:24:28.673,426.9118146209434,1003
2024-09-20 11:24:28.677,426.8984223398823,995
2024-09-20 11:24:28.756,426.9372067396524,998
2024-09-20 11:24:28.897,426.9079620923206,102
2024-09-20 11:24:29.022,426.9335328839265,105
2024-09-20 11:24:29.288,426.9204068327172,995
2024-09-20 11:24:29.377,426.92890934934064,15
2024-09-20 11:24:29.417,426.9329138382745,997
2024-09-20 11:24:29.451,426.93549184413234,1005
2024-09-20 11:24:29.540,426.977288071353,96
2024-09-20 11:24:29.567,426.9498195893005,1001
2024-09-20 11:24:29.656,426.989307104146,9
2024-09-20 11:24:29.717,426.9481153452777,1000
2024-09-20 11:24:29.831,426.96398572874455,10
2024-09-20 11:24:29.858,426.9388785929706,1004
2024-09-20 11:24:29.930,426.93300572989136,95
2024-09-20 11:24:29.951,426.968444758231,15
2024-09-20 11:24:29.965,426.97881464926905,1005
2024-09-20 11:24:30.095,426.9585386358429,10
2024-09-20 11:24:30.866,426.9570626880672,1005
2024-09-20 11:24:31.091,426.8899426662014,15
2024-09-20 11:24:31.220,426.9638453905061,103
2024-09-20 11:24:31.387,426.945599563112,6
2024-09-20 11:24:31.415,426.9358277146948,96
2024-09-20 11:24:31.478,426.89617828138375,14
2024-09-20 11:24:31.483,426.9765659855905,5
2024-09-20 11:24:31.518,426.9192542428328,10
2024-09-20 11:24:31.536,-426.9378804527707,1000
2024-09-20 11:24:31.567,426.91060661043,12
2024-09-20 11:24:31.682,426.9259849405784,99
2024-09-20 11:24:31.688,426.9399996832897,1003
2024-09-20 11:24:31.712,426.96079731951215,100
2024-09-20 11:24:31.714,426.9432204703331,95
2024-09-20 11:24:31.795,-426.9030411439073,1000
2024-09-20 11:24:31.931,426.9226938526889,9
2024-09-20 11:24:31.936,426.9650349986153,9
2024-09-20 11:24:32.361,426.9441188423664,101
2024-09-20 11:24:32.493,426.9380063194269,13
2024-09-20 11:24:32.608,426.9121040626167,104
2024-09-20 11:24:32.955,426.9311547671733,6
2024-09-20 11:24:32.966,426.9319531526154,1002
2024-09-20 11:24:33.251,426.93984198218544,999
2024-09-20 11:24:33.721,426.9182282840806,14
2024-09-20 11:24:33.979,426.9154884848599,1003
2024-09-20 11:24:34.152,426.9305107228117,97
2024-09-20 11:24:34.160,426.95036568274986,1005
2024-09-20 11:24:34.376,426.93321363712994,1004
2024-09-20 11:24:34.443,426.9572285609647,95
2024-09-20 11:24:34.447,426.93311134163775,995
2024-09-20 11:24:34.701,426.9524255576684,101
2024-09-20 11:24:34.913,426.9632028198157,99
2024-09-20 11:24:35.011,426.9358930577978,996
2024-09-20 11:24:35.032,426.9450403442201,100
2024-09-20 11:24:35.085,426.9471337941645,1003
2024-09-20 11:24:35.148,426.9085544985961,95
2024-09-20 11:24:35.162,426.9237105651556,99
2024-09-20 11:24:35.173,426.8857315656695,1005
2024-09-20 11:24:35.187,426.91515174596816,103
2024-09-20 11:24:35.250,426.9446657294473,11
2024-09-20 11:24:35.307,426.9527559715912,1000
2024-09-20 11:24:35.392,426.88502891288,105
2024-09-20 11:24:35.491,,96
2024-09-20 11:24:35.586,426.9315246098204,95
2024-09-20 11:24:35.597,426.9301638036526,13
2024-09-20 11:24:35.721,426.9297218838104,97
2024-09-20 11:24:35.789,426.9045010647365,1002
2024-09-20 11:24:35.820,426.9339511607731,998
2024-09-20 11:24:35.847,426.9313766929894,12
2024-09-20 11:24:35.862,426.88158167157087,996
2024-09-20 11:24:35.904,426.9383526716686,8
2024-09-20 11:24:35.941,426.8845242772577,104
2024-09-20 11:24:36.168,,1003
2024-09-20 11:24:36.287,426.8830662409007,14
2024-09-20 11:24:36.731,426.8796535860606,999
2024-09-20 11:24:37.182,426.89089809869495,1001
2024-09-20 11:24:37.200,426.8755990570893,104
2024-09-20 11:24:37.208,426.8047594038408,1003
2024-09-20 11:24:37.270,426.8748807573997,996
2024-09-20 11:24:37.282,426.8151634058791,7
2024-09-20 11:24:37.302,426.8428970659368,102
2024-09-20 11:24:37.310,426.7729712274468,15
2024-09-20 11:24:37.396,426.8598233760952,11
2024-09-20 11:24:37.432,426.8696889305899,102
2024-09-20 11:24:37.470,426.8897467982055,1003
2024-09-20 11:24:37.516,426.90572732351967,998
2024-09-20 11:24:37.529,426.9001720534037,9
2024-09-20 11:24:37.579,426.8803635671312,1004
2024-09-20 11:24:37.580,426.87245914418696,102
2024-09-20 11:24:37.584,426.8632755642279,6
2024-09-20 11:24:37.608,426.8713048092348,13
2024-09-20 11:24:37.674,426.9027925244027,97
2024-09-20 11:24:37.705,426.8674799873717,100
2024-09-20 11:24:37.834,426.8447836135815,101
2024-09-20 11:24:37.976,426.8694903697696,1000
2024-09-20 11:24:38.027,426.8433209623623,96
2024-09-20 11:24:38.040,426.786711999671,12
2024-09-20 11:24:38.041,426.8518559028271,7
2024-09-20 11:24:38.058,426.8428883962154,103
2024-09-20 11:24:38.236,426.8517992296555,104
2024-09-20 11:24:38.313,426.7846014148985,15
2024-09-20 11:24:38.342,426.782544325144,105
2024-09-20 11:24:38.350,426.8671477136972,7
2024-09-20 11:24:38.353,426.86082744877257,9
2024-09-20 11:24:38.357,426.8241979022325,5
2024-09-20 11:24:38.374,426.8558361311258,12
2024-09-20 11:24:38.406,426.8106117569444,999
2024-09-20 11:24:38.409,426.7955436021917,98
2024-09-20 11:24:38.466,426.8636142672205,9
2024-09-20 11:24:38.468,426.7789985456712,6
2024-09-20 11:24:38.501,426.8271024388689,1004
2024-09-20 11:24:38.630,426.7802885903063,1004
2024-09-20 11:24:38.675,426.78639616409447,1004
2024-09-20 11:24:38.681,426.842158396213,1005
2024-09-20 11:24:38.721,426.79916674288313,5
2024-09-20 11:24:38.743,426.80019936098495,99
2024-09-20 11:24:38.747,426.8678277889742,14
2024-09-20 11:24:38.833,426.78967213439927,996
2024-09-20 11:24:38.865,426.8596307299566,97
2024-09-20 11:24:38.904,426.77365254602455,995
2024-09-20 11:24:38.985,426.8576851966933,7
2024-09-20 11:24:38.988,426.85810531975307,105
2024-09-20 11:24:39.452,426.8263483169524,998
2024-09-20 11:24:40.081,426.8325498079346,104
2024-09-20 11:24:40.174,426.8217376999294,1002
2024-09-20 11:24:40.397,426.7982499305456,99
2024-09-20 11:24:40.427,426.80547422624267,1003
2024-09-20 11:24:40.529,426.8177223999448,103
2024-09-20 11:24:40.569,426.8280799677927,8
2024-09-20 11:24:40.700,426.7973303003995,999
2024-09-20 11:24:40.714,426.8030108187879,98
2024-09-20 11:24:40.837,426.82762922600097,13
2024-09-20 11:24:41.015,426.8120339626829,9
2024-09-20 11:24:41.051,426.8393518088917,1003
2024-09-20 11:24:41.145,426.8097237913657,998
2024-09-20 11:24:41.281,,96
2024-09-20 11:24:41.370,426.84990923645086,14
2024-09-20 11:24:41.375,426.83539064638455,1001
2024-09-20 11:24:41.706,426.8368911352467,101
2024-09-20 11:24:41.730,42.68261734036576,1003
2024-09-20 11:24:41.733,426.861888084412,13
2024-09-20 11:24:41.873,426.8162763018457,102
2024-09-20 11:24:41.949,426.8223153409023,102
2024-09-20 11:24:43.034,426.7933981083396,1004
2024-09-20 11:24:43.045,426.85799791634486,96
2024-09-20 11:24:43.063,426.81160845601056,1004
2024-09-20 11:24:43.160,426.8312124358805,5
2024-09-20 11:24:43.188,426.82517918343865,102
2024-09-20 11:24:43.278,426.82114466484944,1003
2024-09-20 11:24:43.415,426.7922649253086,101
2024-09-20 11:24:43.626,426.8116410072557,11
2024-09-20 11:24:43.715,426.8298015628673,1001
2024-09-20 11:24:43.912,426.8285099010562,1001
2024-09-20 11:24:43.926,426.8091472354074,97
2024-09-20 11:24:44.039,426.8495736087496,998
2024-09-20 11:24:44.102,,101
2024-09-20 11:24:44.117,426.86906597968897,96
2024-09-20 11:24:44.194,426.8215253373333,995
2024-09-20 11:24:44.288,426.8529819113993,999
2024-09-20 11:24:44.316,426.8384840461095,997
2024-09-20 11:24:44.454,426.8291821832177,6
2024-09-20 11:24:44.525,426.8511898385653,997
2024-09-20 11:24:44.586,426.83241025562427,996
2024-09-20 11:24:44.595,426.85374949952006,105
2024-09-20 11:24:44.608,426.8364270682698,998
2024-09-20 11:24:44.620,426.8392167407897,99
2024-09-20 11:24:44.653,426.8398147071895,14
2024-09-20 11:24:44.738,426.8276219698616,1000
2024-09-20 11:24:44.758,426.8378434255075,1004
2024-09-20 11:24:44.760,426.82849113229247,10
2024-09-20 11:24:44.770,426.8345162984836,10
2024-09-20 11:24:44.816,426.8355491446888,7
2024-09-20 11:24:44.881,426.8347797326212,103
2024-09-20 11:24:44.893,426.8132664795253,1001
2024-09-20 11:24:44.928,426.8125112146488,6
2024-09-20 11:24:44.977,426.8202737981746,8
2024-09-20 11:24:45.085,426.8334810269387,1002
2024-09-20 11:24:45.101,426.7935916956557,11
2024-09-20 11:24:45.171,426.8169005876016,10
2024-09-20 11:24:45.245,426.807563604139,102
2024-09-20 11:24:45.380,426.8057597474654,997
2024-09-20 11:24:45.445,426.8160515019088,9
2024-09-20 11:24:45.685,426.80785587085256,9
2024-09-20 11:24:45.817,426.8297556516659,1000
2024-09-20 11:24:45.840,426.8148881703137,95
2024-09-20 11:24:46.050,426.86611165077534,100
2024-09-20 11:24:46.154,426.8352871625284,96
2024-09-20 11:24:46.204,426.86773222918896,102
2024-09-20 11:24:46.205,426.81603760516094,8
2024-09-20 11:24:46.288,426.8274575827888,105
2024-09-20 11:24:46.492,426.8320747944328,1005
2024-09-20 11:24:46.619,426.8585860055232,104
2024-09-20 11:24:46.712,426.81512888221465,15
2024-09-20 11:24:46.714,426.83361687324566,6
2024-09-20 11:24:46.719,426.85402810233074,999
2024-09-20 11:24:46.836,426.8668358177909,997
2024-09-20 11:24:47.003,426.8131248980424,10
2024-09-20 11:24:47.040,426.804755746602,103
2024-09-20 11:24:47.042,426.8104106813398,11
2024-09-20 11:24:47.062,426.8219299105743,97
2024-09-20 11:24:47.084,426.8042430495416,15
2024-09-20 11:24:47.173,426.8377663766045,995
2024-09-20 11:24:47.180,426.81507575391385,998
2024-09-20 11:24:47.345,426.80178019911904,104
2024-09-20 11:24:47.377,426.8050477436101,14
2024-09-20 11:24:47.378,426.82447862323465,1004
2024-09-20 11:24:47.506,426.8287556812175,11
2024-09-20 11:24:47.638,426.8181572669469,105
2024-09-20 11:24:47.662,426.79458528221016,999
2024-09-20 11:24:47.693,426.8279422816385,13
2024-09-20 11:24:47.748,426.84539857958873,101
2024-09-20 11:24:47.881,426.8264393651997,13
2024-09-20 11:24:47.951,,95
2024-09-20 11:24:47.960,426.8317786854345,1000
2024-09-20 11:24:48.074,426.8624583355023,98
2024-09-20 11:24:48.122,426.839205422543,10
2024-09-20 11:24:48.123,426.79244814797937,1005
2024-09-20 11:24:48.138,426.73952162308905,996
2024-09-20 11:24:48.227,426.7909677721191,104
2024-09-20 11:24:48.239,426.8633251505124,95
2024-09-20 11:24:48.294,426.7357716152534,14
2024-09-20 11:24:48.297,426.74082186535134,8
2024-09-20 11:24:48.375,426.7557277863367,999
2024-09-20 11:24:48.379,426.798650167341,102
2024-09-20 11:24:48.386,426.82423045556607,104
2024-09-20 11:24:48.393,426.7895092895323,5
2024-09-20 11:24:48.466,426.8343813645927,97
2024-09-20 11:24:48.514,426.85779911707385,997
2024-09-20 11:24:48.529,426.8276443518904,8
2024-09-20 11:24:48.538,426.81952991223295,95
2024-09-20 11:24:48.539,426.81905700184296,5
2024-09-20 11:24:48.601,426.8102171297856,102
2024-09-20 11:24:48.664,426.84356147377525,1001
2024-09-20 11:24:48.679,426.80925933552805,103
2024-09-20 11:24:48.724,426.8648441087635,6
2024-09-20 11:24:48.732,426.73910452054776,105
2024-09-20 11:24:48.766,426.7618707441465,8
2024-09-20 11:24:48.801,426.8054245397874,13
2024-09-20 11:24:48.915,426.8592049966129,999
2024-09-20 11:24:48.938,426.7393982090208,14
2024-09-20 11:24:48.964,426.7418034876393,996
2024-09-20 11:24:48.996,426.8305200210431,15
2024-09-20 11:24:49.251,426.7832954576473,101
2024-09-20 11:24:49.912,426.77536084931046,5
2024-09-20 11:24:50.157,426.7857710538669,1000
2024-09-20 11:24:50.195,426.7514987699289,1001
2024-09-20 11:24:50.267,426.831193960989,1002
2024-09-20 11:24:50.295,426.8289983135544,1004
2024-09-20 11:24:50.298,426.8495412463562,97
2024-09-20 11:24:50.334,426.8474715372027,11
2024-09-20 11:24:50.349,426.8501228236024,104
2024-09-20 11:24:50.385,426.856329535997,11
2024-09-20 11:24:50.401,426.83176030918975,102
2024-09-20 11:24:50.437,426.76086981175246,98
2024-09-20 11:24:50.438,426.77219808585176,14
2024-09-20 11:24:50.477,426.859379088633,10
2024-09-20 11:24:50.487,426.7779336007018,1002
2024-09-20 11:24:50.567,426.845578003545,15
2024-09-20 11:24:50.582,426.8065430588917,105
2024-09-20 11:24:50.611,426.8459416791378,95
2024-09-20 11:24:50.618,426.867580674765,15
2024-09-20 11:24:50.644,426.8465646690135,7
2024-09-20 11:24:50.655,42.679171298506326,15
2024-09-20 11:24:50.676,426.8469705938708,9
2024-09-20 11:24:50.862,426.81603310154986,1005
2024-09-20 11:24:51.099,426.84048773796417,11
2024-09-20 11:24:51.127,426.81585702956426,10
2024-09-20 11:24:51.170,426.78400253301527,95
2024-09-20 11:24:51.257,426.82399777496016,1000
2024-09-20 11:24:51.288,426.78911475267176,1003
2024-09-20 11:24:51.316,426.8366974804888,102
2024-09-20 11:24:51.483,426.83309756302265,103
2024-09-20 11:24:51.660,426.77413452773663,100
2024-09-20 11:24:51.738,426.8466629002151,7
2024-09-20 11:24:51.766,426.83050182739856,99
2024-09-20 11:24:51.768,426.82400395833344,1002
2024-09-20 11:24:51.817,426.8020047890012,104
2024-09-20 11:24:51.849,426.8014222642814,999
2024-09-20 11:24:51.854,426.824195591605,103
2024-09-20 11:24:51.892,426.8163947998041,999
2024-09-20 11:24:51.911,426.82996153066495,1003
2024-09-20 11:24:51.912,426.83471210235535,98
2024-09-20 11:24:52.008,426.8481537803008,1001
2024-09-20 11:24:52.026,426.79994550201934,1005
2024-09-20 11:24:52.047,426.80285431191743,95
2024-09-20 11:24:52.054,426.8106580470799,98
2024-09-20 11:24:52.063,426.8124255055936,10
2024-09-20 11:24:52.092,426.8092035603965,96
2024-09-20 11:24:52.125,426.8378521852303,998
2024-09-20 11:24:52.130,426.81830675732647,1002
2024-09-20 11:24:52.255,426.8265445346037,995
2024-09-20 11:24:52.381,426.8164381302078,1005
2024-09-20 11:24:52.452,426.8037452506424,95
2024-09-20 11:24:52.482,426.8299782254525,100
2024-09-20 11:24:52.498,426.7965065604694,12
2024-09-20 11:24:52.582,426.8163537766415,997
2024-09-20 11:24:52.641,426.8237874260492,96
2024-09-20 11:24:52.688,426.8218846142931,104
2024-09-20 11:24:52.764,426.8335146160066,5
2024-09-20 11:24:52.776,426.8239109142267,102
2024-09-20 11:24:52.845,426.8015576162589,1005
2024-09-20 11:24:52.962,42.68361302556044,100
2024-09-20 11:24:52.966,426.8272752431342,11
2024-09-20 11:24:52.982,426.8193322080282,13
2024-09-20 11:24:53.003,426.86786641476056,1004
2024-09-20 11:24:53.489,426.8822630795451,995
2024-09-20 11:24:53.612,426.8586976714823,997
2024-09-20 11:24:53.739,426.8508257049018,1003
2024-09-20 11:24:53.988,426.8935935483958,11
2024-09-20 11:24:54.048,426.85917056047487,998
2024-09-20 11:24:54.067,426.88546330883673,14
2024-09-20 11:24:54.126,426.8717317713767,1003
2024-09-20 11:24:54.137,42.6832743541024,1003
2024-09-20 11:24:54.171,426.8895156606809,998
2024-09-20 11:24:54.205,426.8681513902081,101
2024-09-20 11:24:54.239,426.881779446364,8
2024-09-20 11:24:54.246,426.8756730541216,13
2024-09-20 11:24:54.433,426.8583876380801,102
2024-09-20 11:24:54.452,426.8643235945282,1001
2024-09-20 11:24:54.458,426.84683513838553,103
2024-09-20 11:24:54.477,426.86715380209193,10
2024-09-20 11:24:54.485,426.8847478272135,996
2024-09-20 11:24:54.488,426.87841720150897,7
2024-09-20 11:24:54.641,426.8966949190486,104
2024-09-20 11:24:54.652,426.8855603762873,1005
2024-09-20 11:24:54.681,426.8761161284578,997
2024-09-20 11:24:54.776,426.875661425328,97
2024-09-20 11:24:54.840,426.8824925617814,13
2024-09-20 11:24:54.988,426.89307000520057,105
2024-09-20 11:24:56.014,426.7402698703777,14
2024-09-20 11:24:56.185,426.8106086036021,1005
2024-09-20 11:24:56.284,426.8178356704947,1000
2024-09-20 11:24:56.632,426.7646060665683,8
2024-09-20 11:24:56.712,426.74737921714063,998
2024-09-20 11:24:56.759,426.7641466725896,97
2024-09-20 11:24:56.801,426.7673827440192,9
2024-09-20 11:24:56.818,426.7554118750128,996
2024-09-20 11:24:56.861,426.75520598416233,1003
2024-09-20 11:24:56.933,426.7514465773125,997
2024-09-20 11:24:56.955,426.7800367131495,12
2024-09-20 11:24:56.965,426.7925405652717,998
2024-09-20 11:24:57.270,426.7643251008023,96
2024-09-20 11:24:57.296,426.7528550000072,1003
2024-09-20 11:24:57.384,426.7767654960722,6
2024-09-20 11:24:57.402,426.78608320188187,104
2024-09-20 11:24:57.431,426.7670907665355,1002
2024-09-20 11:24:57.514,426.77809971347074,9
2024-09-20 11:24:57.584,426.7815128663629,1003
2024-09-20 11:24:57.960,426.7635256968351,1005
2024-09-20 11:24:58.009,426.78587724354736,95
2024-09-20 11:24:58.082,426.8215015718266,95
2024-09-20 11:24:58.122,426.80876135090114,11
2024-09-20 11:24:58.162,426.8341961868414,14
2024-09-20 11:24:58.274,426.8212789932323,101
2024-09-20 11:24:58.309,426.83265526509336,1004
2024-09-20 11:24:58.338,426.8226662598697,997
2024-09-20 11:24:58.463,426.8341028892787,8
2024-09-20 11:24:58.503,426.8232403771028,10
2024-09-20 11:24:58.607,426.81145019731616,996
2024-09-20 11:24:58.649,426.8014318381762,997
2024-09-20 11:24:58.682,426.7725195934686,997
2024-09-20 11:24:58.778,426.8283364826408,101
2024-09-20 11:24:58.784,426.8264246160248,9
2024-09-20 11:24:58.792,426.8095217479689,5
2024-09-20 11:24:59.016,426.8741818144253,14
2024-09-20 11:24:59.037,426.8313370913612,102
2024-09-20 11:24:59.039,426.836265205972,98
2024-09-20 11:24:59.045,426.8938546388008,998
2024-09-20 11:24:59.077,426.9145527141512,12
2024-09-20 11:24:59.150,426.86084780407526,100
2024-09-20 11:24:59.166,426.9214037538345,1001
2024-09-20 11:24:59.330,426.9159403943864,995
2024-09-20 11:24:59.353,426.8542658485938,103
2024-09-20 11:24:59.356,426.85903226311416,1001
2024-09-20 11:24:59.390,426.9493113370111,10
2024-09-20 11:24:59.392,426.9359366852827,105
2024-09-20 11:24:59.392,426.9131005591133,105
2024-09-20 11:24:59.395,426.9128995186482,14
2024-09-20 11:24:59.395,426.8401943755862,9
2024-09-20 11:24:59.496,426.8397430868312,14
2024-09-20 11:24:59.497,426.8966872766364,1004
2024-09-20 11:24:59.572,426.8358798907871,105
2024-09-20 11:24:59.573,426.9006181767497,998
2024-09-20 11:24:59.605,426.833170579807,100
2024-09-20 11:24:59.683,426.8395929542623,996
2024-09-20 11:24:59.733,426.9350021338539,6
2024-09-20 11:24:59.773,426.8499290919761,998
2024-09-20 11:24:59.794,426.9270925935092,996
2024-09-20 11:24:59.868,426.8562357490487,999
2024-09-20 11:24:59.885,426.9254578786901,15
2024-09-20 11:24:59.886,426.82454266305655,96
2024-09-20 11:24:59.920,426.849567315397,15
2024-09-20 11:24:59.968,426.8901489313572,1003
2024-09-20 11:24:59.991,426.8634091888189,103
