Timestamp,Price,Size
2024-09-18 15:15:00.009,415.51760873905886,103
2024-09-18 15:15:00.030,415.55831532728615,999
2024-09-18 15:15:00.071,415.5126102221319,12
2024-09-18 15:15:00.076,415.55788377225286,999
2024-09-18 15:15:00.105,415.5370307538161,14
2024-09-18 15:15:00.116,415.4918951853596,100
2024-09-18 15:15:00.169,415.54823874475454,97
2024-09-18 15:15:00.206,415.4991904670511,999
2024-09-18 15:15:00.222,415.5505224892625,102
2024-09-18 15:15:00.300,415.5220430221181,7
2024-09-18 15:15:00.336,415.5585681195407,1002
2024-09-18 15:15:00.340,415.5299678444314,101
2024-09-18 15:15:00.355,415.5100702402197,995
2024-09-18 15:15:00.396,415.5116060953975,104
2024-09-18 15:15:00.496,415.5038953738854,99
2024-09-18 15:15:00.533,415.51842977842017,96
2024-09-18 15:15:00.561,415.5213202760535,1004
2024-09-18 15:15:00.588,415.5042955195751,995
2024-09-18 15:15:00.621,415.52932954614425,14
2024-09-18 15:15:00.636,415.5677090410114,9
2024-09-18 15:15:00.698,415.5051723783588,14
2024-09-18 15:15:00.750,415.4996329281702,102
2024-09-18 15:15:00.789,415.4993063968718,13
2024-09-18 15:15:00.878,415.4944422837844,1005
2024-09-18 15:15:00.890,415.4805521669277,96
2024-09-18 15:15:00.978,415.5391958301863,6
2024-09-18 15:15:00.992,415.50001818920174,7
2024-09-18 15:15:01.221,415.54735917683735,95
2024-09-18 15:15:01.231,415.6351642112948,999
2024-09-18 15:15:01.243,415.5805254990636,997
2024-09-18 15:15:01.293,415.5658858364365,997
2024-09-18 15:15:01.332,415.5406063017127,96
2024-09-18 15:15:01.366,415.6057017340884,95
2024-09-18 15:15:01.386,415.5472881654175,5
2024-09-18 15:15:01.405,415.5206426559509,1005
2024-09-18 15:15:01.451,415.5481986049963,11
2024-09-18 15:15:01.521,415.6196332508835,7
2024-09-18 15:15:01.527,415.5854350658004,1001
2024-09-18 15:15:01.566,415.5549673987594,998
2024-09-18 15:15:01.615,415.5912261169688,100
2024-09-18 15:15:01.621,415.52935976462976,96
2024-09-18 15:15:01.670,41.56431378966765,5
2024-09-18 15:15:01.687,415.562589770982,6
2024-09-18 15:15:01.716,415.556862674748,8
2024-09-18 15:15:01.760,415.54514762669726,996
2024-09-18 15:15:01.823,415.5893011464982,9
2024-09-18 15:15:01.831,415.5218787162855,96
2024-09-18 15:15:01.878,415.5172824650608,100
2024-09-18 15:15:01.895,415.5322256473916,9
2024-09-18 15:15:01.899,415.5409778986285,1005
2024-09-18 15:15:01.929,415.6210865147037,15
2024-09-18 15:15:01.938,415.5451367283773,1001
2024-09-18 15:15:01.942,415.5784499045896,15
2024-09-18 15:15:02.150,415.6230525781821,1000
2024-09-18 15:15:02.193,415.6113380899748,10
2024-09-18 15:15:02.311,415.58795204651113,996
2024-09-18 15:15:02.346,415.6333531253296,1001
2024-09-18 15:15:02.377,415.6160267506001,102
2024-09-18 15:15:02.410,415.6253732355388,999
2024-09-18 15:15:02.466,415.5979488075756,1003
2024-09-18 15:15:02.530,415.6362711000032,1003
2024-09-18 15:15:02.560,415.6347078169577,9
2024-09-18 15:15:02.571,415.64816916530486,1002
2024-09-18 15:15:02.666,415.6361301689476,102
2024-09-18 15:15:02.672,415.6179398962674,11
2024-09-18 15:15:02.764,415.611823497029,98
2024-09-18 15:15:02.794,415.6086790382095,13
2024-09-18 15:15:02.840,415.6170256738247,996
2024-09-18 15:15:03.034,,101
2024-09-18 15:15:03.186,415.6189862100224,99
2024-09-18 15:15:03.204,415.6532174006789,104
2024-09-18 15:15:03.257,415.62539484054753,998
2024-09-18 15:15:03.314,415.6587070572632,1004
2024-09-18 15:15:03.320,410.994937115045,12
2024-09-18 15:15:03.345,415.6466638346168,13
2024-09-18 15:15:03.473,415.65298281027486,99
2024-09-18 15:15:03.481,415.6292901003475,97
2024-09-18 15:15:03.637,415.63920322711976,996
2024-09-18 15:15:03.665,410.9628286431815,1003
2024-09-18 15:15:03.702,415.63751007338976,100
2024-09-18 15:15:03.760,415.6282144254863,998
2024-09-18 15:15:03.818,415.65829271844353,6
2024-09-18 15:15:03.936,415.62134284251255,95
2024-09-18 15:15:04.070,415.672190783308,99
2024-09-18 15:15:04.181,415.6806929575571,999
2024-09-18 15:15:04.283,415.6727761103896,99
2024-09-18 15:15:04.345,415.6755085177685,6
2024-09-18 15:15:04.427,415.6910650243878,1004
2024-09-18 15:15:04.451,,8
2024-09-18 15:15:04.920,415.6594618724593,14
2024-09-18 15:15:05.030,415.66249485421537,1003
2024-09-18 15:15:05.089,415.6396813234711,104
2024-09-18 15:15:05.389,415.6533087736044,9
2024-09-18 15:15:05.407,415.6396541003077,996
2024-09-18 15:15:05.506,415.65130186339815,1001
2024-09-18 15:15:05.637,415.64236056101424,995
2024-09-18 15:15:05.703,415.6297173556808,96
2024-09-18 15:15:05.843,415.657015478928,6
2024-09-18 15:15:05.926,415.6590168057126,999
2024-09-18 15:15:05.971,415.6430067356354,995
2024-09-18 15:15:06.006,415.6088525104116,99
2024-09-18 15:15:06.049,415.65402880246126,104
2024-09-18 15:15:06.086,41.56199505548713,995
2024-09-18 15:15:06.167,415.6252517456852,6
2024-09-18 15:15:06.217,415.631258642201,99
2024-09-18 15:15:06.266,415.6119954750196,1002
2024-09-18 15:15:06.370,415.61537951072,1005
2024-09-18 15:15:06.374,415.6447393917265,105
2024-09-18 15:15:06.383,,100
2024-09-18 15:15:06.429,415.6456827010964,103
2024-09-18 15:15:06.431,415.6285732927367,999
2024-09-18 15:15:06.441,415.64294647642816,104
2024-09-18 15:15:06.454,415.6387790922437,12
2024-09-18 15:15:06.467,415.6429376367119,6
2024-09-18 15:15:06.486,415.5802206592017,11
2024-09-18 15:15:06.542,415.5986492477418,12
2024-09-18 15:15:06.581,415.65002269317057,995
2024-09-18 15:15:06.583,415.5930395390959,12
2024-09-18 15:15:06.593,415.6207278251106,100
2024-09-18 15:15:06.597,415.6444789733828,99
2024-09-18 15:15:06.605,415.6156033163124,1005
2024-09-18 15:15:06.620,415.65269788965054,996
2024-09-18 15:15:06.641,415.60792844791285,1003
2024-09-18 15:15:06.642,415.6273520937006,13
2024-09-18 15:15:06.741,415.65985276327183,995
2024-09-18 15:15:06.763,415.64120822220576,10
2024-09-18 15:15:06.830,415.64375494621936,104
2024-09-18 15:15:06.893,415.62158026383344,11
2024-09-18 15:15:06.896,415.6108438218274,98
2024-09-18 15:15:06.986,415.6310946794415,9
2024-09-18 15:15:07.085,415.66918000151287,103
2024-09-18 15:15:07.105,415.630234112477,105
2024-09-18 15:15:07.199,415.6262779552587,996
2024-09-18 15:15:07.242,415.6679242385305,101
2024-09-18 15:15:07.256,415.6307909854343,997
2024-09-18 15:15:07.269,415.64762078511615,96
2024-09-18 15:15:07.344,415.6492887705288,995
2024-09-18 15:15:07.389,415.64039734064096,1000
2024-09-18 15:15:07.520,415.6653180023777,7
2024-09-18 15:15:07.629,415.6767437516033,998
2024-09-18 15:15:07.700,415.6117253042897,15
2024-09-18 15:15:07.703,415.6440067726202,104
2024-09-18 15:15:07.793,415.70116193563774,95
2024-09-18 15:15:07.895,415.64633827260593,12
2024-09-18 15:15:07.902,415.6653515182718,999
2024-09-18 15:15:07.916,415.697661073754,6
2024-09-18 15:15:07.941,415.6943761769841,9
2024-09-18 15:15:08.801,415.6352504700834,1004
2024-09-18 15:15:09.045,415.6110038074044,102
2024-09-18 15:15:09.288,415.6162460117116,999
2024-09-18 15:15:09.298,415.6228111544066,999
2024-09-18 15:15:09.596,415.6111151992769,100
2024-09-18 15:15:10.171,415.5952740186248,8
2024-09-18 15:15:10.171,415.586839929033,5
2024-09-18 15:15:10.187,415.6227609968632,1002
2024-09-18 15:15:10.409,415.5911303212628,101
2024-09-18 15:15:10.482,415.5998656932583,103
2024-09-18 15:15:10.525,415.57761554626586,5
2024-09-18 15:15:10.602,415.5684124622973,15
2024-09-18 15:15:10.694,415.5788922216127,1004
2024-09-18 15:15:10.933,415.576375354644,6
2024-09-18 15:15:10.980,415.5447262181184,103
2024-09-18 15:15:11.052,415.65247930786194,102
2024-09-18 15:15:11.279,415.6212524304494,997
2024-09-18 15:15:11.508,415.6232258460001,95
2024-09-18 15:15:11.572,415.6437942390169,97
2024-09-18 15:15:11.892,415.6480261519609,97
2024-09-18 15:15:11.937,415.6140035486083,105
2024-09-18 15:15:12.363,415.6408132068168,97
2024-09-18 15:15:12.464,415.6720236537845,14
2024-09-18 15:15:12.475,415.6450477389283,96
2024-09-18 15:15:12.508,415.6540383778823,6
2024-09-18 15:15:12.559,415.6553099492101,10
2024-09-18 15:15:12.929,415.6690415208192,8
2024-09-18 15:15:12.986,415.64217800187225,995
2024-09-18 15:15:13.052,415.5477788119792,998
2024-09-18 15:15:13.089,415.59655260283614,97
2024-09-18 15:15:13.202,415.52610975588016,100
2024-09-18 15:15:13.276,415.6115691577372,14
2024-09-18 15:15:13.403,415.5579089888861,999
2024-09-18 15:15:13.407,415.5191435547854,105
2024-09-18 15:15:13.446,415.60805848437104,1005
2024-09-18 15:15:13.466,415.5638927937998,15
2024-09-18 15:15:13.597,415.52407056649497,14
2024-09-18 15:15:13.650,415.59782906229856,14
2024-09-18 15:15:13.685,415.56573886633566,103
2024-09-18 15:15:13.718,415.558207722273,14
2024-09-18 15:15:13.732,415.5966544409785,102
2024-09-18 15:15:13.778,415.5426223458739,103
2024-09-18 15:15:13.789,415.5706074899291,101
2024-09-18 15:15:13.865,415.6070589211173,11
2024-09-18 15:15:14.018,415.5586132422875,15
2024-09-18 15:15:14.259,415.5458791450115,1005
2024-09-18 15:15:14.268,415.5370382490352,104
2024-09-18 15:15:14.271,415.52999504162113,999
2024-09-18 15:15:14.363,415.5391530730304,11
2024-09-18 15:15:14.426,415.5257507414488,1000
2024-09-18 15:15:14.538,415.5561449655056,1001
2024-09-18 15:15:14.545,,1005
2024-09-18 15:15:14.619,415.5283686502612,95
2024-09-18 15:15:14.713,410.5281315892137,999
2024-09-18 15:15:14.802,415.54645490615,103
2024-09-18 15:15:14.986,415.54237576928,9
2024-09-18 15:15:15.174,415.5443169600241,14
2024-09-18 15:15:15.183,415.53773896732247,998
2024-09-18 15:15:15.199,415.5060962571527,97
2024-09-18 15:15:15.443,415.5413339613072,1004
2024-09-18 15:15:15.466,415.5306408163682,6
2024-09-18 15:15:15.523,415.5180424265977,8
2024-09-18 15:15:15.536,415.5485878273973,8
2024-09-18 15:15:15.634,415.540968963187,105
2024-09-18 15:15:15.705,415.5057726996697,1004
2024-09-18 15:15:15.732,-415.484602945292,1002
2024-09-18 15:15:15.765,415.5095037064045,8
2024-09-18 15:15:15.850,415.5295873007319,1002
2024-09-18 15:15:15.855,415.5382924447962,102
2024-09-18 15:15:15.861,415.54913587710126,11
2024-09-18 15:15:15.920,415.50891429990287,996
2024-09-18 15:15:15.995,415.52920600080114,6
2024-09-18 15:15:16.029,415.5111724860533,98
2024-09-18 15:15:16.093,415.5706742620244,1003
2024-09-18 15:15:16.135,415.4967030424185,997
2024-09-18 15:15:16.142,415.4864783161335,1004
2024-09-18 15:15:16.248,415.51871214056496,1003
2024-09-18 15:15:16.279,415.5200240419918,95
2024-09-18 15:15:16.289,415.4960393654905,996
2024-09-18 15:15:16.302,415.5696869057361,13
2024-09-18 15:15:16.315,415.5389658652663,5
2024-09-18 15:15:16.350,415.5672165536332,1002
2024-09-18 15:15:16.356,415.51680760600567,996
2024-09-18 15:15:16.425,415.52458187836,1000
2024-09-18 15:15:16.472,415.520589468478,1005
2024-09-18 15:15:16.475,415.5425913026141,100
2024-09-18 15:15:16.485,415.5442049200384,101
2024-09-18 15:15:16.488,,103
2024-09-18 15:15:16.510,415.5139939474648,12
2024-09-18 15:15:16.532,415.5182531352296,1000
2024-09-18 15:15:16.547,415.58644280892,7
2024-09-18 15:15:16.561,415.579626001215,1003
2024-09-18 15:15:16.575,415.516920653008,995
2024-09-18 15:15:16.616,415.52079642240886,7
2024-09-18 15:15:16.616,-415.5136996594312,1003
2024-09-18 15:15:16.666,415.5131770935997,97
2024-09-18 15:15:16.770,415.52622877412665,12
2024-09-18 15:15:16.814,415.54177325696327,14
2024-09-18 15:15:16.874,415.5744355547126,9
2024-09-18 15:15:16.900,-415.5143771733058,15
2024-09-18 15:15:17.134,415.4760335643351,996
2024-09-18 15:15:17.243,415.48712152284577,102
2024-09-18 15:15:17.512,415.475018822704,101
2024-09-18 15:15:17.622,415.4805574952585,102
2024-09-18 15:15:17.712,415.4939372031493,7
2024-09-18 15:15:17.902,415.484662291269,11
2024-09-18 15:15:18.059,415.4747839516592,10
2024-09-18 15:15:18.321,410.5119943067096,97
2024-09-18 15:15:18.368,415.48076992012574,998
2024-09-18 15:15:18.393,415.487689503494,11
2024-09-18 15:15:18.451,415.4682730402792,8
2024-09-18 15:15:18.724,415.4661864535115,102
2024-09-18 15:15:18.835,,996
2024-09-18 15:15:18.942,415.4720913754815,103
2024-09-18 15:15:18.944,415.48008213660006,100
2024-09-18 15:15:19.016,415.4538094090277,1000
2024-09-18 15:15:19.097,415.45883478366994,8
2024-09-18 15:15:19.178,415.4697337834688,1000
2024-09-18 15:15:19.179,415.4403756308681,99
2024-09-18 15:15:19.214,415.4191263926678,5
2024-09-18 15:15:19.238,415.4166988908577,997
2024-09-18 15:15:19.352,415.4280368224731,14
2024-09-18 15:15:19.394,415.43749438856537,11
2024-09-18 15:15:19.445,415.4504263485097,995
2024-09-18 15:15:19.458,415.42413309556855,15
2024-09-18 15:15:19.496,415.4361038297393,999
2024-09-18 15:15:19.578,415.4657934914324,10
2024-09-18 15:15:19.647,415.462990929778,99
2024-09-18 15:15:19.741,415.4557705251701,95
2024-09-18 15:15:19.908,415.4461195460778,102
2024-09-18 15:15:19.960,415.41742516849337,1003
2024-09-18 15:15:19.966,415.4411604785744,97
2024-09-18 15:15:19.968,415.4675569094048,1004
2024-09-18 15:15:20.079,415.5124837721492,9
2024-09-18 15:15:20.124,415.51211626428267,102
2024-09-18 15:15:20.355,415.4879487272448,11
2024-09-18 15:15:20.411,-415.4885174681188,10
2024-09-18 15:15:20.456,415.46250484663386,11
2024-09-18 15:15:20.545,415.5179694570509,1000
2024-09-18 15:15:20.570,415.5227571805728,15
2024-09-18 15:15:20.613,415.5083969784149,1002
2024-09-18 15:15:20.785,415.5128804447919,99
2024-09-18 15:15:20.815,415.5128448082214,104
2024-09-18 15:15:20.841,415.5013049947104,100
2024-09-18 15:15:20.868,415.4554193666563,1003
2024-09-18 15:15:20.936,,997
2024-09-18 15:15:21.075,415.5084074133204,12
2024-09-18 15:15:21.088,,7
2024-09-18 15:15:21.131,415.4904991227416,6
2024-09-18 15:15:21.154,415.47926589146704,102
2024-09-18 15:15:21.343,415.5190179094857,998
2024-09-18 15:15:21.350,415.4586490001205,995
2024-09-18 15:15:21.403,415.5102410449976,96
2024-09-18 15:15:21.451,415.44891047353326,7
2024-09-18 15:15:21.463,415.5049989287392,102
2024-09-18 15:15:21.510,415.51249520659496,5
2024-09-18 15:15:21.597,415.50029954967255,8
2024-09-18 15:15:21.647,415.514534070583,102
2024-09-18 15:15:21.698,415.5043739788222,95
2024-09-18 15:15:21.719,415.4971024726902,1003
2024-09-18 15:15:21.732,415.4627672046373,13
2024-09-18 15:15:21.776,415.4574655160311,11
2024-09-18 15:15:21.841,415.4456058209336,15
2024-09-18 15:15:21.854,415.5086525913148,100
2024-09-18 15:15:21.883,415.4646439731465,998
2024-09-18 15:15:21.910,415.49819051914267,1002
2024-09-18 15:15:21.914,415.5007639281273,15
2024-09-18 15:15:21.922,415.4591235816652,102
2024-09-18 15:15:21.939,415.4515001833671,6
2024-09-18 15:15:22.069,415.4095722830851,101
2024-09-18 15:15:22.079,415.4444556377104,100
2024-09-18 15:15:22.170,415.4008321142696,997
2024-09-18 15:15:22.190,415.44678915001526,99
2024-09-18 15:15:22.195,415.4605659284541,105
2024-09-18 15:15:22.212,415.445842019505,11
2024-09-18 15:15:22.270,415.43983658822543,95
2024-09-18 15:15:22.327,415.4626218463389,15
2024-09-18 15:15:22.339,415.4392700747436,12
2024-09-18 15:15:22.356,415.39796292652846,104
2024-09-18 15:15:22.451,415.3984768247336,1004
2024-09-18 15:15:22.496,415.4128093759556,11
2024-09-18 15:15:22.519,415.459823721881,998
2024-09-18 15:15:22.543,415.430151005336,995
2024-09-18 15:15:22.544,415.4567214856775,101
2024-09-18 15:15:22.565,-415.43280860600805,103
2024-09-18 15:15:22.585,415.4447728223974,101
2024-09-18 15:15:22.615,415.43659351246754,996
2024-09-18 15:15:22.715,415.4252395322016,105
2024-09-18 15:15:22.718,415.40196754683046,98
2024-09-18 15:15:22.729,415.3875885165768,7
2024-09-18 15:15:22.732,415.3912974936448,996
2024-09-18 15:15:22.762,415.4036474648401,7
2024-09-18 15:15:22.785,415.4268995825698,14
2024-09-18 15:15:22.796,415.4078644392011,7
2024-09-18 15:15:22.903,415.4289572085704,1005
2024-09-18 15:15:22.927,415.4578913856113,103
2024-09-18 15:15:22.929,415.4550983611464,9
2024-09-18 15:15:22.931,415.38348963082143,1000
2024-09-18 15:15:23.068,415.4367449856991,12
2024-09-18 15:15:23.315,415.4163158381255,998
2024-09-18 15:15:23.337,415.3953550645517,100
2024-09-18 15:15:23.401,415.4028476875421,9
2024-09-18 15:15:23.451,415.40530142381886,102
2024-09-18 15:15:23.459,415.4351457076712,9
2024-09-18 15:15:23.488,415.4154787312682,6
2024-09-18 15:15:23.512,415.3996910826567,1001
2024-09-18 15:15:23.583,415.43383766549965,998
2024-09-18 15:15:23.586,415.4257670679409,96
2024-09-18 15:15:23.611,415.4304927781408,1002
2024-09-18 15:15:23.620,415.4239959546434,13
2024-09-18 15:15:23.643,415.4064980526045,14
2024-09-18 15:15:23.664,415.4121968285426,101
2024-09-18 15:15:23.737,415.4526529886136,9
2024-09-18 15:15:23.748,415.4577341424863,102
2024-09-18 15:15:23.760,415.43733905626544,105
2024-09-18 15:15:23.799,415.4156479320155,7
2024-09-18 15:15:23.804,415.4078727936953,8
2024-09-18 15:15:23.816,415.4103728769752,95
2024-09-18 15:15:23.817,415.4484324341406,10
2024-09-18 15:15:23.835,415.4356511670296,10
2024-09-18 15:15:23.839,415.4350824937918,1002
2024-09-18 15:15:23.843,415.4328406786189,998
2024-09-18 15:15:23.953,415.4329973813232,8
2024-09-18 15:15:24.022,415.3941820321737,6
2024-09-18 15:15:24.091,415.3899904198365,8
2024-09-18 15:15:24.125,41.5346286782227,104
2024-09-18 15:15:24.127,415.37520306352906,996
2024-09-18 15:15:24.142,415.4029907279108,5
2024-09-18 15:15:24.161,415.3857121930534,5
2024-09-18 15:15:24.416,415.3721733561151,13
2024-09-18 15:15:24.428,415.4014986207919,6
2024-09-18 15:15:24.514,415.3813854938593,102
2024-09-18 15:15:24.547,,100
2024-09-18 15:15:24.555,415.382493956156,98
2024-09-18 15:15:24.615,415.40767377954336,1000
2024-09-18 15:15:24.621,415.39008490470064,15
2024-09-18 15:15:24.724,415.3894161376763,999
2024-09-18 15:15:24.726,415.38505920742233,998
2024-09-18 15:15:24.751,415.3648324660309,100
2024-09-18 15:15:24.811,415.3707772006397,999
2024-09-18 15:15:24.915,415.3795064603756,105
2024-09-18 15:15:25.110,415.4146897502269,1000
2024-09-18 15:15:25.115,415.4280766275999,101
2024-09-18 15:15:25.160,415.4218839174329,99
2024-09-18 15:15:25.183,415.4327699400504,98
2024-09-18 15:15:25.212,415.3742150486337,9
2024-09-18 15:15:25.220,,100
2024-09-18 15:15:25.233,415.4053150528107,13
2024-09-18 15:15:25.470,415.41167507670497,999
2024-09-18 15:15:25.527,415.3956580117455,1002
2024-09-18 15:15:25.584,415.4035062642966,8
2024-09-18 15:15:25.588,415.4362395099605,13
2024-09-18 15:15:25.596,415.41311179907984,100
2024-09-18 15:15:25.611,415.402648444219,96
2024-09-18 15:15:25.676,415.40643852348313,15
2024-09-18 15:15:25.759,415.42683538902617,996
2024-09-18 15:15:25.840,415.43536361899646,1004
2024-09-18 15:15:25.935,415.4130567792511,12
2024-09-18 15:15:25.964,415.4109244332855,6
2024-09-18 15:15:26.048,415.4344625243488,11
2024-09-18 15:15:26.058,415.4505434035679,96
2024-09-18 15:15:26.063,415.4276349674363,995
2024-09-18 15:15:26.160,415.4496630457233,103
2024-09-18 15:15:26.169,415.4464689983034,997
2024-09-18 15:15:26.218,415.44820935577786,104
2024-09-18 15:15:26.368,415.4254084039042,105
2024-09-18 15:15:26.393,415.4433021214172,96
2024-09-18 15:15:26.495,41.54592754014364,104
2024-09-18 15:15:26.505,415.44593410885057,98
2024-09-18 15:15:26.551,415.4440080261508,999
2024-09-18 15:15:26.769,415.43234048113385,104
2024-09-18 15:15:26.817,415.447468827142,8
2024-09-18 15:15:26.819,415.4467317279136,5
2024-09-18 15:15:26.903,,995
2024-09-18 15:15:26.995,415.4602403035763,103
2024-09-18 15:15:26.999,415.4304723311242,97
2024-09-18 15:15:27.000,415.41799245299,1001
2024-09-18 15:15:27.028,415.4084956341703,102
2024-09-18 15:15:27.080,415.42072742618245,5
2024-09-18 15:15:27.190,415.3932181586029,7
2024-09-18 15:15:27.301,415.4359047629189,998
2024-09-18 15:15:27.332,415.43627874768646,98
2024-09-18 15:15:27.382,415.4233897890776,7
2024-09-18 15:15:27.421,415.4043037541355,997
2024-09-18 15:15:27.428,415.4436862346939,102
2024-09-18 15:15:27.479,415.4277159829541,10
2024-09-18 15:15:27.529,415.43863733837287,98
2024-09-18 15:15:27.611,-415.4171102814139,996
2024-09-18 15:15:27.611,415.42009447991904,15
2024-09-18 15:15:27.716,415.4289762605936,97
2024-09-18 15:15:27.816,415.3857191860106,100
2024-09-18 15:15:27.822,415.41474819327686,1003
2024-09-18 15:15:27.849,415.399762388188,999
2024-09-18 15:15:27.875,415.4171219895573,101
2024-09-18 15:15:27.889,415.4154170610671,105
2024-09-18 15:15:27.905,415.43755580412153,5
2024-09-18 15:15:27.924,415.3877767517863,997
2024-09-18 15:15:27.926,415.4166306286494,104
2024-09-18 15:15:27.987,415.42690945634337,97
2024-09-18 15:15:27.998,415.4098116528895,11
2024-09-18 15:15:28.003,415.3678077150579,6
2024-09-18 15:15:28.032,415.3973087292066,998
2024-09-18 15:15:28.102,415.4142800270202,100
2024-09-18 15:15:28.113,415.3960697736182,10
2024-09-18 15:15:28.174,415.3510569160078,1005
2024-09-18 15:15:28.203,415.41847497758187,99
2024-09-18 15:15:28.208,415.38335987722377,12
2024-09-18 15:15:28.361,415.4056889620069,10
2024-09-18 15:15:28.379,41.53847973903201,998
2024-09-18 15:15:28.403,415.40874057190246,11
2024-09-18 15:15:28.422,415.3626305117305,7
2024-09-18 15:15:28.425,415.4220531984432,102
2024-09-18 15:15:28.445,415.4021596760245,10
2024-09-18 15:15:28.468,415.4250119185349,1002
2024-09-18 15:15:28.490,415.3974540991312,8
2024-09-18 15:15:28.518,415.4056729557984,10
2024-09-18 15:15:28.529,415.4151097221095,102
2024-09-18 15:15:28.605,415.3859815763644,14
2024-09-18 15:15:28.638,415.3820532312373,13
2024-09-18 15:15:28.639,415.393013487142,9
2024-09-18 15:15:28.712,415.4111659937888,95
2024-09-18 15:15:28.782,415.39350812935743,1004
2024-09-18 15:15:28.793,415.4094374042453,998
2024-09-18 15:15:28.823,415.38781351190806,1005
2024-09-18 15:15:28.868,415.3597378997876,996
2024-09-18 15:15:28.933,415.3924274560686,995
2024-09-18 15:15:28.986,415.39919518361694,12
2024-09-18 15:15:28.991,415.3771249917648,99
2024-09-18 15:15:29.011,415.4169511658362,97
2024-09-18 15:15:29.086,415.4421744790056,6
2024-09-18 15:15:29.237,415.4204385949654,15
2024-09-18 15:15:29.324,415.4336638105477,13
2024-09-18 15:15:29.417,415.42550871355377,997
2024-09-18 15:15:29.514,415.43092821128505,996
2024-09-18 15:15:29.571,41.54363934541741,1005
2024-09-18 15:15:29.587,415.4283266264717,995
2024-09-18 15:15:29.599,415.4125165945228,1002
2024-09-18 15:15:29.698,415.43077836822334,1001
2024-09-18 15:15:29.718,415.40868388975457,12
2024-09-18 15:15:29.777,415.414075216002,99
2024-09-18 15:15:29.841,,996
2024-09-18 15:15:29.845,415.4441270611094,8
2024-09-18 15:15:30.051,415.3484543519333,15
2024-09-18 15:15:30.084,415.3341763103731,1004
2024-09-18 15:15:30.181,415.3645979506994,12
2024-09-18 15:15:30.279,415.361175000779,14
2024-09-18 15:15:30.382,415.3976811968099,996
2024-09-18 15:15:30.429,415.3911686306764,995
2024-09-18 15:15:30.509,415.37077190992864,1003
2024-09-18 15:15:30.539,415.40289473173726,105
2024-09-18 15:15:30.563,415.3824904034095,14
2024-09-18 15:15:30.635,415.3638404833954,999
2024-09-18 15:15:30.669,415.3639544702966,1004
2024-09-18 15:15:30.676,415.3369117146271,104
2024-09-18 15:15:30.719,415.3962698678084,98
2024-09-18 15:15:30.760,415.3421371345704,7
2024-09-18 15:15:30.777,415.3537239295756,1001
2024-09-18 15:15:30.872,415.3995372688434,101
2024-09-18 15:15:30.888,415.40059474162246,98
2024-09-18 15:15:30.962,415.3870157334501,11
2024-09-18 15:15:30.989,415.41793975833775,6
2024-09-18 15:15:31.027,415.3914728318359,99
2024-09-18 15:15:31.147,415.3838912692906,1004
2024-09-18 15:15:31.157,415.3970327953153,100
2024-09-18 15:15:31.171,415.3692407583916,998
2024-09-18 15:15:31.200,415.3817533378064,95
2024-09-18 15:15:31.290,415.3935450666293,1005
2024-09-18 15:15:31.344,415.38607433783847,99
2024-09-18 15:15:31.382,415.354096004148,15
2024-09-18 15:15:31.427,415.3858261654307,12
2024-09-18 15:15:31.436,415.3566037691073,7
2024-09-18 15:15:31.462,415.3906891501945,10
2024-09-18 15:15:31.497,415.3623600120665,9
2024-09-18 15:15:31.516,415.3874303560164,1004
2024-09-18 15:15:31.535,415.3775332051964,96
2024-09-18 15:15:31.558,415.40557540008257,1002
2024-09-18 15:15:31.577,415.3821167566036,97
2024-09-18 15:15:31.583,415.37314290365407,1001
2024-09-18 15:15:31.595,415.35881320574725,101
2024-09-18 15:15:31.907,415.3968548752741,1005
2024-09-18 15:15:31.975,415.3548881861268,9
2024-09-18 15:15:32.034,41.53533788114368,14
2024-09-18 15:15:32.128,415.3566694725689,97
2024-09-18 15:15:32.798,415.3684715319144,6
2024-09-18 15:15:33.119,415.3525368058063,1003
2024-09-18 15:15:33.205,415.3306555133522,12
2024-09-18 15:15:33.257,415.3157072444579,995
2024-09-18 15:15:33.259,415.31666658780415,15
2024-09-18 15:15:33.326,415.3084660931944,96
2024-09-18 15:15:33.335,415.3324659806343,101
2024-09-18 15:15:33.547,415.3356033535577,995
2024-09-18 15:15:33.628,415.3224076987168,95
2024-09-18 15:15:33.770,415.33788226328767,98
2024-09-18 15:15:33.890,415.3362452362749,15
2024-09-18 15:15:33.917,415.3272894353915,103
2024-09-18 15:15:33.971,415.3172719925655,995
2024-09-18 15:15:34.023,415.3179085939778,1003
2024-09-18 15:15:34.299,415.3069333884109,96
2024-09-18 15:15:34.317,415.3245305119564,13
2024-09-18 15:15:34.593,415.3459838989455,1004
2024-09-18 15:15:35.020,415.285151149832,5
2024-09-18 15:15:35.057,415.3389463981163,15
2024-09-18 15:15:35.100,415.3239511828712,13
2024-09-18 15:15:35.168,415.2945605207993,95
2024-09-18 15:15:35.209,415.291464054558,6
2024-09-18 15:15:35.227,415.34670211108977,12
2024-09-18 15:15:35.264,415.3664744369146,6
2024-09-18 15:15:35.286,415.37384901755536,15
2024-09-18 15:15:35.291,415.3224375458856,11
2024-09-18 15:15:35.379,415.2798363193125,8
2024-09-18 15:15:35.402,415.2819421976485,100
2024-09-18 15:15:35.423,415.3104635419388,97
2024-09-18 15:15:35.463,415.3130897890789,1001
2024-09-18 15:15:35.472,415.3277248326816,998
2024-09-18 15:15:35.566,415.27943119260857,1002
2024-09-18 15:15:35.600,-415.3323640976083,105
2024-09-18 15:15:35.601,415.3562812697145,1002
2024-09-18 15:15:35.619,415.3105989480003,1000
2024-09-18 15:15:35.623,415.3157888555836,14
2024-09-18 15:15:35.720,41.53592311310882,96
2024-09-18 15:15:35.730,415.3081561069301,104
2024-09-18 15:15:35.732,415.349245769529,1002
2024-09-18 15:15:35.782,415.3261546420695,8
2024-09-18 15:15:35.839,415.32043922945365,98
2024-09-18 15:15:35.844,415.33778204074383,101
2024-09-18 15:15:35.849,415.3121140820553,96
2024-09-18 15:15:35.854,415.3532970845612,103
2024-09-18 15:15:35.875,415.3419611227912,1003
2024-09-18 15:15:35.877,415.3364898106334,7
2024-09-18 15:15:35.914,415.3168589576448,102
2024-09-18 15:15:36.256,415.2813401280988,99
2024-09-18 15:15:36.339,415.2777121819363,10
2024-09-18 15:15:36.344,415.2912021697149,999
2024-09-18 15:15:36.381,415.2636627017026,101
2024-09-18 15:15:36.545,415.2840689702981,98
2024-09-18 15:15:36.553,415.28065762098754,5
2024-09-18 15:15:36.582,415.2904729416053,97
2024-09-18 15:15:36.721,415.2852317031116,8
2024-09-18 15:15:36.818,415.2814564085712,1005
2024-09-18 15:15:36.839,415.2978315386904,100
2024-09-18 15:15:36.845,415.2830954277061,9
2024-09-18 15:15:37.107,415.3216365393024,105
2024-09-18 15:15:37.117,415.3064732577757,996
2024-09-18 15:15:37.144,415.3178160935038,995
2024-09-18 15:15:37.162,415.3562308123046,997
2024-09-18 15:15:37.166,415.276149597659,100
2024-09-18 15:15:37.232,415.35100463553925,6
2024-09-18 15:15:37.252,415.3762216479264,13
2024-09-18 15:15:37.301,415.3274646122664,9
2024-09-18 15:15:37.322,415.3402139523707,96
2024-09-18 15:15:37.354,415.32843971025017,5
2024-09-18 15:15:37.411,415.3167672809641,1003
2024-09-18 15:15:37.488,415.3519856502729,995
2024-09-18 15:15:37.491,415.307178407244,101
2024-09-18 15:15:37.593,415.3550664763976,11
2024-09-18 15:15:37.608,415.3207294987727,997
2024-09-18 15:15:37.630,415.31234698109137,998
2024-09-18 15:15:37.670,415.3928571724351,8
2024-09-18 15:15:37.678,415.3765932062278,96
2024-09-18 15:15:37.682,415.2778402566154,98
2024-09-18 15:15:37.750,415.338040894752,105
2024-09-18 15:15:37.827,415.3323282336524,95
2024-09-18 15:15:37.849,415.3206361378424,105
2024-09-18 15:15:37.883,415.30301150777854,995
2024-09-18 15:15:37.914,,95
2024-09-18 15:15:37.921,415.3364219462492,15
2024-09-18 15:15:37.926,415.31677423843377,6
2024-09-18 15:15:37.979,415.32970509748384,1001
2024-09-18 15:15:37.999,415.29280859667193,12
2024-09-18 15:15:38.019,415.3845959445316,10
2024-09-18 15:15:38.112,415.3859865178376,999
2024-09-18 15:15:38.156,415.3848927084186,95
2024-09-18 15:15:38.220,415.3839405109647,9
2024-09-18 15:15:38.265,415.39942111443,12
2024-09-18 15:15:38.291,415.3897935901546,1003
2024-09-18 15:15:38.294,415.38272983552565,97
2024-09-18 15:15:38.439,415.39869817180886,5
2024-09-18 15:15:38.506,415.3906607760882,8
2024-09-18 15:15:38.515,415.3835811909523,1000
2024-09-18 15:15:38.684,415.3704631718821,95
2024-09-18 15:15:38.893,415.3770163688386,997
2024-09-18 15:15:38.901,415.4033441323664,998
2024-09-18 15:15:38.953,415.3964535350779,1002
2024-09-18 15:15:39.018,415.4168451831559,12
2024-09-18 15:15:39.080,415.41381442582025,12
2024-09-18 15:15:39.097,415.4419728154249,11
2024-09-18 15:15:39.228,415.4318291002818,14
2024-09-18 15:15:39.290,415.4161334309955,12
2024-09-18 15:15:39.350,415.4179544313348,999
2024-09-18 15:15:39.423,415.4242256302393,5
2024-09-18 15:15:39.587,415.437174967838,1002
2024-09-18 15:15:39.886,415.4255442284952,1004
2024-09-18 15:15:40.002,415.4434147163332,15
2024-09-18 15:15:40.015,415.3999333876278,1000
2024-09-18 15:15:40.017,415.43928027134575,12
2024-09-18 15:15:40.075,415.39519289760784,1003
2024-09-18 15:15:40.172,415.4188691302765,5
2024-09-18 15:15:40.174,415.452134720116,13
2024-09-18 15:15:40.203,415.3904882588495,104
2024-09-18 15:15:40.222,415.4131905607466,11
2024-09-18 15:15:40.266,415.4629876406249,15
2024-09-18 15:15:40.266,415.4284865724932,1002
2024-09-18 15:15:40.411,415.457574444533,997
2024-09-18 15:15:40.420,415.4603169308234,99
2024-09-18 15:15:40.445,415.4355908206734,1001
2024-09-18 15:15:40.446,415.473313779739,8
2024-09-18 15:15:40.468,415.45679332306304,998
2024-09-18 15:15:40.539,415.3999239934845,95
2024-09-18 15:15:40.558,415.4659108015829,100
2024-09-18 15:15:40.589,415.45140053816937,999
2024-09-18 15:15:40.598,415.4682038125901,10
2024-09-18 15:15:40.609,415.3944866042365,15
2024-09-18 15:15:40.624,415.4162846867624,9
2024-09-18 15:15:40.647,415.4214591257032,97
2024-09-18 15:15:40.683,415.3930804506174,95
2024-09-18 15:15:40.762,415.432817028462,995
2024-09-18 15:15:40.791,415.4651692107905,105
2024-09-18 15:15:40.794,415.452787214206,96
2024-09-18 15:15:40.820,415.4676814331794,97
2024-09-18 15:15:40.860,415.45887035281135,995
2024-09-18 15:15:40.903,415.4229263130284,99
2024-09-18 15:15:41.006,415.4855511021676,96
2024-09-18 15:15:41.010,415.4644942589408,1002
2024-09-18 15:15:41.017,415.4598382323268,1004
2024-09-18 15:15:41.018,415.4389234977493,101
2024-09-18 15:15:41.035,415.4385057061259,1003
2024-09-18 15:15:41.337,415.4675024620814,12
2024-09-18 15:15:41.375,415.4318671720196,8
2024-09-18 15:15:41.428,415.4704475308319,1000
2024-09-18 15:15:41.438,415.4480725728609,12
2024-09-18 15:15:41.443,415.46802789839154,8
2024-09-18 15:15:41.456,415.4863732368101,13
2024-09-18 15:15:41.467,415.4367697489966,15
2024-09-18 15:15:41.488,415.4426335929158,1001
2024-09-18 15:15:41.497,415.4939800939635,1004
2024-09-18 15:15:41.539,415.4597801521492,1004
2024-09-18 15:15:41.551,415.4612533105056,100
2024-09-18 15:15:41.565,415.4400154509886,1000
2024-09-18 15:15:41.581,415.46948175811326,1002
2024-09-18 15:15:41.586,415.4209734154833,1003
2024-09-18 15:15:41.597,415.47090093805673,100
2024-09-18 15:15:41.628,415.47459313330125,11
2024-09-18 15:15:41.639,415.47946426103687,995
2024-09-18 15:15:41.639,415.48116339651153,98
2024-09-18 15:15:41.790,415.4490094294586,1003
2024-09-18 15:15:41.897,415.5067760770922,997
2024-09-18 15:15:42.028,415.5102713469156,1003
2024-09-18 15:15:42.060,415.5252187264514,99
2024-09-18 15:15:42.194,415.4754705920337,997
2024-09-18 15:15:42.449,415.5197110934576,1001
2024-09-18 15:15:42.527,415.51153393445503,6
2024-09-18 15:15:42.668,41.54833812104918,5
2024-09-18 15:15:42.703,415.5152915688628,95
2024-09-18 15:15:42.773,415.4914069571861,999
2024-09-18 15:15:42.845,415.507061477239,103
2024-09-18 15:15:42.909,415.47762925442896,103
2024-09-18 15:15:42.950,415.5033758363857,101
2024-09-18 15:15:43.090,415.4992285315024,101
2024-09-18 15:15:43.286,415.4850020207037,10
2024-09-18 15:15:43.327,415.488583556104,100
2024-09-18 15:15:43.580,410.6744806019522,999
2024-09-18 15:15:43.637,415.5068941491758,15
2024-09-18 15:15:43.653,415.5000060063639,995
2024-09-18 15:15:43.699,410.6723269915675,8
2024-09-18 15:15:44.005,415.5511319693753,11
2024-09-18 15:15:44.016,415.5569227474165,995
2024-09-18 15:15:44.096,415.5454025902936,12
2024-09-18 15:15:44.226,415.4919988480029,14
2024-09-18 15:15:44.228,415.4753604145226,999
2024-09-18 15:15:44.294,415.5568506601776,9
2024-09-18 15:15:44.344,415.54127624558487,996
2024-09-18 15:15:44.400,415.58275982967103,100
2024-09-18 15:15:44.410,415.57247786647656,104
2024-09-18 15:15:44.431,415.5423462078673,1004
2024-09-18 15:15:44.467,415.5364360175411,1003
2024-09-18 15:15:44.470,415.5411956921601,6
2024-09-18 15:15:44.501,415.5499945757187,104
2024-09-18 15:15:44.581,415.5489131051801,103
2024-09-18 15:15:44.635,415.5617172047711,12
2024-09-18 15:15:44.662,415.49778934392896,7
2024-09-18 15:15:44.682,415.5483886675327,14
2024-09-18 15:15:44.695,415.5236224623412,100
2024-09-18 15:15:44.704,415.55203524484347,6
2024-09-18 15:15:44.730,41.54908416278535,14
2024-09-18 15:15:44.750,415.5470581660217,8
2024-09-18 15:15:44.876,-415.5921798201927,15
2024-09-18 15:15:44.908,415.5779419787283,995
2024-09-18 15:15:44.922,415.5613660083332,99
2024-09-18 15:15:44.965,415.5568095592686,98
2024-09-18 15:15:44.974,415.5845477536116,8
2024-09-18 15:15:45.087,415.5885356933829,14
2024-09-18 15:15:45.095,415.5985456345157,100
2024-09-18 15:15:45.125,415.5828300745539,6
2024-09-18 15:15:45.256,415.58061327172913,100
2024-09-18 15:15:45.378,415.55137394441147,996
2024-09-18 15:15:45.385,415.5751811780617,1004
2024-09-18 15:15:45.417,415.6132981297186,998
2024-09-18 15:15:45.438,415.5829283621362,997
2024-09-18 15:15:45.548,415.5595112708247,9
2024-09-18 15:15:45.619,415.5924214344081,5
2024-09-18 15:15:45.660,415.5718899477232,96
2024-09-18 15:15:45.672,415.6008497623085,15
2024-09-18 15:15:45.674,415.6080373702879,14
2024-09-18 15:15:45.756,415.5671336908737,14
2024-09-18 15:15:45.829,415.5871624307416,7
2024-09-18 15:15:45.837,415.5929301443311,1005
2024-09-18 15:15:45.897,415.5969674490616,8
2024-09-18 15:15:45.900,415.582205470697,14
2024-09-18 15:15:45.986,415.60329918083806,101
2024-09-18 15:15:46.028,415.5884680582242,13
2024-09-18 15:15:46.030,415.6190526792333,999
2024-09-18 15:15:46.057,415.6701497893668,1003
2024-09-18 15:15:46.080,415.6584619749569,1003
2024-09-18 15:15:46.124,415.6630372771789,100
2024-09-18 15:15:46.136,415.6553028860192,104
2024-09-18 15:15:46.183,415.665572432573,1005
2024-09-18 15:15:46.195,-415.6332455208317,13
2024-09-18 15:15:46.351,415.6476021299255,13
2024-09-18 15:15:46.353,415.67576101957,6
2024-09-18 15:15:46.372,415.6662827710167,1001
2024-09-18 15:15:46.399,415.6776081521694,8
2024-09-18 15:15:46.426,415.6368845136172,1001
2024-09-18 15:15:46.428,415.6581617072499,998
2024-09-18 15:15:46.461,415.6936931421133,14
2024-09-18 15:15:46.462,415.638505288948,1005
2024-09-18 15:15:46.484,415.6988130371918,999
2024-09-18 15:15:46.491,415.6373152928532,6
2024-09-18 15:15:46.551,415.65511937625456,7
2024-09-18 15:15:46.716,415.6175327973461,100
2024-09-18 15:15:46.744,415.6384881591896,97
2024-09-18 15:15:46.753,415.6827129760144,997
2024-09-18 15:15:46.880,415.66071482433824,13
2024-09-18 15:15:46.885,415.61319487534337,6
2024-09-18 15:15:46.888,415.6438411927151,95
2024-09-18 15:15:46.911,415.6107633962588,95
2024-09-18 15:15:46.977,415.66341319055874,8
2024-09-18 15:15:47.031,415.7080609927148,1000
2024-09-18 15:15:47.065,415.7274089648824,1003
2024-09-18 15:15:47.099,415.7009318863381,1000
2024-09-18 15:15:47.133,415.7180308513116,5
2024-09-18 15:15:47.198,415.6766405236175,103
2024-09-18 15:15:47.259,415.6936962548979,5
2024-09-18 15:15:47.345,415.7032764602603,10
2024-09-18 15:15:47.496,415.6865770763724,6
2024-09-18 15:15:47.566,415.70621271811945,10
2024-09-18 15:15:47.605,415.70219645225313,1003
2024-09-18 15:15:47.615,415.6825646858452,995
2024-09-18 15:15:47.671,415.6899457152125,1001
2024-09-18 15:15:47.679,415.6870841284503,100
2024-09-18 15:15:47.691,415.7072583274588,995
2024-09-18 15:15:47.732,415.7154018410511,99
2024-09-18 15:15:47.791,415.6866955142692,995
2024-09-18 15:15:47.830,415.6819264092211,996
2024-09-18 15:15:47.932,415.67917003430017,95
2024-09-18 15:15:47.934,415.69574515584736,96
2024-09-18 15:15:48.044,415.7657316501818,100
2024-09-18 15:15:48.048,415.7609389655096,996
2024-09-18 15:15:48.065,415.73269772123086,996
2024-09-18 15:15:48.296,415.7576465729807,8
2024-09-18 15:15:48.395,415.76592784006834,103
2024-09-18 15:15:48.607,415.7289085408384,103
2024-09-18 15:15:48.741,415.7472527855371,14
2024-09-18 15:15:48.775,415.75819722533726,14
2024-09-18 15:15:48.913,415.7415569953893,999
2024-09-18 15:15:48.936,415.7214702003462,996
2024-09-18 15:15:48.989,415.76232351480735,97
2024-09-18 15:15:49.104,415.8004879668036,1003
2024-09-18 15:15:49.117,415.81558100809366,10
2024-09-18 15:15:49.272,415.8383307032434,14
2024-09-18 15:15:49.438,415.7893231429732,6
2024-09-18 15:15:49.475,415.8310701025131,8
2024-09-18 15:15:49.492,415.7833113892081,10
2024-09-18 15:15:49.500,415.8022370029341,6
2024-09-18 15:15:49.553,415.7715924679643,1001
2024-09-18 15:15:49.555,415.79234639866206,102
2024-09-18 15:15:49.718,415.8071290335659,5
2024-09-18 15:15:49.788,415.8063843404193,10
2024-09-18 15:15:49.909,415.8205735469981,8
2024-09-18 15:15:50.012,415.8198339600893,103
2024-09-18 15:15:50.014,415.7950706122376,100
2024-09-18 15:15:50.016,415.7935045947057,12
2024-09-18 15:15:50.109,415.83388112641234,1000
2024-09-18 15:15:50.193,415.7629060082879,100
2024-09-18 15:15:50.332,415.8352575104301,105
2024-09-18 15:15:50.342,415.8084465971956,15
2024-09-18 15:15:50.462,415.8301537827713,6
2024-09-18 15:15:50.490,415.7841415434176,101
2024-09-18 15:15:50.503,415.8000061471597,10
2024-09-18 15:15:50.560,415.78116860242665,999
2024-09-18 15:15:50.693,415.775311079098,995
2024-09-18 15:15:50.721,415.7790649864807,997
2024-09-18 15:15:50.752,415.8332708257847,998
2024-09-18 15:15:50.822,415.827737446544,96
2024-09-18 15:15:50.880,415.8003863328,1003
2024-09-18 15:15:50.963,415.8181821858879,15
2024-09-18 15:15:50.964,415.8357035190991,1004
2024-09-18 15:15:50.980,415.78952674881697,999
2024-09-18 15:15:50.989,415.77251660771566,1000
2024-09-18 15:15:51.089,415.7769799471719,998
2024-09-18 15:15:51.164,415.8003877128836,104
2024-09-18 15:15:51.201,415.7894710562263,6
2024-09-18 15:15:51.218,415.7936975003223,97
2024-09-18 15:15:51.239,415.8535401974349,12
2024-09-18 15:15:51.245,415.8253416508693,96
2024-09-18 15:15:51.273,415.8305276067056,103
2024-09-18 15:15:51.317,415.8017410716761,103
2024-09-18 15:15:51.379,415.7835705082263,101
2024-09-18 15:15:51.439,415.789523874891,6
2024-09-18 15:15:51.440,415.8029024665513,6
2024-09-18 15:15:51.455,415.7937199184735,13
2024-09-18 15:15:51.460,415.7753833472174,100
2024-09-18 15:15:51.468,415.80684645377966,10
2024-09-18 15:15:51.473,415.8469070562329,105
2024-09-18 15:15:51.494,415.7902869891825,12
2024-09-18 15:15:51.504,415.82498266490006,1004
2024-09-18 15:15:51.574,415.810181927168,9
2024-09-18 15:15:51.606,415.8184999275956,1004
2024-09-18 15:15:51.658,415.80327108151954,11
2024-09-18 15:15:51.758,415.8127744824045,105
2024-09-18 15:15:51.766,415.800716818054,9
2024-09-18 15:15:51.782,415.77887575904026,7
2024-09-18 15:15:51.788,415.8081854079467,1005
2024-09-18 15:15:51.820,415.8371653972272,99
2024-09-18 15:15:51.877,415.847086084538,9
2024-09-18 15:15:51.882,415.7960646039776,7
2024-09-18 15:15:51.973,415.8172894121879,97
2024-09-18 15:15:51.983,415.8409614289487,6
2024-09-18 15:15:52.119,415.7414556700916,7
2024-09-18 15:15:52.122,415.7236713273519,96
2024-09-18 15:15:52.166,415.7515027558138,102
2024-09-18 15:15:52.219,415.7625994041744,8
2024-09-18 15:15:52.262,415.7546545645855,13
2024-09-18 15:15:52.397,415.725118704613,13
2024-09-18 15:15:52.447,415.7305958074338,995
2024-09-18 15:15:52.566,415.73759630903,999
2024-09-18 15:15:52.590,415.7743943992459,1005
2024-09-18 15:15:52.612,415.73064496593497,6
2024-09-18 15:15:52.618,415.7718221541092,96
2024-09-18 15:15:52.665,415.7521361641987,995
2024-09-18 15:15:52.672,415.71001236326487,101
2024-09-18 15:15:52.799,415.7487815445894,7
2024-09-18 15:15:52.861,415.718038065185,11
2024-09-18 15:15:53.003,415.7644376373335,12
2024-09-18 15:15:53.051,415.7877761215577,996
2024-09-18 15:15:53.077,415.7738228043536,12
2024-09-18 15:15:53.087,415.755128606918,5
2024-09-18 15:15:53.202,415.78393707317065,1005
2024-09-18 15:15:53.274,415.7942370507106,5
2024-09-18 15:15:53.375,415.7507116763593,999
2024-09-18 15:15:53.401,415.7885769510012,95
2024-09-18 15:15:53.484,415.750049444554,9
2024-09-18 15:15:53.611,-415.7746529926784,11
2024-09-18 15:15:53.769,415.7866739365216,5
2024-09-18 15:15:53.830,415.7538792147444,10
2024-09-18 15:15:53.831,415.75271362085874,12
2024-09-18 15:15:53.867,415.7571279489023,10
2024-09-18 15:15:53.885,415.7788820221516,10
2024-09-18 15:15:53.892,415.78230001230486,1003
2024-09-18 15:15:53.958,415.7452637387943,104
2024-09-18 15:15:53.975,415.7778427665331,99
2024-09-18 15:15:53.998,415.7665124122008,8
2024-09-18 15:15:54.154,415.7730545494162,105
2024-09-18 15:15:54.346,415.7816473137007,101
2024-09-18 15:15:54.383,415.78570618090674,1000
2024-09-18 15:15:54.522,415.7894648881773,101
2024-09-18 15:15:54.552,415.78028364292015,97
2024-09-18 15:15:54.652,415.7746843003047,13
2024-09-18 15:15:54.845,415.78596240773066,104
2024-09-18 15:15:54.851,415.7891446306334,997
2024-09-18 15:15:54.861,415.789490879333,9
2024-09-18 15:15:55.000,415.7576250110423,11
2024-09-18 15:15:55.007,415.7699385811355,96
2024-09-18 15:15:55.173,415.8148066246599,999
2024-09-18 15:15:55.247,415.8470225066093,10
2024-09-18 15:15:55.281,415.8606050163,1004
2024-09-18 15:15:55.356,415.747681648987,14
2024-09-18 15:15:55.402,-415.74219179185656,97
2024-09-18 15:15:55.471,415.8018940456004,996
2024-09-18 15:15:55.541,415.786065368882,99
2024-09-18 15:15:55.578,415.7535678741221,103
2024-09-18 15:15:55.593,415.7649186094551,95
2024-09-18 15:15:55.675,415.76888798297216,99
2024-09-18 15:15:55.699,415.7577029711656,102
2024-09-18 15:15:55.754,415.801256943409,6
2024-09-18 15:15:55.815,415.781977936568,1003
2024-09-18 15:15:55.850,415.7932802130287,103
2024-09-18 15:15:55.882,415.7716924690285,98
2024-09-18 15:15:55.973,415.8011037824944,6
2024-09-18 15:15:56.223,415.8282359160066,101
2024-09-18 15:15:56.285,415.83265546457824,1005
2024-09-18 15:15:56.472,415.8467662129232,995
2024-09-18 15:15:56.870,41.58579310606436,5
2024-09-18 15:15:57.028,415.793397630696,999
2024-09-18 15:15:57.075,415.7783950879808,996
2024-09-18 15:15:57.089,415.7767390177496,95
2024-09-18 15:15:57.170,415.7902529020637,98
2024-09-18 15:15:57.176,415.7815991033707,7
2024-09-18 15:15:57.293,415.7519366161131,1000
2024-09-18 15:15:57.295,415.82185750806366,104
2024-09-18 15:15:57.301,415.76835445232297,102
2024-09-18 15:15:57.320,415.77601226019016,5
2024-09-18 15:15:57.334,415.7953756432832,1001
2024-09-18 15:15:57.357,415.7657976161836,7
2024-09-18 15:15:57.585,415.77828206814144,1005
2024-09-18 15:15:57.610,415.7855470916567,101
2024-09-18 15:15:57.700,415.8208921935455,995
2024-09-18 15:15:57.702,415.7970111422335,1002
2024-09-18 15:15:57.725,415.7946122325636,1002
2024-09-18 15:15:57.734,415.8181323853848,5
2024-09-18 15:15:57.746,415.7607664021213,102
2024-09-18 15:15:57.754,415.8218655313506,1002
2024-09-18 15:15:57.757,415.7832294506603,99
2024-09-18 15:15:57.760,415.8027107826608,997
2024-09-18 15:15:57.762,415.7478088755362,998
2024-09-18 15:15:57.828,415.7709933843662,1004
2024-09-18 15:15:57.864,415.8161993171883,995
2024-09-18 15:15:58.604,415.7240180321981,97
2024-09-18 15:15:58.763,415.71660519354384,995
2024-09-18 15:15:58.832,415.7166974403735,1001
2024-09-18 15:15:58.948,415.72641688730073,97
2024-09-18 15:15:59.007,415.73028215440513,103
2024-09-18 15:15:59.081,415.7549016319832,11
2024-09-18 15:15:59.381,415.77291926515176,995
2024-09-18 15:15:59.497,415.7681712306108,1005
2024-09-18 15:15:59.790,415.7593527251227,1004
2024-09-18 15:15:59.839,415.7369405755679,15
2024-09-18 15:15:59.932,415.7747372062782,999
