Timestamp,Price,Size
2024-09-19 11:30:00.008,420.63710041227256,8
2024-09-19 11:30:00.128,420.6201491277764,104
2024-09-19 11:30:00.142,420.6151451181337,95
2024-09-19 11:30:00.225,420.6497065420407,998
2024-09-19 11:30:00.239,420.6234415278018,998
2024-09-19 11:30:00.269,420.6076848189145,15
2024-09-19 11:30:00.387,420.6658118617193,1002
2024-09-19 11:30:00.435,420.631036491189,998
2024-09-19 11:30:00.498,420.6652281351898,97
2024-09-19 11:30:00.528,420.6447014859645,104
2024-09-19 11:30:00.588,420.6356293662535,104
2024-09-19 11:30:00.617,420.636833235114,102
2024-09-19 11:30:00.640,420.6442394084222,103
2024-09-19 11:30:00.666,420.6400439968412,1004
2024-09-19 11:30:00.751,420.6225235634868,8
2024-09-19 11:30:00.760,420.68007212110825,103
2024-09-19 11:30:00.835,420.6191016127708,13
2024-09-19 11:30:00.852,420.6343398670714,997
2024-09-19 11:30:00.869,420.6400646284503,1001
2024-09-19 11:30:00.930,420.6428230212576,1004
2024-09-19 11:30:00.941,420.6311465490719,15
2024-09-19 11:30:00.959,420.6369394442865,15
2024-09-19 11:30:00.961,420.6179649834367,6
2024-09-19 11:30:00.964,42.06174001202189,1002
2024-09-19 11:30:00.970,420.623181770788,995
2024-09-19 11:30:01.000,420.5900846128132,10
2024-09-19 11:30:01.071,420.5840837081561,105
2024-09-19 11:30:01.406,420.5862433354095,996
2024-09-19 11:30:01.421,420.5729948128108,997
2024-09-19 11:30:01.448,420.5994538760346,999
2024-09-19 11:30:01.523,420.5818365826887,98
2024-09-19 11:30:01.557,420.5797135107952,15
2024-09-19 11:30:01.590,420.5675458688197,996
2024-09-19 11:30:01.631,420.57842582643343,14
2024-09-19 11:30:01.673,420.5586308542335,14
2024-09-19 11:30:01.861,420.5806526483888,995
2024-09-19 11:30:01.916,420.5630367207543,104
2024-09-19 11:30:02.030,420.54385939295776,100
2024-09-19 11:30:02.069,420.5834370537015,101
2024-09-19 11:30:02.110,-420.57184310676143,5
2024-09-19 11:30:02.135,420.56323971360393,5
2024-09-19 11:30:02.168,420.5548302765927,995
2024-09-19 11:30:02.257,420.5689941706931,1005
2024-09-19 11:30:02.303,420.5808343747169,9
2024-09-19 11:30:02.355,420.56381552746126,5
2024-09-19 11:30:02.476,420.5847952671314,13
2024-09-19 11:30:02.591,420.5658363646603,9
2024-09-19 11:30:02.593,420.5853843538404,5
2024-09-19 11:30:02.712,420.559104952873,1001
2024-09-19 11:30:02.729,420.54044619154,1005
2024-09-19 11:30:02.732,420.5497652944003,98
2024-09-19 11:30:02.796,420.5666817710354,998
2024-09-19 11:30:02.805,-420.5774777563465,15
2024-09-19 11:30:02.854,420.5448462827415,1001
2024-09-19 11:30:02.976,420.56631612890345,7
2024-09-19 11:30:03.221,420.52498900889447,1000
2024-09-19 11:30:03.441,420.5331572503529,995
2024-09-19 11:30:04.840,420.5077673140982,102
2024-09-19 11:30:05.185,420.5591804459598,997
2024-09-19 11:30:05.218,420.5584942325261,998
2024-09-19 11:30:05.268,420.55983910749273,12
2024-09-19 11:30:05.290,420.5375889950287,15
2024-09-19 11:30:05.321,420.562825016668,15
2024-09-19 11:30:05.503,420.52085402809166,8
2024-09-19 11:30:05.517,420.5821395617263,97
2024-09-19 11:30:05.622,420.56049665450246,95
2024-09-19 11:30:05.666,420.5692429759757,5
2024-09-19 11:30:05.678,-420.5361064780706,104
2024-09-19 11:30:05.741,420.5107642358346,102
2024-09-19 11:30:05.773,420.5635090789765,15
2024-09-19 11:30:06.043,420.54955014152335,99
2024-09-19 11:30:06.065,420.5821271005164,97
2024-09-19 11:30:06.185,420.5440628218993,1001
2024-09-19 11:30:06.239,42.052951048648346,95
2024-09-19 11:30:06.523,420.54462399029785,998
2024-09-19 11:30:06.568,420.55871275012544,12
2024-09-19 11:30:07.089,,13
2024-09-19 11:30:07.142,420.5591257562099,95
2024-09-19 11:30:07.305,420.54980610504646,8
2024-09-19 11:30:07.359,420.5703451800031,104
2024-09-19 11:30:07.693,420.5810418665833,99
2024-09-19 11:30:07.761,420.5444924568577,5
2024-09-19 11:30:07.875,420.5626997217695,8
2024-09-19 11:30:07.897,420.5554564772388,999
2024-09-19 11:30:08.001,420.64359720662975,1004
2024-09-19 11:30:08.052,420.5468468482577,1003
2024-09-19 11:30:08.058,420.62224873541913,6
2024-09-19 11:30:08.092,420.6201637287592,1000
2024-09-19 11:30:08.287,420.5389702338132,996
2024-09-19 11:30:08.303,420.64159906081534,11
2024-09-19 11:30:08.328,420.58464920135066,1003
2024-09-19 11:30:08.338,420.6071416256992,104
2024-09-19 11:30:08.459,420.58899508671726,14
2024-09-19 11:30:08.499,420.63779744042256,1001
2024-09-19 11:30:08.522,420.6170665965981,1002
2024-09-19 11:30:08.541,420.5868084284841,101
2024-09-19 11:30:08.545,420.6018875149237,1002
2024-09-19 11:30:08.553,420.5974310667007,96
2024-09-19 11:30:08.597,420.6282772304731,1005
2024-09-19 11:30:08.604,420.5880857782663,1000
2024-09-19 11:30:08.698,420.6329708737894,8
2024-09-19 11:30:08.809,420.6643362462554,7
2024-09-19 11:30:08.873,420.5631255918628,1001
2024-09-19 11:30:08.949,420.62029818856826,105
2024-09-19 11:30:08.990,420.5538781526221,997
2024-09-19 11:30:09.062,420.6213204017384,97
2024-09-19 11:30:09.257,420.6847323424385,13
2024-09-19 11:30:09.360,420.6126564140869,1004
2024-09-19 11:30:09.437,420.6229097059136,105
2024-09-19 11:30:09.536,420.6943281103559,97
2024-09-19 11:30:09.657,420.6432243243841,105
2024-09-19 11:30:09.712,420.6470429182081,1001
2024-09-19 11:30:09.724,420.7016426552564,995
2024-09-19 11:30:09.804,420.6181488933341,15
2024-09-19 11:30:11.021,420.7302145999149,998
2024-09-19 11:30:11.028,420.7127542459965,1003
2024-09-19 11:30:11.052,420.7302557231435,101
2024-09-19 11:30:11.082,420.7346494199699,8
2024-09-19 11:30:11.083,420.6829184388356,12
2024-09-19 11:30:11.193,420.7250350686116,101
2024-09-19 11:30:11.253,420.71705127480976,996
2024-09-19 11:30:11.363,420.7317515307119,999
2024-09-19 11:30:11.421,420.7460228221974,1001
2024-09-19 11:30:11.450,420.74355538518734,1003
2024-09-19 11:30:11.523,420.6937575887712,5
2024-09-19 11:30:11.558,420.7341702821335,8
2024-09-19 11:30:11.599,420.7388110544373,99
2024-09-19 11:30:11.599,420.7134856599593,100
2024-09-19 11:30:11.660,420.679554659387,104
2024-09-19 11:30:11.729,420.7221493240248,9
2024-09-19 11:30:11.759,420.71309397949193,103
2024-09-19 11:30:11.850,420.7398651555215,999
2024-09-19 11:30:11.948,420.7063105507135,103
2024-09-19 11:30:11.948,420.6889504198793,997
2024-09-19 11:30:11.959,420.7356545855395,1004
2024-09-19 11:30:12.023,420.69149133378977,95
2024-09-19 11:30:12.111,420.7102772019077,6
2024-09-19 11:30:12.130,420.695554612804,8
2024-09-19 11:30:12.156,420.70506947634135,98
2024-09-19 11:30:12.217,420.6874242176898,104
2024-09-19 11:30:12.486,420.6774861634545,13
2024-09-19 11:30:12.511,420.68371162753095,95
2024-09-19 11:30:12.599,420.6760524923265,999
2024-09-19 11:30:12.686,420.6942107542818,998
2024-09-19 11:30:12.721,420.697422527384,104
2024-09-19 11:30:12.869,420.7042294346877,1000
2024-09-19 11:30:12.982,420.69700688652046,6
2024-09-19 11:30:12.982,420.6785651257748,997
2024-09-19 11:30:12.985,420.67845708517297,6
2024-09-19 11:30:13.094,420.6697597177096,997
2024-09-19 11:30:13.162,420.6751166320552,1001
2024-09-19 11:30:13.324,420.673763127984,6
2024-09-19 11:30:13.374,420.6806291646861,103
2024-09-19 11:30:13.427,420.66575486815697,1001
2024-09-19 11:30:13.432,420.6648071183612,100
2024-09-19 11:30:13.479,420.6671154045688,103
2024-09-19 11:30:13.553,420.67005146960616,102
2024-09-19 11:30:13.739,420.6733825815616,996
2024-09-19 11:30:13.778,420.67080862938377,5
2024-09-19 11:30:14.031,420.68668532849387,10
2024-09-19 11:30:14.086,420.7115137314982,102
2024-09-19 11:30:14.101,420.66601353068734,1001
2024-09-19 11:30:14.135,420.7199602708767,6
2024-09-19 11:30:14.159,420.6678345742854,100
2024-09-19 11:30:14.169,420.6779189704226,98
2024-09-19 11:30:14.176,420.7144907325786,1003
2024-09-19 11:30:14.264,,103
2024-09-19 11:30:14.354,420.6369553277213,6
2024-09-19 11:30:14.387,420.6883950476675,102
2024-09-19 11:30:14.450,420.6547369797171,999
2024-09-19 11:30:14.576,420.6338239151469,103
2024-09-19 11:30:14.629,420.6886380030055,97
2024-09-19 11:30:14.660,420.70412222978223,95
2024-09-19 11:30:14.688,420.6970643781727,998
2024-09-19 11:30:14.698,420.6590770452508,100
2024-09-19 11:30:14.703,420.65778606702673,10
2024-09-19 11:30:14.708,420.6443544694436,1002
2024-09-19 11:30:14.873,420.65307104505325,101
2024-09-19 11:30:14.879,420.6519271796359,7
2024-09-19 11:30:14.957,420.71742005090096,12
2024-09-19 11:30:14.982,420.6848336376206,1005
2024-09-19 11:30:14.998,420.6719095834744,1004
2024-09-19 11:30:15.016,420.6268858512292,7
2024-09-19 11:30:15.190,420.64877310476345,9
2024-09-19 11:30:15.254,420.6455084450773,995
2024-09-19 11:30:15.306,420.6389262888488,99
2024-09-19 11:30:15.327,420.650885510009,11
2024-09-19 11:30:15.782,420.6598242172881,98
2024-09-19 11:30:15.782,420.6503264891455,100
2024-09-19 11:30:16.023,420.6016538401156,95
2024-09-19 11:30:16.048,420.5530968823895,998
2024-09-19 11:30:16.086,420.5736233514247,96
2024-09-19 11:30:16.093,420.6228593404934,997
2024-09-19 11:30:16.111,420.5884505382385,1002
2024-09-19 11:30:16.122,420.58279055775824,15
2024-09-19 11:30:16.128,420.56860442796784,9
2024-09-19 11:30:16.157,420.6020861774393,13
2024-09-19 11:30:16.230,420.6178338541688,15
2024-09-19 11:30:16.261,420.6473558497851,6
2024-09-19 11:30:16.359,420.6195080915881,6
2024-09-19 11:30:16.408,420.6267570382696,1001
2024-09-19 11:30:16.425,420.6034131215299,13
2024-09-19 11:30:16.434,420.6158383760176,13
2024-09-19 11:30:16.496,420.64418110963055,1002
2024-09-19 11:30:16.577,420.6278397496867,9
2024-09-19 11:30:16.592,420.6031711212093,14
2024-09-19 11:30:16.612,420.6189444359823,13
2024-09-19 11:30:16.645,420.6144401699609,1001
2024-09-19 11:30:16.747,420.6316586739976,1002
2024-09-19 11:30:16.750,420.6056556305416,995
2024-09-19 11:30:16.826,420.62452546436094,97
2024-09-19 11:30:16.860,42.05905366489691,95
2024-09-19 11:30:16.862,420.62644829589095,10
2024-09-19 11:30:16.863,420.6486816655329,104
2024-09-19 11:30:16.872,420.599505399141,12
2024-09-19 11:30:16.885,420.64227542377193,102
2024-09-19 11:30:16.930,420.59280237993056,95
2024-09-19 11:30:17.064,420.6267086041964,8
2024-09-19 11:30:17.089,420.633458808132,11
2024-09-19 11:30:17.202,420.5537772703025,997
2024-09-19 11:30:17.353,420.5481163525209,8
2024-09-19 11:30:17.370,420.54536701632793,7
2024-09-19 11:30:17.373,420.6285637325795,999
2024-09-19 11:30:17.376,420.52847508629134,999
2024-09-19 11:30:17.380,420.5877939954831,6
2024-09-19 11:30:17.381,420.5615180757428,9
2024-09-19 11:30:17.408,420.5510979675356,95
2024-09-19 11:30:17.413,420.5841447512428,15
2024-09-19 11:30:17.492,420.5648341326127,1004
2024-09-19 11:30:17.501,420.637558270909,8
2024-09-19 11:30:17.527,420.569823764402,1003
2024-09-19 11:30:17.534,420.5441023035645,102
2024-09-19 11:30:17.607,420.6107804852375,10
2024-09-19 11:30:17.655,420.5398462278146,103
2024-09-19 11:30:17.672,420.53909462513366,98
2024-09-19 11:30:17.690,420.54415617691376,14
2024-09-19 11:30:17.698,420.6262170687578,9
2024-09-19 11:30:17.724,420.54173418743767,995
2024-09-19 11:30:17.843,420.55088814058064,1002
2024-09-19 11:30:17.868,420.5293416125105,102
2024-09-19 11:30:17.892,420.5913254803836,14
2024-09-19 11:30:17.892,420.549433572847,997
2024-09-19 11:30:18.275,420.5310289995448,99
2024-09-19 11:30:18.356,420.558665487398,10
2024-09-19 11:30:18.378,420.5111431307684,13
2024-09-19 11:30:18.413,420.5581878652618,15
2024-09-19 11:30:18.422,420.5186702640833,99
2024-09-19 11:30:18.460,420.5343765942602,12
2024-09-19 11:30:18.521,420.5710238988441,995
2024-09-19 11:30:18.591,420.5554001349526,995
2024-09-19 11:30:18.642,420.5551652911641,97
2024-09-19 11:30:18.733,420.51929703602985,5
2024-09-19 11:30:18.809,420.5685341603627,11
2024-09-19 11:30:18.841,420.5310956581278,101
2024-09-19 11:30:19.001,420.5793109388467,5
2024-09-19 11:30:19.024,420.5713649469945,97
2024-09-19 11:30:19.067,420.55254253311983,13
2024-09-19 11:30:19.138,420.5866381766439,995
2024-09-19 11:30:19.213,420.55094003753953,1003
2024-09-19 11:30:19.281,420.5261728117397,8
2024-09-19 11:30:19.328,420.5887323281693,97
2024-09-19 11:30:19.345,420.5472733587654,12
2024-09-19 11:30:19.520,420.54235265979423,6
2024-09-19 11:30:19.524,420.5479074346762,104
2024-09-19 11:30:19.536,420.5582685277172,10
2024-09-19 11:30:19.673,420.55706594999424,105
2024-09-19 11:30:19.840,420.5207232249218,1003
2024-09-19 11:30:19.842,420.54097640393377,8
2024-09-19 11:30:19.971,420.5451443776316,1000
2024-09-19 11:30:20.182,420.5871789866893,14
2024-09-19 11:30:20.837,420.58350541928166,10
2024-09-19 11:30:21.078,420.5848693786786,998
2024-09-19 11:30:21.297,420.6011053784591,99
2024-09-19 11:30:21.301,420.55901444076505,1004
2024-09-19 11:30:21.340,420.6010565569809,98
2024-09-19 11:30:21.485,420.606801810628,105
2024-09-19 11:30:21.501,420.5743859942773,99
2024-09-19 11:30:21.698,420.55729854735614,999
2024-09-19 11:30:21.735,420.58038115250537,10
2024-09-19 11:30:21.760,420.5866713293298,995
2024-09-19 11:30:21.782,420.6015734984466,99
2024-09-19 11:30:21.849,420.5686682196792,9
2024-09-19 11:30:21.854,420.60630721988593,105
2024-09-19 11:30:22.038,420.5818123722767,996
2024-09-19 11:30:22.041,420.6073773893464,1000
2024-09-19 11:30:22.138,420.5773974687161,105
2024-09-19 11:30:22.146,420.5859068021807,6
2024-09-19 11:30:22.171,420.62192003122095,99
2024-09-19 11:30:22.260,420.58225788274166,96
2024-09-19 11:30:22.262,420.61283615683055,10
2024-09-19 11:30:22.348,420.5998234278036,8
2024-09-19 11:30:22.471,420.5903004173642,1000
2024-09-19 11:30:22.490,420.61614527349366,998
2024-09-19 11:30:22.545,420.5843953558171,100
2024-09-19 11:30:22.566,420.5989383710014,7
2024-09-19 11:30:22.623,420.5989757217399,13
2024-09-19 11:30:22.699,420.5739105201643,998
2024-09-19 11:30:22.710,420.59640285300327,996
2024-09-19 11:30:22.877,420.5828579318628,98
2024-09-19 11:30:23.019,,12
2024-09-19 11:30:23.062,420.6478325170117,6
2024-09-19 11:30:23.125,420.5739246551454,11
2024-09-19 11:30:23.159,420.6352082630266,13
2024-09-19 11:30:23.171,420.6359397855785,98
2024-09-19 11:30:23.193,420.636260477356,6
2024-09-19 11:30:23.226,420.6237993893917,9
2024-09-19 11:30:23.319,420.61363974456,999
2024-09-19 11:30:23.322,420.66149256646094,99
2024-09-19 11:30:23.345,420.5656070296296,105
2024-09-19 11:30:23.493,420.5670546368791,102
2024-09-19 11:30:23.547,420.62651965497287,15
2024-09-19 11:30:23.565,420.6523711263869,99
2024-09-19 11:30:23.591,420.57521003833006,103
2024-09-19 11:30:23.763,420.6388353035453,15
2024-09-19 11:30:23.787,420.5801151909621,1004
2024-09-19 11:30:23.862,420.6084199737477,5
2024-09-19 11:30:23.944,420.5585545500988,1000
2024-09-19 11:30:23.977,420.6336920309485,104
2024-09-19 11:30:23.987,420.6182971065908,99
2024-09-19 11:30:24.164,420.5492502023411,100
2024-09-19 11:30:24.457,420.545346925328,998
2024-09-19 11:30:24.543,420.5552742324204,100
2024-09-19 11:30:24.603,420.5459533673932,996
2024-09-19 11:30:24.785,420.5400770234852,101
2024-09-19 11:30:25.308,420.5555957551985,995
2024-09-19 11:30:25.515,420.5530185110528,1002
2024-09-19 11:30:25.519,420.5414540255025,96
2024-09-19 11:30:25.555,420.54992168357774,995
2024-09-19 11:30:25.653,420.553842804548,999
2024-09-19 11:30:25.702,420.55421723582657,105
2024-09-19 11:30:25.789,420.5569309268722,98
2024-09-19 11:30:25.789,420.56510049816734,15
2024-09-19 11:30:25.886,420.5517868611016,105
2024-09-19 11:30:26.069,420.5855212892544,998
2024-09-19 11:30:26.149,420.6042475714904,1003
2024-09-19 11:30:26.332,420.5957597367474,995
2024-09-19 11:30:26.416,420.576451623471,96
2024-09-19 11:30:26.598,420.5946284444181,1004
2024-09-19 11:30:26.649,420.5659144632298,99
2024-09-19 11:30:26.867,420.5823833232088,997
2024-09-19 11:30:26.995,420.5676297373007,102
2024-09-19 11:30:27.017,420.599168531512,104
2024-09-19 11:30:27.023,420.6256316001434,14
2024-09-19 11:30:27.036,420.61972419236974,100
2024-09-19 11:30:27.162,420.5965721995815,998
2024-09-19 11:30:27.169,420.5891201641583,1002
2024-09-19 11:30:27.281,420.6177655330595,95
2024-09-19 11:30:27.289,420.5905727903887,6
2024-09-19 11:30:27.343,420.5849253586164,997
2024-09-19 11:30:27.364,420.5928919723083,998
2024-09-19 11:30:27.367,420.5911796953576,1001
2024-09-19 11:30:27.411,420.6098102187404,7
2024-09-19 11:30:27.485,420.6220231804016,100
2024-09-19 11:30:27.750,420.5983869353065,996
2024-09-19 11:30:27.852,420.6137518731827,14
2024-09-19 11:30:27.864,420.5957847889137,15
2024-09-19 11:30:27.877,420.5869382335534,99
2024-09-19 11:30:28.014,420.67901598220647,7
2024-09-19 11:30:28.032,420.5819115611921,99
2024-09-19 11:30:28.083,420.59089205415137,995
2024-09-19 11:30:28.137,420.6522726907053,5
2024-09-19 11:30:28.186,420.65485501626114,1000
2024-09-19 11:30:28.328,420.6063811983766,100
2024-09-19 11:30:28.384,420.600499095394,1000
2024-09-19 11:30:28.404,420.673771239585,105
2024-09-19 11:30:28.408,420.6646457402298,998
2024-09-19 11:30:28.439,420.7022747071,997
2024-09-19 11:30:28.442,420.6817309413379,998
2024-09-19 11:30:28.467,420.6841295231005,1001
2024-09-19 11:30:28.510,420.60904120574594,1003
2024-09-19 11:30:28.515,420.6594257962838,103
2024-09-19 11:30:28.544,420.57470445062194,5
2024-09-19 11:30:28.622,420.64604877410216,1002
2024-09-19 11:30:28.660,420.6304196076199,1004
2024-09-19 11:30:28.674,420.5791156917091,7
2024-09-19 11:30:28.738,420.5804023624193,996
2024-09-19 11:30:28.787,420.5713229049889,995
2024-09-19 11:30:28.796,420.6870097858881,7
2024-09-19 11:30:28.836,420.6702154695669,1001
2024-09-19 11:30:28.888,420.5766688451214,12
2024-09-19 11:30:28.905,420.6748029682447,104
2024-09-19 11:30:28.911,420.6341964658978,1000
2024-09-19 11:30:28.946,420.587820403944,97
2024-09-19 11:30:28.963,420.6645850589548,7
2024-09-19 11:30:28.973,420.674804306949,1003
2024-09-19 11:30:28.979,420.6568674996746,998
2024-09-19 11:30:29.065,420.63366343985,999
2024-09-19 11:30:29.098,420.66424610231087,9
2024-09-19 11:30:29.158,420.6470267349122,7
2024-09-19 11:30:29.200,420.64085991956415,97
2024-09-19 11:30:29.211,420.6211403520149,998
2024-09-19 11:30:29.304,420.6127875387208,105
2024-09-19 11:30:29.328,420.6369213895815,5
2024-09-19 11:30:29.521,420.62707636818817,97
2024-09-19 11:30:29.641,420.65124887116576,999
2024-09-19 11:30:29.723,420.6096949699688,104
2024-09-19 11:30:29.731,420.6566185706613,98
2024-09-19 11:30:29.750,420.6161889275352,95
2024-09-19 11:30:29.777,420.6458623251782,1005
2024-09-19 11:30:29.821,420.6520865334503,15
2024-09-19 11:30:29.893,420.6395328845289,1005
2024-09-19 11:30:30.043,420.6355566552514,6
2024-09-19 11:30:30.059,420.6405544565436,998
2024-09-19 11:30:30.062,420.6146201976311,9
2024-09-19 11:30:30.068,420.6413723434309,7
2024-09-19 11:30:30.086,420.6451659283196,104
2024-09-19 11:30:30.098,420.6062640248613,105
2024-09-19 11:30:30.136,420.6285845064797,8
2024-09-19 11:30:30.171,420.64704307069314,1002
2024-09-19 11:30:30.183,420.6606956766658,1004
2024-09-19 11:30:30.328,420.6438872745224,995
2024-09-19 11:30:30.393,420.5989422991895,13
2024-09-19 11:30:30.403,420.6737715205301,10
2024-09-19 11:30:30.467,420.63941386565375,1000
2024-09-19 11:30:30.552,420.642457217637,7
2024-09-19 11:30:30.553,420.63814209640856,1003
2024-09-19 11:30:30.682,420.6384126625377,8
2024-09-19 11:30:30.687,420.6324784884644,99
2024-09-19 11:30:30.713,420.62652319336286,999
2024-09-19 11:30:30.726,420.5830879527179,7
2024-09-19 11:30:30.747,420.64096742302297,103
2024-09-19 11:30:30.752,420.6731316027468,999
2024-09-19 11:30:30.882,420.5936739206911,13
2024-09-19 11:30:30.890,420.60908967283336,100
2024-09-19 11:30:30.891,420.6291226896633,7
2024-09-19 11:30:30.895,420.6855421203881,999
2024-09-19 11:30:30.897,420.6492121121348,5
2024-09-19 11:30:30.943,420.6263116120909,10
2024-09-19 11:30:30.960,420.6393987358824,6
2024-09-19 11:30:30.961,420.5961023261658,95
2024-09-19 11:30:30.965,420.60841804736833,1005
2024-09-19 11:30:31.105,420.6809757704231,1000
2024-09-19 11:30:31.130,420.6965404406421,997
2024-09-19 11:30:31.298,420.6961089822747,12
2024-09-19 11:30:31.476,420.7011828159717,1005
2024-09-19 11:30:31.717,420.67855181252406,999
2024-09-19 11:30:31.954,420.6829414706262,998
2024-09-19 11:30:32.329,420.6924994666049,102
2024-09-19 11:30:33.054,420.7015701536836,100
2024-09-19 11:30:33.115,420.7196760090904,104
2024-09-19 11:30:33.209,420.7099695949616,8
2024-09-19 11:30:33.430,420.7173001459624,5
2024-09-19 11:30:33.531,420.7319009767899,12
2024-09-19 11:30:33.756,420.7070951568907,99
2024-09-19 11:30:33.776,420.7155446743135,95
2024-09-19 11:30:33.787,420.722614821894,1002
2024-09-19 11:30:33.796,420.68884754962585,97
2024-09-19 11:30:33.887,420.7092468906659,95
2024-09-19 11:30:34.003,420.7141552543919,100
2024-09-19 11:30:34.006,420.8035236265838,1005
2024-09-19 11:30:34.028,420.76836056504834,995
2024-09-19 11:30:34.032,420.7786691454343,999
2024-09-19 11:30:34.057,420.7467300482126,997
2024-09-19 11:30:34.181,420.7753359019964,1005
2024-09-19 11:30:34.329,420.7590548796252,14
2024-09-19 11:30:34.342,420.81130027741017,14
2024-09-19 11:30:34.367,420.76353367272543,7
2024-09-19 11:30:34.377,420.768005995296,6
2024-09-19 11:30:34.407,420.762032555824,1003
2024-09-19 11:30:34.456,420.7525890697769,99
2024-09-19 11:30:34.560,420.8011278061791,99
2024-09-19 11:30:34.630,420.7489824062086,11
2024-09-19 11:30:34.646,420.7518335072022,103
2024-09-19 11:30:34.662,420.79604320163975,1000
2024-09-19 11:30:34.667,420.7670271985032,14
2024-09-19 11:30:34.672,420.7493262851984,97
2024-09-19 11:30:34.706,420.7696801541189,102
2024-09-19 11:30:34.721,420.7796105161794,995
2024-09-19 11:30:34.752,420.8294420922567,12
2024-09-19 11:30:34.793,420.7723044660877,5
2024-09-19 11:30:34.800,420.7112007684165,1003
2024-09-19 11:30:34.814,-420.74798591284673,14
2024-09-19 11:30:34.842,420.81079618028895,103
2024-09-19 11:30:34.858,420.7680989947093,96
2024-09-19 11:30:34.902,420.7467417826763,105
2024-09-19 11:30:34.931,420.8148412593753,104
2024-09-19 11:30:34.958,420.82566304155074,101
2024-09-19 11:30:34.988,420.7095968583815,15
2024-09-19 11:30:35.000,420.8348737004298,999
2024-09-19 11:30:35.026,420.8142442771567,10
2024-09-19 11:30:35.030,420.8189473500681,996
2024-09-19 11:30:35.076,420.763376459263,1000
2024-09-19 11:30:35.269,420.8040483793975,10
2024-09-19 11:30:35.373,420.7898798523927,10
2024-09-19 11:30:35.402,420.7508274864202,100
2024-09-19 11:30:35.414,420.8212041763912,999
2024-09-19 11:30:35.531,420.8142404557752,996
2024-09-19 11:30:35.584,420.7729729164074,12
2024-09-19 11:30:35.606,420.7734303189551,995
2024-09-19 11:30:35.620,420.819935586587,1000
2024-09-19 11:30:35.636,420.8320189972355,997
2024-09-19 11:30:35.735,420.7640716901634,998
2024-09-19 11:30:35.823,420.7575331176063,95
2024-09-19 11:30:35.876,420.78561565086494,5
2024-09-19 11:30:35.956,420.7940105930672,1005
2024-09-19 11:30:36.426,420.8172952145798,995
2024-09-19 11:30:36.574,420.81126463665527,5
2024-09-19 11:30:37.262,420.7614872845679,102
2024-09-19 11:30:37.323,42.08243356053266,999
2024-09-19 11:30:37.326,420.8025900379486,103
2024-09-19 11:30:37.347,420.7724612563855,95
2024-09-19 11:30:37.509,420.7783576556977,95
2024-09-19 11:30:37.526,420.7733926104448,1002
2024-09-19 11:30:37.564,420.8062547345482,12
2024-09-19 11:30:37.624,420.8026861596216,997
2024-09-19 11:30:37.810,420.7566229405862,13
2024-09-19 11:30:37.829,420.828092129242,1003
2024-09-19 11:30:37.844,420.8155549809627,11
2024-09-19 11:30:37.956,420.81570131919,101
2024-09-19 11:30:38.058,420.7776566304135,1003
2024-09-19 11:30:38.082,420.7911572472424,7
2024-09-19 11:30:38.095,420.8147997022405,15
2024-09-19 11:30:38.130,420.8052440962053,103
2024-09-19 11:30:38.235,420.78819910895135,102
2024-09-19 11:30:38.249,420.8055364803657,1005
2024-09-19 11:30:38.289,420.7687836433023,98
2024-09-19 11:30:38.380,42.080042383715465,100
2024-09-19 11:30:38.437,420.79715628498246,995
2024-09-19 11:30:38.543,420.77934480735576,101
2024-09-19 11:30:38.623,420.7993478644178,6
2024-09-19 11:30:38.692,420.7851435123597,102
2024-09-19 11:30:38.761,420.7703555080386,105
2024-09-19 11:30:38.775,420.7838493675055,105
2024-09-19 11:30:38.814,420.7798536365404,12
2024-09-19 11:30:38.831,420.7807870122082,8
2024-09-19 11:30:38.916,420.7898742937836,13
2024-09-19 11:30:38.923,420.7892817657267,997
2024-09-19 11:30:38.956,420.8143037908807,10
2024-09-19 11:30:39.171,42.07775490067666,1001
2024-09-19 11:30:39.243,420.8055987087862,12
2024-09-19 11:30:39.288,420.7881963782485,998
2024-09-19 11:30:39.360,420.77378957529504,1001
2024-09-19 11:30:39.372,420.7781170077948,105
2024-09-19 11:30:39.426,420.793610897732,998
2024-09-19 11:30:39.532,420.7856365601691,97
2024-09-19 11:30:39.545,420.76727247492784,995
2024-09-19 11:30:39.584,420.8146523938674,100
2024-09-19 11:30:39.714,42.07855493442243,95
2024-09-19 11:30:39.807,420.7659469613273,13
2024-09-19 11:30:39.813,420.7831206836672,8
2024-09-19 11:30:40.062,420.855862090856,97
2024-09-19 11:30:40.073,420.77570606878425,104
2024-09-19 11:30:40.247,420.8255558047504,1002
2024-09-19 11:30:40.307,420.84061745013145,1005
2024-09-19 11:30:40.314,420.8590395336618,997
2024-09-19 11:30:40.329,420.8519638540005,1004
2024-09-19 11:30:40.332,420.77457778321735,8
2024-09-19 11:30:40.407,420.8320935111908,997
2024-09-19 11:30:40.485,420.8132402465937,1000
2024-09-19 11:30:40.537,420.7810650185153,1004
2024-09-19 11:30:40.568,420.83935513480975,995
2024-09-19 11:30:40.576,420.83050015445343,997
2024-09-19 11:30:40.594,420.8346495107984,14
2024-09-19 11:30:40.618,420.8438876378853,1003
2024-09-19 11:30:40.642,420.8204915558721,1004
2024-09-19 11:30:40.657,420.8454166099552,13
2024-09-19 11:30:40.661,420.8088533994284,103
2024-09-19 11:30:40.766,420.8467064398602,96
2024-09-19 11:30:40.769,420.76658207459707,10
2024-09-19 11:30:40.772,420.8457771647618,8
2024-09-19 11:30:40.778,420.8050856662401,95
2024-09-19 11:30:40.860,420.82940343554606,13
2024-09-19 11:30:41.006,420.7540943106852,11
2024-09-19 11:30:41.066,420.7313285277048,1005
2024-09-19 11:30:41.072,420.7225062539714,999
2024-09-19 11:30:41.101,420.73079355053767,100
2024-09-19 11:30:41.226,420.7620270134151,997
2024-09-19 11:30:41.235,420.736685170822,999
2024-09-19 11:30:41.268,420.7225031870663,14
2024-09-19 11:30:41.275,420.7869808580994,999
2024-09-19 11:30:41.280,420.7729627324542,998
2024-09-19 11:30:41.468,420.7507716855678,100
2024-09-19 11:30:41.474,420.70735273980415,996
2024-09-19 11:30:41.540,420.757079778326,9
2024-09-19 11:30:41.578,420.7347758356738,1005
2024-09-19 11:30:41.699,420.707935723334,104
2024-09-19 11:30:41.761,420.71555295097886,12
2024-09-19 11:30:41.938,420.7155552931008,95
2024-09-19 11:30:42.055,420.7553233822852,97
2024-09-19 11:30:42.070,420.733336313477,104
2024-09-19 11:30:42.116,420.780727547046,104
2024-09-19 11:30:42.120,420.7657561825662,99
2024-09-19 11:30:42.161,420.7929481544178,998
2024-09-19 11:30:42.188,420.71254587881873,98
2024-09-19 11:30:42.212,420.76279743051737,15
2024-09-19 11:30:42.216,420.7714140517665,1005
2024-09-19 11:30:42.218,420.7598552409716,1000
2024-09-19 11:30:42.223,420.7843063204232,96
2024-09-19 11:30:42.255,42.07823546474634,1000
2024-09-19 11:30:42.272,420.75462184399805,1005
2024-09-19 11:30:42.446,420.7782040583424,105
2024-09-19 11:30:42.465,420.755118921956,5
2024-09-19 11:30:42.615,420.73630909195,997
2024-09-19 11:30:42.660,420.73484852809673,999
2024-09-19 11:30:42.702,,995
2024-09-19 11:30:42.711,420.7660213430884,10
2024-09-19 11:30:42.714,42.07497726278684,1004
2024-09-19 11:30:42.763,420.76722887759513,98
2024-09-19 11:30:42.773,,1001
2024-09-19 11:30:42.783,420.75028746871146,999
2024-09-19 11:30:42.815,420.72185803757736,100
2024-09-19 11:30:42.821,420.7704187198085,105
2024-09-19 11:30:42.833,420.77349883092336,1003
2024-09-19 11:30:42.849,420.7614747229972,1002
2024-09-19 11:30:42.889,420.71174480163774,12
2024-09-19 11:30:42.916,420.7566546799865,13
2024-09-19 11:30:43.022,420.733802952568,1001
2024-09-19 11:30:43.046,420.7448356739732,101
2024-09-19 11:30:43.118,420.731964148287,1000
2024-09-19 11:30:43.175,420.7271751083896,5
2024-09-19 11:30:43.416,420.72290375551006,103
2024-09-19 11:30:43.449,420.7195691568434,101
2024-09-19 11:30:43.452,420.7508305080948,995
2024-09-19 11:30:43.511,420.74078488460754,9
2024-09-19 11:30:43.534,420.7250162207018,995
2024-09-19 11:30:43.582,420.717173907133,105
2024-09-19 11:30:43.612,420.71169092098216,995
2024-09-19 11:30:43.646,420.742836794035,11
2024-09-19 11:30:43.791,420.7550467229815,1003
2024-09-19 11:30:43.825,420.75248891184737,15
2024-09-19 11:30:43.852,420.73051612621657,1001
2024-09-19 11:30:43.958,420.7264173497106,1005
2024-09-19 11:30:43.966,420.7409269224893,10
2024-09-19 11:30:43.974,420.7538986831702,1001
2024-09-19 11:30:43.978,420.7172708426699,103
2024-09-19 11:30:43.989,420.7222222117576,998
2024-09-19 11:30:44.127,420.68258511133627,98
2024-09-19 11:30:44.134,420.6984165795184,95
2024-09-19 11:30:44.170,420.66530554174847,100
2024-09-19 11:30:44.342,420.6984903701888,12
2024-09-19 11:30:44.364,420.6916114034216,1000
2024-09-19 11:30:44.364,420.67822645990935,7
2024-09-19 11:30:44.471,420.6445899258709,1001
2024-09-19 11:30:44.502,420.65545829448064,96
2024-09-19 11:30:44.543,420.7125100377024,6
2024-09-19 11:30:44.634,420.6601278162604,1005
2024-09-19 11:30:45.100,420.7211988626684,1001
2024-09-19 11:30:45.136,420.7113755968925,11
2024-09-19 11:30:45.160,420.7023566294612,12
2024-09-19 11:30:45.303,420.727679409195,97
2024-09-19 11:30:45.332,420.73854125541226,998
2024-09-19 11:30:45.426,420.7386239291251,10
2024-09-19 11:30:46.778,420.77072697258905,996
2024-09-19 11:30:46.828,420.7591752958188,999
2024-09-19 11:30:47.236,420.7807685595919,997
2024-09-19 11:30:47.328,420.7518957099517,11
2024-09-19 11:30:48.278,420.7529725269548,10
2024-09-19 11:30:49.048,420.74321702837807,101
2024-09-19 11:30:49.166,420.7118578719868,104
2024-09-19 11:30:49.179,420.7062833992552,1004
2024-09-19 11:30:49.312,420.74956890567984,997
2024-09-19 11:30:49.363,420.7523658435264,1002
2024-09-19 11:30:49.372,420.77261894740815,97
2024-09-19 11:30:49.425,420.7495535050076,996
2024-09-19 11:30:49.446,420.7628077330086,10
2024-09-19 11:30:49.450,420.74896464896017,1003
2024-09-19 11:30:49.477,420.75387314119627,998
2024-09-19 11:30:49.641,420.7558975825333,1000
2024-09-19 11:30:49.653,420.7292306048983,10
2024-09-19 11:30:49.741,420.7600973435089,101
2024-09-19 11:30:49.758,420.7512587561066,999
2024-09-19 11:30:49.795,420.740210987603,1004
2024-09-19 11:30:49.810,420.7248549487314,14
2024-09-19 11:30:49.831,420.708732522125,9
2024-09-19 11:30:49.882,420.7002160577475,998
2024-09-19 11:30:49.926,420.735783064265,96
2024-09-19 11:30:50.018,420.72624119431975,15
2024-09-19 11:30:50.040,420.7352767782604,1003
2024-09-19 11:30:50.254,420.72845171909694,104
2024-09-19 11:30:50.290,420.72983115958687,995
2024-09-19 11:30:50.317,420.7496663026433,98
2024-09-19 11:30:50.330,420.7432089478445,102
2024-09-19 11:30:50.349,420.7505154873352,12
2024-09-19 11:30:50.349,420.74828570387086,8
2024-09-19 11:30:50.495,420.7267819060877,10
2024-09-19 11:30:50.498,420.7168919077969,995
2024-09-19 11:30:50.537,420.7152194640143,14
2024-09-19 11:30:50.610,420.7296164689636,1001
2024-09-19 11:30:50.635,420.7333647948973,12
2024-09-19 11:30:50.725,420.7200776209234,7
2024-09-19 11:30:50.803,420.71688664987886,100
2024-09-19 11:30:51.019,420.7456499913166,8
2024-09-19 11:30:51.031,420.7738073338396,1000
2024-09-19 11:30:51.156,420.78394648532856,101
2024-09-19 11:30:51.185,420.72804122728337,997
2024-09-19 11:30:51.217,420.7850494276636,15
2024-09-19 11:30:51.306,420.7846651906642,1003
2024-09-19 11:30:51.313,420.775935634738,8
2024-09-19 11:30:51.444,420.7527145246109,100
2024-09-19 11:30:51.465,420.7420795517546,11
2024-09-19 11:30:51.472,420.8062697004104,97
2024-09-19 11:30:51.494,420.7882304827765,8
2024-09-19 11:30:51.523,420.7390502257669,1004
2024-09-19 11:30:51.527,420.7653905063083,1001
2024-09-19 11:30:51.537,420.752447704425,999
2024-09-19 11:30:51.661,420.7362851456349,15
2024-09-19 11:30:51.675,420.7343856288971,999
2024-09-19 11:30:51.691,420.73929267400297,1005
2024-09-19 11:30:51.811,420.72404893259335,104
2024-09-19 11:30:51.901,420.7978704605462,1000
2024-09-19 11:30:51.910,420.7289843451236,9
2024-09-19 11:30:51.952,420.7356072597333,98
2024-09-19 11:30:51.989,420.8286005860636,6
2024-09-19 11:30:52.295,420.8411964812414,1000
2024-09-19 11:30:52.464,420.8399853499267,96
2024-09-19 11:30:52.615,420.84382439644617,1005
2024-09-19 11:30:52.705,420.8269189366228,1003
2024-09-19 11:30:52.805,420.85682251349215,98
2024-09-19 11:30:52.814,420.85775032458935,14
2024-09-19 11:30:52.823,420.8481699059328,997
2024-09-19 11:30:52.853,420.83529879997326,101
2024-09-19 11:30:52.864,420.8233794761683,95
2024-09-19 11:30:52.940,42.08428320914585,999
2024-09-19 11:30:53.058,420.8190717001477,999
2024-09-19 11:30:53.082,420.807240713606,5
2024-09-19 11:30:53.257,420.8121909541851,6
2024-09-19 11:30:53.277,420.80314046407375,999
2024-09-19 11:30:53.278,420.79459966370734,8
2024-09-19 11:30:53.303,420.7956277088219,995
2024-09-19 11:30:53.476,420.8139213875758,995
2024-09-19 11:30:53.503,420.8714585624116,103
2024-09-19 11:30:53.511,420.8507582802197,996
2024-09-19 11:30:53.552,420.8076397350765,13
2024-09-19 11:30:53.590,420.8076477410736,102
2024-09-19 11:30:53.614,420.85727465767104,12
2024-09-19 11:30:53.626,42.08657359968564,103
2024-09-19 11:30:53.626,420.8014412167866,96
2024-09-19 11:30:53.640,420.82866273994654,98
2024-09-19 11:30:53.641,420.7932307098712,1005
2024-09-19 11:30:53.676,420.80931588173297,99
2024-09-19 11:30:53.716,420.79983666633393,9
2024-09-19 11:30:53.721,420.8175509608228,998
2024-09-19 11:30:53.741,420.8518149745818,995
2024-09-19 11:30:53.806,420.8093543633987,15
2024-09-19 11:30:53.873,420.863549726191,98
2024-09-19 11:30:53.896,420.80293814252894,1003
2024-09-19 11:30:53.901,420.8300545989661,11
2024-09-19 11:30:53.913,420.84267060938873,100
2024-09-19 11:30:53.966,420.8018980584628,11
2024-09-19 11:30:54.001,420.829480148924,997
2024-09-19 11:30:54.087,420.858904924966,1002
2024-09-19 11:30:54.229,420.8570101901767,97
2024-09-19 11:30:54.254,420.8458563112537,8
2024-09-19 11:30:54.297,420.8293983752913,1005
2024-09-19 11:30:54.325,420.8348692814421,101
2024-09-19 11:30:54.356,420.8376615822452,101
2024-09-19 11:30:54.381,420.8317071796381,1003
2024-09-19 11:30:54.468,420.8556380621925,14
2024-09-19 11:30:54.484,420.8551927926543,1001
2024-09-19 11:30:54.516,420.8378647109296,1003
2024-09-19 11:30:54.648,420.83573937601153,97
2024-09-19 11:30:54.844,420.8431859858942,99
2024-09-19 11:30:55.493,420.8188330031173,1003
2024-09-19 11:30:55.805,420.80270175925307,6
2024-09-19 11:30:56.275,420.8080412719009,11
2024-09-19 11:30:56.474,420.8464121160648,13
2024-09-19 11:30:56.695,420.8261919443433,103
2024-09-19 11:30:56.695,420.84967806341393,95
2024-09-19 11:30:56.782,420.8716199458999,5
2024-09-19 11:30:56.998,420.8453741149316,102
2024-09-19 11:30:57.043,420.876346438777,97
2024-09-19 11:30:57.211,420.88026226966144,998
2024-09-19 11:30:57.296,420.8755713048064,11
2024-09-19 11:30:57.455,420.8758247898336,1004
2024-09-19 11:30:57.865,420.8999840963006,996
2024-09-19 11:30:57.896,420.8787317717686,1001
2024-09-19 11:30:57.998,420.8871232980388,1001
2024-09-19 11:30:58.020,420.9922029952575,996
2024-09-19 11:30:58.313,420.9166626057066,98
2024-09-19 11:30:58.421,420.9824140362148,1003
2024-09-19 11:30:58.609,420.889570640219,1003
2024-09-19 11:30:58.626,420.9472519805569,1005
2024-09-19 11:30:58.635,420.9135001411307,1005
2024-09-19 11:30:58.677,420.9169826513405,14
2024-09-19 11:30:58.819,420.9589931733923,10
2024-09-19 11:30:58.826,420.9843521502939,995
2024-09-19 11:30:58.872,420.9092809876186,10
2024-09-19 11:30:58.927,420.9079193226494,998
2024-09-19 11:30:58.932,420.9256195241736,1001
2024-09-19 11:30:59.053,420.946085864681,14
2024-09-19 11:30:59.120,420.965129753303,12
2024-09-19 11:30:59.131,420.9924893596691,95
2024-09-19 11:30:59.267,420.9872169412224,100
2024-09-19 11:30:59.345,421.0039730872872,104
2024-09-19 11:30:59.349,420.9528757134743,12
2024-09-19 11:30:59.374,420.9907794368506,100
2024-09-19 11:30:59.390,420.9907880298409,96
2024-09-19 11:30:59.402,421.0128022916693,104
2024-09-19 11:30:59.406,420.961815133627,1003
2024-09-19 11:30:59.432,420.9649741544308,104
2024-09-19 11:30:59.491,420.9802193846358,15
2024-09-19 11:30:59.516,420.9654062553553,98
2024-09-19 11:30:59.616,420.9729933988265,1001
2024-09-19 11:30:59.663,420.96489977946834,10
2024-09-19 11:30:59.715,420.9797092696196,96
2024-09-19 11:30:59.804,421.0054738356085,1000
2024-09-19 11:30:59.885,420.93858126082,8
