Timestamp,Price,Size
2024-09-17 14:13:00.046,403.12467833061305,95
2024-09-17 14:13:00.094,403.1232201321768,996
2024-09-17 14:13:00.180,403.1363817261389,8
2024-09-17 14:13:00.208,403.1216464914748,102
2024-09-17 14:13:00.240,403.11999343484575,15
2024-09-17 14:13:00.302,403.1307732565554,15
2024-09-17 14:13:00.343,403.11553856694144,995
2024-09-17 14:13:00.410,403.1284440430159,999
2024-09-17 14:13:00.481,403.1248963869327,104
2024-09-17 14:13:00.680,403.1196302252792,1005
2024-09-17 14:13:00.684,403.1172735903296,996
2024-09-17 14:13:00.697,403.12198495598966,1001
2024-09-17 14:13:00.735,403.12332572394433,1001
2024-09-17 14:13:00.742,403.10193715945775,1005
2024-09-17 14:13:00.754,403.0980061928564,1002
2024-09-17 14:13:00.787,403.13323113243,105
2024-09-17 14:13:00.820,403.1004163283318,98
2024-09-17 14:13:01.015,403.1359222680033,12
2024-09-17 14:13:01.290,403.1868901152299,5
2024-09-17 14:13:01.317,-403.1396491879379,1002
2024-09-17 14:13:01.323,403.17806429739073,1001
2024-09-17 14:13:01.352,403.1616320586998,11
2024-09-17 14:13:01.530,403.1782902291554,7
2024-09-17 14:13:01.568,403.1702524658818,8
2024-09-17 14:13:01.584,403.1710651937061,11
2024-09-17 14:13:01.671,403.1604727319458,5
2024-09-17 14:13:01.732,403.1675505042636,5
2024-09-17 14:13:01.888,403.1652050625936,5
2024-09-17 14:13:01.927,403.14236813029066,98
2024-09-17 14:13:01.939,403.1240723957025,102
2024-09-17 14:13:01.961,403.1457101228035,104
2024-09-17 14:13:01.992,403.1677992767938,999
2024-09-17 14:13:02.028,403.1448111723511,101
2024-09-17 14:13:02.073,403.1712069720776,996
2024-09-17 14:13:02.103,403.185727347657,996
2024-09-17 14:13:02.111,403.09738981490784,1000
2024-09-17 14:13:02.132,403.1235328281543,1005
2024-09-17 14:13:02.144,403.15507281096615,997
2024-09-17 14:13:02.159,403.076363277672,995
2024-09-17 14:13:02.249,40.31735532609834,998
2024-09-17 14:13:02.338,403.1530881413101,13
2024-09-17 14:13:02.339,403.15112195494487,104
2024-09-17 14:13:02.478,403.1032754321188,995
2024-09-17 14:13:02.492,403.1531199967084,996
2024-09-17 14:13:02.535,403.0782649037236,13
2024-09-17 14:13:02.581,403.1508251253114,12
2024-09-17 14:13:02.617,403.15868164853975,14
2024-09-17 14:13:02.725,403.0883263699017,997
2024-09-17 14:13:02.772,403.1506316667022,999
2024-09-17 14:13:02.841,403.1799797259031,98
2024-09-17 14:13:02.844,403.089869660256,995
2024-09-17 14:13:02.941,403.159987561447,999
2024-09-17 14:13:03.001,403.07783640605845,105
2024-09-17 14:13:03.003,403.1346436137081,999
2024-09-17 14:13:03.074,403.0939810135137,100
2024-09-17 14:13:03.104,403.1105585768864,105
2024-09-17 14:13:03.140,403.11569863296336,11
2024-09-17 14:13:03.140,403.0496910152894,105
2024-09-17 14:13:03.249,403.0677780701844,10
2024-09-17 14:13:03.290,403.0854822875542,13
2024-09-17 14:13:03.298,403.0673450535869,1002
2024-09-17 14:13:03.351,403.0615872202137,101
2024-09-17 14:13:03.354,403.06991358723633,99
2024-09-17 14:13:03.398,403.10828890398017,98
2024-09-17 14:13:03.452,403.1043451385671,995
2024-09-17 14:13:03.460,403.0590552955695,1001
2024-09-17 14:13:03.510,403.1037676346541,999
2024-09-17 14:13:03.511,403.0859358634994,102
2024-09-17 14:13:03.555,403.0804893593559,1004
2024-09-17 14:13:03.606,403.101011537484,12
2024-09-17 14:13:03.611,403.1172146358976,9
2024-09-17 14:13:03.642,403.1226055756125,8
2024-09-17 14:13:03.661,403.1237127921967,1001
2024-09-17 14:13:03.670,403.1045114292932,1002
2024-09-17 14:13:03.694,403.0450095282524,97
2024-09-17 14:13:03.769,-403.1195561020349,995
2024-09-17 14:13:03.895,403.0908635626983,995
2024-09-17 14:13:03.920,403.0895245438969,104
2024-09-17 14:13:04.000,403.09499300842026,7
2024-09-17 14:13:04.034,403.10924095278034,7
2024-09-17 14:13:04.059,403.09402953095184,999
2024-09-17 14:13:04.262,403.10170917254976,1005
2024-09-17 14:13:04.455,403.1058557286532,99
2024-09-17 14:13:04.463,403.1210089399388,14
2024-09-17 14:13:04.696,40.30946822851625,1003
2024-09-17 14:13:04.757,403.1111029093908,997
2024-09-17 14:13:05.109,403.1164172592176,1000
2024-09-17 14:13:05.142,403.2099738163045,1001
2024-09-17 14:13:05.275,403.13458967175103,103
2024-09-17 14:13:05.287,403.1477457991943,11
2024-09-17 14:13:05.287,403.1114725080444,996
2024-09-17 14:13:05.302,403.1789352839546,104
2024-09-17 14:13:05.314,-403.21889182037336,101
2024-09-17 14:13:05.323,403.2163700534015,96
2024-09-17 14:13:05.366,403.2069542216868,998
2024-09-17 14:13:05.383,403.1395981390649,997
2024-09-17 14:13:05.442,40.31939511818236,5
2024-09-17 14:13:05.502,403.2168056520843,103
2024-09-17 14:13:05.564,403.1236362622804,13
2024-09-17 14:13:05.580,403.1632611702346,99
2024-09-17 14:13:05.599,403.20490160635023,999
2024-09-17 14:13:05.657,403.1616949925025,105
2024-09-17 14:13:05.659,403.1241868528127,7
2024-09-17 14:13:05.693,403.19717380570114,6
2024-09-17 14:13:05.721,403.158085924732,12
2024-09-17 14:13:05.802,403.13342483984536,999
2024-09-17 14:13:05.842,403.1394038275144,101
2024-09-17 14:13:05.928,403.1961036422721,104
2024-09-17 14:13:05.941,403.1899380209027,99
2024-09-17 14:13:06.023,403.2199620389709,1002
2024-09-17 14:13:06.103,403.2463508109536,6
2024-09-17 14:13:06.122,403.2823484834304,13
2024-09-17 14:13:06.232,403.2644691273306,1000
2024-09-17 14:13:06.284,403.2099629311512,103
2024-09-17 14:13:06.309,403.25786737072434,95
2024-09-17 14:13:06.385,403.2149311233565,1005
2024-09-17 14:13:06.636,403.2789019034661,13
2024-09-17 14:13:06.654,403.2068157994949,15
2024-09-17 14:13:06.685,403.2411311768677,102
2024-09-17 14:13:06.699,403.2756671154113,103
2024-09-17 14:13:06.711,403.2174439284062,1002
2024-09-17 14:13:06.752,403.26778511258175,96
2024-09-17 14:13:06.826,403.19626504637296,8
2024-09-17 14:13:06.827,403.2596423358272,104
2024-09-17 14:13:06.849,403.2208782472444,998
2024-09-17 14:13:06.864,403.2267095587368,102
2024-09-17 14:13:06.994,403.2184896566612,103
2024-09-17 14:13:07.021,403.2266268652766,103
2024-09-17 14:13:07.206,403.2031951873343,96
2024-09-17 14:13:07.269,-403.2623001455377,99
2024-09-17 14:13:07.272,403.2436324919432,1003
2024-09-17 14:13:07.415,403.19214103756434,999
2024-09-17 14:13:07.427,403.17941976564015,97
2024-09-17 14:13:07.449,403.2455322580466,102
2024-09-17 14:13:07.653,403.1789377632946,1000
2024-09-17 14:13:07.664,403.254314801706,1002
2024-09-17 14:13:07.716,403.1957260879543,7
2024-09-17 14:13:07.724,403.241355281394,96
2024-09-17 14:13:07.777,403.2356565520704,96
2024-09-17 14:13:07.851,,5
2024-09-17 14:13:07.859,403.1908377071164,1005
2024-09-17 14:13:07.893,403.1896219887849,12
2024-09-17 14:13:08.041,403.1846972536714,104
2024-09-17 14:13:08.197,403.1581805292861,96
2024-09-17 14:13:08.208,403.1491072395491,95
2024-09-17 14:13:08.264,403.1440079394456,103
2024-09-17 14:13:08.385,403.1637273071677,96
2024-09-17 14:13:08.545,403.1560048892778,15
2024-09-17 14:13:08.547,403.1698749993906,999
2024-09-17 14:13:08.597,403.1505494252142,12
2024-09-17 14:13:08.675,403.1798228372583,104
2024-09-17 14:13:09.033,403.1975981090638,99
2024-09-17 14:13:09.083,403.1891729105338,15
2024-09-17 14:13:09.105,403.1968653892015,1001
2024-09-17 14:13:09.150,403.1667143244272,999
2024-09-17 14:13:09.223,403.1892898506132,105
2024-09-17 14:13:09.242,403.1943266192227,997
2024-09-17 14:13:09.248,-403.17497783495537,1000
2024-09-17 14:13:09.324,403.1783960381374,95
2024-09-17 14:13:09.455,403.1680928936656,8
2024-09-17 14:13:09.514,403.1917868384497,102
2024-09-17 14:13:09.560,403.1706292492562,15
2024-09-17 14:13:09.566,403.2024766616219,101
2024-09-17 14:13:09.632,403.1802983991449,1000
2024-09-17 14:13:09.638,403.1925618450429,1003
2024-09-17 14:13:09.656,403.2010717311071,101
2024-09-17 14:13:09.716,403.19696591072375,97
2024-09-17 14:13:10.132,403.19076611246686,105
2024-09-17 14:13:10.164,403.16956468266113,98
2024-09-17 14:13:10.165,403.2162817789859,999
2024-09-17 14:13:10.380,403.15141273458414,5
2024-09-17 14:13:10.700,403.1653355088452,100
2024-09-17 14:13:10.761,403.1585156561946,8
2024-09-17 14:13:10.858,403.206652144576,15
2024-09-17 14:13:11.059,403.18763011846863,103
2024-09-17 14:13:11.061,403.1744688907326,1003
2024-09-17 14:13:11.165,403.1952450030046,1004
2024-09-17 14:13:11.169,403.21505290514,996
2024-09-17 14:13:11.192,403.2328341686738,13
2024-09-17 14:13:11.207,403.1675596794297,105
2024-09-17 14:13:11.236,403.2302914359149,15
2024-09-17 14:13:11.257,403.16067904695103,8
2024-09-17 14:13:11.372,403.1559214535451,103
2024-09-17 14:13:11.413,403.2060807522618,101
2024-09-17 14:13:11.478,403.18416883537054,995
2024-09-17 14:13:11.502,403.13766087012726,1002
2024-09-17 14:13:11.527,403.1715849126966,1003
2024-09-17 14:13:11.550,403.19850557242125,11
2024-09-17 14:13:11.615,403.1911289207993,5
2024-09-17 14:13:11.617,403.2148502809024,1003
2024-09-17 14:13:11.654,403.1725971580399,1002
2024-09-17 14:13:11.657,403.1410649793539,997
2024-09-17 14:13:11.724,403.16256315201593,1000
2024-09-17 14:13:11.761,403.20983058866426,10
2024-09-17 14:13:11.788,403.2302720713069,101
2024-09-17 14:13:11.810,403.16990430030864,1004
2024-09-17 14:13:11.815,403.1823465103213,7
2024-09-17 14:13:11.857,403.1589442063541,1005
2024-09-17 14:13:11.971,403.19870110959226,9
2024-09-17 14:13:11.979,403.1853835750888,10
2024-09-17 14:13:12.144,403.13833959341446,1003
2024-09-17 14:13:12.165,403.1366958103266,104
2024-09-17 14:13:12.238,403.1219107913393,1001
2024-09-17 14:13:12.241,403.120379588745,99
2024-09-17 14:13:12.266,40.31369611701002,1005
2024-09-17 14:13:12.311,403.1174890994232,8
2024-09-17 14:13:12.436,403.1120581085613,8
2024-09-17 14:13:12.447,403.1157518880269,998
2024-09-17 14:13:12.450,403.1271022696013,1001
2024-09-17 14:13:12.490,403.1184371522454,105
2024-09-17 14:13:12.558,403.1183264424905,6
2024-09-17 14:13:12.620,403.1143480319502,13
2024-09-17 14:13:12.635,403.13394346071067,9
2024-09-17 14:13:12.649,403.1117046026547,98
2024-09-17 14:13:12.804,40.31367697705001,12
2024-09-17 14:13:12.877,403.1267105640098,9
2024-09-17 14:13:12.926,403.1284416763336,15
2024-09-17 14:13:12.945,403.1224476481385,1005
2024-09-17 14:13:13.000,403.0987321855906,999
2024-09-17 14:13:13.188,403.1033280482556,1003
2024-09-17 14:13:13.234,403.1194867721129,101
2024-09-17 14:13:13.243,-403.12174342058927,98
2024-09-17 14:13:14.216,403.1216709250312,999
2024-09-17 14:13:15.087,403.1112051060168,998
2024-09-17 14:13:15.139,403.1164164053939,10
2024-09-17 14:13:15.172,403.12248468954914,100
2024-09-17 14:13:15.249,403.11572594621566,13
2024-09-17 14:13:15.259,403.1291187242181,998
2024-09-17 14:13:15.432,403.1048957704698,98
2024-09-17 14:13:15.493,403.1024539313152,95
2024-09-17 14:13:15.644,403.1298610133056,8
2024-09-17 14:13:15.671,403.1101264562821,12
2024-09-17 14:13:15.741,403.1034259983786,105
2024-09-17 14:13:15.762,403.1174976004044,101
2024-09-17 14:13:15.768,403.11277340031126,102
2024-09-17 14:13:15.851,403.110221776847,995
2024-09-17 14:13:15.901,403.0957623886847,11
2024-09-17 14:13:16.069,403.0602559647808,100
2024-09-17 14:13:16.160,403.0982084177313,997
2024-09-17 14:13:16.281,403.03475160644393,1000
2024-09-17 14:13:16.319,403.1060443021041,103
2024-09-17 14:13:16.349,403.0373938789126,1002
2024-09-17 14:13:16.426,403.05836004647546,1005
2024-09-17 14:13:16.459,403.0681702528228,11
2024-09-17 14:13:16.473,403.075921015024,1004
2024-09-17 14:13:16.488,403.0269111124068,14
2024-09-17 14:13:16.493,,995
2024-09-17 14:13:16.565,403.0450056319265,6
2024-09-17 14:13:16.608,403.0944450008161,104
2024-09-17 14:13:16.674,403.0642461576082,1003
2024-09-17 14:13:16.725,403.0525652505301,1002
2024-09-17 14:13:16.811,403.0743526899013,100
2024-09-17 14:13:16.889,403.0572089249233,13
2024-09-17 14:13:17.008,40.304775972456255,96
2024-09-17 14:13:17.090,403.0804815996012,997
2024-09-17 14:13:17.158,403.0576752759538,100
2024-09-17 14:13:17.189,403.0924255288238,5
2024-09-17 14:13:17.220,403.0554131112649,12
2024-09-17 14:13:17.262,403.05732762380666,995
2024-09-17 14:13:17.273,403.10515477611295,15
2024-09-17 14:13:17.301,403.0722718201455,1002
2024-09-17 14:13:17.339,403.09245451330486,102
2024-09-17 14:13:17.347,403.0406360107898,100
2024-09-17 14:13:17.360,403.06033251127127,995
2024-09-17 14:13:17.590,403.05175576756153,100
2024-09-17 14:13:17.611,403.0451426862065,1004
2024-09-17 14:13:17.631,403.0938315255856,1001
2024-09-17 14:13:17.662,403.085164289233,997
2024-09-17 14:13:17.690,403.04839140540446,12
2024-09-17 14:13:17.691,403.0483847855575,99
2024-09-17 14:13:17.724,403.0694354772709,95
2024-09-17 14:13:17.732,403.0449941061852,101
2024-09-17 14:13:17.791,403.0623612042678,1000
2024-09-17 14:13:17.809,403.0651095111004,97
2024-09-17 14:13:17.865,403.0653277699706,996
2024-09-17 14:13:17.888,403.062844958751,9
2024-09-17 14:13:17.924,403.05833350238544,1005
2024-09-17 14:13:17.950,403.07530985260655,1000
2024-09-17 14:13:17.957,403.1087827196695,12
2024-09-17 14:13:18.287,403.08676162136027,10
2024-09-17 14:13:18.334,403.08233424028913,95
2024-09-17 14:13:18.374,403.1025887464986,7
2024-09-17 14:13:18.417,403.1138153220017,8
2024-09-17 14:13:18.423,403.09771804069976,12
2024-09-17 14:13:18.535,403.0489278941765,103
2024-09-17 14:13:18.550,403.0703510684135,997
2024-09-17 14:13:18.659,403.0768682372036,97
2024-09-17 14:13:18.787,403.0883942746625,8
2024-09-17 14:13:19.001,403.0441077390077,996
2024-09-17 14:13:19.040,403.05285926817777,998
2024-09-17 14:13:19.071,403.0415212921192,10
2024-09-17 14:13:19.075,403.04726694205885,104
2024-09-17 14:13:19.082,403.044066190605,98
2024-09-17 14:13:19.158,403.0415951251641,105
2024-09-17 14:13:19.236,403.105398399336,97
2024-09-17 14:13:19.241,40.30322326403154,105
2024-09-17 14:13:19.253,403.0625116854751,1003
2024-09-17 14:13:19.261,403.0467332965637,97
2024-09-17 14:13:19.309,403.0727728381622,1002
2024-09-17 14:13:19.335,403.0490315471636,8
2024-09-17 14:13:19.375,403.0483315741377,11
2024-09-17 14:13:19.446,403.0813558856611,95
2024-09-17 14:13:19.467,403.08605226382855,1003
2024-09-17 14:13:19.555,40.30488030730238,10
2024-09-17 14:13:19.596,403.0632578386392,95
2024-09-17 14:13:19.630,,1003
2024-09-17 14:13:19.660,403.051053414389,14
2024-09-17 14:13:19.662,403.0488108816408,9
2024-09-17 14:13:19.699,403.05520101726495,5
2024-09-17 14:13:19.699,403.06589484977184,103
2024-09-17 14:13:19.749,403.0824435320564,1002
2024-09-17 14:13:19.779,403.0759062022179,995
2024-09-17 14:13:19.796,403.11638565573145,8
2024-09-17 14:13:19.815,403.0435033996827,1005
2024-09-17 14:13:19.946,403.0604355323644,11
2024-09-17 14:13:19.960,403.1047535470577,1004
2024-09-17 14:13:19.992,403.0620846756019,102
2024-09-17 14:13:20.014,402.9904119110018,15
2024-09-17 14:13:20.020,403.0062859210324,1002
2024-09-17 14:13:20.027,402.9792454857549,8
2024-09-17 14:13:20.040,403.0186481331134,998
2024-09-17 14:13:20.057,403.03826245460107,11
2024-09-17 14:13:20.075,403.017617213617,15
2024-09-17 14:13:20.096,403.0324771892447,1004
2024-09-17 14:13:20.099,402.9744016183439,13
2024-09-17 14:13:20.131,40.29878043620138,1001
2024-09-17 14:13:20.159,403.020698405999,996
2024-09-17 14:13:20.189,402.974221664044,13
2024-09-17 14:13:20.289,402.9803635627833,95
2024-09-17 14:13:20.300,403.0169011147803,13
2024-09-17 14:13:20.301,403.0264019504992,101
2024-09-17 14:13:20.308,403.0094092907009,8
2024-09-17 14:13:20.310,402.99552458441474,11
2024-09-17 14:13:20.338,402.9675608944624,997
2024-09-17 14:13:20.396,403.00897859681305,99
2024-09-17 14:13:20.401,402.9887457711929,96
2024-09-17 14:13:20.420,402.9899505910107,104
2024-09-17 14:13:20.505,403.0021348827759,1000
2024-09-17 14:13:20.643,402.97584827269895,1002
2024-09-17 14:13:20.677,403.0163592898152,15
2024-09-17 14:13:20.688,403.02590488120126,13
2024-09-17 14:13:20.735,402.9591378087486,1002
2024-09-17 14:13:20.834,403.0408131239241,6
2024-09-17 14:13:20.909,403.0289806061343,997
2024-09-17 14:13:20.942,402.9849950629906,1004
2024-09-17 14:13:20.966,402.9769798529649,7
2024-09-17 14:13:21.011,402.98649673619,9
2024-09-17 14:13:21.114,403.0138514003069,5
2024-09-17 14:13:21.116,402.9584119129088,5
2024-09-17 14:13:21.136,403.0194819415145,9
2024-09-17 14:13:21.175,403.0214079020549,11
2024-09-17 14:13:21.206,402.9527855940443,105
2024-09-17 14:13:21.207,402.9765246376226,6
2024-09-17 14:13:21.513,402.9694631435178,98
2024-09-17 14:13:21.526,402.961150567413,1001
2024-09-17 14:13:21.551,403.0128797863072,14
2024-09-17 14:13:21.568,402.96313183412593,1000
2024-09-17 14:13:21.580,402.9684933432392,99
2024-09-17 14:13:21.581,402.9766578343504,7
2024-09-17 14:13:21.625,403.0008031276111,996
2024-09-17 14:13:21.720,402.9709089406783,1000
2024-09-17 14:13:21.727,403.0171327424824,5
2024-09-17 14:13:21.745,,95
2024-09-17 14:13:21.846,402.9657944945656,100
2024-09-17 14:13:21.873,402.9774285090184,97
2024-09-17 14:13:21.999,402.994216435476,103
2024-09-17 14:13:22.010,402.9698190675791,15
2024-09-17 14:13:22.028,,11
2024-09-17 14:13:22.094,402.9650983451761,1001
2024-09-17 14:13:22.228,402.975582976789,7
2024-09-17 14:13:22.231,402.9658662320271,104
2024-09-17 14:13:22.239,402.954731344026,95
2024-09-17 14:13:22.240,402.958705097178,8
2024-09-17 14:13:22.370,402.9379732288584,105
2024-09-17 14:13:22.392,402.9571791314024,1004
2024-09-17 14:13:22.493,402.9900924948112,103
2024-09-17 14:13:22.533,402.94817146867337,995
2024-09-17 14:13:22.584,402.9725608861985,998
2024-09-17 14:13:22.664,402.9671041256025,1001
2024-09-17 14:13:22.764,402.9527466697609,102
2024-09-17 14:13:22.812,402.9520879957372,15
2024-09-17 14:13:22.837,402.995350857577,999
2024-09-17 14:13:22.867,402.93671836132967,995
2024-09-17 14:13:22.939,402.95353550521367,1000
2024-09-17 14:13:22.973,402.9514656392932,97
2024-09-17 14:13:22.997,402.9611515921072,8
2024-09-17 14:13:23.006,402.9090986495153,1000
2024-09-17 14:13:23.153,402.90014712195085,1002
2024-09-17 14:13:23.245,402.9153532521841,1002
2024-09-17 14:13:23.270,402.94761469757407,1000
2024-09-17 14:13:23.298,402.8801416772733,8
2024-09-17 14:13:23.320,402.9194636224221,95
2024-09-17 14:13:23.424,402.9044902694522,1002
2024-09-17 14:13:23.448,402.9274641201802,95
2024-09-17 14:13:23.521,402.9137320361672,1004
2024-09-17 14:13:23.529,402.9117222651099,1002
2024-09-17 14:13:23.574,402.9007905306287,100
2024-09-17 14:13:23.641,402.93845783865424,101
2024-09-17 14:13:23.658,402.8995771781845,13
2024-09-17 14:13:23.687,402.8907758301116,997
2024-09-17 14:13:23.763,402.90340509262,5
2024-09-17 14:13:23.790,402.8979108102165,12
2024-09-17 14:13:23.791,402.9147105472272,995
2024-09-17 14:13:23.898,402.88702942213865,104
2024-09-17 14:13:23.933,402.9131656448172,102
2024-09-17 14:13:23.961,402.90670802162566,101
2024-09-17 14:13:23.993,402.8894380528695,97
2024-09-17 14:13:24.690,402.9165720292749,12
2024-09-17 14:13:25.309,402.9023439275065,100
2024-09-17 14:13:25.454,402.91368585635934,997
2024-09-17 14:13:25.454,402.9310198725202,96
2024-09-17 14:13:25.594,402.9253410214947,100
2024-09-17 14:13:25.700,402.9402437511682,1000
2024-09-17 14:13:25.715,402.9229913591831,97
2024-09-17 14:13:25.892,402.9391491509564,995
2024-09-17 14:13:25.915,402.94146842789536,96
2024-09-17 14:13:26.269,402.9576735969059,9
2024-09-17 14:13:27.000,402.8932499111031,997
2024-09-17 14:13:27.050,402.9199777427954,1004
2024-09-17 14:13:27.063,402.9102302008322,11
2024-09-17 14:13:27.165,402.90060891652513,1004
2024-09-17 14:13:27.186,402.9015411895789,995
2024-09-17 14:13:27.214,402.8953716441896,1000
2024-09-17 14:13:27.294,402.9242676588704,7
2024-09-17 14:13:27.402,402.9586681616687,9
2024-09-17 14:13:27.500,402.8909413859964,102
2024-09-17 14:13:27.532,402.9131853435074,12
2024-09-17 14:13:27.641,402.942082004348,102
2024-09-17 14:13:27.683,402.90668768152966,12
2024-09-17 14:13:27.723,402.9024222005981,996
2024-09-17 14:13:27.816,402.9197147194894,15
2024-09-17 14:13:27.849,402.9171347698043,1005
2024-09-17 14:13:27.902,402.9072582093633,1002
2024-09-17 14:13:27.989,402.9204704745022,102
2024-09-17 14:13:28.022,402.9412738188659,101
2024-09-17 14:13:28.045,402.9385533835542,12
2024-09-17 14:13:28.181,402.93099646229166,104
2024-09-17 14:13:28.287,402.9367425604887,103
2024-09-17 14:13:28.606,402.9566453561702,1002
2024-09-17 14:13:28.616,40.293332545974266,10
2024-09-17 14:13:28.714,402.9262134448676,997
2024-09-17 14:13:28.793,402.9531974171552,95
2024-09-17 14:13:28.937,402.9424187394231,97
2024-09-17 14:13:28.956,402.93688317652254,14
2024-09-17 14:13:28.986,402.93472935896943,15
2024-09-17 14:13:29.065,402.9257383773509,1005
2024-09-17 14:13:29.075,402.9094911060359,14
2024-09-17 14:13:29.080,402.89283450681233,15
2024-09-17 14:13:29.086,402.91848380196967,97
2024-09-17 14:13:29.255,402.8923197352796,1000
2024-09-17 14:13:29.263,402.9086570524904,1002
2024-09-17 14:13:29.293,402.94833210242206,997
2024-09-17 14:13:29.328,402.91454451423033,9
2024-09-17 14:13:29.346,402.9080795993714,96
2024-09-17 14:13:29.363,402.9088177375216,96
2024-09-17 14:13:29.379,402.91203691943207,995
2024-09-17 14:13:29.506,402.9343851958374,1000
2024-09-17 14:13:29.886,402.920178689141,1000
2024-09-17 14:13:29.988,402.9479766051705,1000
2024-09-17 14:13:30.038,402.8576456043181,995
2024-09-17 14:13:30.057,402.8776494911934,9
2024-09-17 14:13:30.105,402.8510123968842,101
2024-09-17 14:13:30.109,402.87634314714415,99
2024-09-17 14:13:30.267,40.28641373996826,104
2024-09-17 14:13:30.270,402.85864836153934,1004
2024-09-17 14:13:30.317,402.8636120225976,1004
2024-09-17 14:13:30.440,402.861210098665,6
2024-09-17 14:13:30.509,402.8579007320812,105
2024-09-17 14:13:30.526,402.8839927827293,12
2024-09-17 14:13:30.542,402.8457784411788,1000
2024-09-17 14:13:30.548,402.8766150945534,98
2024-09-17 14:13:30.688,402.8543979977435,6
2024-09-17 14:13:30.695,402.8670215532468,1005
2024-09-17 14:13:30.710,402.8843719420144,102
2024-09-17 14:13:30.899,402.8850908466101,1004
2024-09-17 14:13:30.940,402.86157215218793,1002
2024-09-17 14:13:30.950,402.8513339729345,999
2024-09-17 14:13:30.976,402.8795036982205,10
2024-09-17 14:13:30.977,,997
2024-09-17 14:13:31.045,402.8923754026138,12
2024-09-17 14:13:31.104,402.9000405737784,999
2024-09-17 14:13:31.315,402.85158690283663,100
2024-09-17 14:13:31.345,402.8623477329915,999
2024-09-17 14:13:31.426,402.9044329389276,100
2024-09-17 14:13:31.453,402.8996123229954,98
2024-09-17 14:13:31.518,402.8839039049727,6
2024-09-17 14:13:31.606,402.9042303022986,99
2024-09-17 14:13:31.610,402.9101379207264,5
2024-09-17 14:13:31.643,402.88331627889016,10
2024-09-17 14:13:31.648,402.8572838092788,1005
2024-09-17 14:13:31.690,402.91710333410737,5
2024-09-17 14:13:31.702,402.8453494668086,6
2024-09-17 14:13:31.714,402.8444327870053,13
2024-09-17 14:13:31.753,402.861438410651,99
2024-09-17 14:13:31.764,402.8649974194702,12
2024-09-17 14:13:31.858,402.91421903912834,1001
2024-09-17 14:13:31.876,402.8461467665005,1005
2024-09-17 14:13:31.891,402.9138053754345,102
2024-09-17 14:13:31.903,402.9012458500237,1001
2024-09-17 14:13:31.938,402.8957814776503,100
2024-09-17 14:13:31.941,402.8347825119476,98
2024-09-17 14:13:31.981,402.90108041731867,996
2024-09-17 14:13:32.208,402.90932383063273,102
2024-09-17 14:13:32.277,402.8848389971954,1003
2024-09-17 14:13:32.293,402.9148455575954,7
2024-09-17 14:13:32.303,402.90776251718586,98
2024-09-17 14:13:32.324,402.9051473103548,6
2024-09-17 14:13:32.360,402.9134602224049,12
2024-09-17 14:13:32.443,402.91312746865566,1001
2024-09-17 14:13:32.448,402.93093403048016,6
2024-09-17 14:13:32.471,402.9554071201919,98
2024-09-17 14:13:32.532,402.92524721868415,99
2024-09-17 14:13:32.543,402.9614111873594,1001
2024-09-17 14:13:32.566,402.9892365581369,1005
2024-09-17 14:13:32.586,402.9236958907667,11
2024-09-17 14:13:32.627,402.9122520741096,104
2024-09-17 14:13:32.630,402.9872117843083,11
2024-09-17 14:13:32.699,402.9224600533904,998
2024-09-17 14:13:32.740,402.94767361326336,1003
2024-09-17 14:13:32.906,402.95522738882505,1002
2024-09-17 14:13:33.368,403.0247351685857,15
2024-09-17 14:13:33.629,403.0605618215959,998
2024-09-17 14:13:33.867,403.0564317995938,1005
2024-09-17 14:13:33.887,403.0125799938477,1005
2024-09-17 14:13:33.946,403.0503587015238,101
2024-09-17 14:13:34.011,403.0764455155021,12
2024-09-17 14:13:34.013,403.0835642065348,100
2024-09-17 14:13:34.108,403.0708814973731,13
2024-09-17 14:13:34.170,403.0997021855789,7
2024-09-17 14:13:34.434,403.0502500938896,99
2024-09-17 14:13:34.488,403.0778964334614,7
2024-09-17 14:13:34.518,403.0801702044925,10
2024-09-17 14:13:34.521,403.08403790911706,100
2024-09-17 14:13:34.534,403.0863319575552,1004
2024-09-17 14:13:34.577,403.0692309499509,95
2024-09-17 14:13:34.591,403.0551286113129,96
2024-09-17 14:13:34.620,403.1173047354609,12
2024-09-17 14:13:34.638,403.066281947514,99
2024-09-17 14:13:34.734,403.0477271213156,97
2024-09-17 14:13:34.823,403.0759843065464,98
2024-09-17 14:13:34.880,403.0928228831344,9
2024-09-17 14:13:35.016,403.0988512981517,6
2024-09-17 14:13:35.024,403.1060828311949,101
2024-09-17 14:13:35.031,403.1069051936008,104
2024-09-17 14:13:35.079,403.1081688681566,11
2024-09-17 14:13:35.090,403.1740554255736,97
2024-09-17 14:13:35.125,403.1383555662189,103
2024-09-17 14:13:35.143,403.085479729195,97
2024-09-17 14:13:35.146,403.1029491983609,8
2024-09-17 14:13:35.281,403.1209803986417,95
2024-09-17 14:13:35.350,403.1163318827119,6
2024-09-17 14:13:35.439,403.1189536056984,97
2024-09-17 14:13:35.451,403.12989689134974,12
2024-09-17 14:13:35.463,403.1411785445316,100
2024-09-17 14:13:35.491,403.1106508777265,104
2024-09-17 14:13:35.508,403.1407994068576,8
2024-09-17 14:13:35.528,403.1055192831173,6
2024-09-17 14:13:35.545,403.0913376948483,103
2024-09-17 14:13:35.570,403.1246695365164,7
2024-09-17 14:13:35.605,403.1522523357724,11
2024-09-17 14:13:35.609,403.1161807304349,99
2024-09-17 14:13:35.631,403.100817423639,998
2024-09-17 14:13:35.640,403.1483197558732,14
2024-09-17 14:13:35.724,403.1074640026058,1004
2024-09-17 14:13:35.766,403.11404244448784,7
2024-09-17 14:13:35.768,403.1828531318003,1005
2024-09-17 14:13:35.817,403.13142691314016,105
2024-09-17 14:13:35.820,403.1118617307576,95
2024-09-17 14:13:35.923,403.1050831473351,997
2024-09-17 14:13:36.083,403.2376241036622,7
2024-09-17 14:13:36.162,403.2324441716344,15
2024-09-17 14:13:36.204,403.2163999068121,12
2024-09-17 14:13:36.289,403.24182991933446,12
2024-09-17 14:13:36.300,403.21687511778816,101
2024-09-17 14:13:36.318,403.21491192791416,11
2024-09-17 14:13:36.371,403.2062975730781,998
2024-09-17 14:13:36.482,403.1828238004112,95
2024-09-17 14:13:36.625,403.2059097554316,9
2024-09-17 14:13:36.654,403.20591225065897,1000
2024-09-17 14:13:36.712,403.2040321367916,1000
2024-09-17 14:13:36.719,403.2241343208819,6
2024-09-17 14:13:37.025,403.265644530488,104
2024-09-17 14:13:37.760,403.2552843274261,1003
2024-09-17 14:13:37.935,403.27625435790327,999
2024-09-17 14:13:38.017,403.2762443299892,9
2024-09-17 14:13:38.034,403.2416235603422,9
2024-09-17 14:13:38.055,403.2194305499643,105
2024-09-17 14:13:38.066,40.32892530131962,13
2024-09-17 14:13:38.103,403.2297798784375,14
2024-09-17 14:13:38.168,403.2039058905339,1005
2024-09-17 14:13:38.186,403.20908666168793,999
2024-09-17 14:13:38.200,403.2774992363157,98
2024-09-17 14:13:38.228,403.28134963404415,105
2024-09-17 14:13:38.288,-403.2320984018656,8
2024-09-17 14:13:38.325,403.203713468138,95
2024-09-17 14:13:38.397,403.2223993201753,96
2024-09-17 14:13:38.439,403.2735927571155,999
2024-09-17 14:13:38.443,40.324687839958045,1004
2024-09-17 14:13:38.523,403.2391398145672,998
2024-09-17 14:13:38.546,403.2712148329891,1004
2024-09-17 14:13:38.547,403.2756964943619,1001
2024-09-17 14:13:38.557,403.27862159956015,7
2024-09-17 14:13:38.588,403.2266087479428,15
2024-09-17 14:13:38.678,403.2443904666327,1004
2024-09-17 14:13:38.690,403.28815760322334,7
2024-09-17 14:13:38.695,403.2300866751077,96
2024-09-17 14:13:38.708,403.2243166903124,1000
2024-09-17 14:13:38.742,403.2693454687407,12
2024-09-17 14:13:38.769,403.21372947991694,98
2024-09-17 14:13:38.804,403.1987158675656,102
2024-09-17 14:13:38.807,403.28139215632086,96
2024-09-17 14:13:38.826,403.2374238993911,13
2024-09-17 14:13:38.848,403.28001424849833,10
2024-09-17 14:13:38.856,403.272859266428,995
2024-09-17 14:13:39.213,403.2331916270011,15
2024-09-17 14:13:39.229,403.2195713147517,10
2024-09-17 14:13:39.407,403.2337302950422,996
2024-09-17 14:13:39.522,403.222469270807,1005
2024-09-17 14:13:39.638,403.2270236337305,97
2024-09-17 14:13:39.657,403.22935928362926,9
2024-09-17 14:13:39.774,403.2308700995866,103
2024-09-17 14:13:39.791,403.22247558869134,103
2024-09-17 14:13:39.946,403.2443031571132,7
2024-09-17 14:13:39.998,403.2273283566321,1005
2024-09-17 14:13:40.013,403.2430733109889,1002
2024-09-17 14:13:40.013,403.2408910810358,96
2024-09-17 14:13:40.422,403.2481106404552,8
2024-09-17 14:13:40.489,403.2246050441404,1003
2024-09-17 14:13:40.496,403.242054646547,96
2024-09-17 14:13:40.527,403.25221737808096,98
2024-09-17 14:13:40.627,403.234791388707,12
2024-09-17 14:13:40.832,403.2352830829287,10
2024-09-17 14:13:41.030,403.21268892808166,105
2024-09-17 14:13:41.072,403.311330550674,998
2024-09-17 14:13:41.108,403.2436173428806,6
2024-09-17 14:13:41.127,403.2662921051853,9
2024-09-17 14:13:41.137,403.2292929666244,14
2024-09-17 14:13:41.150,403.24158460067633,5
2024-09-17 14:13:41.191,403.2394707651102,995
2024-09-17 14:13:41.203,40.32866225132065,1005
2024-09-17 14:13:41.206,403.31092348655216,1003
2024-09-17 14:13:41.234,403.2357882184241,1003
2024-09-17 14:13:41.245,403.2327948263807,101
2024-09-17 14:13:41.256,403.2287914347327,96
2024-09-17 14:13:41.275,403.2409890588586,996
2024-09-17 14:13:41.446,403.2625769148296,1002
2024-09-17 14:13:41.521,403.278840708408,102
2024-09-17 14:13:41.587,403.26870736242114,11
2024-09-17 14:13:41.595,403.308887293768,10
2024-09-17 14:13:41.595,403.277304079985,6
2024-09-17 14:13:41.676,403.2817072134493,11
2024-09-17 14:13:41.725,403.270306912045,7
2024-09-17 14:13:41.733,403.2434480119729,998
2024-09-17 14:13:41.736,403.2171972976656,1001
2024-09-17 14:13:41.778,403.276761500284,1005
2024-09-17 14:13:41.787,403.26663485465065,8
2024-09-17 14:13:41.868,403.2992305913272,98
2024-09-17 14:13:41.887,403.3008245661204,1004
2024-09-17 14:13:41.951,403.27102068110906,7
2024-09-17 14:13:41.974,403.2842660496998,1000
2024-09-17 14:13:41.987,403.2809040525642,1002
2024-09-17 14:13:41.990,403.2955791055385,95
2024-09-17 14:13:43.086,403.3041615687026,101
2024-09-17 14:13:43.161,403.3025568359982,1004
2024-09-17 14:13:43.305,403.2855921155815,1000
2024-09-17 14:13:43.328,403.2479248143504,1002
2024-09-17 14:13:43.350,403.3066360840056,997
2024-09-17 14:13:43.357,403.3030256491929,1003
2024-09-17 14:13:43.371,403.32023441242455,5
2024-09-17 14:13:43.569,403.302307714388,1000
2024-09-17 14:13:43.620,403.29682948529023,15
2024-09-17 14:13:43.636,403.2995093372248,95
2024-09-17 14:13:43.675,403.24047648660974,996
2024-09-17 14:13:43.691,403.3041990737576,1001
2024-09-17 14:13:43.726,403.2571120465518,996
2024-09-17 14:13:43.734,403.30589781436726,1001
2024-09-17 14:13:43.934,403.3066687879781,11
2024-09-17 14:13:45.133,403.2684614809088,6
2024-09-17 14:13:45.526,403.27212782198535,98
2024-09-17 14:13:45.783,403.2630774973623,12
2024-09-17 14:13:46.032,403.2611004991397,8
2024-09-17 14:13:46.113,403.2393546702155,996
2024-09-17 14:13:46.199,403.242565872381,995
2024-09-17 14:13:46.253,403.22484995901794,96
2024-09-17 14:13:46.279,403.2644390766581,98
2024-09-17 14:13:46.291,403.2473276324509,99
2024-09-17 14:13:46.365,403.26031360939066,14
2024-09-17 14:13:46.451,403.259700483297,9
2024-09-17 14:13:46.452,403.2287624407779,996
2024-09-17 14:13:46.463,403.2493089680448,12
2024-09-17 14:13:46.566,403.2787511822196,12
2024-09-17 14:13:46.585,403.2503676740947,104
2024-09-17 14:13:46.726,403.2469926705649,100
2024-09-17 14:13:46.871,403.2204005764222,12
2024-09-17 14:13:47.042,403.3104897782525,103
2024-09-17 14:13:47.043,403.291282099737,12
2024-09-17 14:13:47.091,403.3754627178979,11
2024-09-17 14:13:47.119,403.2836755509471,1002
2024-09-17 14:13:47.151,403.2490148706566,100
2024-09-17 14:13:47.157,403.2509651867804,1000
2024-09-17 14:13:47.167,403.3985278915957,6
2024-09-17 14:13:47.184,403.2413449238037,104
2024-09-17 14:13:47.298,403.2397763135224,105
2024-09-17 14:13:47.327,403.3111550603557,96
2024-09-17 14:13:47.388,403.3500288258056,1004
2024-09-17 14:13:47.455,40.337600061548,98
2024-09-17 14:13:47.485,403.3172892231536,998
2024-09-17 14:13:47.585,403.37741461249766,10
2024-09-17 14:13:47.642,403.3767849263222,996
2024-09-17 14:13:47.653,403.273369743052,998
2024-09-17 14:13:47.712,403.39205328836033,8
2024-09-17 14:13:47.829,403.2424587599694,8
2024-09-17 14:13:47.937,403.2606975827636,13
2024-09-17 14:13:49.085,403.3879920254778,1002
2024-09-17 14:13:49.209,403.4077359613673,996
2024-09-17 14:13:49.253,40.33896144147428,9
2024-09-17 14:13:49.256,403.383737889902,9
2024-09-17 14:13:49.269,403.3821465118372,101
2024-09-17 14:13:49.339,403.4139582998641,13
2024-09-17 14:13:49.348,403.3700502699004,13
2024-09-17 14:13:49.359,403.40549165599344,100
2024-09-17 14:13:49.427,403.3840292858018,1005
2024-09-17 14:13:49.465,403.39580453865176,1000
2024-09-17 14:13:49.470,403.4037155069041,15
2024-09-17 14:13:49.507,403.36847847178177,101
2024-09-17 14:13:49.533,403.3943469584009,13
2024-09-17 14:13:49.624,403.407720988902,13
2024-09-17 14:13:49.660,403.4010669967975,999
2024-09-17 14:13:49.773,403.390658416547,105
2024-09-17 14:13:49.782,403.3991235765128,1001
2024-09-17 14:13:49.889,403.39042840074217,98
2024-09-17 14:13:49.904,403.4080110636718,103
2024-09-17 14:13:50.031,403.4443389282535,99
2024-09-17 14:13:50.112,403.4125721176536,15
2024-09-17 14:13:50.114,403.42121723133806,1001
2024-09-17 14:13:50.250,403.4222582338027,1001
2024-09-17 14:13:50.257,403.4168606895619,998
2024-09-17 14:13:50.404,403.4442122099314,999
2024-09-17 14:13:50.453,403.4024734985793,13
2024-09-17 14:13:50.573,403.4248799930861,104
2024-09-17 14:13:50.581,403.4020273351571,95
2024-09-17 14:13:50.615,403.4275370231709,15
2024-09-17 14:13:50.713,403.4204875010704,104
2024-09-17 14:13:50.738,403.4173870013293,103
2024-09-17 14:13:50.874,403.4022223685647,8
2024-09-17 14:13:51.525,403.4334847667159,105
2024-09-17 14:13:51.795,403.42574045134586,96
2024-09-17 14:13:52.064,403.43397195483936,1000
2024-09-17 14:13:52.347,403.4742539768563,995
2024-09-17 14:13:52.353,403.4807081339575,8
2024-09-17 14:13:52.368,403.4604395203276,97
2024-09-17 14:13:52.498,403.4645780954757,1002
2024-09-17 14:13:52.530,403.4607454868478,96
2024-09-17 14:13:52.627,403.4760989392112,12
2024-09-17 14:13:52.824,403.4190382096445,1000
2024-09-17 14:13:52.834,403.4510827249826,102
2024-09-17 14:13:52.870,403.4753452617084,996
2024-09-17 14:13:52.930,403.4457440005128,98
2024-09-17 14:13:52.931,403.4714083316361,14
2024-09-17 14:13:53.263,40.349173918850816,102
2024-09-17 14:13:53.379,403.50104776606,98
2024-09-17 14:13:53.394,403.4536874431426,100
2024-09-17 14:13:53.400,403.5223532343665,14
2024-09-17 14:13:53.417,403.5392949697935,101
2024-09-17 14:13:53.435,403.50240710187927,14
2024-09-17 14:13:53.494,403.5464909000021,999
2024-09-17 14:13:53.501,403.5338027948988,1001
2024-09-17 14:13:53.507,403.51663256701386,12
2024-09-17 14:13:53.613,403.4294660048551,101
2024-09-17 14:13:53.623,403.53359609945545,996
2024-09-17 14:13:53.671,403.5212076146006,95
2024-09-17 14:13:53.693,403.49189214592974,10
2024-09-17 14:13:53.720,403.5311102681411,95
2024-09-17 14:13:53.954,403.5161425831621,995
2024-09-17 14:13:53.961,403.5373771144615,103
2024-09-17 14:13:54.024,403.44683485846247,1004
2024-09-17 14:13:54.037,40.34132069574906,10
2024-09-17 14:13:54.081,403.4158821719842,105
2024-09-17 14:13:54.358,403.4567263517357,15
2024-09-17 14:13:54.491,403.44490996725216,12
2024-09-17 14:13:54.616,403.40370859447165,7
2024-09-17 14:13:54.662,403.42022232500767,6
2024-09-17 14:13:54.665,403.4130750838377,103
2024-09-17 14:13:54.675,403.4378020382068,103
2024-09-17 14:13:54.705,403.4332039761151,7
2024-09-17 14:13:54.731,403.462384391511,1000
2024-09-17 14:13:54.753,403.4312890547981,103
2024-09-17 14:13:55.083,403.4272096447638,10
2024-09-17 14:13:55.150,403.4183212998723,1001
2024-09-17 14:13:55.447,403.413665604646,1004
2024-09-17 14:13:55.629,403.4090927015967,998
2024-09-17 14:13:55.685,403.4026175777443,103
2024-09-17 14:13:55.725,403.4060107445062,99
2024-09-17 14:13:55.923,403.4181597459611,9
2024-09-17 14:13:55.981,403.4189614126452,1004
2024-09-17 14:13:55.994,403.4154331862701,999
2024-09-17 14:13:56.007,403.3998247993426,105
2024-09-17 14:13:56.020,403.32611296157967,1003
2024-09-17 14:13:56.041,403.3821461870708,1005
2024-09-17 14:13:56.065,403.4108859740804,997
2024-09-17 14:13:56.145,403.41358587248857,1001
2024-09-17 14:13:56.161,403.3446803994103,995
2024-09-17 14:13:56.178,403.4244543254953,12
2024-09-17 14:13:56.199,403.3378546556363,102
2024-09-17 14:13:56.305,403.42354597009046,8
2024-09-17 14:13:56.368,403.4234497233,13
2024-09-17 14:13:56.381,403.4033784965316,1005
2024-09-17 14:13:56.430,403.36599962852193,1000
2024-09-17 14:13:56.446,403.4250948293302,102
2024-09-17 14:13:56.451,403.3183011400495,101
2024-09-17 14:13:56.459,403.3386031149236,14
2024-09-17 14:13:56.464,403.4135175203471,7
2024-09-17 14:13:56.517,403.4049536655508,97
2024-09-17 14:13:56.603,403.3372022253121,1003
2024-09-17 14:13:56.610,403.4276404056173,5
2024-09-17 14:13:56.711,403.4357436813965,7
2024-09-17 14:13:56.753,403.3144038193966,101
2024-09-17 14:13:56.800,403.4001807078641,103
2024-09-17 14:13:56.810,403.3119034368662,1001
2024-09-17 14:13:56.911,403.3321400193715,1002
2024-09-17 14:13:56.920,403.41264320703885,96
2024-09-17 14:13:56.931,403.3405080200161,15
2024-09-17 14:13:56.944,403.384739456448,103
2024-09-17 14:13:56.966,403.4230607858629,996
2024-09-17 14:13:56.972,403.4139691194699,9
2024-09-17 14:13:56.987,-403.3985248751946,10
2024-09-17 14:13:57.201,403.2855323977767,995
2024-09-17 14:13:57.222,403.2507889226839,1003
2024-09-17 14:13:57.247,403.2581004199303,6
2024-09-17 14:13:57.373,403.2845078696071,8
2024-09-17 14:13:57.417,403.334138364407,997
2024-09-17 14:13:57.498,403.3329189792553,5
2024-09-17 14:13:57.533,403.2550517547325,14
2024-09-17 14:13:57.623,403.3308793146817,100
2024-09-17 14:13:57.635,403.26981221084384,1004
2024-09-17 14:13:57.742,403.2633169447711,14
2024-09-17 14:13:57.771,403.3010649968604,99
2024-09-17 14:13:57.790,403.2568560195869,1001
2024-09-17 14:13:57.797,403.3229558079186,8
2024-09-17 14:13:57.839,403.3159704666501,1005
2024-09-17 14:13:57.874,403.3190649638794,97
2024-09-17 14:13:57.936,403.3364548028116,15
2024-09-17 14:13:57.941,403.31918231156,998
2024-09-17 14:13:57.946,40.32384468998252,1002
2024-09-17 14:13:57.976,403.2502000521509,995
2024-09-17 14:13:58.031,403.17707177413007,1005
2024-09-17 14:13:58.136,403.176657611374,1005
2024-09-17 14:13:58.240,403.1717118198312,10
2024-09-17 14:13:58.265,403.191527387651,8
2024-09-17 14:13:58.332,403.1663253701172,14
2024-09-17 14:13:58.337,403.1638241458234,100
2024-09-17 14:13:58.378,403.1723051329568,95
2024-09-17 14:13:58.379,403.1954876766867,6
2024-09-17 14:13:58.440,403.195451296272,998
2024-09-17 14:13:58.441,403.1802619975961,1000
2024-09-17 14:13:58.488,403.1753833287556,7
2024-09-17 14:13:58.549,403.1750058792144,1002
2024-09-17 14:13:58.557,403.1962537496491,101
2024-09-17 14:13:58.640,403.1527618042734,999
2024-09-17 14:13:58.644,403.189455631344,995
2024-09-17 14:13:58.702,403.1686304967002,104
2024-09-17 14:13:58.731,403.2172556775963,14
2024-09-17 14:13:58.802,403.1596503281987,9
2024-09-17 14:13:58.831,403.1649331465573,10
2024-09-17 14:13:58.873,403.2002555821818,13
2024-09-17 14:13:58.909,403.1693428145676,12
2024-09-17 14:13:58.952,403.2170192638799,13
2024-09-17 14:13:58.988,403.171596443452,7
2024-09-17 14:13:59.212,403.1905738597632,8
2024-09-17 14:13:59.593,403.220787652688,1005
2024-09-17 14:13:59.741,403.2077586199037,98
2024-09-17 14:13:59.817,403.20073300193127,8
2024-09-17 14:13:59.833,403.22072755163816,101
2024-09-17 14:13:59.838,403.2318327959867,96
