Timestamp,Price,Size
2024-09-16 11:23:00.063,417.24581436802,999
2024-09-16 11:23:00.195,417.25831230742006,11
2024-09-16 11:23:00.848,417.2503212603568,101
2024-09-16 11:23:01.046,417.234266597853,1003
2024-09-16 11:23:01.132,417.2687646817428,15
2024-09-16 11:23:01.154,417.2621596442823,998
2024-09-16 11:23:01.340,-417.2632649213066,998
2024-09-16 11:23:01.342,417.25896695730586,6
2024-09-16 11:23:01.475,417.2691042669285,14
2024-09-16 11:23:01.784,417.25499212628176,104
2024-09-16 11:23:01.796,417.2618638643154,5
2024-09-16 11:23:01.960,417.2557042832586,12
2024-09-16 11:23:02.015,417.2228235572751,100
2024-09-16 11:23:02.124,417.2360855015667,998
2024-09-16 11:23:02.127,417.2350424804452,1001
2024-09-16 11:23:02.156,417.2393118790839,99
2024-09-16 11:23:02.159,417.2495719891407,97
2024-09-16 11:23:02.247,417.2155445615728,10
2024-09-16 11:23:02.262,417.2232553054208,105
2024-09-16 11:23:02.295,417.214045169349,1003
2024-09-16 11:23:02.304,417.2183176532705,5
2024-09-16 11:23:02.329,417.2382218903343,97
2024-09-16 11:23:02.329,417.2339265026234,95
2024-09-16 11:23:02.384,417.2261997632909,10
2024-09-16 11:23:02.526,417.2184953046233,103
2024-09-16 11:23:02.798,417.220528046294,1002
2024-09-16 11:23:02.809,417.22754053669365,8
2024-09-16 11:23:03.018,417.2741187022475,10
2024-09-16 11:23:03.267,417.2335489093197,104
2024-09-16 11:23:03.325,417.2391477254244,100
2024-09-16 11:23:03.518,417.288891151758,105
2024-09-16 11:23:03.583,417.2749821457112,11
2024-09-16 11:23:03.618,417.2405675394247,5
2024-09-16 11:23:03.655,,1001
2024-09-16 11:23:03.730,417.2340825132498,96
2024-09-16 11:23:03.778,417.2724554482981,10
2024-09-16 11:23:03.781,417.23550977845866,8
2024-09-16 11:23:03.857,417.30158868957335,100
2024-09-16 11:23:03.873,417.28993561505376,100
2024-09-16 11:23:03.889,417.2888220601753,7
2024-09-16 11:23:03.994,417.2223639160344,104
2024-09-16 11:23:04.038,417.36536052405984,996
2024-09-16 11:23:04.042,417.3382083198042,105
2024-09-16 11:23:04.047,417.3284752918317,1005
2024-09-16 11:23:04.117,417.3627604583094,8
2024-09-16 11:23:04.145,417.3074871236311,9
2024-09-16 11:23:04.182,417.3472331206349,13
2024-09-16 11:23:04.274,417.3401525875951,14
2024-09-16 11:23:04.294,417.3284816095373,7
2024-09-16 11:23:04.307,417.32028478659527,999
2024-09-16 11:23:04.364,417.32368232762656,100
2024-09-16 11:23:04.400,417.3343969918888,12
2024-09-16 11:23:04.445,417.3050548374799,101
2024-09-16 11:23:04.495,417.3129466133425,1000
2024-09-16 11:23:04.521,417.3394168941768,12
2024-09-16 11:23:04.595,417.3336681215072,10
2024-09-16 11:23:04.606,417.35525815900246,8
2024-09-16 11:23:04.617,417.33604427688886,97
2024-09-16 11:23:04.626,417.3140993730587,13
2024-09-16 11:23:04.647,417.3243856893823,15
2024-09-16 11:23:04.651,417.3378929698614,1004
2024-09-16 11:23:04.653,417.3331913386717,99
2024-09-16 11:23:04.710,417.3119660805217,1000
2024-09-16 11:23:04.718,41.73571552943575,101
2024-09-16 11:23:04.721,417.318126920068,7
2024-09-16 11:23:04.726,417.3562744238093,14
2024-09-16 11:23:04.729,417.3218675960315,1002
2024-09-16 11:23:04.931,417.3247801704946,995
2024-09-16 11:23:04.943,417.34963252057446,998
2024-09-16 11:23:04.945,417.33731927439135,6
2024-09-16 11:23:04.982,417.3103653414271,103
2024-09-16 11:23:05.069,417.3338260093728,9
2024-09-16 11:23:05.105,417.316346142414,105
2024-09-16 11:23:05.195,417.3365637164656,98
2024-09-16 11:23:05.205,417.34614566016586,96
2024-09-16 11:23:05.266,417.3469977560911,101
2024-09-16 11:23:05.285,417.34085975859495,1005
2024-09-16 11:23:05.358,417.3426924237007,1001
2024-09-16 11:23:05.360,417.3665160702153,1003
2024-09-16 11:23:05.406,417.354557869925,5
2024-09-16 11:23:05.433,417.3490261181232,12
2024-09-16 11:23:05.509,417.3317406388836,13
2024-09-16 11:23:05.568,417.3357038272621,95
2024-09-16 11:23:05.652,-417.3243284342965,1002
2024-09-16 11:23:05.700,417.3319523350561,12
2024-09-16 11:23:05.706,417.3397932612815,997
2024-09-16 11:23:05.745,417.3291366237998,105
2024-09-16 11:23:05.802,417.3232139898674,6
2024-09-16 11:23:05.827,417.3605788285928,1001
2024-09-16 11:23:05.889,417.3473300988368,97
2024-09-16 11:23:05.897,417.352056037266,5
2024-09-16 11:23:05.946,417.3228905338571,10
2024-09-16 11:23:05.952,417.3374209656823,5
2024-09-16 11:23:06.019,417.3002611818517,1004
2024-09-16 11:23:06.050,417.2459102062839,1004
2024-09-16 11:23:06.163,417.26919228193134,101
2024-09-16 11:23:06.220,417.3186299681325,97
2024-09-16 11:23:06.293,417.3452097350923,7
2024-09-16 11:23:06.304,417.3574724721378,1005
2024-09-16 11:23:06.330,417.3086023992318,5
2024-09-16 11:23:06.353,417.2251873823102,5
2024-09-16 11:23:06.420,417.21586763852457,1000
2024-09-16 11:23:06.480,417.2358848236204,11
2024-09-16 11:23:06.535,417.2237090646231,98
2024-09-16 11:23:06.627,417.2248372041204,1000
2024-09-16 11:23:06.629,417.3303478944273,96
2024-09-16 11:23:06.675,41.73436548323123,12
2024-09-16 11:23:06.709,417.3318726681959,105
2024-09-16 11:23:06.712,417.28845716489815,995
2024-09-16 11:23:06.725,417.3055065096581,1003
2024-09-16 11:23:06.757,417.2016772727417,15
2024-09-16 11:23:06.767,417.3185116450691,10
2024-09-16 11:23:06.776,417.3146667124921,6
2024-09-16 11:23:06.842,417.2230172728578,98
2024-09-16 11:23:06.914,417.2334570518401,1002
2024-09-16 11:23:06.983,417.3476439269258,105
2024-09-16 11:23:06.987,417.2298743022654,98
2024-09-16 11:23:07.121,417.210279378863,100
2024-09-16 11:23:07.157,417.2140197624977,100
2024-09-16 11:23:07.496,417.1970568569455,104
2024-09-16 11:23:07.527,417.2202016970015,100
2024-09-16 11:23:07.650,417.2249238533236,5
2024-09-16 11:23:07.843,417.2068781136247,997
2024-09-16 11:23:07.863,417.215268597421,5
2024-09-16 11:23:08.121,417.30564931633904,998
2024-09-16 11:23:08.218,417.2040358110253,97
2024-09-16 11:23:08.224,417.2445370429732,1003
2024-09-16 11:23:08.252,417.216267401096,102
2024-09-16 11:23:08.279,417.3079781377064,101
2024-09-16 11:23:08.297,417.21213705873095,6
2024-09-16 11:23:08.422,417.2047811993292,15
2024-09-16 11:23:08.423,417.3015317084146,13
2024-09-16 11:23:08.495,417.3160186986336,998
2024-09-16 11:23:08.591,417.1895133163747,1005
2024-09-16 11:23:08.592,417.2872889189896,14
2024-09-16 11:23:08.597,417.2689523272462,7
2024-09-16 11:23:08.680,417.2067094177542,13
2024-09-16 11:23:08.924,417.2057711872299,998
2024-09-16 11:23:09.008,417.3367451131649,12
2024-09-16 11:23:09.011,417.3274843891953,15
2024-09-16 11:23:09.043,417.3418494658986,13
2024-09-16 11:23:09.101,417.32298323590135,10
2024-09-16 11:23:09.117,417.3345577344271,8
2024-09-16 11:23:09.124,417.2974200588153,5
2024-09-16 11:23:09.125,417.3383619816568,999
2024-09-16 11:23:09.137,417.3381766618975,101
2024-09-16 11:23:09.153,-417.3166268521484,9
2024-09-16 11:23:09.157,417.3218513318528,8
2024-09-16 11:23:09.255,417.3186620187775,102
2024-09-16 11:23:09.426,417.3247493606186,105
2024-09-16 11:23:09.455,417.308739667638,1002
2024-09-16 11:23:09.470,417.3250345056017,10
2024-09-16 11:23:09.478,417.350509165008,96
2024-09-16 11:23:09.537,417.369875516323,102
2024-09-16 11:23:09.539,417.30031956963967,12
2024-09-16 11:23:09.553,-417.3011861493756,12
2024-09-16 11:23:09.567,417.3606061189524,1004
2024-09-16 11:23:09.657,417.30436588559786,10
2024-09-16 11:23:09.742,417.3189152733935,98
2024-09-16 11:23:09.786,417.3266123335286,103
2024-09-16 11:23:09.805,417.32289284054286,98
2024-09-16 11:23:09.809,417.3360805258517,11
2024-09-16 11:23:09.836,417.32805721440855,6
2024-09-16 11:23:09.843,417.34611244205695,1001
2024-09-16 11:23:09.886,417.2871711525401,1002
2024-09-16 11:23:09.894,417.3260637856153,11
2024-09-16 11:23:09.913,417.31997863787535,1001
2024-09-16 11:23:09.990,-417.33754594767606,104
2024-09-16 11:23:10.007,417.34676039100776,97
2024-09-16 11:23:10.166,417.35498093306,95
2024-09-16 11:23:10.207,417.3324428261763,1003
2024-09-16 11:23:10.315,417.33986533578775,95
2024-09-16 11:23:10.343,417.362187778238,12
2024-09-16 11:23:10.448,417.3405838513716,12
2024-09-16 11:23:10.550,417.3391379462839,10
2024-09-16 11:23:10.603,417.3266105992173,101
2024-09-16 11:23:10.668,417.3277182308202,104
2024-09-16 11:23:10.690,417.34227484833787,96
2024-09-16 11:23:10.750,417.3526051948512,6
2024-09-16 11:23:10.751,417.3596281018655,97
2024-09-16 11:23:10.797,417.3461195348276,1002
2024-09-16 11:23:10.832,417.32500470206463,102
2024-09-16 11:23:10.845,417.3100400463943,1003
2024-09-16 11:23:10.857,417.3464053170956,13
2024-09-16 11:23:10.897,417.3326554135227,103
2024-09-16 11:23:10.970,417.3206812711754,96
2024-09-16 11:23:10.986,417.3194767767681,6
2024-09-16 11:23:10.999,417.347019313424,1005
2024-09-16 11:23:11.031,417.327017255868,10
2024-09-16 11:23:11.057,417.3087180462196,998
2024-09-16 11:23:11.060,417.2976367895755,999
2024-09-16 11:23:11.163,417.2954537905797,13
2024-09-16 11:23:11.190,417.2979104339988,104
2024-09-16 11:23:11.256,417.2950776933412,1004
2024-09-16 11:23:11.265,417.30207260499,100
2024-09-16 11:23:11.282,417.3138019513819,102
2024-09-16 11:23:11.293,417.30364823649467,98
2024-09-16 11:23:11.364,,95
2024-09-16 11:23:11.447,417.2965796256082,1002
2024-09-16 11:23:11.472,417.3274031910647,11
2024-09-16 11:23:11.484,417.303731194817,99
2024-09-16 11:23:11.548,417.2942743616837,8
2024-09-16 11:23:11.550,,12
2024-09-16 11:23:11.553,417.29959680667776,98
2024-09-16 11:23:11.561,417.2818548460589,1004
2024-09-16 11:23:11.570,417.30193224616016,1003
2024-09-16 11:23:11.620,417.29228430058674,98
2024-09-16 11:23:11.686,417.3406266443893,97
2024-09-16 11:23:11.694,417.301298604035,1000
2024-09-16 11:23:11.740,417.3087830021323,11
2024-09-16 11:23:11.806,417.2976918059055,997
2024-09-16 11:23:11.806,417.2823207079018,1001
2024-09-16 11:23:11.819,417.3125174033838,7
2024-09-16 11:23:11.823,417.2784192363365,15
2024-09-16 11:23:11.824,417.331747986032,1003
2024-09-16 11:23:11.911,417.2994390937841,1004
2024-09-16 11:23:11.957,41.73244357298972,103
2024-09-16 11:23:12.044,417.333288596364,997
2024-09-16 11:23:12.122,417.34738291202086,1000
2024-09-16 11:23:12.128,417.3274162894549,1004
2024-09-16 11:23:12.347,417.3277039999725,996
2024-09-16 11:23:12.442,417.3386527004053,103
2024-09-16 11:23:12.503,417.3245701792533,1005
2024-09-16 11:23:12.541,417.3805891397931,8
2024-09-16 11:23:12.618,417.32453097034505,7
2024-09-16 11:23:12.673,417.38395981212346,1002
2024-09-16 11:23:12.738,417.3299247786729,1002
2024-09-16 11:23:12.745,417.3629549416236,95
2024-09-16 11:23:12.796,417.3271419079604,98
2024-09-16 11:23:12.895,417.3301954327658,996
2024-09-16 11:23:13.090,417.4088089011563,996
2024-09-16 11:23:13.181,417.42257866462273,6
2024-09-16 11:23:13.265,417.4304353322813,97
2024-09-16 11:23:13.271,417.4234044599561,105
2024-09-16 11:23:13.281,417.39614921117794,98
2024-09-16 11:23:13.387,417.4058636367712,97
2024-09-16 11:23:13.423,417.4091390520509,6
2024-09-16 11:23:13.444,417.45215730513496,95
2024-09-16 11:23:13.471,417.39108506557807,102
2024-09-16 11:23:13.603,417.3849627073116,5
2024-09-16 11:23:13.676,417.3883523615578,102
2024-09-16 11:23:13.713,417.3920717549916,1005
2024-09-16 11:23:13.764,417.4409730064341,9
2024-09-16 11:23:13.812,417.446428140616,1002
2024-09-16 11:23:13.832,417.3758060379408,105
2024-09-16 11:23:13.907,417.4568986922476,99
2024-09-16 11:23:13.917,417.4190122194277,103
2024-09-16 11:23:14.004,417.4295481834695,99
2024-09-16 11:23:14.027,417.4701859192349,99
2024-09-16 11:23:14.111,417.4291827886806,1004
2024-09-16 11:23:14.173,417.435557685142,11
2024-09-16 11:23:14.177,417.437545961388,1003
2024-09-16 11:23:14.226,417.4306539610005,997
2024-09-16 11:23:14.281,417.4396804792817,102
2024-09-16 11:23:14.283,417.44747531774175,15
2024-09-16 11:23:14.365,417.4919670490769,997
2024-09-16 11:23:14.371,417.4200770479592,997
2024-09-16 11:23:14.422,417.4496328861798,104
2024-09-16 11:23:14.476,417.4608406918904,99
2024-09-16 11:23:14.580,417.4358311593815,103
2024-09-16 11:23:14.616,417.4364709851647,98
2024-09-16 11:23:14.648,417.4433039490763,998
2024-09-16 11:23:14.663,417.43476940289054,6
2024-09-16 11:23:14.701,417.4454079364114,9
2024-09-16 11:23:14.732,417.41915602858967,99
2024-09-16 11:23:14.741,417.4897615266992,99
2024-09-16 11:23:14.776,417.4527754934811,999
2024-09-16 11:23:14.781,417.4465300419569,5
2024-09-16 11:23:14.781,417.4479196405399,100
2024-09-16 11:23:14.831,417.4344777849919,7
2024-09-16 11:23:14.884,417.4805884986448,95
2024-09-16 11:23:14.901,-417.48597145682777,98
2024-09-16 11:23:14.980,417.46466574327656,6
2024-09-16 11:23:14.983,417.4443057886397,10
2024-09-16 11:23:15.138,417.4630910813492,1003
2024-09-16 11:23:15.167,417.4519711205823,5
2024-09-16 11:23:15.416,417.4714726751427,9
2024-09-16 11:23:15.589,417.4596795754096,101
2024-09-16 11:23:15.614,417.4629158679964,103
2024-09-16 11:23:15.627,417.470081290443,103
2024-09-16 11:23:16.023,417.4652895255879,997
2024-09-16 11:23:16.039,417.4569713298609,12
2024-09-16 11:23:16.068,417.5205105469202,103
2024-09-16 11:23:16.072,417.53224842816667,1000
2024-09-16 11:23:16.110,417.4903310552966,998
2024-09-16 11:23:16.125,417.56797735213024,95
2024-09-16 11:23:16.143,417.54239571441593,10
2024-09-16 11:23:16.275,417.57424543176194,11
2024-09-16 11:23:16.377,417.56219533082776,1004
2024-09-16 11:23:16.398,417.4727987943164,1004
2024-09-16 11:23:16.425,417.5703320990537,996
2024-09-16 11:23:16.637,417.4928361313755,11
2024-09-16 11:23:16.709,417.5285717445399,996
2024-09-16 11:23:16.711,417.5172099677524,1005
2024-09-16 11:23:16.794,417.4763116328829,101
2024-09-16 11:23:16.821,417.4812028612834,104
2024-09-16 11:23:16.837,417.5371936340226,103
2024-09-16 11:23:16.874,417.46726056536943,105
2024-09-16 11:23:16.889,417.572177890848,1001
2024-09-16 11:23:16.931,417.5524252860186,97
2024-09-16 11:23:17.140,417.594951950849,1002
2024-09-16 11:23:17.194,417.5717413510872,12
2024-09-16 11:23:17.201,417.5689210009198,5
2024-09-16 11:23:17.222,417.5722149658532,9
2024-09-16 11:23:17.268,417.5988161651036,95
2024-09-16 11:23:17.270,417.6074879147914,1001
2024-09-16 11:23:17.335,417.5847657988214,7
2024-09-16 11:23:17.369,417.5791340895949,6
2024-09-16 11:23:17.398,417.5671735869589,98
2024-09-16 11:23:17.403,417.5659295787709,11
2024-09-16 11:23:17.414,417.5856533052344,96
2024-09-16 11:23:17.418,417.5766525843987,98
2024-09-16 11:23:17.454,417.5714016504711,15
2024-09-16 11:23:17.519,417.5900436187324,12
2024-09-16 11:23:17.570,417.5834520383613,99
2024-09-16 11:23:17.655,417.5767423387322,105
2024-09-16 11:23:17.657,417.581750071897,1005
2024-09-16 11:23:17.683,417.56197188626015,6
2024-09-16 11:23:17.789,417.6042910022562,1000
2024-09-16 11:23:17.836,417.572273783445,8
2024-09-16 11:23:17.865,417.5818892296247,996
2024-09-16 11:23:17.980,417.5655189149534,1003
2024-09-16 11:23:18.022,417.5989304505378,997
2024-09-16 11:23:18.100,417.571496569356,9
2024-09-16 11:23:18.174,417.5838444624736,103
2024-09-16 11:23:18.364,417.5840892846416,102
2024-09-16 11:23:18.435,417.5968287813671,104
2024-09-16 11:23:18.481,417.59479432703176,998
2024-09-16 11:23:18.519,417.6017775267975,6
2024-09-16 11:23:18.553,417.5847160800455,6
2024-09-16 11:23:18.624,417.6057204680364,10
2024-09-16 11:23:18.697,417.6195498297143,999
2024-09-16 11:23:18.950,417.59123427896736,99
2024-09-16 11:23:19.132,417.613245664567,11
2024-09-16 11:23:19.169,417.6100798673373,999
2024-09-16 11:23:19.209,417.5965375247149,995
2024-09-16 11:23:19.241,417.5852238741857,997
2024-09-16 11:23:19.542,417.6125817740855,1005
2024-09-16 11:23:19.552,417.59281497301686,103
2024-09-16 11:23:19.598,417.5946848826993,102
2024-09-16 11:23:19.625,417.5980448551507,1001
2024-09-16 11:23:19.630,417.6157001740105,12
2024-09-16 11:23:19.745,417.6336000184318,998
2024-09-16 11:23:19.844,417.572542260096,103
2024-09-16 11:23:19.877,417.5897732399593,1002
2024-09-16 11:23:19.885,417.5973553834946,7
2024-09-16 11:23:19.925,417.5881413592736,9
2024-09-16 11:23:19.937,417.6090517248517,998
2024-09-16 11:23:19.963,417.5957489055242,105
2024-09-16 11:23:20.006,417.5698671074617,100
2024-09-16 11:23:20.016,417.52693090561394,98
2024-09-16 11:23:20.044,417.5900312737298,999
2024-09-16 11:23:20.083,417.56980536923055,13
2024-09-16 11:23:20.134,417.5882464672237,1000
2024-09-16 11:23:20.401,417.56276701624336,15
2024-09-16 11:23:20.407,417.51982034064577,998
2024-09-16 11:23:20.445,417.57856399395206,998
2024-09-16 11:23:20.471,417.5785808806438,11
2024-09-16 11:23:20.480,41.75263766741092,95
2024-09-16 11:23:20.493,417.5874940478389,1001
2024-09-16 11:23:20.746,417.5805522523684,10
2024-09-16 11:23:20.806,417.5591520666911,103
2024-09-16 11:23:20.851,41.75447130681263,97
2024-09-16 11:23:20.954,417.5687914144684,7
2024-09-16 11:23:20.986,417.5679306898393,1004
2024-09-16 11:23:21.056,417.52384433053385,12
2024-09-16 11:23:21.110,417.5480891506128,7
2024-09-16 11:23:21.130,417.50887625011416,99
2024-09-16 11:23:21.271,417.5481032500304,1000
2024-09-16 11:23:21.278,417.5330239213425,101
2024-09-16 11:23:21.374,,9
2024-09-16 11:23:21.507,417.5410205993591,1002
2024-09-16 11:23:21.576,417.55217362808577,12
2024-09-16 11:23:21.722,417.55833164884535,100
2024-09-16 11:23:22.021,417.481332410529,1001
2024-09-16 11:23:22.042,417.4341108284139,6
2024-09-16 11:23:22.136,-417.417760906358,999
2024-09-16 11:23:22.180,417.4370532585365,96
2024-09-16 11:23:22.217,417.44145805060106,98
2024-09-16 11:23:22.229,417.4584985756683,15
2024-09-16 11:23:22.252,417.4414743393987,101
2024-09-16 11:23:22.278,417.4129045105127,1001
2024-09-16 11:23:22.286,417.4468033678431,995
2024-09-16 11:23:22.300,417.4623165961278,13
2024-09-16 11:23:22.335,417.4594325634751,995
2024-09-16 11:23:22.341,417.4197777115941,7
2024-09-16 11:23:22.374,417.4374772824148,1001
2024-09-16 11:23:22.507,417.4502289596152,5
2024-09-16 11:23:22.526,417.4287948471159,1003
2024-09-16 11:23:22.589,417.45473935574046,998
2024-09-16 11:23:22.597,-417.4142128628366,1005
2024-09-16 11:23:22.687,417.45951895939913,10
2024-09-16 11:23:22.699,417.486824623045,996
2024-09-16 11:23:22.746,417.41127876116025,1002
2024-09-16 11:23:22.753,417.4591997553719,11
2024-09-16 11:23:22.810,417.4857492899029,105
2024-09-16 11:23:22.845,417.4386235540366,99
2024-09-16 11:23:22.877,417.4755218859663,997
2024-09-16 11:23:22.880,417.4425430962794,96
2024-09-16 11:23:22.932,417.47884438309626,14
2024-09-16 11:23:22.935,417.43337469695575,99
2024-09-16 11:23:22.962,417.4786257652067,999
2024-09-16 11:23:23.057,417.4229013834908,97
2024-09-16 11:23:23.087,417.4389004284753,101
2024-09-16 11:23:23.118,417.4286105370663,104
2024-09-16 11:23:23.132,417.4403065912388,6
2024-09-16 11:23:23.159,417.456882977815,104
2024-09-16 11:23:23.165,417.3939525217002,996
2024-09-16 11:23:23.171,417.4202345647441,1003
2024-09-16 11:23:23.179,417.448773957572,11
2024-09-16 11:23:23.183,417.4471078130533,105
2024-09-16 11:23:23.191,417.4353303593535,999
2024-09-16 11:23:23.256,417.4188154262537,100
2024-09-16 11:23:23.261,417.4524785071462,1003
2024-09-16 11:23:23.350,417.4236325792541,5
2024-09-16 11:23:23.478,417.4391065165673,12
2024-09-16 11:23:23.568,417.4391583616178,95
2024-09-16 11:23:23.623,417.444719768449,12
2024-09-16 11:23:23.712,417.4514903502459,13
2024-09-16 11:23:23.722,417.4463684733624,5
2024-09-16 11:23:23.729,417.44317775097073,1005
2024-09-16 11:23:23.753,417.4455860707208,1000
2024-09-16 11:23:23.793,417.44638854228015,10
2024-09-16 11:23:23.798,417.4571607213356,999
2024-09-16 11:23:23.844,417.4547647109353,1001
2024-09-16 11:23:23.848,417.444104895042,104
2024-09-16 11:23:23.887,417.4546016553608,1000
2024-09-16 11:23:23.906,417.44169793398703,96
2024-09-16 11:23:23.922,417.4368155469932,95
2024-09-16 11:23:23.937,417.4541920306519,12
2024-09-16 11:23:24.050,417.4349393270364,6
2024-09-16 11:23:24.063,417.4059441652934,99
2024-09-16 11:23:24.174,417.46412514231776,96
2024-09-16 11:23:24.240,417.4142019472287,14
2024-09-16 11:23:24.246,417.43608500541,99
2024-09-16 11:23:24.319,417.469520112656,102
2024-09-16 11:23:24.362,417.41126516902114,1003
2024-09-16 11:23:24.391,417.4557196429356,1001
2024-09-16 11:23:24.521,417.4027180830816,11
2024-09-16 11:23:24.567,417.4008793427612,5
2024-09-16 11:23:24.695,417.4635795960042,998
2024-09-16 11:23:24.702,417.4329652507041,10
2024-09-16 11:23:24.756,417.4235331628952,1001
2024-09-16 11:23:24.772,417.4462202447767,998
2024-09-16 11:23:24.788,417.4136573513741,1001
2024-09-16 11:23:24.790,417.4135084183526,101
2024-09-16 11:23:24.817,417.42449400402427,95
2024-09-16 11:23:24.850,417.41130516717647,98
2024-09-16 11:23:25.099,417.3580005479577,1000
2024-09-16 11:23:25.150,417.3718809254595,1005
2024-09-16 11:23:25.246,417.40917266326136,103
2024-09-16 11:23:25.346,417.3481365751178,97
2024-09-16 11:23:25.477,417.3312326822576,14
2024-09-16 11:23:25.699,417.3768865470221,995
2024-09-16 11:23:25.738,417.386960412613,995
2024-09-16 11:23:25.767,417.3380749014983,7
2024-09-16 11:23:25.867,417.34683795911866,999
2024-09-16 11:23:25.869,417.3657832163661,5
2024-09-16 11:23:25.873,417.4274638562052,1000
2024-09-16 11:23:25.987,417.35080607176513,1001
2024-09-16 11:23:26.082,417.4174890029709,1000
2024-09-16 11:23:26.132,417.38779783335656,10
2024-09-16 11:23:26.134,417.3843728416856,8
2024-09-16 11:23:26.262,417.4106799507326,96
2024-09-16 11:23:26.428,417.4165293229267,1003
2024-09-16 11:23:26.490,417.4121796012631,5
2024-09-16 11:23:26.564,417.398797518254,996
2024-09-16 11:23:26.651,417.41461328006847,11
2024-09-16 11:23:26.784,417.42516571735854,9
2024-09-16 11:23:26.879,417.4208820334729,104
2024-09-16 11:23:27.547,417.3957406352125,1005
2024-09-16 11:23:28.045,417.41701070972096,11
2024-09-16 11:23:28.175,417.4028601286457,14
2024-09-16 11:23:28.192,417.38317685843714,96
2024-09-16 11:23:28.200,417.4120298659944,104
2024-09-16 11:23:28.278,417.4035322085202,98
2024-09-16 11:23:28.423,417.4325498369343,1005
2024-09-16 11:23:28.449,417.4209468337158,998
2024-09-16 11:23:28.463,417.415636935808,8
2024-09-16 11:23:28.561,417.380933919435,1002
2024-09-16 11:23:28.691,417.4159134870434,96
2024-09-16 11:23:28.697,417.43724800123886,996
2024-09-16 11:23:28.801,417.4136375595816,14
2024-09-16 11:23:28.828,417.3908522849042,98
2024-09-16 11:23:28.907,417.4054920894122,1003
2024-09-16 11:23:28.913,417.4088066853121,102
2024-09-16 11:23:28.958,417.4021472586816,1001
2024-09-16 11:23:29.009,417.4399638968129,11
2024-09-16 11:23:29.110,417.4198540670679,999
2024-09-16 11:23:29.158,417.4064599839426,13
2024-09-16 11:23:29.587,417.4023310561695,997
2024-09-16 11:23:29.886,417.413433757753,8
2024-09-16 11:23:29.989,417.43859287502727,13
2024-09-16 11:23:30.036,417.4478315853982,99
2024-09-16 11:23:30.177,417.4459223671672,101
2024-09-16 11:23:30.264,417.4439846943665,995
2024-09-16 11:23:30.363,417.44106606912993,8
2024-09-16 11:23:30.377,417.44701137463295,104
2024-09-16 11:23:30.391,417.4512533226978,10
2024-09-16 11:23:30.596,417.4445275863561,100
2024-09-16 11:23:30.653,417.4311900040653,96
2024-09-16 11:23:30.699,417.4294756782501,8
2024-09-16 11:23:30.868,417.4244245704928,102
2024-09-16 11:23:30.988,417.4464369047864,14
2024-09-16 11:23:31.063,417.4416390552131,6
2024-09-16 11:23:31.072,417.42872529563033,1001
2024-09-16 11:23:31.115,417.4274811320212,1002
2024-09-16 11:23:31.126,417.44871055094455,101
2024-09-16 11:23:31.259,417.4285913832385,15
2024-09-16 11:23:31.321,417.420681062336,102
2024-09-16 11:23:31.329,417.43152197301725,1000
2024-09-16 11:23:31.416,417.4512719431112,101
2024-09-16 11:23:31.441,417.3898137167231,8
2024-09-16 11:23:31.486,417.4164290585568,999
2024-09-16 11:23:31.510,417.4464029970237,1004
2024-09-16 11:23:31.530,417.398208755593,1000
2024-09-16 11:23:31.558,417.4281118971693,102
2024-09-16 11:23:31.590,417.4153266722125,99
2024-09-16 11:23:31.614,417.4427249798458,105
2024-09-16 11:23:31.645,41.74360521216104,99
2024-09-16 11:23:31.695,417.4600287255758,997
2024-09-16 11:23:31.778,417.3767958284538,96
2024-09-16 11:23:31.807,417.4284166941368,95
2024-09-16 11:23:31.852,417.4266772386511,6
2024-09-16 11:23:31.886,417.4105993356499,998
2024-09-16 11:23:31.933,417.425046178289,7
2024-09-16 11:23:31.933,417.46803965375136,12
2024-09-16 11:23:31.967,417.4523966225241,101
2024-09-16 11:23:31.970,417.4473303561987,14
2024-09-16 11:23:32.024,417.43730988170944,996
2024-09-16 11:23:33.068,417.42704787720777,105
2024-09-16 11:23:33.072,417.4369780047063,1000
2024-09-16 11:23:33.081,417.4367574849423,12
2024-09-16 11:23:33.091,417.4330033450581,1004
2024-09-16 11:23:33.166,417.44999862543744,9
2024-09-16 11:23:33.247,417.4126565979145,9
2024-09-16 11:23:33.252,417.4271195109904,96
2024-09-16 11:23:33.263,417.4285956337309,998
2024-09-16 11:23:33.311,417.4281231949264,14
2024-09-16 11:23:33.444,417.45471754222274,1002
2024-09-16 11:23:33.490,417.4091933395534,5
2024-09-16 11:23:33.495,417.45798499566354,1000
2024-09-16 11:23:33.511,41.74154071163307,7
2024-09-16 11:23:33.551,417.43860018301416,7
2024-09-16 11:23:33.583,417.4495588962348,8
2024-09-16 11:23:33.636,417.4565916432478,1003
2024-09-16 11:23:33.638,417.4107772086794,1005
2024-09-16 11:23:33.656,417.43323221530943,14
2024-09-16 11:23:33.708,417.4299291948704,96
2024-09-16 11:23:33.743,417.4297887604602,9
2024-09-16 11:23:33.799,417.44669122007775,7
2024-09-16 11:23:33.817,417.4232817422405,14
2024-09-16 11:23:33.842,417.4641433513482,10
2024-09-16 11:23:33.953,417.4310116597253,997
2024-09-16 11:23:33.972,417.40127461012,95
2024-09-16 11:23:33.982,417.4450539303169,14
2024-09-16 11:23:34.009,417.4325921564173,15
2024-09-16 11:23:34.086,417.44841583327286,12
2024-09-16 11:23:34.125,417.4415425118829,1005
2024-09-16 11:23:34.153,417.4102428219881,13
2024-09-16 11:23:34.206,417.4386050955011,99
2024-09-16 11:23:34.261,417.4425210222093,999
2024-09-16 11:23:34.263,417.4501313723432,102
2024-09-16 11:23:34.340,417.438054609851,997
2024-09-16 11:23:34.357,417.4531992848048,95
2024-09-16 11:23:34.467,417.4344475565031,1002
2024-09-16 11:23:34.507,417.45477457606495,101
2024-09-16 11:23:34.521,417.4113081048882,96
2024-09-16 11:23:34.536,417.40162397983033,5
2024-09-16 11:23:34.592,417.4292758776149,1000
2024-09-16 11:23:34.630,417.4426566171908,102
2024-09-16 11:23:34.761,417.4279784935348,99
2024-09-16 11:23:34.774,417.4061793435757,101
2024-09-16 11:23:34.777,417.4535460759316,101
2024-09-16 11:23:35.075,417.6162910689553,9
2024-09-16 11:23:35.084,417.59456761539377,100
2024-09-16 11:23:35.208,417.49942727520016,996
2024-09-16 11:23:35.219,417.5573735257395,1005
2024-09-16 11:23:35.342,417.5833752245763,101
2024-09-16 11:23:35.378,417.5410892168031,96
2024-09-16 11:23:35.421,417.48600388785934,10
2024-09-16 11:23:35.466,417.5188186056124,98
2024-09-16 11:23:35.545,417.5327852291548,1003
2024-09-16 11:23:35.575,417.5142823449863,105
2024-09-16 11:23:35.639,417.5492350298879,96
2024-09-16 11:23:35.650,417.6019333089063,1004
2024-09-16 11:23:35.799,417.56026204285234,996
2024-09-16 11:23:35.811,417.5712191800088,5
2024-09-16 11:23:35.882,417.5221554447765,5
2024-09-16 11:23:35.953,417.4998479458042,1002
2024-09-16 11:23:35.954,417.5308679736302,103
2024-09-16 11:23:36.002,417.6194806633144,997
2024-09-16 11:23:36.153,417.5966379277596,998
2024-09-16 11:23:36.416,417.6039745814998,6
2024-09-16 11:23:36.790,417.5921022870082,1004
2024-09-16 11:23:36.882,417.6143782604247,12
2024-09-16 11:23:37.052,417.5530375602448,15
2024-09-16 11:23:37.077,417.53818736900826,5
2024-09-16 11:23:37.091,417.51887351872654,97
2024-09-16 11:23:37.175,417.5597182399512,100
2024-09-16 11:23:37.253,417.53159237992287,1004
2024-09-16 11:23:37.274,417.5423285356578,104
2024-09-16 11:23:37.358,417.54934391748935,1002
2024-09-16 11:23:37.407,417.549918348893,95
2024-09-16 11:23:37.410,417.5191098639719,5
2024-09-16 11:23:37.421,417.5662893270725,14
2024-09-16 11:23:37.450,417.5408875385918,98
2024-09-16 11:23:37.452,417.5486255816514,8
2024-09-16 11:23:37.467,417.5761862468243,996
2024-09-16 11:23:37.478,417.5299815718034,100
2024-09-16 11:23:37.511,417.5367252117995,1002
2024-09-16 11:23:37.546,417.5271831139005,5
2024-09-16 11:23:37.635,417.55745201630833,104
2024-09-16 11:23:37.705,417.5513433587639,14
2024-09-16 11:23:37.741,417.5534107945687,13
2024-09-16 11:23:37.820,417.5531665173009,1004
2024-09-16 11:23:37.943,417.5705728222279,7
2024-09-16 11:23:37.952,417.5871393982936,6
2024-09-16 11:23:37.999,417.5493160609699,10
2024-09-16 11:23:38.024,417.621507177668,998
2024-09-16 11:23:38.028,417.6172332045065,1000
2024-09-16 11:23:38.099,417.579526321026,10
2024-09-16 11:23:38.183,417.5759289140862,104
2024-09-16 11:23:38.257,417.6149212099448,104
2024-09-16 11:23:38.597,417.5922014483676,13
2024-09-16 11:23:38.740,417.59785780967593,1000
2024-09-16 11:23:38.773,417.5790495211587,1003
2024-09-16 11:23:38.792,417.6091542128128,103
2024-09-16 11:23:39.015,417.5825265991247,9
2024-09-16 11:23:39.196,417.6436590750928,98
2024-09-16 11:23:39.225,417.6067296536838,1002
2024-09-16 11:23:39.363,417.6376520785107,14
2024-09-16 11:23:39.402,417.6266198930853,95
2024-09-16 11:23:39.416,417.6295673026087,13
2024-09-16 11:23:39.501,417.6568426205125,996
2024-09-16 11:23:39.529,417.643204053634,98
2024-09-16 11:23:39.633,417.6555301620797,12
2024-09-16 11:23:39.666,417.6418296343168,1002
2024-09-16 11:23:39.684,417.6455097624362,1000
2024-09-16 11:23:39.708,417.6298297113951,996
2024-09-16 11:23:39.757,417.6429703352146,99
2024-09-16 11:23:39.802,417.64552248337134,1000
2024-09-16 11:23:39.808,417.6371923940247,5
2024-09-16 11:23:39.839,417.630922466388,12
2024-09-16 11:23:39.906,417.6132635321465,10
2024-09-16 11:23:39.957,417.6287518952022,12
2024-09-16 11:23:40.017,417.5923856151821,101
2024-09-16 11:23:40.072,417.5686781719328,101
2024-09-16 11:23:40.153,417.5994259574144,99
2024-09-16 11:23:40.161,417.5815007263441,14
2024-09-16 11:23:40.228,417.5818574688141,98
2024-09-16 11:23:40.237,417.5779907486383,100
2024-09-16 11:23:40.253,417.5892906423118,1000
2024-09-16 11:23:40.309,417.5777534828312,12
2024-09-16 11:23:40.331,417.577908804475,101
2024-09-16 11:23:40.395,417.59943803377615,12
2024-09-16 11:23:40.604,417.5976427427456,5
2024-09-16 11:23:40.669,417.5779937437578,105
2024-09-16 11:23:40.700,417.5783155161399,997
2024-09-16 11:23:40.830,417.5779938901826,999
2024-09-16 11:23:41.202,417.5932300047237,101
2024-09-16 11:23:41.266,417.5923183388911,96
2024-09-16 11:23:41.569,417.5866531491847,104
2024-09-16 11:23:41.927,417.5726285956956,98
2024-09-16 11:23:42.014,417.57096704468194,98
2024-09-16 11:23:42.094,417.5763293867374,101
2024-09-16 11:23:42.102,417.591563464546,5
2024-09-16 11:23:42.105,417.5980922819213,97
2024-09-16 11:23:42.118,417.5740407692247,11
2024-09-16 11:23:42.127,417.5838866982485,8
2024-09-16 11:23:42.129,417.58432793054897,996
2024-09-16 11:23:42.176,417.582531178626,13
2024-09-16 11:23:42.254,417.5722503836202,1000
2024-09-16 11:23:42.427,417.5823907748789,13
2024-09-16 11:23:42.431,417.5916919024775,12
2024-09-16 11:23:42.467,417.578589368776,13
2024-09-16 11:23:42.483,417.60970059983214,104
2024-09-16 11:23:42.570,417.5999060977649,10
2024-09-16 11:23:42.746,417.5805401852472,12
2024-09-16 11:23:42.772,417.5753610384482,1005
2024-09-16 11:23:42.813,417.58223886765546,102
2024-09-16 11:23:42.877,417.5915664518583,1003
2024-09-16 11:23:42.882,417.5807701234629,1001
2024-09-16 11:23:43.112,417.5755615321627,101
2024-09-16 11:23:43.152,417.5772292402505,995
2024-09-16 11:23:44.303,417.56518412123216,12
2024-09-16 11:23:44.359,417.5718585576847,10
2024-09-16 11:23:44.482,417.5692826256107,1005
2024-09-16 11:23:44.987,417.58807072226176,96
2024-09-16 11:23:45.052,417.5622661148708,13
2024-09-16 11:23:45.064,417.56651636349824,996
2024-09-16 11:23:45.116,417.5888291215052,5
2024-09-16 11:23:45.119,417.550422307005,8
2024-09-16 11:23:45.149,417.6513814413519,103
2024-09-16 11:23:45.157,417.6065355436582,998
2024-09-16 11:23:45.243,417.6080230886196,98
2024-09-16 11:23:45.256,417.605415034674,6
2024-09-16 11:23:45.287,417.7020442625029,1003
2024-09-16 11:23:45.304,417.567855659174,10
2024-09-16 11:23:45.346,417.5377754079091,1000
2024-09-16 11:23:45.352,417.6212209532419,15
2024-09-16 11:23:45.462,417.6049822096639,999
2024-09-16 11:23:45.515,417.6109615116786,101
2024-09-16 11:23:45.528,417.7001375329579,102
2024-09-16 11:23:45.549,417.5576401429127,996
2024-09-16 11:23:45.580,417.677566987991,105
2024-09-16 11:23:45.586,417.55422823269726,5
2024-09-16 11:23:45.594,417.5527302655145,8
2024-09-16 11:23:45.617,417.5998228522502,100
2024-09-16 11:23:45.711,417.6339434074512,1000
2024-09-16 11:23:45.716,417.68797120917816,8
2024-09-16 11:23:45.817,417.5305160120657,104
2024-09-16 11:23:45.840,417.6834853135151,10
2024-09-16 11:23:45.850,417.57527215104426,96
2024-09-16 11:23:45.898,417.6112534622682,1001
2024-09-16 11:23:45.946,417.6833814563645,11
2024-09-16 11:23:45.948,417.6730073509756,105
2024-09-16 11:23:45.963,417.5940147227382,102
2024-09-16 11:23:46.015,417.6877218068899,1005
2024-09-16 11:23:46.045,417.7642492775049,98
2024-09-16 11:23:46.103,417.6823521995296,103
2024-09-16 11:23:46.109,417.7704424873705,101
2024-09-16 11:23:46.109,417.6916638517146,997
2024-09-16 11:23:46.124,417.74974728233,102
2024-09-16 11:23:46.206,417.77994752338736,996
2024-09-16 11:23:46.247,417.7130251301544,1001
2024-09-16 11:23:46.294,417.76044281493125,1000
2024-09-16 11:23:46.323,417.7874502527685,99
2024-09-16 11:23:46.363,417.71783892268354,95
2024-09-16 11:23:46.382,417.7498285454708,12
2024-09-16 11:23:46.489,417.7277692781295,999
2024-09-16 11:23:46.564,417.7578871263921,9
2024-09-16 11:23:46.619,417.7536256513957,105
2024-09-16 11:23:46.672,417.7415961491311,1005
2024-09-16 11:23:46.724,417.6847064793382,1002
2024-09-16 11:23:46.782,417.70961627508257,100
2024-09-16 11:23:46.897,417.6891318341374,1004
2024-09-16 11:23:46.910,417.6841013354103,997
2024-09-16 11:23:46.921,417.72138376766736,95
2024-09-16 11:23:46.958,417.6948473247871,997
2024-09-16 11:23:46.980,417.7779959974202,105
2024-09-16 11:23:46.982,417.7226523305849,103
2024-09-16 11:23:47.021,417.7446136121144,100
2024-09-16 11:23:47.324,417.77827247171433,1005
2024-09-16 11:23:47.347,417.7708477935379,105
2024-09-16 11:23:47.352,417.7888601862402,996
2024-09-16 11:23:47.740,417.7833582639262,1003
2024-09-16 11:23:47.760,417.78393327300256,1001
2024-09-16 11:23:47.775,417.7528619633292,1001
2024-09-16 11:23:48.105,417.7524215388769,105
2024-09-16 11:23:48.271,417.73506639471344,101
2024-09-16 11:23:48.364,417.7524695620256,13
2024-09-16 11:23:48.442,417.74506633164566,996
2024-09-16 11:23:48.619,417.7410927422736,14
2024-09-16 11:23:48.800,417.7346634302045,101
2024-09-16 11:23:48.968,417.7389077094776,8
2024-09-16 11:23:49.369,417.733348168507,104
2024-09-16 11:23:49.436,417.7397160567015,97
2024-09-16 11:23:49.459,417.748785079644,1000
2024-09-16 11:23:49.746,417.74084596345153,997
2024-09-16 11:23:49.772,417.76673832944726,1000
2024-09-16 11:23:49.823,417.73858898007467,14
2024-09-16 11:23:49.997,417.7499802798926,95
2024-09-16 11:23:50.002,417.66265598008687,13
2024-09-16 11:23:50.021,41.77110566836159,13
2024-09-16 11:23:50.326,417.6895723549417,99
2024-09-16 11:23:50.368,417.6653148546295,998
2024-09-16 11:23:50.437,41.76686649512055,96
2024-09-16 11:23:50.445,417.66791893763394,101
2024-09-16 11:23:50.617,417.690377054996,104
2024-09-16 11:23:50.651,417.7053462802317,6
2024-09-16 11:23:50.770,417.6960654226977,9
2024-09-16 11:23:50.996,417.6774878729791,6
2024-09-16 11:23:51.002,417.7127487064647,105
2024-09-16 11:23:51.023,417.7418822112138,15
2024-09-16 11:23:51.068,417.7318526309776,95
2024-09-16 11:23:51.076,417.73286278861934,102
2024-09-16 11:23:51.095,417.73121280260335,97
2024-09-16 11:23:51.135,417.7049060101295,98
2024-09-16 11:23:51.179,417.7180705842949,995
2024-09-16 11:23:51.191,417.7071662812422,997
2024-09-16 11:23:51.202,417.7402283693447,1002
2024-09-16 11:23:51.202,417.694514670377,996
2024-09-16 11:23:51.366,417.71453869413847,997
2024-09-16 11:23:51.426,417.7474028543509,1003
2024-09-16 11:23:51.436,417.7421987385848,1001
2024-09-16 11:23:51.493,417.71991018043775,10
2024-09-16 11:23:51.550,417.7061882444446,1005
2024-09-16 11:23:51.576,417.7029207096547,95
2024-09-16 11:23:51.594,417.70004011877774,9
2024-09-16 11:23:51.652,417.7284299560908,102
2024-09-16 11:23:51.662,417.7145643018728,12
2024-09-16 11:23:51.685,417.7422088721849,999
2024-09-16 11:23:51.914,417.7253831885501,5
2024-09-16 11:23:51.987,417.7337937837647,12
2024-09-16 11:23:52.041,417.7218751176664,1000
2024-09-16 11:23:52.084,417.7137718376204,1003
2024-09-16 11:23:52.118,417.7521141976621,13
2024-09-16 11:23:52.186,417.70835001294455,14
2024-09-16 11:23:52.238,417.7545813027231,1005
2024-09-16 11:23:52.298,417.660439212614,1002
2024-09-16 11:23:52.439,41.76923953132892,97
2024-09-16 11:23:52.478,417.65139836745215,105
2024-09-16 11:23:52.492,,98
2024-09-16 11:23:52.627,417.6620184255202,1001
2024-09-16 11:23:52.645,417.7316004470738,996
2024-09-16 11:23:52.669,-417.721582331976,96
2024-09-16 11:23:52.699,417.7246624224376,5
2024-09-16 11:23:52.718,417.7298246669935,1002
2024-09-16 11:23:52.769,417.7502799722396,96
2024-09-16 11:23:52.822,417.750444241999,1004
2024-09-16 11:23:52.900,417.71346564751445,995
2024-09-16 11:23:52.900,417.6487309661004,99
2024-09-16 11:23:52.918,417.736589083338,13
2024-09-16 11:23:52.955,417.66371374027904,1002
2024-09-16 11:23:52.984,417.7422922949099,999
2024-09-16 11:23:52.985,417.68646232302456,99
2024-09-16 11:23:53.298,417.71764979003206,15
2024-09-16 11:23:53.356,417.7402748585654,103
2024-09-16 11:23:53.393,417.742147148755,11
2024-09-16 11:23:53.397,417.6877160223628,96
2024-09-16 11:23:53.665,417.7214406709972,1005
2024-09-16 11:23:53.673,417.6854331004116,102
2024-09-16 11:23:53.808,417.7115188856359,96
2024-09-16 11:23:54.105,417.73074722981113,8
2024-09-16 11:23:54.147,417.7294241687042,104
2024-09-16 11:23:54.207,417.7373988326213,101
2024-09-16 11:23:54.241,417.7578826335345,996
2024-09-16 11:23:54.420,417.7535429220306,999
2024-09-16 11:23:54.629,417.722362710079,11
2024-09-16 11:23:54.720,417.7401455005258,1003
2024-09-16 11:23:54.807,417.7610306465635,100
2024-09-16 11:23:54.965,417.7445815375115,101
2024-09-16 11:23:54.990,417.7449657069071,8
2024-09-16 11:23:55.039,417.78698731092254,9
2024-09-16 11:23:55.519,417.7567678284976,5
2024-09-16 11:23:55.641,417.74535790950495,6
2024-09-16 11:23:55.652,417.8028858559872,102
2024-09-16 11:23:55.653,417.7855926447722,12
2024-09-16 11:23:55.673,417.79535537505024,99
2024-09-16 11:23:55.727,417.7945673980661,1005
2024-09-16 11:23:55.739,417.7333997478809,1002
2024-09-16 11:23:55.778,417.7801371940383,1005
2024-09-16 11:23:55.780,417.75858767684434,10
2024-09-16 11:23:55.809,417.7949432291498,9
2024-09-16 11:23:55.864,417.7655819022738,8
2024-09-16 11:23:55.993,417.7872690005052,999
2024-09-16 11:23:56.059,417.8064810117465,103
2024-09-16 11:23:56.167,417.789645639751,1004
2024-09-16 11:23:56.221,417.8125609435394,98
2024-09-16 11:23:56.593,417.80756728523386,15
2024-09-16 11:23:56.794,417.8067587400033,997
2024-09-16 11:23:56.845,417.7734406324755,104
2024-09-16 11:23:57.010,417.7760116629181,97
2024-09-16 11:23:57.084,417.7914885461184,8
2024-09-16 11:23:57.128,417.8098184005224,102
2024-09-16 11:23:57.242,417.773010047793,10
2024-09-16 11:23:57.303,417.8078685703251,995
2024-09-16 11:23:57.349,417.7833697700322,105
2024-09-16 11:23:57.399,417.8162205707503,1004
2024-09-16 11:23:57.403,417.7569266335397,12
2024-09-16 11:23:57.405,417.7345210973424,996
2024-09-16 11:23:57.435,417.7156293044767,1000
2024-09-16 11:23:57.442,417.7467551034974,5
2024-09-16 11:23:57.479,417.7667145688674,101
2024-09-16 11:23:57.629,417.74757338842295,12
2024-09-16 11:23:57.636,417.7811114218057,95
2024-09-16 11:23:57.656,417.8098921119813,1001
2024-09-16 11:23:57.658,417.743508097478,9
2024-09-16 11:23:57.694,417.80449133888015,14
2024-09-16 11:23:57.713,417.7637177438348,8
2024-09-16 11:23:57.722,417.74190468457147,9
2024-09-16 11:23:57.780,417.73361528250734,95
2024-09-16 11:23:57.836,417.8012363465583,104
2024-09-16 11:23:57.891,417.7595642762076,14
2024-09-16 11:23:57.927,417.7404846555019,10
2024-09-16 11:23:57.955,417.8020469804611,12
2024-09-16 11:23:57.967,417.7873251916364,101
2024-09-16 11:23:57.971,417.7234127719667,12
2024-09-16 11:23:57.974,417.80161616908833,98
2024-09-16 11:23:58.067,417.66683520465057,1002
2024-09-16 11:23:58.140,417.61345399732505,7
2024-09-16 11:23:58.166,417.65385231471737,97
2024-09-16 11:23:58.226,417.674504198048,10
2024-09-16 11:23:58.227,417.6638467902464,997
2024-09-16 11:23:58.245,417.6999690755806,101
2024-09-16 11:23:58.280,417.671385992062,10
2024-09-16 11:23:58.284,417.6899022696948,102
2024-09-16 11:23:58.291,,1002
2024-09-16 11:23:58.322,417.6217533048591,13
2024-09-16 11:23:58.324,417.6772165798361,10
2024-09-16 11:23:58.497,417.7155524791124,14
2024-09-16 11:23:58.503,417.6581695804965,99
2024-09-16 11:23:58.551,417.6499430758647,5
2024-09-16 11:23:58.562,417.7027630290044,1005
2024-09-16 11:23:58.583,417.6551126783461,1002
2024-09-16 11:23:58.599,417.6428465133404,104
2024-09-16 11:23:58.633,41.76469551771521,13
2024-09-16 11:23:58.686,417.7043146573522,1000
2024-09-16 11:23:58.713,417.64459581987785,12
2024-09-16 11:23:58.728,417.6239151173689,1004
2024-09-16 11:23:58.739,417.6636702955018,1004
2024-09-16 11:23:58.755,417.6808498015676,102
2024-09-16 11:23:58.813,417.6241183545165,1004
2024-09-16 11:23:58.823,417.7144698857914,1002
2024-09-16 11:23:58.867,417.6406388766454,7
2024-09-16 11:23:58.876,417.6895004630189,1000
2024-09-16 11:23:58.963,417.6666585078366,100
2024-09-16 11:23:58.968,417.6418920966949,11
2024-09-16 11:23:59.078,417.6441532908664,14
2024-09-16 11:23:59.083,417.6783898098284,97
2024-09-16 11:23:59.185,417.6833347627206,97
2024-09-16 11:23:59.219,417.6753187656479,15
2024-09-16 11:23:59.256,417.7142186667838,100
2024-09-16 11:23:59.280,417.6516876172113,96
2024-09-16 11:23:59.329,417.6576991005913,1005
2024-09-16 11:23:59.357,417.72152634109096,7
2024-09-16 11:23:59.390,417.66540324236007,102
2024-09-16 11:23:59.394,417.68311752491087,999
2024-09-16 11:23:59.396,417.6703361230216,997
2024-09-16 11:23:59.425,417.6784602618864,1005
2024-09-16 11:23:59.471,417.7075157023176,1003
2024-09-16 11:23:59.510,417.70036520755474,997
2024-09-16 11:23:59.624,417.6559607407298,5
2024-09-16 11:23:59.795,417.6790583655635,8
2024-09-16 11:23:59.863,417.6494321021383,15
2024-09-16 11:23:59.864,417.6427625530884,7
2024-09-16 11:23:59.883,417.6641601219558,101
2024-09-16 11:23:59.895,417.6857245239369,100
2024-09-16 11:23:59.902,417.6887945663784,1005
2024-09-16 11:23:59.948,-417.63702705972776,998
2024-09-16 11:23:59.972,417.6868891552376,100
