Timestamp,Price,Size
2024-09-20 10:28:00.040,424.537883547918,6
2024-09-20 10:28:00.088,424.57789565700887,13
2024-09-20 10:28:00.120,424.5226291980097,103
2024-09-20 10:28:00.663,424.55533456633606,13
2024-09-20 10:28:00.750,424.5477121615102,1001
2024-09-20 10:28:00.759,424.5510724160289,6
2024-09-20 10:28:00.787,424.5437587925952,15
2024-09-20 10:28:00.798,424.5682159017912,96
2024-09-20 10:28:00.843,424.5697931115376,7
2024-09-20 10:28:00.916,424.546455894836,12
2024-09-20 10:28:00.957,424.5579042923072,995
2024-09-20 10:28:01.059,424.5399160468122,997
2024-09-20 10:28:01.070,424.5679214314252,100
2024-09-20 10:28:01.332,424.5652100291312,995
2024-09-20 10:28:01.409,424.5518433157932,1000
2024-09-20 10:28:01.438,424.5458947293786,98
2024-09-20 10:28:01.713,424.5059444145154,99
2024-09-20 10:28:02.026,424.4964160048857,1000
2024-09-20 10:28:02.040,424.53505927214326,96
2024-09-20 10:28:02.086,424.5282332028529,15
2024-09-20 10:28:02.225,424.52880924391104,95
2024-09-20 10:28:02.365,424.5415780913921,101
2024-09-20 10:28:02.371,424.535610818734,103
2024-09-20 10:28:02.436,424.5047550906902,8
2024-09-20 10:28:02.620,424.52862751676247,5
2024-09-20 10:28:02.643,424.55077897748015,9
2024-09-20 10:28:02.647,424.5228032615738,998
2024-09-20 10:28:02.703,424.5239873265106,1002
2024-09-20 10:28:02.762,-424.5391140411055,100
2024-09-20 10:28:02.797,424.50425206405487,6
2024-09-20 10:28:02.846,424.5155727416524,1004
2024-09-20 10:28:02.874,424.5100668183566,7
2024-09-20 10:28:02.968,424.5236689565123,995
2024-09-20 10:28:02.980,424.5247464493274,1000
2024-09-20 10:28:03.024,424.5351528548125,995
2024-09-20 10:28:03.104,424.5301195503992,11
2024-09-20 10:28:03.122,424.5085587687861,998
2024-09-20 10:28:03.292,424.5413495485825,999
2024-09-20 10:28:03.376,424.5202767454392,96
2024-09-20 10:28:03.391,424.5749443578956,96
2024-09-20 10:28:03.407,424.4791730967438,1003
2024-09-20 10:28:03.435,424.5243428269284,999
2024-09-20 10:28:03.602,424.5278462759181,1003
2024-09-20 10:28:03.612,424.54712095204087,1001
2024-09-20 10:28:03.630,424.5281381706027,997
2024-09-20 10:28:03.637,424.5625063008013,1002
2024-09-20 10:28:03.682,424.5090994251077,7
2024-09-20 10:28:03.722,424.5215502633401,103
2024-09-20 10:28:03.773,424.5271406518775,103
2024-09-20 10:28:03.794,424.4964168542583,13
2024-09-20 10:28:03.836,424.5181349117368,101
2024-09-20 10:28:03.892,424.54993844504287,8
2024-09-20 10:28:03.895,424.5483336150604,99
2024-09-20 10:28:03.911,424.53478417316734,96
2024-09-20 10:28:03.943,424.5365481998033,1004
2024-09-20 10:28:04.002,-424.5584720583132,10
2024-09-20 10:28:04.091,424.51000786609313,11
2024-09-20 10:28:04.193,424.5729802109526,102
2024-09-20 10:28:04.281,424.53676884821095,1005
2024-09-20 10:28:04.299,424.5552663342732,14
2024-09-20 10:28:04.346,424.5201198804872,997
2024-09-20 10:28:04.446,424.5491353056288,97
2024-09-20 10:28:04.498,424.53655150207817,5
2024-09-20 10:28:04.639,424.518478785901,105
2024-09-20 10:28:04.701,424.5793677682928,96
2024-09-20 10:28:04.738,424.60111078538,13
2024-09-20 10:28:04.768,424.59169979059095,14
2024-09-20 10:28:04.832,424.55374321148,12
2024-09-20 10:28:04.925,424.57284532240607,13
2024-09-20 10:28:04.980,424.5825403909287,105
2024-09-20 10:28:05.481,424.6170721393274,95
2024-09-20 10:28:05.498,424.5949960445327,1001
2024-09-20 10:28:05.556,424.5993751698617,105
2024-09-20 10:28:05.652,424.6142847557655,999
2024-09-20 10:28:05.850,424.5790407990802,96
2024-09-20 10:28:05.894,424.6240647060284,9
2024-09-20 10:28:05.909,424.59284320500245,97
2024-09-20 10:28:05.994,424.5943825597359,95
2024-09-20 10:28:06.196,424.62402511508407,103
2024-09-20 10:28:06.378,,100
2024-09-20 10:28:06.441,424.5979657939742,104
2024-09-20 10:28:06.478,424.6222785671438,1005
2024-09-20 10:28:06.703,424.6087361093776,101
2024-09-20 10:28:06.924,424.629538894486,1003
2024-09-20 10:28:07.017,424.6122351381335,12
2024-09-20 10:28:07.086,424.6146693105552,98
2024-09-20 10:28:07.156,424.6362184279131,13
2024-09-20 10:28:07.185,424.6431522644817,1001
2024-09-20 10:28:07.294,424.6501950349895,11
2024-09-20 10:28:07.424,424.6275138044732,101
2024-09-20 10:28:07.445,424.610169238251,102
2024-09-20 10:28:07.525,424.6394727265746,995
2024-09-20 10:28:07.545,424.6115623979746,95
2024-09-20 10:28:07.599,424.6510876435196,995
2024-09-20 10:28:07.622,424.6355412924862,1002
2024-09-20 10:28:07.653,424.61918316018864,999
2024-09-20 10:28:07.658,424.6353198517631,95
2024-09-20 10:28:07.663,424.6392839735761,1000
2024-09-20 10:28:07.665,424.61578048733713,5
2024-09-20 10:28:07.669,424.60950653650735,102
2024-09-20 10:28:07.756,424.62163959869946,99
2024-09-20 10:28:07.772,424.6485930054634,14
2024-09-20 10:28:07.804,424.643185487666,10
2024-09-20 10:28:07.883,424.6212585452941,996
2024-09-20 10:28:07.901,424.6182238741464,7
2024-09-20 10:28:07.903,424.6321860696911,99
2024-09-20 10:28:08.005,424.5814709590522,103
2024-09-20 10:28:08.018,424.4934628026232,1004
2024-09-20 10:28:08.033,424.5994504982915,1004
2024-09-20 10:28:08.033,424.574118321965,13
2024-09-20 10:28:08.090,424.5024062455574,1004
2024-09-20 10:28:08.112,424.568056989858,99
2024-09-20 10:28:08.155,424.5157739799915,1002
2024-09-20 10:28:08.165,424.50506294239256,10
2024-09-20 10:28:08.194,424.5524483835019,103
2024-09-20 10:28:08.309,,11
2024-09-20 10:28:08.319,424.5222408416898,8
2024-09-20 10:28:08.335,424.5107499197596,1000
2024-09-20 10:28:08.450,424.5285604454826,995
2024-09-20 10:28:08.476,424.519756467743,99
2024-09-20 10:28:08.660,424.6032625052111,102
2024-09-20 10:28:08.697,424.5364740877034,10
2024-09-20 10:28:08.726,424.530206035624,5
2024-09-20 10:28:08.743,424.60455090995134,13
2024-09-20 10:28:08.761,424.5782137376044,1000
2024-09-20 10:28:08.771,424.5060868049494,14
2024-09-20 10:28:08.787,424.5095476095229,12
2024-09-20 10:28:08.807,424.5012718767427,14
2024-09-20 10:28:08.811,424.5510250951328,103
2024-09-20 10:28:08.817,424.5353106324427,1004
2024-09-20 10:28:08.826,424.6058495238755,97
2024-09-20 10:28:08.853,424.5714370298664,95
2024-09-20 10:28:08.863,424.5846471217442,997
2024-09-20 10:28:08.915,424.6111800017267,99
2024-09-20 10:28:09.017,424.4621819172111,97
2024-09-20 10:28:09.057,424.4750622876013,101
2024-09-20 10:28:09.082,424.4758152588085,996
2024-09-20 10:28:09.124,424.486410984128,996
2024-09-20 10:28:09.221,424.4679297820278,98
2024-09-20 10:28:09.297,424.4614636853671,101
2024-09-20 10:28:09.338,424.4987449774867,103
2024-09-20 10:28:09.434,424.4826550115468,1001
2024-09-20 10:28:09.568,424.4862955355932,11
2024-09-20 10:28:09.611,42.448163389358974,96
2024-09-20 10:28:09.650,424.4814731408526,99
2024-09-20 10:28:09.752,424.4561086160647,1005
2024-09-20 10:28:09.896,424.4772294926929,104
2024-09-20 10:28:10.419,424.48492137636725,101
2024-09-20 10:28:11.011,424.4555895084182,999
2024-09-20 10:28:11.087,424.490700404136,997
2024-09-20 10:28:11.097,424.45333683845325,96
2024-09-20 10:28:11.119,424.463073888367,13
2024-09-20 10:28:11.144,424.51436637163965,997
2024-09-20 10:28:11.148,424.4971668918223,14
2024-09-20 10:28:11.170,424.5032594292624,99
2024-09-20 10:28:11.190,424.5231329662658,10
2024-09-20 10:28:11.289,424.4493687411223,11
2024-09-20 10:28:11.338,424.4896928862756,5
2024-09-20 10:28:11.350,424.5226371314409,998
2024-09-20 10:28:11.361,,14
2024-09-20 10:28:11.409,424.4942051565152,996
2024-09-20 10:28:11.426,424.4489566982262,1005
2024-09-20 10:28:11.479,424.4952340110309,13
2024-09-20 10:28:11.483,424.46612088891686,98
2024-09-20 10:28:11.560,424.4672004987042,104
2024-09-20 10:28:11.619,424.4970148340747,11
2024-09-20 10:28:11.647,424.49452104004,100
2024-09-20 10:28:11.657,424.51925907447793,15
2024-09-20 10:28:11.687,424.4498301329765,102
2024-09-20 10:28:11.690,424.4854623015994,11
2024-09-20 10:28:11.698,424.50881190698914,10
2024-09-20 10:28:11.698,424.48965897903145,12
2024-09-20 10:28:11.870,424.4573582820048,102
2024-09-20 10:28:11.879,424.4915210125754,103
2024-09-20 10:28:11.882,424.4675254581796,12
2024-09-20 10:28:11.912,424.5138610265775,999
2024-09-20 10:28:11.938,424.4878671281724,1003
2024-09-20 10:28:12.034,424.4823228151107,7
2024-09-20 10:28:12.084,424.4719538700465,5
2024-09-20 10:28:12.097,424.50064459371976,12
2024-09-20 10:28:12.148,424.4789439834564,95
2024-09-20 10:28:12.187,424.4660287384749,6
2024-09-20 10:28:12.195,424.4792856860389,1004
2024-09-20 10:28:12.208,424.4648410889265,8
2024-09-20 10:28:12.215,424.5104772120716,13
2024-09-20 10:28:12.219,424.4798660990552,105
2024-09-20 10:28:12.230,424.5083393134149,7
2024-09-20 10:28:12.235,424.493286218923,995
2024-09-20 10:28:12.311,424.46008274032863,997
2024-09-20 10:28:12.323,424.470674718502,102
2024-09-20 10:28:12.408,424.4875217611819,96
2024-09-20 10:28:12.415,424.4865974182759,13
2024-09-20 10:28:12.432,424.4588952452751,13
2024-09-20 10:28:12.436,424.46310696164153,103
2024-09-20 10:28:12.445,424.48320036114177,102
2024-09-20 10:28:12.457,424.4718264232434,100
2024-09-20 10:28:12.515,424.4791779223573,105
2024-09-20 10:28:12.528,424.4918310433918,105
2024-09-20 10:28:12.573,,999
2024-09-20 10:28:12.600,424.4815872393963,99
2024-09-20 10:28:12.704,424.49211212926576,6
2024-09-20 10:28:12.732,424.4756054182747,998
2024-09-20 10:28:12.753,424.479283766617,1003
2024-09-20 10:28:12.845,424.488044692878,9
2024-09-20 10:28:12.916,424.4939720815732,97
2024-09-20 10:28:12.978,424.45692629434507,999
2024-09-20 10:28:13.197,424.377046419407,11
2024-09-20 10:28:13.199,424.4405986279692,98
2024-09-20 10:28:13.216,424.46050511833096,996
2024-09-20 10:28:13.217,424.4054842213182,14
2024-09-20 10:28:13.245,424.4274214014701,104
2024-09-20 10:28:13.249,424.4285134637149,7
2024-09-20 10:28:13.265,424.41174996385047,7
2024-09-20 10:28:13.378,424.3799969788773,11
2024-09-20 10:28:13.475,424.4024740703965,998
2024-09-20 10:28:13.547,424.4121968205353,6
2024-09-20 10:28:13.552,424.36759865059867,9
2024-09-20 10:28:13.575,424.4105786237256,1004
2024-09-20 10:28:13.597,424.3980930265132,6
2024-09-20 10:28:13.649,424.3864959712956,14
2024-09-20 10:28:13.679,424.4094454687951,103
2024-09-20 10:28:13.695,424.4750187049894,1002
2024-09-20 10:28:13.700,424.4157768202178,7
2024-09-20 10:28:13.727,424.4623734429634,998
2024-09-20 10:28:13.748,424.4600623850913,1002
2024-09-20 10:28:13.759,424.416228035544,1000
2024-09-20 10:28:13.790,424.411364398171,1004
2024-09-20 10:28:13.798,424.4059626406992,8
2024-09-20 10:28:13.799,424.4041497580697,105
2024-09-20 10:28:13.819,424.4120226532535,999
2024-09-20 10:28:13.838,424.4004226415066,100
2024-09-20 10:28:13.880,424.4463056782725,999
2024-09-20 10:28:13.941,424.4423849363733,1000
2024-09-20 10:28:13.974,424.3775464051459,103
2024-09-20 10:28:14.056,424.3988172847895,997
2024-09-20 10:28:14.067,424.4503931081537,104
2024-09-20 10:28:14.268,-424.4111063185625,6
2024-09-20 10:28:14.283,424.397686513443,96
2024-09-20 10:28:14.568,424.3993095870196,10
2024-09-20 10:28:14.569,424.3677836104632,997
2024-09-20 10:28:14.620,424.4309305002018,14
2024-09-20 10:28:14.623,424.4121208237882,100
2024-09-20 10:28:14.644,424.44105044954296,98
2024-09-20 10:28:14.699,424.4268228694021,999
2024-09-20 10:28:14.802,424.3922227861494,996
2024-09-20 10:28:14.952,424.4350713353459,96
2024-09-20 10:28:15.088,424.3223253426061,1000
2024-09-20 10:28:15.094,424.33706694101664,15
2024-09-20 10:28:15.114,424.3772100980386,996
2024-09-20 10:28:15.185,424.3206494390621,104
2024-09-20 10:28:15.211,424.33490747704434,1004
2024-09-20 10:28:15.263,424.3348323423123,95
2024-09-20 10:28:15.267,424.3860758794353,98
2024-09-20 10:28:15.314,424.368187007978,15
2024-09-20 10:28:15.319,424.3624060260445,997
2024-09-20 10:28:15.333,424.32631206513264,1000
2024-09-20 10:28:15.387,424.36097202469085,8
2024-09-20 10:28:15.391,424.3619105941795,100
2024-09-20 10:28:15.413,424.3379191863445,1005
2024-09-20 10:28:15.415,424.34049338209127,5
2024-09-20 10:28:15.472,424.3271328639327,8
2024-09-20 10:28:15.509,424.3550891451775,12
2024-09-20 10:28:15.555,424.326850114956,101
2024-09-20 10:28:15.579,424.3581762401639,1002
2024-09-20 10:28:15.643,424.3527171070058,97
2024-09-20 10:28:15.669,424.2997750946592,995
2024-09-20 10:28:15.692,424.3442095859563,102
2024-09-20 10:28:15.759,424.3543858774295,999
2024-09-20 10:28:15.799,424.3625932428604,1002
2024-09-20 10:28:15.819,424.3433541925483,14
2024-09-20 10:28:15.842,424.3096141078484,6
2024-09-20 10:28:15.870,424.3199655526258,102
2024-09-20 10:28:15.887,424.361396753586,95
2024-09-20 10:28:15.969,424.3493609463823,13
2024-09-20 10:28:16.032,424.3425961398125,101
2024-09-20 10:28:16.217,424.3583614270714,1003
2024-09-20 10:28:16.298,424.35651848047866,10
2024-09-20 10:28:16.364,424.34674403947446,7
2024-09-20 10:28:16.372,424.3491970373872,15
2024-09-20 10:28:16.488,424.3564413289935,102
2024-09-20 10:28:17.029,424.4859813461122,102
2024-09-20 10:28:17.079,424.3815144793911,997
2024-09-20 10:28:17.120,424.4430604641561,101
2024-09-20 10:28:17.145,424.48107744836494,998
2024-09-20 10:28:17.310,424.4218200547449,8
2024-09-20 10:28:17.354,424.4862173069432,11
2024-09-20 10:28:17.359,424.487009713154,98
2024-09-20 10:28:17.373,424.4049822318663,12
2024-09-20 10:28:17.377,424.3613507203253,100
2024-09-20 10:28:17.383,424.3893481444764,6
2024-09-20 10:28:17.384,424.4303396008942,105
2024-09-20 10:28:17.417,424.4125868721048,15
2024-09-20 10:28:17.445,424.41555242435857,103
2024-09-20 10:28:17.487,424.4615732613793,9
2024-09-20 10:28:17.493,424.4247575251707,9
2024-09-20 10:28:17.541,424.3934249185184,1002
2024-09-20 10:28:17.565,424.4816775968408,98
2024-09-20 10:28:17.625,424.3759748269271,13
2024-09-20 10:28:17.639,424.4094926279627,97
2024-09-20 10:28:17.663,424.358767525464,997
2024-09-20 10:28:17.667,424.3517528535887,1004
2024-09-20 10:28:17.699,424.4735758216747,97
2024-09-20 10:28:17.809,424.48922157868833,999
2024-09-20 10:28:17.952,424.48686848522897,10
2024-09-20 10:28:18.038,424.5071947943157,995
2024-09-20 10:28:18.049,424.4649124405928,1002
2024-09-20 10:28:18.187,424.4426492210171,12
2024-09-20 10:28:18.218,424.4722745514424,15
2024-09-20 10:28:18.240,424.46065322096223,996
2024-09-20 10:28:18.288,424.5370602947421,96
2024-09-20 10:28:18.304,424.4720701577365,96
2024-09-20 10:28:18.335,424.4500666996078,103
2024-09-20 10:28:18.347,424.4903285085428,12
2024-09-20 10:28:18.404,424.4573826834714,1001
2024-09-20 10:28:18.714,424.462119919366,103
2024-09-20 10:28:18.752,424.5257813199458,1000
2024-09-20 10:28:18.772,424.4654614289482,101
2024-09-20 10:28:18.797,424.4483008005869,96
2024-09-20 10:28:18.834,424.5123238916079,1001
2024-09-20 10:28:18.851,424.5026274832583,7
2024-09-20 10:28:18.885,424.4431232172755,1003
2024-09-20 10:28:18.923,424.46887610268107,98
2024-09-20 10:28:19.707,424.4165435829419,998
2024-09-20 10:28:20.034,424.406392560737,9
2024-09-20 10:28:20.151,424.4062538431812,14
2024-09-20 10:28:20.750,424.4171562493692,8
2024-09-20 10:28:20.905,424.4001756543489,1004
2024-09-20 10:28:20.981,424.4067381724413,100
2024-09-20 10:28:21.321,424.45585300643273,1002
2024-09-20 10:28:21.381,424.3629874612888,101
2024-09-20 10:28:21.384,424.39343437563537,1000
2024-09-20 10:28:21.435,424.36046620214654,104
2024-09-20 10:28:21.503,424.4167289399848,5
2024-09-20 10:28:21.685,424.3564053926576,99
2024-09-20 10:28:21.690,424.37784619010233,101
2024-09-20 10:28:21.715,424.379279757411,7
2024-09-20 10:28:21.866,424.4110303134638,1003
2024-09-20 10:28:21.879,424.4015196354119,15
2024-09-20 10:28:21.920,424.3958390100139,996
2024-09-20 10:28:22.016,424.50891701547977,995
2024-09-20 10:28:22.079,424.46847099052377,13
2024-09-20 10:28:22.121,424.4688044601997,5
2024-09-20 10:28:22.126,424.5093135945096,97
2024-09-20 10:28:22.156,424.45647374330815,15
2024-09-20 10:28:22.246,424.4513976820203,8
2024-09-20 10:28:22.290,424.4869057913496,15
2024-09-20 10:28:22.302,424.504697724751,996
2024-09-20 10:28:22.304,424.4680834775121,9
2024-09-20 10:28:22.342,424.4418502593746,101
2024-09-20 10:28:22.383,424.4338029298606,99
2024-09-20 10:28:22.387,424.4942555693691,1000
2024-09-20 10:28:22.412,424.47868766101766,99
2024-09-20 10:28:22.438,424.4712671309846,99
2024-09-20 10:28:22.485,424.4310081815421,997
2024-09-20 10:28:22.544,424.4589151938008,99
2024-09-20 10:28:22.637,-424.4374555762474,998
2024-09-20 10:28:22.696,424.4499279705712,10
2024-09-20 10:28:22.751,424.4419490020536,13
2024-09-20 10:28:22.753,424.425625310509,10
2024-09-20 10:28:22.760,424.49029555453495,1002
2024-09-20 10:28:22.773,424.4658465620501,99
2024-09-20 10:28:22.786,424.4554496416658,1005
2024-09-20 10:28:22.849,424.47461467666665,1004
2024-09-20 10:28:22.853,424.45283871535696,8
2024-09-20 10:28:22.928,424.4675563786578,1001
2024-09-20 10:28:22.955,424.4565566541583,105
2024-09-20 10:28:22.956,424.4625236724678,97
2024-09-20 10:28:23.577,424.4879280554453,103
2024-09-20 10:28:24.026,424.4680928676621,8
2024-09-20 10:28:24.067,424.4044232676336,104
2024-09-20 10:28:24.082,424.45486369715934,1004
2024-09-20 10:28:24.095,424.4646399537129,998
2024-09-20 10:28:24.205,424.4387702105472,97
2024-09-20 10:28:24.236,424.4488877735601,999
2024-09-20 10:28:24.240,424.4466348773675,1000
2024-09-20 10:28:24.293,424.4511110142152,997
2024-09-20 10:28:24.317,424.4283909246655,1001
2024-09-20 10:28:24.347,424.4347690213014,5
2024-09-20 10:28:24.396,424.46626065638674,9
2024-09-20 10:28:24.436,424.4213614888821,999
2024-09-20 10:28:24.472,424.4701545361468,1004
2024-09-20 10:28:24.671,424.422315676949,7
2024-09-20 10:28:24.983,424.45770413275335,10
2024-09-20 10:28:25.075,424.4437813850016,101
2024-09-20 10:28:25.091,424.4801243169791,13
2024-09-20 10:28:25.094,424.4215844535681,10
2024-09-20 10:28:25.112,424.45044906246665,13
2024-09-20 10:28:25.135,424.4365906138855,12
2024-09-20 10:28:25.174,42.43879295932731,99
2024-09-20 10:28:25.233,424.38498793882815,11
2024-09-20 10:28:25.255,424.4617545300479,7
2024-09-20 10:28:25.278,424.41237129098647,5
2024-09-20 10:28:25.317,424.4154866407587,7
2024-09-20 10:28:25.458,424.4035599473652,14
2024-09-20 10:28:25.476,424.478202780881,1002
2024-09-20 10:28:25.530,424.4721692780118,103
2024-09-20 10:28:25.572,424.4368755574129,6
2024-09-20 10:28:25.612,424.4382989935543,995
2024-09-20 10:28:25.633,424.4526112854233,9
2024-09-20 10:28:25.639,424.3848858417636,96
2024-09-20 10:28:25.647,424.4786010860781,7
2024-09-20 10:28:25.850,424.4211930980664,13
2024-09-20 10:28:25.860,424.3906619453851,7
2024-09-20 10:28:25.893,424.4530155062646,15
2024-09-20 10:28:25.926,424.3994620929375,5
2024-09-20 10:28:25.936,424.44510897423214,999
2024-09-20 10:28:25.983,424.40279440592894,101
2024-09-20 10:28:26.002,424.52385368800986,997
2024-09-20 10:28:26.013,424.5035017533837,100
2024-09-20 10:28:26.114,424.4767200545032,95
2024-09-20 10:28:26.190,424.48467461165615,995
2024-09-20 10:28:26.237,424.4928774410448,1003
2024-09-20 10:28:26.314,42.44715805210894,999
2024-09-20 10:28:26.450,424.5016718286065,998
2024-09-20 10:28:26.511,424.5315724339651,15
2024-09-20 10:28:26.581,424.5214179799629,101
2024-09-20 10:28:26.669,424.4842685924019,101
2024-09-20 10:28:26.964,424.5289245352533,12
2024-09-20 10:28:27.059,424.514091398232,996
2024-09-20 10:28:27.132,424.49372649486617,1004
2024-09-20 10:28:27.146,424.5364233818068,10
2024-09-20 10:28:27.147,424.5226952629444,103
2024-09-20 10:28:27.160,424.4888553398162,995
2024-09-20 10:28:27.263,424.5076770213005,98
2024-09-20 10:28:27.469,424.52919141987655,996
2024-09-20 10:28:27.563,42.453341946188246,1003
2024-09-20 10:28:27.685,424.5302545284696,98
2024-09-20 10:28:27.705,424.49434984348113,999
2024-09-20 10:28:27.713,424.5049025737568,15
2024-09-20 10:28:27.745,424.5326286162226,9
2024-09-20 10:28:27.746,424.4977210489397,9
2024-09-20 10:28:27.855,424.5188014062968,104
2024-09-20 10:28:27.895,424.5011600548421,6
2024-09-20 10:28:27.913,424.5193571833725,998
2024-09-20 10:28:27.931,424.4962262429889,1005
2024-09-20 10:28:27.945,424.5246265414824,1002
2024-09-20 10:28:27.953,424.542012829917,105
2024-09-20 10:28:28.115,424.5796754519173,995
2024-09-20 10:28:28.167,424.5728157148357,97
2024-09-20 10:28:28.356,424.5965017213638,13
2024-09-20 10:28:28.386,424.5393947842345,95
2024-09-20 10:28:28.731,424.5822398826102,13
2024-09-20 10:28:28.732,424.5480531234218,7
2024-09-20 10:28:28.787,424.56779661300766,10
2024-09-20 10:28:29.024,424.6156539835184,1004
2024-09-20 10:28:29.040,424.5733031068827,101
2024-09-20 10:28:29.102,424.592033027716,8
2024-09-20 10:28:29.141,424.58483517915465,997
2024-09-20 10:28:29.205,424.6008535698712,1001
2024-09-20 10:28:29.289,424.5660316380964,996
2024-09-20 10:28:29.363,424.5733538138711,99
2024-09-20 10:28:29.399,424.57927104322965,10
2024-09-20 10:28:29.452,424.6035460184268,7
2024-09-20 10:28:29.623,424.5952972549337,997
2024-09-20 10:28:29.647,424.5482603869637,995
2024-09-20 10:28:29.657,424.6059333577754,998
2024-09-20 10:28:29.670,424.6195383672104,996
2024-09-20 10:28:29.674,424.5617362662396,1005
2024-09-20 10:28:29.693,424.5637947655889,5
2024-09-20 10:28:29.730,424.60412226498215,105
2024-09-20 10:28:29.782,424.5669538555525,104
2024-09-20 10:28:29.801,424.5694242639525,97
2024-09-20 10:28:29.805,424.5935364999165,8
2024-09-20 10:28:29.856,424.5776225391396,6
2024-09-20 10:28:29.905,424.617223575209,995
2024-09-20 10:28:29.977,424.6307687452672,997
2024-09-20 10:28:29.983,424.5873015365098,98
2024-09-20 10:28:29.987,424.60666122252206,97
2024-09-20 10:28:29.990,424.6068051349139,100
2024-09-20 10:28:30.036,-424.5510522299869,8
2024-09-20 10:28:30.120,424.49062519935455,999
2024-09-20 10:28:30.165,424.571350257507,100
2024-09-20 10:28:30.200,424.5668902776917,98
2024-09-20 10:28:30.350,424.5706238772407,104
2024-09-20 10:28:30.455,-424.5594229325188,996
2024-09-20 10:28:30.501,424.5124040007137,8
2024-09-20 10:28:30.503,424.519917175916,1002
2024-09-20 10:28:30.768,424.51275528125865,95
2024-09-20 10:28:30.770,424.5356594308485,96
2024-09-20 10:28:30.797,42.44816789639218,9
2024-09-20 10:28:30.915,424.56380496560695,9
2024-09-20 10:28:30.932,424.5130498845973,1004
2024-09-20 10:28:31.489,424.51496120714665,1004
2024-09-20 10:28:31.916,424.5156017107562,98
2024-09-20 10:28:32.076,424.5236047253649,9
2024-09-20 10:28:32.632,424.52623871765513,1004
2024-09-20 10:28:33.127,424.5208985585835,997
2024-09-20 10:28:33.177,424.5297344657928,8
2024-09-20 10:28:33.288,424.5609837529044,15
2024-09-20 10:28:33.300,424.5472412923086,996
2024-09-20 10:28:33.305,424.5641474811715,1003
2024-09-20 10:28:33.350,424.51928936891534,11
2024-09-20 10:28:33.446,424.54772116249234,99
2024-09-20 10:28:33.572,424.5442666320517,1003
2024-09-20 10:28:33.575,424.55218138525686,104
2024-09-20 10:28:33.580,-424.5614069476447,103
2024-09-20 10:28:33.592,424.5508640192988,96
2024-09-20 10:28:33.624,424.545433702892,9
2024-09-20 10:28:33.767,424.52858471302966,101
2024-09-20 10:28:33.776,424.5568421192962,10
2024-09-20 10:28:33.777,424.5345426371965,100
2024-09-20 10:28:33.822,424.5448346381066,11
2024-09-20 10:28:33.856,424.5451304783097,9
2024-09-20 10:28:33.870,424.5559716673934,15
2024-09-20 10:28:33.930,424.5456612522302,999
2024-09-20 10:28:33.976,424.5264997871595,1005
2024-09-20 10:28:33.994,424.5395530745979,1003
2024-09-20 10:28:34.009,424.5332756512201,1004
2024-09-20 10:28:34.017,424.5536731169264,100
2024-09-20 10:28:34.184,424.5045520505767,996
2024-09-20 10:28:34.228,424.4683193807654,101
2024-09-20 10:28:34.248,424.5256602616339,98
2024-09-20 10:28:34.249,424.5331043711776,105
2024-09-20 10:28:34.250,424.5229359226265,998
2024-09-20 10:28:34.262,424.4752477505016,8
2024-09-20 10:28:34.383,424.4954470095758,97
2024-09-20 10:28:34.415,424.4393260343344,12
2024-09-20 10:28:34.455,424.559059253175,999
2024-09-20 10:28:34.456,424.46023274057615,5
2024-09-20 10:28:34.512,424.4731563462506,101
2024-09-20 10:28:34.524,424.4272309722268,102
2024-09-20 10:28:34.559,424.4958833320663,1002
2024-09-20 10:28:34.573,424.4535881710177,14
2024-09-20 10:28:34.665,424.51685987688734,99
2024-09-20 10:28:34.679,424.5280771424676,1001
2024-09-20 10:28:34.694,424.4971826661196,104
2024-09-20 10:28:34.712,424.4525163593729,102
2024-09-20 10:28:34.745,424.5386745505847,8
2024-09-20 10:28:34.767,424.5408012106304,6
2024-09-20 10:28:34.772,424.5184743774346,1005
2024-09-20 10:28:34.795,424.4545552128112,1001
2024-09-20 10:28:34.902,424.4885452396536,995
2024-09-20 10:28:34.970,424.5271474722572,10
2024-09-20 10:28:34.993,424.4549704143925,10
2024-09-20 10:28:34.996,424.43423707082,995
2024-09-20 10:28:35.051,424.416554491872,103
2024-09-20 10:28:35.136,424.4392484595311,1000
2024-09-20 10:28:35.176,424.4755899074012,98
2024-09-20 10:28:35.209,424.4450567952226,998
2024-09-20 10:28:35.465,424.4431764113535,1004
2024-09-20 10:28:35.530,424.4722027325324,101
2024-09-20 10:28:35.559,424.4341725180638,9
2024-09-20 10:28:35.594,42.44408666732193,103
2024-09-20 10:28:35.607,424.42995189779697,100
2024-09-20 10:28:35.617,424.42618905598994,996
2024-09-20 10:28:35.637,424.442332104091,13
2024-09-20 10:28:35.680,424.4517048766921,13
2024-09-20 10:28:35.789,424.43993995304544,105
2024-09-20 10:28:35.847,424.4704167302018,96
2024-09-20 10:28:35.914,424.4312123374584,1002
2024-09-20 10:28:36.088,424.4308484634804,11
2024-09-20 10:28:36.201,424.4252224759706,99
2024-09-20 10:28:36.393,424.4365205484143,996
2024-09-20 10:28:36.654,424.4122560877974,1004
2024-09-20 10:28:36.935,424.434783603732,98
2024-09-20 10:28:37.081,,15
2024-09-20 10:28:37.089,424.46486517270745,103
2024-09-20 10:28:37.120,424.43295624813385,12
2024-09-20 10:28:37.146,424.4322813904079,1001
2024-09-20 10:28:37.191,424.5026040487009,1003
2024-09-20 10:28:37.222,424.5136688720918,14
2024-09-20 10:28:37.224,424.5079165774058,997
2024-09-20 10:28:37.225,424.4872692149348,1003
2024-09-20 10:28:37.236,424.40971404926574,1004
2024-09-20 10:28:37.239,424.4991684528612,1002
2024-09-20 10:28:37.242,424.5047194799998,97
2024-09-20 10:28:37.259,424.4823397726355,103
2024-09-20 10:28:37.261,424.5014812859776,12
2024-09-20 10:28:37.280,424.5359061036069,104
2024-09-20 10:28:37.408,424.48049366430496,5
2024-09-20 10:28:37.451,424.4676144111565,9
2024-09-20 10:28:37.492,424.4925175455512,5
2024-09-20 10:28:37.557,424.4111899156632,1000
2024-09-20 10:28:37.580,424.3943941770286,1003
2024-09-20 10:28:37.584,424.5014103593191,1004
2024-09-20 10:28:37.603,424.4147612299281,102
2024-09-20 10:28:37.628,424.5027909006812,1001
2024-09-20 10:28:37.717,424.4866769651203,103
2024-09-20 10:28:37.731,424.40629204733233,101
2024-09-20 10:28:37.782,,105
2024-09-20 10:28:37.782,424.4040564077249,103
2024-09-20 10:28:37.798,424.3961078944875,1001
2024-09-20 10:28:37.849,,8
2024-09-20 10:28:37.862,424.413653092011,8
2024-09-20 10:28:37.917,424.4317850945497,14
2024-09-20 10:28:38.103,424.4669970448404,101
2024-09-20 10:28:38.231,424.4788498224737,996
2024-09-20 10:28:38.324,424.4689765287449,104
2024-09-20 10:28:38.335,424.4782362034076,1005
2024-09-20 10:28:38.507,424.4891422928556,101
2024-09-20 10:28:38.735,424.4951067431493,105
2024-09-20 10:28:38.894,424.4719226023316,1001
2024-09-20 10:28:39.038,,1001
2024-09-20 10:28:39.147,424.4853840852285,102
2024-09-20 10:28:39.158,424.4910630177611,6
2024-09-20 10:28:39.240,424.4534227917218,9
2024-09-20 10:28:39.400,424.4868986657729,13
2024-09-20 10:28:39.413,424.5023025743816,5
2024-09-20 10:28:39.449,424.4777776339471,9
2024-09-20 10:28:39.463,424.45515893723126,998
2024-09-20 10:28:39.566,424.46452998703535,13
2024-09-20 10:28:39.575,424.4901360145225,1004
2024-09-20 10:28:39.768,424.4844525565953,999
2024-09-20 10:28:39.793,424.4927182734727,996
2024-09-20 10:28:40.013,424.46890653137393,105
2024-09-20 10:28:40.057,424.45780223820697,1000
2024-09-20 10:28:40.093,424.4788502636817,12
2024-09-20 10:28:40.151,424.45764682360857,14
2024-09-20 10:28:40.163,424.4531265545932,1001
2024-09-20 10:28:40.193,424.4674786861341,15
2024-09-20 10:28:40.209,424.44286287906624,1004
2024-09-20 10:28:40.252,424.4440165219532,102
2024-09-20 10:28:40.308,424.4511849227637,96
2024-09-20 10:28:40.320,424.44369798220873,104
2024-09-20 10:28:40.335,424.42667899762057,997
2024-09-20 10:28:40.355,424.4682867413758,95
2024-09-20 10:28:40.356,424.4258947480631,8
2024-09-20 10:28:40.357,424.4360768941257,1003
2024-09-20 10:28:40.383,424.4366660582361,7
2024-09-20 10:28:40.475,424.46137701623087,999
2024-09-20 10:28:40.511,424.4355397886502,13
2024-09-20 10:28:40.651,424.4201402584751,9
2024-09-20 10:28:40.665,424.4664283720652,1004
2024-09-20 10:28:40.691,424.4384943924375,11
2024-09-20 10:28:40.822,424.4155080062421,97
2024-09-20 10:28:40.876,424.446423145879,1002
2024-09-20 10:28:40.884,424.45198235693374,999
2024-09-20 10:28:40.904,424.45446783991696,99
2024-09-20 10:28:40.993,424.4379871933981,6
2024-09-20 10:28:41.006,424.4045855064445,101
2024-09-20 10:28:41.168,424.3930802522741,7
2024-09-20 10:28:41.181,424.387190394348,998
2024-09-20 10:28:41.211,424.413244715492,10
2024-09-20 10:28:41.280,424.3918003104591,9
2024-09-20 10:28:41.308,424.381267100836,998
2024-09-20 10:28:41.359,424.3989590728714,99
2024-09-20 10:28:41.379,424.3867881424681,7
2024-09-20 10:28:41.491,424.3988998834608,999
2024-09-20 10:28:41.536,424.39512042671686,98
2024-09-20 10:28:41.558,424.377350873186,101
2024-09-20 10:28:41.608,424.4074561288804,1004
2024-09-20 10:28:41.622,424.37657231178144,5
2024-09-20 10:28:41.676,424.3839933459927,14
2024-09-20 10:28:41.707,424.4290149670205,101
2024-09-20 10:28:41.717,424.4011774112881,10
2024-09-20 10:28:41.798,424.4037146134646,995
2024-09-20 10:28:41.833,424.39956462417456,12
2024-09-20 10:28:41.840,424.3831144225495,1002
2024-09-20 10:28:41.866,424.4160716248391,998
2024-09-20 10:28:41.867,424.401743798222,97
2024-09-20 10:28:42.118,424.3931433182342,1002
2024-09-20 10:28:42.119,424.3987956492542,97
2024-09-20 10:28:42.204,424.39376397650295,7
2024-09-20 10:28:42.391,424.4026344822544,99
2024-09-20 10:28:42.394,424.3839870712491,101
2024-09-20 10:28:42.596,424.384085012369,1002
2024-09-20 10:28:42.739,424.398016513394,1003
2024-09-20 10:28:43.089,424.3923585920959,1001
2024-09-20 10:28:43.098,424.407950523544,9
2024-09-20 10:28:43.378,424.392711840778,9
2024-09-20 10:28:43.427,424.4042706887461,13
2024-09-20 10:28:43.495,424.3953738918048,103
2024-09-20 10:28:43.792,424.4075086319531,6
2024-09-20 10:28:43.866,424.3871381114355,10
2024-09-20 10:28:44.045,424.43577079840514,1005
2024-09-20 10:28:44.231,424.4056801341014,105
2024-09-20 10:28:44.279,424.4031651974983,8
2024-09-20 10:28:44.360,424.3930547761684,9
2024-09-20 10:28:44.369,424.4248498674342,1004
2024-09-20 10:28:44.712,424.4022942686751,8
2024-09-20 10:28:45.316,424.41569008067,996
2024-09-20 10:28:45.676,424.421112765634,14
2024-09-20 10:28:45.901,424.4082308134593,96
2024-09-20 10:28:45.926,424.4058987437986,97
2024-09-20 10:28:46.017,424.4455626819666,1005
2024-09-20 10:28:46.019,424.50873165010654,995
2024-09-20 10:28:46.031,424.48989246979966,5
2024-09-20 10:28:46.070,424.418053726665,100
2024-09-20 10:28:46.147,424.486684055808,101
2024-09-20 10:28:46.264,424.5000027755594,1000
2024-09-20 10:28:46.299,424.4588160229948,101
2024-09-20 10:28:46.340,424.4243586554309,97
2024-09-20 10:28:46.390,424.45565618891897,99
2024-09-20 10:28:46.491,424.496470002827,6
2024-09-20 10:28:46.558,424.4771817525192,100
2024-09-20 10:28:46.589,424.4545824872898,1001
2024-09-20 10:28:46.639,424.457901173474,103
2024-09-20 10:28:46.722,424.4749645212903,100
2024-09-20 10:28:46.799,424.42669327165055,997
2024-09-20 10:28:46.947,424.49282097535314,95
2024-09-20 10:28:46.956,424.4471304539014,10
2024-09-20 10:28:46.969,424.41988030930287,998
2024-09-20 10:28:46.987,424.4906545089063,1001
2024-09-20 10:28:48.111,424.45252215956526,101
2024-09-20 10:28:48.204,424.4579219082308,5
2024-09-20 10:28:48.238,424.4587621568522,14
2024-09-20 10:28:48.373,424.4235504635714,10
2024-09-20 10:28:48.399,424.4593738701007,6
2024-09-20 10:28:48.465,42.44431259181663,7
2024-09-20 10:28:48.484,424.4149454847166,8
2024-09-20 10:28:48.557,424.4490742782457,98
2024-09-20 10:28:48.585,424.42261334917015,98
2024-09-20 10:28:48.599,424.4742418924389,102
2024-09-20 10:28:48.639,424.465379287185,13
2024-09-20 10:28:48.964,424.4681464923998,99
2024-09-20 10:28:49.018,424.4012935766164,97
2024-09-20 10:28:49.037,424.3408908654576,1001
2024-09-20 10:28:49.118,424.4021960531787,997
2024-09-20 10:28:49.121,424.3019918886581,999
2024-09-20 10:28:49.363,424.3910381287623,13
2024-09-20 10:28:49.374,424.3983135107629,98
2024-09-20 10:28:49.387,424.3945780889904,7
2024-09-20 10:28:49.391,424.3798977335265,104
2024-09-20 10:28:49.472,424.386288653099,104
2024-09-20 10:28:49.509,424.4031446377353,105
2024-09-20 10:28:49.596,424.39816960620647,100
2024-09-20 10:28:49.608,424.3132766246996,1003
2024-09-20 10:28:49.626,424.3718239555325,1000
2024-09-20 10:28:49.639,424.3370501996648,997
2024-09-20 10:28:49.685,424.4041441502952,11
2024-09-20 10:28:49.737,424.38946670857706,996
2024-09-20 10:28:49.739,424.3624225423088,103
2024-09-20 10:28:49.739,424.3949489961517,1001
2024-09-20 10:28:49.760,424.32067531840175,1000
2024-09-20 10:28:49.823,424.395104071742,99
2024-09-20 10:28:49.976,424.4052029123988,96
2024-09-20 10:28:50.078,424.35782157749736,999
2024-09-20 10:28:50.081,424.3549699988651,1001
2024-09-20 10:28:50.152,424.3386697494589,9
2024-09-20 10:28:50.712,424.3461953535422,996
2024-09-20 10:28:50.719,424.348816781698,1000
2024-09-20 10:28:50.852,424.3310149173493,10
2024-09-20 10:28:50.902,424.3353870735219,102
2024-09-20 10:28:51.129,424.3812138426807,103
2024-09-20 10:28:51.150,424.3531251248138,103
2024-09-20 10:28:51.170,424.34661167770537,1003
2024-09-20 10:28:51.264,424.393418399978,5
2024-09-20 10:28:51.286,424.3735921375799,9
2024-09-20 10:28:51.374,424.3766046802402,105
2024-09-20 10:28:51.498,424.3886984595865,103
2024-09-20 10:28:51.499,424.38876633845376,11
2024-09-20 10:28:51.527,424.3810826738938,96
2024-09-20 10:28:51.620,424.3664762859764,103
2024-09-20 10:28:52.013,424.2345992140872,6
2024-09-20 10:28:52.047,424.335497458998,1003
2024-09-20 10:28:52.088,424.349776204651,6
2024-09-20 10:28:52.100,424.365334805542,1000
2024-09-20 10:28:52.103,424.322175604764,99
2024-09-20 10:28:52.114,424.3549357692635,1001
2024-09-20 10:28:52.171,424.3492949964453,14
2024-09-20 10:28:52.233,424.3126107415566,103
2024-09-20 10:28:52.249,424.3387968954832,100
2024-09-20 10:28:52.262,424.3490673522484,996
2024-09-20 10:28:52.329,424.3131555931429,1004
2024-09-20 10:28:52.367,424.324967932284,995
2024-09-20 10:28:52.368,424.2837026235703,100
2024-09-20 10:28:52.393,424.38625592131285,104
2024-09-20 10:28:52.417,424.4036867356522,97
2024-09-20 10:28:52.433,424.339740136546,995
2024-09-20 10:28:52.453,424.2462385483609,999
2024-09-20 10:28:52.543,424.33898583513553,1003
2024-09-20 10:28:52.575,424.3067159890567,99
2024-09-20 10:28:52.613,424.3525465023285,8
2024-09-20 10:28:52.622,424.39186712980495,997
2024-09-20 10:28:52.657,424.3903908376874,15
2024-09-20 10:28:52.661,424.33706105199326,1000
2024-09-20 10:28:52.685,424.33405255166906,1005
2024-09-20 10:28:52.733,424.3387684508114,995
2024-09-20 10:28:52.788,424.3386713793169,98
2024-09-20 10:28:52.911,,1002
2024-09-20 10:28:52.929,424.30493949353297,13
2024-09-20 10:28:52.939,424.34231440468153,96
2024-09-20 10:28:53.045,424.126748124617,995
2024-09-20 10:28:53.049,424.1959520047019,7
2024-09-20 10:28:53.099,424.13034863608266,8
2024-09-20 10:28:53.293,424.1181686670808,1000
2024-09-20 10:28:53.312,424.1441321868856,997
2024-09-20 10:28:53.499,424.172328107212,11
2024-09-20 10:28:53.529,424.19125757073056,6
2024-09-20 10:28:53.557,424.17359308354,101
2024-09-20 10:28:53.582,424.1433312548416,995
2024-09-20 10:28:53.584,424.1365154235217,100
2024-09-20 10:28:53.591,424.2000333361054,97
2024-09-20 10:28:53.595,424.15856033229056,996
2024-09-20 10:28:53.686,424.1766370226694,9
2024-09-20 10:28:53.756,424.15983272406646,105
2024-09-20 10:28:53.761,424.1334565298196,95
2024-09-20 10:28:53.781,424.1530661002741,6
2024-09-20 10:28:53.822,424.1552417200174,13
2024-09-20 10:28:53.907,424.14941536522497,1001
2024-09-20 10:28:53.987,424.1313984810624,15
2024-09-20 10:28:54.075,424.2045315994585,103
2024-09-20 10:28:54.148,424.19922725665526,103
2024-09-20 10:28:54.283,424.19316103516536,9
2024-09-20 10:28:54.579,424.1941248831637,998
2024-09-20 10:28:54.649,424.1938554937292,1001
2024-09-20 10:28:54.923,424.19289991894,105
2024-09-20 10:28:55.015,424.2099757870642,1000
2024-09-20 10:28:55.037,,97
2024-09-20 10:28:55.062,424.2481534437789,996
2024-09-20 10:28:55.112,424.2284260802988,996
2024-09-20 10:28:55.195,424.28455349140535,14
2024-09-20 10:28:55.265,424.1725763787289,7
2024-09-20 10:28:55.534,424.1926306447321,1001
2024-09-20 10:28:55.541,424.1972327436287,1003
2024-09-20 10:28:55.545,424.2005600831347,5
2024-09-20 10:28:55.584,424.2293696186958,10
2024-09-20 10:28:55.613,424.22326945364887,99
2024-09-20 10:28:55.627,424.2261972520992,97
2024-09-20 10:28:55.662,424.299061150208,8
2024-09-20 10:28:55.717,424.19839685722894,7
2024-09-20 10:28:55.751,424.2336355509383,95
2024-09-20 10:28:55.763,424.26506951186246,11
2024-09-20 10:28:55.945,424.23909594748136,14
2024-09-20 10:28:55.981,424.2057230401685,13
2024-09-20 10:28:56.063,424.2085423497543,996
2024-09-20 10:28:56.068,424.2499691210317,99
2024-09-20 10:28:56.130,,101
2024-09-20 10:28:56.227,424.2224495914595,105
2024-09-20 10:28:56.227,424.26287699573487,11
2024-09-20 10:28:56.236,424.2551800376434,13
2024-09-20 10:28:56.245,424.20934755769713,104
2024-09-20 10:28:56.304,424.31352136483525,1004
2024-09-20 10:28:56.330,424.2729563535552,10
2024-09-20 10:28:56.419,424.2628461486068,7
2024-09-20 10:28:56.438,424.2007181339032,104
2024-09-20 10:28:56.543,424.2962937897561,103
2024-09-20 10:28:56.555,424.1890369565846,105
2024-09-20 10:28:56.565,424.1909952184742,999
2024-09-20 10:28:56.627,424.28017018765854,13
2024-09-20 10:28:56.657,424.2427010101496,100
2024-09-20 10:28:56.712,424.1962684107309,995
2024-09-20 10:28:56.743,424.2046881072024,8
2024-09-20 10:28:56.746,424.2418462549134,1003
2024-09-20 10:28:56.751,424.2911711257553,1005
2024-09-20 10:28:56.759,424.2131036704368,15
2024-09-20 10:28:56.807,424.2561826194095,15
2024-09-20 10:28:56.837,424.27519351884433,12
2024-09-20 10:28:56.893,424.29410399093047,97
2024-09-20 10:28:56.903,424.18163012970257,1001
2024-09-20 10:28:56.918,424.2558714481558,1002
2024-09-20 10:28:56.946,-424.2788224935933,10
2024-09-20 10:28:56.972,424.2854091956894,6
2024-09-20 10:28:57.016,424.2113148216953,7
2024-09-20 10:28:57.096,424.2080002326293,99
2024-09-20 10:28:57.096,424.1947870578717,100
2024-09-20 10:28:57.100,424.2088737315623,101
2024-09-20 10:28:57.131,424.2135538023962,998
2024-09-20 10:28:57.210,424.2029392133769,14
2024-09-20 10:28:57.260,424.1938292582221,999
2024-09-20 10:28:57.272,424.21661495381466,104
2024-09-20 10:28:57.331,424.2187533832901,999
2024-09-20 10:28:57.336,424.1904860658764,999
2024-09-20 10:28:57.433,424.2093761645443,1000
2024-09-20 10:28:57.461,424.2157894413597,101
2024-09-20 10:28:57.484,424.2110951656942,104
2024-09-20 10:28:57.505,424.1817915405322,98
2024-09-20 10:28:57.554,424.2106066399096,10
2024-09-20 10:28:57.559,424.2221555442488,95
2024-09-20 10:28:57.613,424.2338127216825,97
2024-09-20 10:28:57.614,424.1963682711865,998
2024-09-20 10:28:57.697,424.2336559127811,996
2024-09-20 10:28:57.723,424.2087754853004,95
2024-09-20 10:28:57.789,424.1914797417423,96
2024-09-20 10:28:57.804,424.1998913485288,101
2024-09-20 10:28:57.830,424.21190372507823,7
2024-09-20 10:28:57.846,424.1912476805938,1005
2024-09-20 10:28:57.870,424.2035332624415,6
2024-09-20 10:28:57.872,424.2009502542805,6
2024-09-20 10:28:57.872,424.20486455512656,101
2024-09-20 10:28:57.894,424.1808763350968,998
2024-09-20 10:28:57.987,424.18368433097766,98
2024-09-20 10:28:58.020,424.2290076227234,97
2024-09-20 10:28:58.025,42.42640338725491,1005
2024-09-20 10:28:58.064,424.24141262104337,998
2024-09-20 10:28:58.072,424.22647441501823,1005
2024-09-20 10:28:58.074,424.243089652762,6
2024-09-20 10:28:58.089,424.2457993328959,999
2024-09-20 10:28:58.124,424.1998244020426,997
2024-09-20 10:28:58.138,424.2039060752431,1000
2024-09-20 10:28:58.141,424.2067455376562,9
2024-09-20 10:28:58.192,424.20448183872975,7
2024-09-20 10:28:58.218,424.2717753345241,105
2024-09-20 10:28:58.247,424.2553947749802,11
2024-09-20 10:28:58.288,424.2288284379678,1004
2024-09-20 10:28:58.292,424.21594992367096,7
2024-09-20 10:28:58.718,424.231675277812,100
2024-09-20 10:28:58.719,424.2425263045674,1001
2024-09-20 10:28:58.753,424.2260829507069,996
2024-09-20 10:28:58.808,424.2186572482226,1001
2024-09-20 10:28:58.818,424.2775582326466,7
2024-09-20 10:28:58.828,424.227152736195,97
2024-09-20 10:28:59.254,42.42258464086475,998
2024-09-20 10:28:59.424,424.2189345865705,996
2024-09-20 10:28:59.461,424.2420078264221,9
2024-09-20 10:28:59.544,-424.23854978653617,96
2024-09-20 10:28:59.569,424.2319168784724,995
2024-09-20 10:28:59.830,424.21072153144536,1004
