Timestamp,Price,Size
2024-09-16 10:09:00.103,418.9984064490545,7
2024-09-16 10:09:00.505,418.9922486709237,102
2024-09-16 10:09:00.575,418.9755537053358,103
2024-09-16 10:09:01.010,419.0244244423576,998
2024-09-16 10:09:01.068,419.0258514815417,1002
2024-09-16 10:09:01.273,419.0295039769384,101
2024-09-16 10:09:01.410,419.0129157020522,96
2024-09-16 10:09:01.411,419.0482453018407,97
2024-09-16 10:09:01.419,419.01768661752,9
2024-09-16 10:09:01.443,419.01703576886206,100
2024-09-16 10:09:01.485,-419.021594136712,997
2024-09-16 10:09:01.510,419.0149562230458,1003
2024-09-16 10:09:01.556,419.00960634857023,12
2024-09-16 10:09:01.622,419.045596068441,104
2024-09-16 10:09:01.713,419.0137094544029,10
2024-09-16 10:09:01.780,419.0481104902141,995
2024-09-16 10:09:01.794,418.9864873827508,1001
2024-09-16 10:09:01.884,419.0302983802184,103
2024-09-16 10:09:01.952,419.0329190076672,1005
2024-09-16 10:09:02.321,419.0442478848124,1004
2024-09-16 10:09:02.518,419.0344465729609,997
2024-09-16 10:09:03.053,419.037470073608,997
2024-09-16 10:09:03.095,419.0272463072718,997
2024-09-16 10:09:03.111,419.0466250827152,102
2024-09-16 10:09:03.301,419.0455350994083,5
2024-09-16 10:09:03.307,419.0383666212115,103
2024-09-16 10:09:03.342,419.0512945256191,1003
2024-09-16 10:09:03.526,419.04035360921006,998
2024-09-16 10:09:03.535,419.0521132452763,13
2024-09-16 10:09:03.599,419.0545210354485,5
2024-09-16 10:09:03.965,419.02440796406097,1000
2024-09-16 10:09:03.987,419.0482201027288,14
2024-09-16 10:09:04.197,419.0142624849908,1003
2024-09-16 10:09:04.233,419.0193453100914,100
2024-09-16 10:09:04.259,419.0261019093948,1002
2024-09-16 10:09:04.277,419.0330572919619,102
2024-09-16 10:09:04.430,-419.0156006864211,1005
2024-09-16 10:09:04.567,419.0248968869968,100
2024-09-16 10:09:04.692,419.0478251000068,1001
2024-09-16 10:09:04.759,419.0328800023767,13
2024-09-16 10:09:05.161,419.05117852266,13
2024-09-16 10:09:05.178,419.0529909832396,995
2024-09-16 10:09:05.230,419.06787317447805,99
2024-09-16 10:09:05.405,419.0648225344027,1002
2024-09-16 10:09:05.750,419.0688869988893,1005
2024-09-16 10:09:05.794,419.0733224729712,1004
2024-09-16 10:09:06.058,419.0451559998232,1005
2024-09-16 10:09:06.068,419.0320275960861,98
2024-09-16 10:09:06.160,419.0540488167806,1000
2024-09-16 10:09:06.173,419.0207018507528,999
2024-09-16 10:09:06.296,419.0633003722504,10
2024-09-16 10:09:06.356,419.0145160556201,996
2024-09-16 10:09:06.406,419.0273950213341,6
2024-09-16 10:09:06.452,419.0651155041504,8
2024-09-16 10:09:06.568,419.0810136943544,999
2024-09-16 10:09:06.607,419.0814870580044,14
2024-09-16 10:09:06.684,419.0480804643088,995
2024-09-16 10:09:06.693,419.0502519510055,101
2024-09-16 10:09:06.866,-419.04338314490553,998
2024-09-16 10:09:06.911,419.0582116037071,1002
2024-09-16 10:09:07.032,419.04934388187286,98
2024-09-16 10:09:07.055,419.0488176562796,97
2024-09-16 10:09:07.069,419.0192043171624,995
2024-09-16 10:09:07.097,419.0446390361566,1005
2024-09-16 10:09:07.110,418.9992271881167,10
2024-09-16 10:09:07.162,419.0176744497103,7
2024-09-16 10:09:07.205,419.0339233938147,96
2024-09-16 10:09:07.232,418.9923298185024,100
2024-09-16 10:09:07.287,419.0139788293385,10
2024-09-16 10:09:07.452,419.04142826106016,996
2024-09-16 10:09:07.485,419.0144170427057,104
2024-09-16 10:09:07.502,419.0363993968285,1003
2024-09-16 10:09:07.563,419.03040259412256,12
2024-09-16 10:09:07.629,419.0554911102893,99
2024-09-16 10:09:07.725,419.01357199230097,1004
2024-09-16 10:09:07.745,419.0101847714279,1005
2024-09-16 10:09:07.825,419.020809835972,1001
2024-09-16 10:09:07.884,419.03448748985824,105
2024-09-16 10:09:07.894,419.0176377603623,98
2024-09-16 10:09:07.949,419.0014917700236,6
2024-09-16 10:09:07.952,419.0149343519942,104
2024-09-16 10:09:07.999,419.0534778634431,97
2024-09-16 10:09:08.126,419.1499404299144,98
2024-09-16 10:09:08.132,419.09660345155504,100
2024-09-16 10:09:08.158,419.06416149272894,99
2024-09-16 10:09:08.321,419.0426229409917,99
2024-09-16 10:09:08.328,419.10159705596095,12
2024-09-16 10:09:08.341,419.0917022366322,1004
2024-09-16 10:09:08.349,419.0764191874346,105
2024-09-16 10:09:08.389,419.1643121872243,1001
2024-09-16 10:09:08.399,419.09987674445904,1005
2024-09-16 10:09:08.416,419.1165346534167,12
2024-09-16 10:09:08.429,419.156292827681,99
2024-09-16 10:09:08.434,419.08423658993337,11
2024-09-16 10:09:08.473,419.1042121809472,999
2024-09-16 10:09:08.513,419.093279393989,101
2024-09-16 10:09:08.551,419.1505875779941,999
2024-09-16 10:09:08.574,419.0754305244473,9
2024-09-16 10:09:08.658,419.061646025002,6
2024-09-16 10:09:08.698,419.1524295168409,9
2024-09-16 10:09:08.699,419.0721617412352,1000
2024-09-16 10:09:08.734,419.1626748564832,96
2024-09-16 10:09:08.771,419.0384148345224,1003
2024-09-16 10:09:08.807,419.1629472608727,995
2024-09-16 10:09:08.845,419.0666617828042,1003
2024-09-16 10:09:08.850,419.1735723002545,103
2024-09-16 10:09:08.893,419.0666411792748,100
2024-09-16 10:09:08.902,419.1031829564045,102
2024-09-16 10:09:08.904,419.0546438317325,10
2024-09-16 10:09:08.996,419.0790352610397,1001
2024-09-16 10:09:09.014,419.3019603927736,95
2024-09-16 10:09:09.048,419.24477198531287,95
2024-09-16 10:09:09.114,419.2446288604744,105
2024-09-16 10:09:09.132,419.2573518303387,104
2024-09-16 10:09:09.170,419.1894298468102,1001
2024-09-16 10:09:09.192,419.2720006529085,996
2024-09-16 10:09:09.199,419.2829391501346,1005
2024-09-16 10:09:09.245,41.92842815068098,5
2024-09-16 10:09:09.345,419.2370306651085,12
2024-09-16 10:09:09.380,419.2757280449194,104
2024-09-16 10:09:09.407,419.2958858970789,11
2024-09-16 10:09:09.482,419.2907697102707,995
2024-09-16 10:09:09.496,419.228437425925,1004
2024-09-16 10:09:09.518,419.30056787502906,7
2024-09-16 10:09:09.523,419.2458307837856,7
2024-09-16 10:09:09.566,419.2737811639282,11
2024-09-16 10:09:09.705,419.2873188143563,13
2024-09-16 10:09:09.766,419.1708100898752,1004
2024-09-16 10:09:09.771,419.23173027157054,10
2024-09-16 10:09:09.772,419.2640589410214,14
2024-09-16 10:09:09.772,419.248582434594,5
2024-09-16 10:09:09.826,419.2534911526253,97
2024-09-16 10:09:09.861,419.2707307448711,7
2024-09-16 10:09:09.870,419.3058942876025,95
2024-09-16 10:09:09.877,419.19564496403007,5
2024-09-16 10:09:09.877,419.3057872483173,103
2024-09-16 10:09:09.930,419.28028656033393,1005
2024-09-16 10:09:09.969,419.2177291851039,100
2024-09-16 10:09:10.156,419.27710509178,101
2024-09-16 10:09:10.326,419.2785537067897,95
2024-09-16 10:09:10.513,419.2904278758485,7
2024-09-16 10:09:10.589,419.2905837591363,11
2024-09-16 10:09:10.625,419.2760737175831,1003
2024-09-16 10:09:10.697,419.2766877066818,97
2024-09-16 10:09:10.777,419.2735077176815,998
2024-09-16 10:09:10.939,419.2728053637477,100
2024-09-16 10:09:10.972,419.2900165184366,996
2024-09-16 10:09:10.979,419.2710100164256,9
2024-09-16 10:09:11.135,419.2405761485231,99
2024-09-16 10:09:11.136,419.2161070770937,1001
2024-09-16 10:09:11.164,419.2462366334863,997
2024-09-16 10:09:11.251,419.2399858709068,103
2024-09-16 10:09:11.310,419.2552298383392,1002
2024-09-16 10:09:11.425,419.25361811703215,100
2024-09-16 10:09:11.443,419.2509793688921,1001
2024-09-16 10:09:11.451,419.2509634941569,9
2024-09-16 10:09:11.453,419.261605201565,1002
2024-09-16 10:09:11.472,419.2581341499864,99
2024-09-16 10:09:11.524,419.2342696625575,1001
2024-09-16 10:09:11.551,419.22163756252337,12
2024-09-16 10:09:11.601,419.254532072719,1005
2024-09-16 10:09:11.602,419.2212236256408,105
2024-09-16 10:09:11.636,419.2483785789245,99
2024-09-16 10:09:11.714,,1001
2024-09-16 10:09:11.860,419.2331135258402,102
2024-09-16 10:09:11.967,419.2510986358333,1005
2024-09-16 10:09:11.973,419.2347056787324,8
2024-09-16 10:09:12.216,419.2263962252754,104
2024-09-16 10:09:13.086,419.231314019548,98
2024-09-16 10:09:13.116,419.28770330766815,8
2024-09-16 10:09:13.173,41.9278269338489,104
2024-09-16 10:09:13.401,419.2975259583879,100
2024-09-16 10:09:13.496,419.2560355621269,998
2024-09-16 10:09:13.584,419.30408614584695,9
2024-09-16 10:09:13.695,419.2858150436822,8
2024-09-16 10:09:13.744,419.2582858603334,1005
2024-09-16 10:09:13.844,419.2345258419773,1004
2024-09-16 10:09:13.853,419.3064501558856,15
2024-09-16 10:09:13.905,419.2337203238485,999
2024-09-16 10:09:13.917,419.2376368248925,99
2024-09-16 10:09:13.966,419.2431312436834,997
2024-09-16 10:09:13.999,419.2396316345884,14
2024-09-16 10:09:14.013,419.3194923394618,1004
2024-09-16 10:09:14.231,419.3161242443868,996
2024-09-16 10:09:14.233,419.2967944351542,1005
2024-09-16 10:09:14.264,419.3090889677875,100
2024-09-16 10:09:14.314,419.2923165087315,11
2024-09-16 10:09:14.316,419.29481377578304,104
2024-09-16 10:09:14.331,419.3155188114857,97
2024-09-16 10:09:14.435,419.3076239847624,96
2024-09-16 10:09:14.494,419.29377287416406,102
2024-09-16 10:09:14.630,419.2945517640927,998
2024-09-16 10:09:14.830,419.3052478027615,995
2024-09-16 10:09:14.959,419.3283028332748,1004
2024-09-16 10:09:15.017,419.2804915321739,105
2024-09-16 10:09:15.035,419.2918864142507,7
2024-09-16 10:09:15.241,419.3009851715249,12
2024-09-16 10:09:15.272,419.2939110433449,1001
2024-09-16 10:09:15.306,419.29886455245537,997
2024-09-16 10:09:15.317,419.2878148922493,995
2024-09-16 10:09:15.361,419.35453515221377,8
2024-09-16 10:09:15.378,419.36621120136266,101
2024-09-16 10:09:15.425,419.3966211988193,14
2024-09-16 10:09:15.439,419.2952934911034,7
2024-09-16 10:09:15.500,419.2894744197875,98
2024-09-16 10:09:15.528,419.2871378833055,13
2024-09-16 10:09:15.566,419.3331390991996,96
2024-09-16 10:09:15.635,419.36224801575554,9
2024-09-16 10:09:15.733,419.30768657128993,999
2024-09-16 10:09:15.844,41.92691485272693,997
2024-09-16 10:09:15.891,419.3226812251763,6
2024-09-16 10:09:15.919,419.3169921786125,95
2024-09-16 10:09:16.009,419.3542861601845,99
2024-09-16 10:09:16.102,419.3679613403342,95
2024-09-16 10:09:16.160,-419.3622664346548,996
2024-09-16 10:09:16.164,419.3841223850764,995
2024-09-16 10:09:16.221,419.363496162196,9
2024-09-16 10:09:16.242,419.41940289556703,998
2024-09-16 10:09:16.265,419.404443402077,96
2024-09-16 10:09:16.348,419.4433595950079,1003
2024-09-16 10:09:16.350,419.4209945723824,1001
2024-09-16 10:09:16.447,419.33830570310977,7
2024-09-16 10:09:16.479,419.4346659827273,1005
2024-09-16 10:09:16.484,419.4037616527881,1000
2024-09-16 10:09:16.506,419.405152866363,5
2024-09-16 10:09:16.608,419.3626201070247,99
2024-09-16 10:09:16.744,419.4385938276064,998
2024-09-16 10:09:16.772,419.4112895359077,10
2024-09-16 10:09:16.781,419.3963800286537,14
2024-09-16 10:09:16.832,419.3957047767085,998
2024-09-16 10:09:16.880,419.4241180088374,12
2024-09-16 10:09:16.891,419.40626767704526,97
2024-09-16 10:09:16.917,419.42840565788777,1004
2024-09-16 10:09:17.054,419.3626204692724,99
2024-09-16 10:09:17.136,419.3778855783385,97
2024-09-16 10:09:17.155,419.3691613877891,999
2024-09-16 10:09:17.162,419.3512429757286,97
2024-09-16 10:09:17.185,419.3301949134786,1000
2024-09-16 10:09:17.489,419.3942753353824,1003
2024-09-16 10:09:17.504,419.3770146950018,1005
2024-09-16 10:09:17.560,419.3725081187267,998
2024-09-16 10:09:17.702,419.32414662183896,7
2024-09-16 10:09:17.890,419.3698376826784,1002
2024-09-16 10:09:18.006,419.4679445569434,97
2024-09-16 10:09:18.027,419.4517688978582,13
2024-09-16 10:09:18.075,419.4878360918473,5
2024-09-16 10:09:18.121,419.4363924156056,997
2024-09-16 10:09:18.169,419.474181992957,103
2024-09-16 10:09:18.182,419.47157337105006,996
2024-09-16 10:09:18.185,419.4708684728641,11
2024-09-16 10:09:18.229,419.4675149734808,15
2024-09-16 10:09:18.308,419.4593704268413,999
2024-09-16 10:09:18.331,419.4623112484508,11
2024-09-16 10:09:18.341,419.4748308147496,8
2024-09-16 10:09:18.410,419.4198697356528,102
2024-09-16 10:09:18.424,419.4271513209278,100
2024-09-16 10:09:18.460,,12
2024-09-16 10:09:18.569,419.4572099175426,104
2024-09-16 10:09:18.605,419.4608049339188,1003
2024-09-16 10:09:18.607,419.4814471888847,10
2024-09-16 10:09:18.660,419.4420998668486,102
2024-09-16 10:09:18.684,-419.3929615338904,995
2024-09-16 10:09:18.772,419.4585108647281,5
2024-09-16 10:09:18.789,419.47866483962906,1003
2024-09-16 10:09:18.927,419.423958765886,101
2024-09-16 10:09:18.949,419.4727746252763,999
2024-09-16 10:09:18.959,419.4786265625594,15
2024-09-16 10:09:18.970,419.39378253686266,15
2024-09-16 10:09:19.479,419.4775763568021,997
2024-09-16 10:09:19.827,419.4792548261742,6
2024-09-16 10:09:20.044,41.94808006937339,97
2024-09-16 10:09:20.049,419.52257058766304,8
2024-09-16 10:09:20.134,419.4998987209588,97
2024-09-16 10:09:20.262,419.5080314010793,97
2024-09-16 10:09:20.352,419.5110435195221,1001
2024-09-16 10:09:20.505,419.5139468513686,1002
2024-09-16 10:09:20.525,419.5374686648748,6
2024-09-16 10:09:20.619,419.53814555389386,999
2024-09-16 10:09:20.648,419.5117994701424,998
2024-09-16 10:09:20.729,419.49890409477496,8
2024-09-16 10:09:20.734,419.5383363478542,102
2024-09-16 10:09:20.750,419.5469562887508,1002
2024-09-16 10:09:20.872,419.5157502424231,998
2024-09-16 10:09:20.888,419.4916811021167,10
2024-09-16 10:09:20.915,419.50788674602825,96
2024-09-16 10:09:20.979,419.4825584867481,8
2024-09-16 10:09:21.016,419.49199404979777,102
2024-09-16 10:09:21.026,419.5225946222792,104
2024-09-16 10:09:21.086,419.51504964691696,11
2024-09-16 10:09:21.131,419.5078304098615,5
2024-09-16 10:09:21.189,419.4937669664096,1003
2024-09-16 10:09:21.190,419.5308541174944,10
2024-09-16 10:09:21.213,419.5162002573995,7
2024-09-16 10:09:21.221,419.5486780250857,1000
2024-09-16 10:09:21.230,419.5126643048581,102
2024-09-16 10:09:21.267,419.4944114568236,999
2024-09-16 10:09:21.290,419.5524910807951,996
2024-09-16 10:09:21.310,419.5159033729387,13
2024-09-16 10:09:21.314,419.50683573256254,1000
2024-09-16 10:09:21.319,419.50407672432897,12
2024-09-16 10:09:21.319,419.5050053722365,996
2024-09-16 10:09:21.354,419.5595022986072,97
2024-09-16 10:09:21.407,419.4928282870209,996
2024-09-16 10:09:21.508,419.5140669893594,8
2024-09-16 10:09:21.511,419.522210856837,15
2024-09-16 10:09:21.515,419.5308771200889,102
2024-09-16 10:09:21.522,419.5328838922306,104
2024-09-16 10:09:21.530,419.5382999287559,103
2024-09-16 10:09:21.599,419.51103025223,998
2024-09-16 10:09:21.704,419.509575986064,95
2024-09-16 10:09:21.788,419.52942798599656,1004
2024-09-16 10:09:21.840,419.5136591015696,104
2024-09-16 10:09:21.849,419.5107496906916,13
2024-09-16 10:09:21.913,419.50214885488407,9
2024-09-16 10:09:21.961,419.5020487928005,103
2024-09-16 10:09:22.061,419.5653448659489,95
2024-09-16 10:09:22.122,419.5077520122915,9
2024-09-16 10:09:22.225,419.5519975312186,1005
2024-09-16 10:09:22.430,419.57406822061193,997
2024-09-16 10:09:22.447,419.5047153384993,6
2024-09-16 10:09:22.475,419.53223624800313,1003
2024-09-16 10:09:22.547,419.5264552429748,995
2024-09-16 10:09:22.602,419.5379168924111,1003
2024-09-16 10:09:22.666,419.5042442351125,102
2024-09-16 10:09:22.758,419.5356790731344,10
2024-09-16 10:09:22.895,419.5419095625544,100
2024-09-16 10:09:23.067,419.5876957475102,1000
2024-09-16 10:09:23.078,419.5668914055208,995
2024-09-16 10:09:23.093,419.5705992923149,102
2024-09-16 10:09:23.189,419.60067803254,999
2024-09-16 10:09:23.191,,98
2024-09-16 10:09:23.217,419.5619775556762,7
2024-09-16 10:09:23.295,419.5594344695271,15
2024-09-16 10:09:23.296,419.5614212081616,5
2024-09-16 10:09:23.321,419.54907881527583,96
2024-09-16 10:09:23.360,419.59506897688976,1001
2024-09-16 10:09:23.402,419.5671738052607,102
2024-09-16 10:09:23.425,419.60998326361965,999
2024-09-16 10:09:23.428,419.5666917125377,999
2024-09-16 10:09:23.438,419.6106163220337,101
2024-09-16 10:09:23.483,419.5752632616635,995
2024-09-16 10:09:23.495,419.5564313817123,98
2024-09-16 10:09:23.535,419.5591887072776,97
2024-09-16 10:09:23.682,419.5985728623475,7
2024-09-16 10:09:23.710,419.5696276603511,1001
2024-09-16 10:09:23.764,419.5530515738769,1001
2024-09-16 10:09:23.848,419.5614020056505,9
2024-09-16 10:09:23.973,419.6097661497964,97
2024-09-16 10:09:24.019,419.5318955548831,9
2024-09-16 10:09:24.047,419.59886218104896,97
2024-09-16 10:09:24.053,419.57467165371753,8
2024-09-16 10:09:24.064,419.5339612638781,998
2024-09-16 10:09:24.119,419.6139390067131,95
2024-09-16 10:09:24.122,419.5641380162766,1001
2024-09-16 10:09:24.135,419.557966064886,6
2024-09-16 10:09:24.217,419.56848689033865,1001
2024-09-16 10:09:24.301,419.6149655776307,997
2024-09-16 10:09:24.313,,105
2024-09-16 10:09:24.319,419.6158378954424,1005
2024-09-16 10:09:24.338,419.5499952093,7
2024-09-16 10:09:24.412,419.5798304477583,995
2024-09-16 10:09:24.418,419.5561141768903,15
2024-09-16 10:09:24.442,419.6092716393104,999
2024-09-16 10:09:24.448,419.53043425006393,96
2024-09-16 10:09:24.485,41.95403236070317,99
2024-09-16 10:09:24.509,419.51666698896327,1003
2024-09-16 10:09:24.539,419.5721784885923,15
2024-09-16 10:09:24.564,-419.59234487929416,103
2024-09-16 10:09:24.637,419.5950737583461,996
2024-09-16 10:09:24.647,419.5709263704426,7
2024-09-16 10:09:24.647,419.5731615147305,8
2024-09-16 10:09:24.787,419.6209110793675,1002
2024-09-16 10:09:24.948,419.5756044186723,1005
2024-09-16 10:09:24.961,419.5784478788193,1003
2024-09-16 10:09:24.975,419.52106820615256,8
2024-09-16 10:09:25.015,419.5724732525035,100
2024-09-16 10:09:25.106,419.5203579940299,101
2024-09-16 10:09:25.118,419.5025187253042,1000
2024-09-16 10:09:25.123,419.5467079218889,5
2024-09-16 10:09:25.319,419.54463496560527,14
2024-09-16 10:09:25.358,419.4969149105865,1005
2024-09-16 10:09:25.420,419.5307162250312,1001
2024-09-16 10:09:25.436,419.5083272802456,105
2024-09-16 10:09:25.458,419.5648652462569,1003
2024-09-16 10:09:25.488,419.53377357434726,1004
2024-09-16 10:09:25.519,419.5192077254927,7
2024-09-16 10:09:25.544,419.5390172182309,96
2024-09-16 10:09:25.545,419.5019071679283,99
2024-09-16 10:09:25.550,419.4945248894154,95
2024-09-16 10:09:25.552,419.5124380587767,10
2024-09-16 10:09:25.606,419.5560371597328,999
2024-09-16 10:09:25.652,419.4978596013859,7
2024-09-16 10:09:25.693,419.4852495688402,995
2024-09-16 10:09:25.724,419.5064178946261,1000
2024-09-16 10:09:25.739,419.5135655505298,1005
2024-09-16 10:09:25.744,419.5209331331495,1000
2024-09-16 10:09:25.783,419.48380168054257,1002
2024-09-16 10:09:25.785,419.5117425621403,101
2024-09-16 10:09:25.801,419.4955914149815,13
2024-09-16 10:09:25.803,419.4928492040108,1000
2024-09-16 10:09:25.848,419.5122328139241,1001
2024-09-16 10:09:25.939,419.5420494806802,999
2024-09-16 10:09:25.973,419.5292444100041,8
2024-09-16 10:09:26.027,419.4931694702109,105
2024-09-16 10:09:26.035,419.5015517752224,97
2024-09-16 10:09:26.130,419.4960394618511,995
2024-09-16 10:09:26.179,419.46931420915496,1002
2024-09-16 10:09:26.192,419.47995996988095,1002
2024-09-16 10:09:26.196,419.4905753050449,98
2024-09-16 10:09:26.260,419.5107233889478,102
2024-09-16 10:09:26.282,419.4802019344676,1004
2024-09-16 10:09:26.322,419.4449386341228,9
2024-09-16 10:09:26.323,-419.4910176106859,14
2024-09-16 10:09:26.341,419.4852623557898,96
2024-09-16 10:09:26.417,419.4761750183136,11
2024-09-16 10:09:26.455,419.4640736868044,97
2024-09-16 10:09:26.502,419.5095977982284,10
2024-09-16 10:09:26.534,419.4601535726819,11
2024-09-16 10:09:26.568,419.46145918076166,98
2024-09-16 10:09:26.581,419.4730324636139,14
2024-09-16 10:09:26.760,419.4803360708023,7
2024-09-16 10:09:26.928,419.4803430588676,95
2024-09-16 10:09:26.944,419.4896788089108,95
2024-09-16 10:09:27.077,419.51211749265775,1005
2024-09-16 10:09:27.240,419.5165843716366,13
2024-09-16 10:09:27.282,419.50776248649487,1003
2024-09-16 10:09:27.291,419.4858149690358,101
2024-09-16 10:09:27.363,419.5323952346567,6
2024-09-16 10:09:27.401,419.513434230958,15
2024-09-16 10:09:27.465,419.5051004526638,999
2024-09-16 10:09:27.520,419.4999555532388,14
2024-09-16 10:09:27.520,419.5025113892999,999
2024-09-16 10:09:27.536,419.5028316731579,6
2024-09-16 10:09:27.695,419.53022611219575,98
2024-09-16 10:09:27.715,419.5374287679576,1002
2024-09-16 10:09:27.754,419.5143287744917,8
2024-09-16 10:09:27.858,419.486820579984,9
2024-09-16 10:09:28.029,419.58419013602565,97
2024-09-16 10:09:28.046,419.52706860285736,14
2024-09-16 10:09:28.073,419.5409661281766,101
2024-09-16 10:09:28.114,419.5141033904607,9
2024-09-16 10:09:28.161,419.567989569112,98
2024-09-16 10:09:28.357,419.5984150937328,98
2024-09-16 10:09:28.452,419.6054981482259,95
2024-09-16 10:09:28.595,419.5425432109757,97
2024-09-16 10:09:28.653,419.54708833020726,1000
2024-09-16 10:09:28.688,419.5395740708034,103
2024-09-16 10:09:28.698,419.55922927352646,12
2024-09-16 10:09:28.789,419.559809948983,95
2024-09-16 10:09:28.815,419.5811586053407,1001
2024-09-16 10:09:28.849,419.5199947138347,95
2024-09-16 10:09:29.198,419.5635813616434,14
2024-09-16 10:09:29.262,419.5682451746832,997
2024-09-16 10:09:29.364,419.5653694339469,9
2024-09-16 10:09:29.537,-419.5749561033856,103
2024-09-16 10:09:30.004,419.5819838249544,8
2024-09-16 10:09:30.022,419.5858462825244,5
2024-09-16 10:09:30.168,419.62790413782864,1000
2024-09-16 10:09:30.193,419.63976246109775,1003
2024-09-16 10:09:30.207,419.6000212889455,95
2024-09-16 10:09:30.280,419.65588407914873,104
2024-09-16 10:09:30.318,419.6382659962706,1004
2024-09-16 10:09:30.332,419.6247493519535,15
2024-09-16 10:09:30.374,419.65397731736704,105
2024-09-16 10:09:30.385,419.6388584629949,13
2024-09-16 10:09:30.430,419.59181059525486,1005
2024-09-16 10:09:30.447,419.57004163104176,1003
2024-09-16 10:09:30.458,419.6394474661921,98
2024-09-16 10:09:30.595,419.5774973216255,13
2024-09-16 10:09:30.647,419.5933481803052,10
2024-09-16 10:09:30.722,419.6498905079827,999
2024-09-16 10:09:30.740,419.6437090619376,1000
2024-09-16 10:09:30.837,419.6459666828886,1001
2024-09-16 10:09:30.859,419.5810293532845,99
2024-09-16 10:09:30.879,419.6570243095448,104
2024-09-16 10:09:30.881,419.5612915513433,13
2024-09-16 10:09:30.908,419.65182265153487,15
2024-09-16 10:09:30.928,419.6471425025182,10
2024-09-16 10:09:30.943,419.6262504046667,105
2024-09-16 10:09:30.944,419.6342732873878,7
2024-09-16 10:09:30.997,419.64855489991794,12
2024-09-16 10:09:31.002,419.7208234718819,104
2024-09-16 10:09:31.174,419.7169911680792,98
2024-09-16 10:09:31.189,419.72399000979306,15
2024-09-16 10:09:31.236,419.7049055332234,98
2024-09-16 10:09:31.237,419.6477231423551,103
2024-09-16 10:09:31.312,419.7444118665218,14
2024-09-16 10:09:31.342,419.6751698195704,15
2024-09-16 10:09:31.366,419.6429811319082,98
2024-09-16 10:09:31.508,419.66758228491136,1000
2024-09-16 10:09:31.540,419.6819900567863,101
2024-09-16 10:09:31.546,419.70126396204057,95
2024-09-16 10:09:31.548,419.6942182899178,95
2024-09-16 10:09:31.598,419.6755672221755,998
2024-09-16 10:09:31.615,419.6544857745581,15
2024-09-16 10:09:31.680,419.6818824700044,5
2024-09-16 10:09:31.748,419.67511256123527,5
2024-09-16 10:09:31.785,419.7454057329872,995
2024-09-16 10:09:31.842,419.7115316555257,7
2024-09-16 10:09:31.849,419.6532064811265,5
2024-09-16 10:09:32.019,419.7220489411429,102
2024-09-16 10:09:32.559,419.7130703402116,100
2024-09-16 10:09:32.584,419.7040254774744,98
2024-09-16 10:09:32.947,419.7250987311912,99
2024-09-16 10:09:32.983,419.7191364645884,104
2024-09-16 10:09:33.025,419.6935265006359,6
2024-09-16 10:09:33.045,419.6882782581405,101
2024-09-16 10:09:33.069,419.688737782376,1002
2024-09-16 10:09:33.108,419.72165700717386,12
2024-09-16 10:09:33.126,419.7095984062691,96
2024-09-16 10:09:33.194,419.6861700680496,101
2024-09-16 10:09:33.194,419.6344498244863,104
2024-09-16 10:09:33.208,419.7247770937718,1002
2024-09-16 10:09:33.278,419.6973869118832,1001
2024-09-16 10:09:33.416,419.7159500431968,995
2024-09-16 10:09:33.605,419.689937246699,95
2024-09-16 10:09:33.646,419.70865849096646,15
2024-09-16 10:09:33.718,419.6298561233369,998
2024-09-16 10:09:33.792,419.6370571134871,10
2024-09-16 10:09:33.824,419.6660375516908,999
2024-09-16 10:09:33.907,419.7153081685785,103
2024-09-16 10:09:33.943,419.69539036486736,9
2024-09-16 10:09:33.965,419.692624646781,10
2024-09-16 10:09:34.006,419.6289249983896,8
2024-09-16 10:09:34.042,419.6502830956339,1004
2024-09-16 10:09:34.077,419.6195677010402,997
2024-09-16 10:09:34.117,419.6183744283287,12
2024-09-16 10:09:34.134,419.655122077569,97
2024-09-16 10:09:34.177,419.6397497337724,12
2024-09-16 10:09:34.189,419.6038942256695,1001
2024-09-16 10:09:34.198,419.6393567145223,11
2024-09-16 10:09:34.319,419.6164229114545,12
2024-09-16 10:09:34.396,419.6470654287899,999
2024-09-16 10:09:34.447,419.650000915815,105
2024-09-16 10:09:34.470,419.6427251001123,14
2024-09-16 10:09:34.521,419.6221111075425,9
2024-09-16 10:09:34.579,419.61502006393664,97
2024-09-16 10:09:34.677,419.6203348348701,101
2024-09-16 10:09:34.678,419.6228519569291,100
2024-09-16 10:09:34.683,419.6516472486866,995
2024-09-16 10:09:34.708,419.5915559011056,1002
2024-09-16 10:09:34.724,419.630018150707,99
2024-09-16 10:09:34.733,419.63532581223615,996
2024-09-16 10:09:34.821,419.6301804032919,101
2024-09-16 10:09:34.914,419.60353987349504,11
2024-09-16 10:09:34.940,419.60291815679113,1001
2024-09-16 10:09:35.032,419.61503729005307,98
2024-09-16 10:09:35.116,419.5681924339102,1005
2024-09-16 10:09:35.317,419.6087529469952,6
2024-09-16 10:09:36.077,419.58167141108055,995
2024-09-16 10:09:36.450,-419.5948171172277,103
2024-09-16 10:09:37.018,419.5947501225522,14
2024-09-16 10:09:37.050,419.570090735976,14
2024-09-16 10:09:37.062,419.5551935708901,8
2024-09-16 10:09:37.123,419.5871042266026,13
2024-09-16 10:09:37.143,419.5813527855428,7
2024-09-16 10:09:37.162,419.59073644033424,95
2024-09-16 10:09:37.175,419.556273860987,1004
2024-09-16 10:09:37.183,419.570534089516,99
2024-09-16 10:09:37.185,419.5783393286186,9
2024-09-16 10:09:37.190,419.56399106515886,105
2024-09-16 10:09:37.293,419.5839040505767,998
2024-09-16 10:09:37.321,419.5509413091421,998
2024-09-16 10:09:37.373,419.5711709082231,6
2024-09-16 10:09:37.541,419.59320610326336,996
2024-09-16 10:09:37.547,419.5748807384316,8
2024-09-16 10:09:37.592,419.5704959744368,12
2024-09-16 10:09:37.611,419.5727758115655,12
2024-09-16 10:09:37.618,419.58907349624087,996
2024-09-16 10:09:37.698,419.5594369232396,7
2024-09-16 10:09:37.714,419.5850324870317,1005
2024-09-16 10:09:37.748,419.5567959932835,5
2024-09-16 10:09:37.858,419.5854373131578,7
2024-09-16 10:09:37.858,419.5690377601379,996
2024-09-16 10:09:37.869,41.95680090114298,1004
2024-09-16 10:09:37.870,419.553231992725,13
2024-09-16 10:09:37.902,419.5845704447983,9
2024-09-16 10:09:39.080,419.50497868056925,12
2024-09-16 10:09:39.114,419.5047853683487,13
2024-09-16 10:09:39.116,419.567747234457,13
2024-09-16 10:09:39.119,419.51358977969727,96
2024-09-16 10:09:39.247,419.5046927515147,999
2024-09-16 10:09:39.276,419.52468740213857,11
2024-09-16 10:09:39.295,419.5125394990779,997
2024-09-16 10:09:39.307,419.5696466336439,1000
2024-09-16 10:09:39.320,419.5805293458135,14
2024-09-16 10:09:39.334,419.5685856432242,1000
2024-09-16 10:09:39.341,419.498119748777,104
2024-09-16 10:09:39.364,419.5054310674215,8
2024-09-16 10:09:39.373,419.565035770516,12
2024-09-16 10:09:39.427,419.5427204257357,1002
2024-09-16 10:09:39.570,419.53294245850617,11
2024-09-16 10:09:39.575,419.5112731417509,1004
2024-09-16 10:09:39.599,419.51832795097215,98
2024-09-16 10:09:39.669,419.57039135567504,997
2024-09-16 10:09:39.782,419.4899092249785,96
2024-09-16 10:09:39.833,419.5780500883261,1005
2024-09-16 10:09:39.880,419.5788582439027,9
2024-09-16 10:09:39.945,-419.50531038582056,95
2024-09-16 10:09:39.960,419.5683911910058,998
2024-09-16 10:09:39.965,419.5767696833675,996
2024-09-16 10:09:39.986,419.5006809410651,5
2024-09-16 10:09:40.046,419.5358293249145,12
2024-09-16 10:09:40.077,419.4593180923205,11
2024-09-16 10:09:40.090,419.5047010933133,1002
2024-09-16 10:09:40.103,419.5565197667876,99
2024-09-16 10:09:40.158,419.4684065244815,7
2024-09-16 10:09:40.166,419.5232922695502,1005
2024-09-16 10:09:40.199,419.5347693954617,8
2024-09-16 10:09:40.205,419.5311921875955,11
2024-09-16 10:09:40.248,419.5204333737797,1002
2024-09-16 10:09:40.260,419.5703262078569,10
2024-09-16 10:09:40.265,419.542552390592,103
2024-09-16 10:09:40.294,419.5250168518375,999
2024-09-16 10:09:40.323,419.55301358911896,99
2024-09-16 10:09:40.338,419.5329278457762,998
2024-09-16 10:09:40.466,419.500775344881,95
2024-09-16 10:09:40.484,419.5522173399937,97
2024-09-16 10:09:40.489,419.519082231486,11
2024-09-16 10:09:40.508,419.5100375755287,1003
2024-09-16 10:09:40.588,419.5819658183726,1001
2024-09-16 10:09:40.633,419.5609489528754,998
2024-09-16 10:09:40.757,419.4500648341767,12
2024-09-16 10:09:40.783,419.5098094879064,9
2024-09-16 10:09:40.823,419.53123066887406,10
2024-09-16 10:09:40.855,419.57217672006,103
2024-09-16 10:09:40.876,419.5460966463946,999
2024-09-16 10:09:40.883,419.5715127483111,997
2024-09-16 10:09:40.928,419.5589953934039,100
2024-09-16 10:09:41.132,419.4747207408115,98
2024-09-16 10:09:41.472,419.46027330543,1004
2024-09-16 10:09:41.519,419.4670216999049,6
2024-09-16 10:09:41.750,-419.4921974271945,999
2024-09-16 10:09:41.899,41.9482333909213,1001
2024-09-16 10:09:42.100,419.47398938326194,996
2024-09-16 10:09:42.261,419.4670201522452,95
2024-09-16 10:09:42.426,419.4723114652124,8
2024-09-16 10:09:42.466,419.4856970734429,1001
2024-09-16 10:09:42.487,,8
2024-09-16 10:09:42.489,419.4763029964652,1005
2024-09-16 10:09:42.616,419.485484029203,1004
2024-09-16 10:09:42.633,419.4996183745631,103
2024-09-16 10:09:42.733,419.4745926113625,12
2024-09-16 10:09:42.827,419.4839881717559,1002
2024-09-16 10:09:42.869,419.478070911097,1004
2024-09-16 10:09:42.875,419.4697713888531,1001
2024-09-16 10:09:42.931,419.46772305711175,102
2024-09-16 10:09:42.950,419.502862564688,8
2024-09-16 10:09:43.721,419.49305469269433,101
2024-09-16 10:09:44.029,419.3835362249499,997
2024-09-16 10:09:44.072,419.4729838828565,1000
2024-09-16 10:09:44.102,419.44391382024025,11
2024-09-16 10:09:44.114,419.4588135120902,14
2024-09-16 10:09:44.147,419.38512466119727,999
2024-09-16 10:09:44.187,419.449795278798,10
2024-09-16 10:09:44.206,419.3859024224608,998
2024-09-16 10:09:44.254,419.4854019793287,101
2024-09-16 10:09:44.258,419.41028567615376,998
2024-09-16 10:09:44.298,419.45293941281386,1005
2024-09-16 10:09:44.356,419.4716904678879,8
2024-09-16 10:09:44.415,419.3730538040484,1005
2024-09-16 10:09:44.437,419.45324479498606,996
2024-09-16 10:09:44.464,419.4486582841673,10
2024-09-16 10:09:44.502,419.43661531357054,15
2024-09-16 10:09:44.534,419.4277635638899,5
2024-09-16 10:09:44.581,419.4078334339284,95
2024-09-16 10:09:44.586,419.4440145525618,999
2024-09-16 10:09:44.591,419.4647335232143,100
2024-09-16 10:09:44.621,419.3830348743576,1005
2024-09-16 10:09:44.670,419.4212783338901,12
2024-09-16 10:09:44.688,419.4071838506672,12
2024-09-16 10:09:44.724,419.4400116698334,102
2024-09-16 10:09:44.759,419.3769719965231,1002
2024-09-16 10:09:44.788,419.4629565455256,104
2024-09-16 10:09:44.790,419.4454577090128,8
2024-09-16 10:09:44.819,419.4149920185768,1003
2024-09-16 10:09:44.956,419.4439189585147,96
2024-09-16 10:09:45.414,419.3740529342694,103
2024-09-16 10:09:45.581,419.37784041504233,97
2024-09-16 10:09:46.028,419.3474971722919,103
2024-09-16 10:09:46.064,419.3719774878017,7
2024-09-16 10:09:46.084,419.3583417626129,1000
2024-09-16 10:09:46.157,419.3573427393253,998
2024-09-16 10:09:46.257,419.3591291947548,14
2024-09-16 10:09:46.277,419.32471327818325,995
2024-09-16 10:09:46.432,419.3612675513209,98
2024-09-16 10:09:46.452,419.3588919191696,6
2024-09-16 10:09:46.462,419.3597089672604,995
2024-09-16 10:09:46.535,419.3628331258341,7
2024-09-16 10:09:46.679,419.3371626612713,103
2024-09-16 10:09:46.779,419.37069901987337,996
2024-09-16 10:09:46.903,419.3672349034562,1003
2024-09-16 10:09:46.911,419.3513051628139,15
2024-09-16 10:09:46.923,419.353351969948,1000
2024-09-16 10:09:46.953,419.34605409259103,12
2024-09-16 10:09:47.003,419.2659873688695,1005
2024-09-16 10:09:47.065,419.32655512979767,996
2024-09-16 10:09:47.176,419.3219885401789,6
2024-09-16 10:09:47.203,419.33984721453817,12
2024-09-16 10:09:47.240,419.2568750469996,99
2024-09-16 10:09:47.260,419.3630514697418,95
2024-09-16 10:09:47.313,419.3179000529284,101
2024-09-16 10:09:47.355,419.3225124278082,996
2024-09-16 10:09:47.450,419.32509828236704,1005
2024-09-16 10:09:47.525,419.3592624031124,96
2024-09-16 10:09:47.549,419.32229460744935,995
2024-09-16 10:09:47.556,419.324378887396,103
2024-09-16 10:09:47.577,419.3213776000613,1003
2024-09-16 10:09:47.616,419.3071966749749,103
2024-09-16 10:09:47.617,419.3140668907852,15
2024-09-16 10:09:47.668,419.3009318323111,1004
2024-09-16 10:09:47.737,419.3566541838777,6
2024-09-16 10:09:47.766,419.3210003674609,998
2024-09-16 10:09:47.794,419.3138833223433,13
2024-09-16 10:09:47.821,419.32969184798753,97
2024-09-16 10:09:47.839,419.3144353265538,13
2024-09-16 10:09:47.856,419.2857509319226,998
2024-09-16 10:09:47.995,419.3148027530975,1001
2024-09-16 10:09:48.004,419.2662133726635,11
2024-09-16 10:09:48.013,419.2504482464826,13
2024-09-16 10:09:48.018,419.2468864975619,1002
2024-09-16 10:09:48.043,419.2799529867387,5
2024-09-16 10:09:48.043,419.2551349528227,999
2024-09-16 10:09:48.061,419.2898911675231,13
2024-09-16 10:09:48.072,419.2603327016552,14
2024-09-16 10:09:48.174,419.2555108186193,9
2024-09-16 10:09:48.349,419.27030308880063,10
2024-09-16 10:09:48.376,419.2747541322095,104
2024-09-16 10:09:48.394,419.25472248043866,97
2024-09-16 10:09:48.438,419.2671308104247,99
2024-09-16 10:09:48.500,419.2540283624386,10
2024-09-16 10:09:48.524,419.2413446940518,6
2024-09-16 10:09:48.532,419.2582675601756,98
2024-09-16 10:09:48.649,419.2777002793894,1001
2024-09-16 10:09:48.720,419.2780918567996,98
2024-09-16 10:09:48.806,-419.2392250497524,1004
2024-09-16 10:09:48.895,419.24142256463097,7
2024-09-16 10:09:48.898,419.2846654027728,95
2024-09-16 10:09:48.958,419.25460062940977,11
2024-09-16 10:09:48.960,419.2920360802049,1003
2024-09-16 10:09:48.997,419.2823991779411,11
2024-09-16 10:09:49.150,419.2336743036336,100
2024-09-16 10:09:49.191,419.2510709463841,15
2024-09-16 10:09:49.234,419.2299257041445,11
2024-09-16 10:09:49.326,419.2623930606603,15
2024-09-16 10:09:49.577,419.2312774295429,13
2024-09-16 10:09:49.606,419.3043234371594,9
2024-09-16 10:09:49.640,419.2566702279775,1002
2024-09-16 10:09:49.662,419.2660068273742,99
2024-09-16 10:09:49.666,419.2611579438561,15
2024-09-16 10:09:49.797,419.2294359826428,95
2024-09-16 10:09:49.961,419.2719567340252,6
2024-09-16 10:09:50.004,419.2610422745747,98
2024-09-16 10:09:50.006,419.2120265665481,99
2024-09-16 10:09:50.032,419.2251484521547,1005
2024-09-16 10:09:50.092,419.2310444048284,1002
2024-09-16 10:09:50.248,419.25381682838,995
2024-09-16 10:09:50.370,419.2935962173029,95
2024-09-16 10:09:50.428,419.2182864060149,11
2024-09-16 10:09:50.458,419.2589746081172,100
2024-09-16 10:09:50.488,419.24863773016057,1003
2024-09-16 10:09:50.668,419.281663981689,997
2024-09-16 10:09:50.777,419.249288918192,8
2024-09-16 10:09:50.827,419.2554014849236,997
2024-09-16 10:09:50.837,419.22539683770833,10
2024-09-16 10:09:50.877,419.2417389468576,998
2024-09-16 10:09:50.909,419.2442045268323,7
2024-09-16 10:09:50.938,419.2446547965865,11
2024-09-16 10:09:50.979,419.2731659697763,6
2024-09-16 10:09:51.054,419.2531280926107,1001
2024-09-16 10:09:51.072,419.2700757678159,5
2024-09-16 10:09:51.133,419.2707058009586,9
2024-09-16 10:09:51.200,419.2967226132481,9
2024-09-16 10:09:51.251,419.2786369889867,15
2024-09-16 10:09:51.266,419.2738644831352,9
2024-09-16 10:09:51.362,419.2771195594229,99
2024-09-16 10:09:51.384,419.25916608171366,998
2024-09-16 10:09:51.400,419.26938232560207,1002
2024-09-16 10:09:51.655,419.2833407097195,6
2024-09-16 10:09:51.656,419.289783077093,5
2024-09-16 10:09:51.678,419.2898165584887,97
2024-09-16 10:09:51.739,419.2726378304639,998
2024-09-16 10:09:51.824,419.2709049064947,996
2024-09-16 10:09:52.002,419.2174026798112,10
2024-09-16 10:09:52.026,419.2200884895838,1001
2024-09-16 10:09:52.090,419.2772378498432,102
2024-09-16 10:09:52.263,419.2368183175937,101
2024-09-16 10:09:52.357,419.24636990566114,995
2024-09-16 10:09:52.456,419.2380631346292,12
2024-09-16 10:09:52.488,419.2843507036745,104
2024-09-16 10:09:52.564,419.2742114862431,8
2024-09-16 10:09:52.772,419.273526076355,997
2024-09-16 10:09:52.908,419.2233192301175,5
2024-09-16 10:09:52.953,419.2319682620271,97
2024-09-16 10:09:53.049,419.233405073546,96
2024-09-16 10:09:53.096,419.24991207293726,1003
2024-09-16 10:09:53.105,419.2527093508231,6
2024-09-16 10:09:53.147,419.2506299034126,6
2024-09-16 10:09:53.309,419.2520044762461,1002
2024-09-16 10:09:53.339,-419.2124495303507,12
2024-09-16 10:09:53.561,419.24046114822346,96
2024-09-16 10:09:53.567,419.26742525097694,8
2024-09-16 10:09:53.627,419.237068692396,1004
2024-09-16 10:09:53.633,419.2245013420756,8
2024-09-16 10:09:53.855,419.2247606250141,1005
2024-09-16 10:09:53.868,419.23766156838616,13
2024-09-16 10:09:53.892,419.2658872180896,100
2024-09-16 10:09:53.908,419.2443564122572,10
2024-09-16 10:09:53.983,419.2320161328124,997
2024-09-16 10:09:54.017,,8
2024-09-16 10:09:54.031,419.24920726712014,1004
2024-09-16 10:09:54.089,419.24612730592906,7
2024-09-16 10:09:54.179,419.2457941768893,102
2024-09-16 10:09:54.197,419.2393274519192,7
2024-09-16 10:09:54.222,419.2391123993863,1003
2024-09-16 10:09:54.237,419.2344364930648,996
2024-09-16 10:09:54.242,419.2191293306832,1002
2024-09-16 10:09:54.282,419.2003018723942,1003
2024-09-16 10:09:54.352,419.2144456749817,1004
2024-09-16 10:09:54.398,419.2826840736818,5
2024-09-16 10:09:54.410,419.22284181966864,9
2024-09-16 10:09:54.411,419.2286048107988,104
2024-09-16 10:09:54.418,419.2619208440349,103
2024-09-16 10:09:54.441,419.21462810213023,15
2024-09-16 10:09:54.518,419.26397463184696,7
2024-09-16 10:09:54.561,419.2648607760461,95
2024-09-16 10:09:54.638,,102
2024-09-16 10:09:54.754,419.2238317992614,10
2024-09-16 10:09:54.845,419.2878486940116,98
2024-09-16 10:09:54.862,419.24433020011446,97
2024-09-16 10:09:54.882,419.2665919912063,11
2024-09-16 10:09:54.927,419.2031873327362,995
2024-09-16 10:09:54.984,419.2422797920131,97
2024-09-16 10:09:54.995,419.23920870023534,100
2024-09-16 10:09:55.187,419.1779316129226,1000
2024-09-16 10:09:55.599,419.1989141496596,997
2024-09-16 10:09:55.622,419.18854112109625,1001
2024-09-16 10:09:55.725,419.1835588629521,1002
2024-09-16 10:09:55.779,419.1890348816465,105
2024-09-16 10:09:55.797,419.1891383359645,6
2024-09-16 10:09:55.919,419.18163475519697,1000
2024-09-16 10:09:56.052,419.1442916186052,95
2024-09-16 10:09:56.132,419.1800880804612,8
2024-09-16 10:09:56.136,419.166589520673,1004
2024-09-16 10:09:56.199,419.1191525568433,998
2024-09-16 10:09:56.259,419.2058412498811,104
2024-09-16 10:09:56.387,419.17917666381857,1004
2024-09-16 10:09:56.415,419.19193351916607,100
2024-09-16 10:09:56.476,419.1627745122117,14
2024-09-16 10:09:56.479,419.1931200313403,98
2024-09-16 10:09:56.485,419.1512188472185,996
2024-09-16 10:09:56.516,419.1883224801274,1003
2024-09-16 10:09:56.543,419.17647827909127,5
2024-09-16 10:09:56.562,419.1530107856353,9
2024-09-16 10:09:56.609,419.1209055241455,13
2024-09-16 10:09:56.630,419.1642318786977,7
2024-09-16 10:09:56.688,419.1901449596679,7
2024-09-16 10:09:56.709,419.1266065140753,5
2024-09-16 10:09:56.749,419.1304995726264,995
2024-09-16 10:09:56.772,419.1834216357472,101
2024-09-16 10:09:56.832,419.1525318789445,98
2024-09-16 10:09:56.863,419.1576915290482,1003
2024-09-16 10:09:56.935,419.1478950493745,1002
2024-09-16 10:09:56.970,419.1173645400537,6
2024-09-16 10:09:56.978,419.1924734837917,9
2024-09-16 10:09:56.984,419.1912665599331,996
2024-09-16 10:09:56.993,419.11836288084857,98
2024-09-16 10:09:56.998,419.14623767885365,13
2024-09-16 10:09:57.035,419.1575609706508,105
2024-09-16 10:09:57.072,419.1522267305992,7
2024-09-16 10:09:57.077,419.1671929438984,5
2024-09-16 10:09:57.152,419.1296399480898,1002
2024-09-16 10:09:57.230,419.161412132506,995
2024-09-16 10:09:57.365,,996
2024-09-16 10:09:57.497,419.1621059662782,995
2024-09-16 10:09:57.539,419.1650899550168,1000
2024-09-16 10:09:57.599,419.1498354831023,8
2024-09-16 10:09:57.623,419.1569362221055,13
2024-09-16 10:09:57.702,419.1605638936184,98
2024-09-16 10:09:57.922,419.1411297976223,13
2024-09-16 10:09:57.968,419.1465999320644,15
2024-09-16 10:09:58.018,419.2096711244944,6
2024-09-16 10:09:58.041,419.2243912315759,12
2024-09-16 10:09:58.104,419.1938479016597,98
2024-09-16 10:09:58.152,419.2109588763946,1003
2024-09-16 10:09:58.294,419.1790062036919,97
2024-09-16 10:09:58.404,419.1915389590508,1002
2024-09-16 10:09:58.412,419.1926160146999,1001
2024-09-16 10:09:58.489,419.1618974945118,105
2024-09-16 10:09:58.498,419.1953764652694,997
2024-09-16 10:09:58.528,419.1938727032903,8
2024-09-16 10:09:58.532,419.1892317476489,13
2024-09-16 10:09:58.565,419.1901744091961,102
2024-09-16 10:09:58.578,419.1820127950016,995
2024-09-16 10:09:58.675,419.2220857033949,8
2024-09-16 10:09:58.752,41.91405509329833,6
2024-09-16 10:09:58.823,419.1798454682266,10
2024-09-16 10:09:58.833,419.1876049970865,995
2024-09-16 10:09:58.843,41.91631805800847,15
2024-09-16 10:09:58.868,419.1525410020218,12
2024-09-16 10:09:58.898,419.1732866270394,99
2024-09-16 10:09:58.924,419.2093610668255,96
2024-09-16 10:09:58.929,419.18698258895535,95
2024-09-16 10:09:58.932,,12
2024-09-16 10:09:58.998,419.16306716138826,15
2024-09-16 10:09:59.054,419.1754393853954,1000
2024-09-16 10:09:59.123,419.1233490990503,15
2024-09-16 10:09:59.162,419.1568883598489,10
2024-09-16 10:09:59.178,419.1428883290732,13
2024-09-16 10:09:59.199,419.151091931864,105
2024-09-16 10:09:59.252,419.12865755233895,14
2024-09-16 10:09:59.324,419.1275133392862,98
2024-09-16 10:09:59.409,419.1374597009337,10
2024-09-16 10:09:59.507,419.1204582098856,10
2024-09-16 10:09:59.666,419.128437726961,998
2024-09-16 10:09:59.670,419.17438438210513,13
2024-09-16 10:09:59.747,419.1487043680017,102
2024-09-16 10:09:59.780,419.1257406943222,1000
2024-09-16 10:09:59.794,419.12663599509295,8
2024-09-16 10:09:59.806,419.1604812208196,6
2024-09-16 10:09:59.857,419.1551255952591,11
