Timestamp,Price,Size
2024-09-20 11:23:00.165,426.4161165744628,9
2024-09-20 11:23:00.205,426.39610218767626,100
2024-09-20 11:23:00.246,426.420064734576,100
2024-09-20 11:23:00.281,426.4193518408656,1001
2024-09-20 11:23:00.370,426.42946664925125,10
2024-09-20 11:23:00.488,426.4395900987102,105
2024-09-20 11:23:00.553,426.4284921893173,1000
2024-09-20 11:23:00.649,426.4244342838418,8
2024-09-20 11:23:00.743,426.4412404962453,10
2024-09-20 11:23:00.804,426.4072024926063,999
2024-09-20 11:23:00.976,426.39241355083215,102
2024-09-20 11:23:01.233,-426.4742196421376,95
2024-09-20 11:23:01.253,426.45937110693865,1002
2024-09-20 11:23:01.306,426.474990595092,8
2024-09-20 11:23:01.321,426.473757445337,99
2024-09-20 11:23:01.566,426.479016836846,100
2024-09-20 11:23:01.568,426.48798071235774,100
2024-09-20 11:23:01.760,426.4703681627153,9
2024-09-20 11:23:01.801,426.4403246890907,1001
2024-09-20 11:23:01.893,426.47614812841766,15
2024-09-20 11:23:01.896,426.4712953300671,1003
2024-09-20 11:23:01.995,426.4689396584471,100
2024-09-20 11:23:02.055,426.4970149143165,1003
2024-09-20 11:23:02.065,426.4612898281195,100
2024-09-20 11:23:02.325,426.4776250361089,12
2024-09-20 11:23:02.332,426.4462691957016,97
2024-09-20 11:23:02.351,426.4690475688585,97
2024-09-20 11:23:02.538,426.4766486468659,998
2024-09-20 11:23:02.668,426.4698217293556,999
2024-09-20 11:23:02.691,426.4768693698237,13
2024-09-20 11:23:02.702,426.4833528915831,12
2024-09-20 11:23:02.718,426.4599037727878,15
2024-09-20 11:23:02.790,426.4352143840065,97
2024-09-20 11:23:02.903,426.44760983075446,1004
2024-09-20 11:23:03.026,426.4713683544434,1004
2024-09-20 11:23:03.030,426.4550857633439,1000
2024-09-20 11:23:03.032,426.43583969023285,1005
2024-09-20 11:23:03.070,426.4494883352948,11
2024-09-20 11:23:03.103,426.480324747649,14
2024-09-20 11:23:03.132,426.46446764074807,1001
2024-09-20 11:23:03.202,426.4652862458442,5
2024-09-20 11:23:03.302,426.48297501142696,9
2024-09-20 11:23:03.328,426.4690027840376,1003
2024-09-20 11:23:03.336,426.4515120592688,995
2024-09-20 11:23:03.480,426.4574344639487,103
2024-09-20 11:23:03.563,426.4367828012705,6
2024-09-20 11:23:03.593,426.4938260208551,999
2024-09-20 11:23:03.607,426.4493542332499,9
2024-09-20 11:23:03.617,426.4629690134208,10
2024-09-20 11:23:03.680,426.4481489214791,100
2024-09-20 11:23:03.702,426.47723703429057,99
2024-09-20 11:23:03.730,426.4321962540482,1000
2024-09-20 11:23:03.752,426.47523511265086,996
2024-09-20 11:23:03.795,426.4450328003524,10
2024-09-20 11:23:03.801,426.4614615393872,9
2024-09-20 11:23:03.802,426.44497257604553,100
2024-09-20 11:23:03.826,426.4477945098726,96
2024-09-20 11:23:03.830,426.4622061667167,99
2024-09-20 11:23:03.831,426.4526328575,100
2024-09-20 11:23:03.908,426.4611579754772,104
2024-09-20 11:23:03.914,426.4308421714721,996
2024-09-20 11:23:03.962,426.4424976773821,95
2024-09-20 11:23:04.005,426.51551411078094,1000
2024-09-20 11:23:04.014,426.5203577445776,6
2024-09-20 11:23:04.023,426.5124761721597,101
2024-09-20 11:23:04.029,426.5061835283892,10
2024-09-20 11:23:04.037,426.5176569053703,98
2024-09-20 11:23:04.129,426.5340797032188,100
2024-09-20 11:23:04.150,426.4809235615128,102
2024-09-20 11:23:04.157,426.5448884595689,999
2024-09-20 11:23:04.222,426.488678833388,14
2024-09-20 11:23:04.245,426.5082006543102,997
2024-09-20 11:23:04.337,426.499726978584,1005
2024-09-20 11:23:04.462,426.4946137581606,1004
2024-09-20 11:23:04.471,426.4936323034292,104
2024-09-20 11:23:04.535,426.48728647504737,15
2024-09-20 11:23:04.568,426.5249562077871,100
2024-09-20 11:23:04.595,426.4947315871676,11
2024-09-20 11:23:04.614,426.58367955867504,103
2024-09-20 11:23:04.668,426.5050627240481,999
2024-09-20 11:23:04.717,426.5641967609855,998
2024-09-20 11:23:04.762,426.49326384988393,998
2024-09-20 11:23:04.835,426.4945252678798,6
2024-09-20 11:23:04.842,426.4724175526992,1005
2024-09-20 11:23:04.869,426.527361527856,1004
2024-09-20 11:23:04.915,426.4836313117365,102
2024-09-20 11:23:04.944,426.4911412658747,1002
2024-09-20 11:23:05.028,426.5913986194525,1003
2024-09-20 11:23:05.029,426.5450716056305,7
2024-09-20 11:23:05.071,426.5576705084023,14
2024-09-20 11:23:05.191,426.5733784823461,101
2024-09-20 11:23:05.238,426.5577550777022,995
2024-09-20 11:23:05.259,426.572640923756,14
2024-09-20 11:23:05.278,426.5818475163114,104
2024-09-20 11:23:05.301,426.5775406296203,997
2024-09-20 11:23:05.322,426.5868304328941,997
2024-09-20 11:23:05.349,426.5792149702484,5
2024-09-20 11:23:05.420,426.545349133657,1003
2024-09-20 11:23:05.460,426.60014745108185,10
2024-09-20 11:23:05.466,426.5728042731245,97
2024-09-20 11:23:05.512,426.5276006012731,97
2024-09-20 11:23:05.516,426.5741822501409,995
2024-09-20 11:23:05.549,426.5429184075076,1003
2024-09-20 11:23:05.550,426.5929651374895,95
2024-09-20 11:23:05.603,426.5826271153558,7
2024-09-20 11:23:05.612,426.5794732280533,997
2024-09-20 11:23:05.649,426.5849895033986,8
2024-09-20 11:23:05.682,426.5598923815626,1001
2024-09-20 11:23:05.692,426.5884204997776,1003
2024-09-20 11:23:05.693,426.5913909267444,99
2024-09-20 11:23:05.705,426.562605424568,5
2024-09-20 11:23:05.773,426.57251782757095,995
2024-09-20 11:23:05.824,426.6013524602998,1001
2024-09-20 11:23:05.898,426.5556514632015,97
2024-09-20 11:23:05.951,426.5809791565177,1002
2024-09-20 11:23:06.039,426.602959115389,998
2024-09-20 11:23:06.087,426.5849244024142,104
2024-09-20 11:23:06.152,-426.598995798532,998
2024-09-20 11:23:06.209,426.6010800200198,1005
2024-09-20 11:23:06.210,426.5914453440753,8
2024-09-20 11:23:06.218,426.5956664002401,999
2024-09-20 11:23:06.225,426.60738360285904,998
2024-09-20 11:23:06.235,426.5748496780979,104
2024-09-20 11:23:06.250,426.6190788297912,996
2024-09-20 11:23:06.304,426.6123180504106,10
2024-09-20 11:23:06.314,426.5812484564857,11
2024-09-20 11:23:06.340,426.56468332643294,1003
2024-09-20 11:23:06.352,426.619877896236,7
2024-09-20 11:23:06.370,426.6026018900084,98
2024-09-20 11:23:06.417,426.6409572389001,11
2024-09-20 11:23:06.492,426.6033322190935,8
2024-09-20 11:23:06.594,426.618639021294,10
2024-09-20 11:23:06.623,426.5665434253097,1005
2024-09-20 11:23:06.630,426.5982225567153,5
2024-09-20 11:23:06.638,426.6286618722317,11
2024-09-20 11:23:06.652,426.63066960249,105
2024-09-20 11:23:06.702,426.5834368869933,96
2024-09-20 11:23:06.731,426.5660752405563,998
2024-09-20 11:23:06.773,426.6132872725348,13
2024-09-20 11:23:06.781,42.65745629306165,1000
2024-09-20 11:23:06.857,426.58685543994864,11
2024-09-20 11:23:06.973,426.5982984240738,97
2024-09-20 11:23:06.993,426.5523915280263,1001
2024-09-20 11:23:07.003,426.61753240259617,1003
2024-09-20 11:23:07.008,426.58774478046297,5
2024-09-20 11:23:07.036,426.6275328160247,998
2024-09-20 11:23:07.182,426.6003850746558,105
2024-09-20 11:23:07.282,426.6396217476223,95
2024-09-20 11:23:07.413,426.6259729267558,999
2024-09-20 11:23:07.453,426.6126477370008,14
2024-09-20 11:23:07.508,426.62034939339634,999
2024-09-20 11:23:07.563,426.6239322416488,1004
2024-09-20 11:23:07.607,426.6294885968052,97
2024-09-20 11:23:07.703,426.6045536872408,8
2024-09-20 11:23:07.886,426.5959040149003,100
2024-09-20 11:23:07.939,426.6034051641076,998
2024-09-20 11:23:08.285,-426.6572235324783,105
2024-09-20 11:23:08.359,426.6501138447034,6
2024-09-20 11:23:08.573,426.65397010196966,996
2024-09-20 11:23:09.286,426.625484516111,11
2024-09-20 11:23:09.832,426.6364317499484,100
2024-09-20 11:23:10.009,426.6487544069998,11
2024-09-20 11:23:10.220,426.64964520335207,11
2024-09-20 11:23:10.321,426.67056957343976,14
2024-09-20 11:23:10.370,426.7095935584804,999
2024-09-20 11:23:10.379,426.7018766220679,101
2024-09-20 11:23:10.399,426.69684535156216,998
2024-09-20 11:23:10.402,426.6771900554924,998
2024-09-20 11:23:10.462,426.6894184069736,9
2024-09-20 11:23:10.468,42.66707658250778,102
2024-09-20 11:23:10.476,426.64123243193046,105
2024-09-20 11:23:10.547,426.67287571764206,102
2024-09-20 11:23:10.624,426.6353032915471,1004
2024-09-20 11:23:10.655,426.65985646106543,97
2024-09-20 11:23:10.658,426.6542526870261,1001
2024-09-20 11:23:10.789,426.64659220434834,1001
2024-09-20 11:23:10.837,426.6566987199661,95
2024-09-20 11:23:11.015,426.6964510955137,996
2024-09-20 11:23:11.065,426.6639454181879,996
2024-09-20 11:23:11.195,426.708828764178,1001
2024-09-20 11:23:11.236,426.6693374478953,5
2024-09-20 11:23:11.539,426.66922941803176,99
2024-09-20 11:23:11.639,426.659260473744,15
2024-09-20 11:23:11.796,426.6642240674594,1003
2024-09-20 11:23:12.050,426.7298299691584,102
2024-09-20 11:23:12.062,426.71492112669137,99
2024-09-20 11:23:12.068,426.7273664004732,996
2024-09-20 11:23:12.085,426.7618912320008,10
2024-09-20 11:23:12.122,426.7330840612418,103
2024-09-20 11:23:12.244,426.73650216594575,997
2024-09-20 11:23:12.312,426.72010435744494,97
2024-09-20 11:23:12.332,426.7159900746423,97
2024-09-20 11:23:12.528,426.7228146312941,9
2024-09-20 11:23:12.583,426.7408480552021,12
2024-09-20 11:23:12.658,426.7192509568117,5
2024-09-20 11:23:12.668,426.7332837702244,12
2024-09-20 11:23:12.716,426.75520284721455,998
2024-09-20 11:23:12.766,426.7611181796236,1001
2024-09-20 11:23:12.770,426.7311255015797,7
2024-09-20 11:23:13.050,426.71308342482416,99
2024-09-20 11:23:13.175,426.6678454248732,9
2024-09-20 11:23:13.267,426.6678587756854,998
2024-09-20 11:23:13.280,426.7195634648798,99
2024-09-20 11:23:13.343,426.7517707447125,99
2024-09-20 11:23:13.388,426.70379432765,1000
2024-09-20 11:23:13.408,426.7197177222747,9
2024-09-20 11:23:13.678,426.7041051376823,102
2024-09-20 11:23:13.831,426.7597568575269,1002
2024-09-20 11:23:13.991,42.67361582843287,104
2024-09-20 11:23:14.012,426.6769044914702,95
2024-09-20 11:23:14.598,,95
2024-09-20 11:23:14.763,426.6869899447199,10
2024-09-20 11:23:14.829,426.6806924080237,1002
2024-09-20 11:23:15.004,426.7102657310951,997
2024-09-20 11:23:15.006,426.7005350888488,997
2024-09-20 11:23:15.247,426.7245730368609,10
2024-09-20 11:23:15.323,426.74784468717087,13
2024-09-20 11:23:15.343,426.7460811063663,12
2024-09-20 11:23:15.388,426.75033716153297,104
2024-09-20 11:23:15.495,426.7457527907443,1003
2024-09-20 11:23:15.529,426.726429235068,1002
2024-09-20 11:23:15.615,426.6940297570677,96
2024-09-20 11:23:15.625,426.7445366435165,1001
2024-09-20 11:23:15.639,426.71592096233786,995
2024-09-20 11:23:15.666,426.7396381995783,103
2024-09-20 11:23:15.666,426.7448104501357,996
2024-09-20 11:23:15.835,426.73116672981206,1001
2024-09-20 11:23:15.981,426.7303677020987,15
2024-09-20 11:23:16.004,426.6993845788108,1005
2024-09-20 11:23:16.013,426.669383887335,1000
2024-09-20 11:23:16.035,426.7045845122913,10
2024-09-20 11:23:16.064,426.70427531128826,1000
2024-09-20 11:23:16.075,426.6371278963551,7
2024-09-20 11:23:16.083,426.65876343815785,1000
2024-09-20 11:23:16.131,426.67787147266,997
2024-09-20 11:23:16.409,426.6785696586393,14
2024-09-20 11:23:16.431,426.6750473802706,100
2024-09-20 11:23:16.446,426.6703190362461,99
2024-09-20 11:23:16.456,426.6697557956666,1000
2024-09-20 11:23:16.493,426.692441810052,96
2024-09-20 11:23:16.530,426.6665306430418,995
2024-09-20 11:23:16.567,426.6348628446172,13
2024-09-20 11:23:16.608,426.6725146336608,7
2024-09-20 11:23:16.628,426.65553530032736,95
2024-09-20 11:23:16.649,426.6569202993428,998
2024-09-20 11:23:16.739,426.6934274503057,1005
2024-09-20 11:23:16.740,426.6862898636728,95
2024-09-20 11:23:16.824,426.67903888313504,1003
2024-09-20 11:23:16.863,42.67037803969408,97
2024-09-20 11:23:16.876,426.68757246240347,101
2024-09-20 11:23:16.908,426.68673942905536,996
2024-09-20 11:23:17.160,426.7253048318254,1002
2024-09-20 11:23:17.192,426.6728764184764,1005
2024-09-20 11:23:17.324,426.6758836845449,1003
2024-09-20 11:23:17.340,426.7067603121668,1002
2024-09-20 11:23:17.395,426.6959694940847,100
2024-09-20 11:23:17.735,426.6867978049473,14
2024-09-20 11:23:17.749,426.66847455206766,1000
2024-09-20 11:23:17.808,426.73586250893743,104
2024-09-20 11:23:18.013,426.6810528655231,7
2024-09-20 11:23:18.052,426.7057459648351,99
2024-09-20 11:23:18.060,426.69903200772217,1004
2024-09-20 11:23:18.121,426.7085295141064,1004
2024-09-20 11:23:18.147,426.7055882178542,999
2024-09-20 11:23:18.321,426.7056375358249,1004
2024-09-20 11:23:18.561,426.7035633356854,1002
2024-09-20 11:23:18.590,426.7137657940095,10
2024-09-20 11:23:18.649,426.7087313358952,15
2024-09-20 11:23:18.800,426.7108012605689,1001
2024-09-20 11:23:18.896,426.7249108970354,997
2024-09-20 11:23:18.996,426.7366099028919,96
2024-09-20 11:23:19.024,426.7358925153167,9
2024-09-20 11:23:19.028,426.7200552565952,1002
2024-09-20 11:23:19.283,426.7665745167077,1005
2024-09-20 11:23:19.293,426.7359012445466,1002
2024-09-20 11:23:19.765,426.7401218924069,1002
2024-09-20 11:23:19.796,426.72440507402086,104
2024-09-20 11:23:19.903,426.7593467906838,11
2024-09-20 11:23:20.022,426.7982026806012,997
2024-09-20 11:23:20.101,426.76742681417073,97
2024-09-20 11:23:20.182,426.8035819197421,1003
2024-09-20 11:23:20.196,-426.8028466394454,6
2024-09-20 11:23:20.197,426.76471504073874,1003
2024-09-20 11:23:20.202,426.791665402569,1000
2024-09-20 11:23:20.230,426.8017419305961,100
2024-09-20 11:23:20.294,426.7494374116573,96
2024-09-20 11:23:20.319,426.7889807445764,99
2024-09-20 11:23:20.346,426.7844024978544,100
2024-09-20 11:23:20.354,426.7679390077186,15
2024-09-20 11:23:20.359,426.77526522127937,14
2024-09-20 11:23:20.485,-426.787827295442,1005
2024-09-20 11:23:20.560,426.747748750338,10
2024-09-20 11:23:20.680,426.81252926564633,98
2024-09-20 11:23:20.683,426.7634073218713,996
2024-09-20 11:23:20.717,426.8114259458014,9
2024-09-20 11:23:20.759,426.8267064531189,96
2024-09-20 11:23:20.800,426.80026690257336,999
2024-09-20 11:23:20.957,426.80196644553416,105
2024-09-20 11:23:20.976,426.77139276163433,1003
2024-09-20 11:23:21.006,426.7870758295051,1004
2024-09-20 11:23:21.035,426.7541301431245,97
2024-09-20 11:23:21.088,426.794345536908,998
2024-09-20 11:23:21.150,426.7533170762429,15
2024-09-20 11:23:21.159,426.76938152786965,1004
2024-09-20 11:23:21.275,426.74249324523424,12
2024-09-20 11:23:21.310,426.775584644161,96
2024-09-20 11:23:21.322,426.7627840366156,1003
2024-09-20 11:23:21.338,426.7938710397755,98
2024-09-20 11:23:21.404,426.79451496189904,5
2024-09-20 11:23:21.422,426.7514174501322,104
2024-09-20 11:23:21.465,426.7677600893674,15
2024-09-20 11:23:21.489,426.7550195843271,102
2024-09-20 11:23:21.572,426.7879884631837,997
2024-09-20 11:23:21.580,426.7681984387842,11
2024-09-20 11:23:21.694,426.79108899435295,13
2024-09-20 11:23:21.775,426.7929944539302,13
2024-09-20 11:23:21.821,426.80142887046406,101
2024-09-20 11:23:21.830,426.7794438546001,105
2024-09-20 11:23:21.862,426.7609545928029,996
2024-09-20 11:23:21.884,426.7511197935343,1003
2024-09-20 11:23:21.889,426.7528458499671,14
2024-09-20 11:23:21.918,426.7641839201313,7
2024-09-20 11:23:21.924,426.74676928182026,99
2024-09-20 11:23:21.959,426.7592296439944,103
2024-09-20 11:23:22.002,426.7713595495068,103
2024-09-20 11:23:22.028,426.75712241737455,6
2024-09-20 11:23:22.102,426.7614240936373,99
2024-09-20 11:23:22.125,426.7574451536993,104
2024-09-20 11:23:22.167,426.7613754633709,5
2024-09-20 11:23:22.232,426.76736082777416,995
2024-09-20 11:23:22.234,426.7478121394739,95
2024-09-20 11:23:22.324,426.7690195501258,1002
2024-09-20 11:23:22.340,426.7602472179516,1002
2024-09-20 11:23:22.368,426.7304583274952,1002
2024-09-20 11:23:22.368,426.7651472984334,98
2024-09-20 11:23:22.395,426.76820416999874,14
2024-09-20 11:23:22.442,426.7531752715167,11
2024-09-20 11:23:22.461,426.7385572243816,14
2024-09-20 11:23:22.557,426.7602086735982,12
2024-09-20 11:23:22.600,426.7572116685338,100
2024-09-20 11:23:22.698,426.75510715848543,996
2024-09-20 11:23:22.699,426.7509283461232,11
2024-09-20 11:23:22.712,426.77286098508506,1002
2024-09-20 11:23:22.717,426.7517319460042,1004
2024-09-20 11:23:22.724,426.7777906809649,1001
2024-09-20 11:23:22.867,426.7401286079645,102
2024-09-20 11:23:22.934,426.7536913538452,104
2024-09-20 11:23:23.129,426.7576895066956,103
2024-09-20 11:23:23.265,426.8006694012957,101
2024-09-20 11:23:23.431,426.757630703972,97
2024-09-20 11:23:23.556,426.774672077358,7
2024-09-20 11:23:24.323,426.809705532965,999
2024-09-20 11:23:24.346,426.7844853949032,1000
2024-09-20 11:23:24.432,426.80429817233886,99
2024-09-20 11:23:24.471,426.8047879291348,1003
2024-09-20 11:23:24.591,426.7853443519671,996
2024-09-20 11:23:24.898,-426.7958032790946,999
2024-09-20 11:23:24.956,426.816772380395,103
2024-09-20 11:23:24.961,426.8007666663849,8
2024-09-20 11:23:25.037,,15
2024-09-20 11:23:25.435,426.7770910434765,15
2024-09-20 11:23:25.601,426.8046595806828,12
2024-09-20 11:23:25.895,426.7763554566588,995
2024-09-20 11:23:25.998,426.7959060373936,97
2024-09-20 11:23:26.771,426.7876008760666,11
2024-09-20 11:23:27.233,426.8228285577699,12
2024-09-20 11:23:27.326,426.8014605430023,995
2024-09-20 11:23:27.399,426.799006032741,5
2024-09-20 11:23:27.493,426.8207432447377,102
2024-09-20 11:23:27.568,426.8189514164443,96
2024-09-20 11:23:27.687,426.8065521447844,96
2024-09-20 11:23:28.040,426.79336007519,98
2024-09-20 11:23:28.046,426.8046153792973,96
2024-09-20 11:23:28.050,426.7515294018452,15
2024-09-20 11:23:28.065,426.7610750967128,997
2024-09-20 11:23:28.077,426.8125802013763,105
2024-09-20 11:23:28.144,426.758257512392,1005
2024-09-20 11:23:28.181,426.8073572624064,6
2024-09-20 11:23:28.191,426.7805002715734,98
2024-09-20 11:23:28.198,426.7464543740694,13
2024-09-20 11:23:28.225,426.7873726895493,1005
2024-09-20 11:23:28.242,426.80987760387535,10
2024-09-20 11:23:28.246,426.7743345163914,100
2024-09-20 11:23:28.281,426.7993703053024,97
2024-09-20 11:23:28.297,426.81036546227153,95
2024-09-20 11:23:28.323,426.76073825176496,12
2024-09-20 11:23:28.355,426.7888735175904,1001
2024-09-20 11:23:28.367,426.8090904190127,1003
2024-09-20 11:23:28.373,426.7820187884428,997
2024-09-20 11:23:28.390,426.7846578472349,1003
2024-09-20 11:23:28.481,426.75985773347946,998
2024-09-20 11:23:28.626,426.766989621848,101
2024-09-20 11:23:28.668,426.8020398513686,15
2024-09-20 11:23:28.818,426.7985803105773,10
2024-09-20 11:23:28.830,426.79086978291366,6
2024-09-20 11:23:28.880,426.77091253406303,997
2024-09-20 11:23:28.889,426.8102015994693,98
2024-09-20 11:23:28.899,426.7811362503347,1004
2024-09-20 11:23:28.903,426.7835558984728,103
2024-09-20 11:23:28.982,426.790751463448,1002
2024-09-20 11:23:29.089,426.76988534318167,998
2024-09-20 11:23:29.164,426.798112711865,999
2024-09-20 11:23:29.175,426.7519438109597,95
2024-09-20 11:23:29.195,426.7704918516618,12
2024-09-20 11:23:29.197,426.8083670260039,99
2024-09-20 11:23:29.309,426.8022206619307,1005
2024-09-20 11:23:29.316,426.7534165678228,14
2024-09-20 11:23:29.335,426.8044312295311,1005
2024-09-20 11:23:29.519,426.7970332618879,7
2024-09-20 11:23:29.628,426.8142258012087,998
2024-09-20 11:23:29.636,426.7640267295259,5
2024-09-20 11:23:29.673,426.80588258094014,99
2024-09-20 11:23:29.710,426.7944844865152,5
2024-09-20 11:23:29.747,426.7561598356988,13
2024-09-20 11:23:29.786,426.81071461650686,995
2024-09-20 11:23:30.003,426.8225413060196,13
2024-09-20 11:23:30.031,426.7810093937951,99
2024-09-20 11:23:30.037,426.8027970508165,98
2024-09-20 11:23:30.115,426.8029170649178,105
2024-09-20 11:23:30.126,426.77688013147593,96
2024-09-20 11:23:30.152,-426.7798079518674,7
2024-09-20 11:23:30.250,426.7980214503141,96
2024-09-20 11:23:30.265,426.7818733706774,999
2024-09-20 11:23:30.352,426.7224106769207,1004
2024-09-20 11:23:30.373,426.7976084711064,1002
2024-09-20 11:23:30.453,426.7109649410341,100
2024-09-20 11:23:30.459,426.7819198382336,1001
2024-09-20 11:23:30.466,426.712363768475,1001
2024-09-20 11:23:30.531,426.76987680646187,104
2024-09-20 11:23:30.664,426.79246973220336,104
2024-09-20 11:23:30.716,426.8154103983435,97
2024-09-20 11:23:30.721,426.81209691994354,995
2024-09-20 11:23:30.793,426.7786326308643,10
2024-09-20 11:23:30.836,426.76733208739125,8
2024-09-20 11:23:30.881,-426.7727328443831,1001
2024-09-20 11:23:30.909,426.78742141218993,104
2024-09-20 11:23:30.909,426.7777075839205,7
2024-09-20 11:23:30.942,426.71321845487074,101
2024-09-20 11:23:30.991,426.7943243168506,998
2024-09-20 11:23:31.045,426.7179319925369,1002
2024-09-20 11:23:31.075,426.729505505984,1000
2024-09-20 11:23:31.083,426.7262909549556,1004
2024-09-20 11:23:31.381,426.7284242951797,15
2024-09-20 11:23:31.408,426.7209579548411,7
2024-09-20 11:23:31.485,426.7582799061726,995
2024-09-20 11:23:31.642,426.72424788876725,10
2024-09-20 11:23:31.958,426.74856834407234,95
2024-09-20 11:23:31.961,426.70856542716587,101
2024-09-20 11:23:31.982,426.72432307055385,1003
2024-09-20 11:23:31.999,426.7422846456325,6
2024-09-20 11:23:32.018,426.7637465817679,1005
2024-09-20 11:23:32.019,426.77397128122175,1002
2024-09-20 11:23:32.028,426.7392944733381,104
2024-09-20 11:23:32.046,426.7025643811658,100
2024-09-20 11:23:32.109,426.6788265423248,1001
2024-09-20 11:23:32.137,426.7417658248929,999
2024-09-20 11:23:32.156,426.7421108364734,996
2024-09-20 11:23:32.163,426.760010280774,1000
2024-09-20 11:23:32.179,426.7615619529122,15
2024-09-20 11:23:32.218,426.752841505247,100
2024-09-20 11:23:32.223,426.68951602358914,997
2024-09-20 11:23:32.294,426.70219681915256,12
2024-09-20 11:23:32.307,426.7294871201097,1000
2024-09-20 11:23:32.374,426.73939863627135,1004
2024-09-20 11:23:32.438,426.68812524136416,97
2024-09-20 11:23:32.517,426.7299360046647,1000
2024-09-20 11:23:32.520,426.69362597039736,1005
2024-09-20 11:23:32.548,426.7460241609082,995
2024-09-20 11:23:32.561,426.7300171246522,101
2024-09-20 11:23:32.678,426.696608866902,97
2024-09-20 11:23:32.682,426.6797784491805,13
2024-09-20 11:23:32.696,,997
2024-09-20 11:23:32.767,426.7425014601984,8
2024-09-20 11:23:32.837,426.68934032397857,999
2024-09-20 11:23:32.873,426.6958741740128,98
2024-09-20 11:23:32.893,426.7446172448993,98
2024-09-20 11:23:32.895,426.7507309897539,1004
2024-09-20 11:23:32.941,426.7757814162843,6
2024-09-20 11:23:32.949,426.7454938670485,105
2024-09-20 11:23:32.974,426.7644163829584,999
2024-09-20 11:23:33.011,426.797066240056,996
2024-09-20 11:23:33.049,426.81599191930906,9
2024-09-20 11:23:33.060,426.855173834534,99
2024-09-20 11:23:33.125,-426.8190912277724,11
2024-09-20 11:23:33.140,426.80092915372336,101
2024-09-20 11:23:33.164,426.80632256988224,12
2024-09-20 11:23:33.183,426.808181010947,100
2024-09-20 11:23:33.248,426.8007655430776,13
2024-09-20 11:23:33.255,426.7748408787821,98
2024-09-20 11:23:33.263,426.85254907234446,11
2024-09-20 11:23:33.354,426.8013452957626,102
2024-09-20 11:23:33.357,426.7627467191061,104
2024-09-20 11:23:33.365,426.8453901802005,8
2024-09-20 11:23:33.568,426.76351776519857,105
2024-09-20 11:23:33.580,426.7942360424294,6
2024-09-20 11:23:33.642,426.79895339986297,995
2024-09-20 11:23:33.655,42.67937372153999,102
2024-09-20 11:23:33.686,426.7917776421929,14
2024-09-20 11:23:33.722,426.7815086045089,105
2024-09-20 11:23:33.724,426.8541277257913,99
2024-09-20 11:23:33.753,426.7901258387633,96
2024-09-20 11:23:33.759,426.8201761946253,11
2024-09-20 11:23:33.807,426.75245201833457,12
2024-09-20 11:23:33.822,426.770634154836,104
2024-09-20 11:23:33.888,426.8256407564278,104
2024-09-20 11:23:33.894,426.814633086393,7
2024-09-20 11:23:33.900,426.84037606817657,6
2024-09-20 11:23:33.915,426.8620825316721,1005
2024-09-20 11:23:33.943,426.8550744504384,14
2024-09-20 11:23:33.977,426.85396795213217,100
2024-09-20 11:23:35.166,426.80477739080703,15
2024-09-20 11:23:35.176,426.87203146619584,6
2024-09-20 11:23:35.181,426.8797876829212,5
2024-09-20 11:23:35.230,42.6861018076667,1004
2024-09-20 11:23:35.255,426.8602427514641,11
2024-09-20 11:23:35.280,426.81363728405927,103
2024-09-20 11:23:35.335,426.856998423575,995
2024-09-20 11:23:35.336,426.8188646162344,999
2024-09-20 11:23:35.345,426.8532007062223,1001
2024-09-20 11:23:35.363,426.8238827743806,9
2024-09-20 11:23:35.374,426.8146022686052,102
2024-09-20 11:23:35.383,426.8791581978823,15
2024-09-20 11:23:35.452,426.8204996782471,98
2024-09-20 11:23:35.453,426.8535679599882,97
2024-09-20 11:23:35.502,42.683746234080544,997
2024-09-20 11:23:35.506,426.8741033581219,102
2024-09-20 11:23:35.514,426.8255734438237,5
2024-09-20 11:23:35.555,426.8329714020424,11
2024-09-20 11:23:35.562,426.8093104133477,995
2024-09-20 11:23:35.725,426.9092872549622,100
2024-09-20 11:23:35.758,426.86343614626014,11
2024-09-20 11:23:35.772,426.9057953889789,1005
2024-09-20 11:23:35.786,426.858098077891,999
2024-09-20 11:23:35.830,426.8676557239977,12
2024-09-20 11:23:35.873,426.89597479337147,1004
2024-09-20 11:23:35.926,426.803916635901,998
2024-09-20 11:23:35.976,426.8797139338136,10
2024-09-20 11:23:36.014,426.8636788417257,1002
2024-09-20 11:23:36.158,426.898414135748,13
2024-09-20 11:23:36.177,426.8817723014561,5
2024-09-20 11:23:36.228,426.8301048276237,996
2024-09-20 11:23:36.295,426.8620422779565,996
2024-09-20 11:23:36.351,426.8393329484836,99
2024-09-20 11:23:36.357,426.84102121255694,1005
2024-09-20 11:23:36.386,426.8941829070987,9
2024-09-20 11:23:36.404,426.8685223470528,10
2024-09-20 11:23:36.415,426.82798641787525,11
2024-09-20 11:23:36.415,426.87108947460047,8
2024-09-20 11:23:36.419,426.8297710239716,1003
2024-09-20 11:23:36.482,426.8817737589653,995
2024-09-20 11:23:36.484,426.8842530335824,9
2024-09-20 11:23:36.496,426.8650919603053,99
2024-09-20 11:23:36.571,426.87510970403264,10
2024-09-20 11:23:36.640,426.8917201588215,998
2024-09-20 11:23:36.658,426.83241252980855,8
2024-09-20 11:23:36.681,426.8373380684514,12
2024-09-20 11:23:36.708,426.8488019847383,13
2024-09-20 11:23:36.731,426.8768328623946,99
2024-09-20 11:23:36.775,426.8935937257144,8
2024-09-20 11:23:36.816,426.9124546926939,97
2024-09-20 11:23:36.822,426.8396248929928,1004
2024-09-20 11:23:36.834,426.8375437572506,7
2024-09-20 11:23:36.838,426.8440514574712,12
2024-09-20 11:23:36.942,426.8527165003267,101
2024-09-20 11:23:36.943,426.8291469050187,102
2024-09-20 11:23:36.944,426.8385555229767,13
2024-09-20 11:23:37.106,426.92280201347256,995
2024-09-20 11:23:37.239,426.91537002902805,100
2024-09-20 11:23:37.392,426.90186029825753,11
2024-09-20 11:23:37.396,426.9123333350632,1000
2024-09-20 11:23:37.404,426.9084654668408,1002
2024-09-20 11:23:37.412,426.9288027071191,1002
2024-09-20 11:23:37.412,426.9018893168076,996
2024-09-20 11:23:37.418,426.9117581468115,8
2024-09-20 11:23:37.440,426.92792156966414,7
2024-09-20 11:23:37.490,426.9229737382423,1005
2024-09-20 11:23:37.499,426.9160465016525,96
2024-09-20 11:23:37.575,426.8965060851083,1003
2024-09-20 11:23:37.766,426.9180770449132,10
2024-09-20 11:23:38.029,426.95798619617926,100
2024-09-20 11:23:38.050,426.8138796297875,7
2024-09-20 11:23:38.095,426.8483522880123,95
2024-09-20 11:23:38.120,426.9564376910992,1005
2024-09-20 11:23:38.128,426.92033532277054,105
2024-09-20 11:23:38.198,426.9086445231743,8
2024-09-20 11:23:38.219,426.9609242604139,8
2024-09-20 11:23:38.232,426.9140944988768,8
2024-09-20 11:23:38.235,426.9517261205727,98
2024-09-20 11:23:38.247,426.8283016166874,97
2024-09-20 11:23:38.250,426.865967885772,998
2024-09-20 11:23:38.294,426.8400602109313,97
2024-09-20 11:23:38.361,426.8819865461251,1002
2024-09-20 11:23:38.415,426.8146719738243,11
2024-09-20 11:23:38.468,426.9388674082256,8
2024-09-20 11:23:38.478,426.8157365140007,96
2024-09-20 11:23:38.513,426.8296374476656,100
2024-09-20 11:23:38.601,426.9635648675093,1004
2024-09-20 11:23:38.625,426.8980369049692,14
2024-09-20 11:23:38.634,426.9417213409562,998
2024-09-20 11:23:38.654,-426.95638333974216,1002
2024-09-20 11:23:38.661,426.8988128881085,105
2024-09-20 11:23:38.721,426.8311654148379,9
2024-09-20 11:23:38.739,426.9104018326134,5
2024-09-20 11:23:38.823,426.9147747508768,11
2024-09-20 11:23:38.923,426.9224937037374,98
2024-09-20 11:23:38.932,426.94298165180993,1003
2024-09-20 11:23:38.992,426.9168940182133,7
2024-09-20 11:23:38.995,-426.9354560593614,95
2024-09-20 11:23:38.999,426.9305004262183,98
2024-09-20 11:23:39.079,426.87878323638233,6
2024-09-20 11:23:39.139,426.92296622580585,9
2024-09-20 11:23:39.172,426.90721994268887,5
2024-09-20 11:23:39.202,426.8486200478017,9
2024-09-20 11:23:39.216,426.85679587458606,995
2024-09-20 11:23:39.266,426.8617154374615,98
2024-09-20 11:23:39.286,426.8746029969878,102
2024-09-20 11:23:39.286,426.864856696478,996
2024-09-20 11:23:39.345,426.906296875246,1001
2024-09-20 11:23:39.386,426.8466278180069,996
2024-09-20 11:23:39.394,426.8728481791563,14
2024-09-20 11:23:39.482,426.85760591204905,1003
2024-09-20 11:23:39.486,426.84903733339456,98
2024-09-20 11:23:39.571,426.84480961258765,998
2024-09-20 11:23:39.599,426.8704583167197,101
2024-09-20 11:23:39.745,426.9150398941608,13
2024-09-20 11:23:39.756,426.907303501456,100
2024-09-20 11:23:39.770,426.84461377438464,1003
2024-09-20 11:23:39.804,426.84093328840254,7
2024-09-20 11:23:39.815,426.81802933444015,104
2024-09-20 11:23:39.867,426.8294357593,102
2024-09-20 11:23:39.963,426.8449892504741,105
2024-09-20 11:23:39.985,426.8524912590789,1002
2024-09-20 11:23:40.059,426.88034695803054,98
2024-09-20 11:23:40.084,426.8801824803274,99
2024-09-20 11:23:40.095,426.88704881141547,8
2024-09-20 11:23:40.109,426.8719531137703,10
2024-09-20 11:23:40.183,426.87470169301673,6
2024-09-20 11:23:40.233,426.8595139572057,97
2024-09-20 11:23:40.250,426.85097855788905,7
2024-09-20 11:23:40.251,426.8543116841259,95
2024-09-20 11:23:40.281,426.8757217075207,9
2024-09-20 11:23:40.306,426.8728220081241,103
2024-09-20 11:23:40.323,426.893432418396,9
2024-09-20 11:23:40.328,426.8711991378625,1004
2024-09-20 11:23:40.341,426.850417724747,1001
2024-09-20 11:23:40.346,426.8682615439116,999
2024-09-20 11:23:40.427,426.8527184952061,103
2024-09-20 11:23:40.431,426.8427972967423,104
2024-09-20 11:23:40.484,426.8908493733631,98
2024-09-20 11:23:40.547,426.833821351991,100
2024-09-20 11:23:40.589,426.8950384809871,10
2024-09-20 11:23:40.630,426.8499337846469,9
2024-09-20 11:23:40.655,426.8511662902918,103
2024-09-20 11:23:40.679,426.8696659949573,99
2024-09-20 11:23:40.696,426.84846230643,1002
2024-09-20 11:23:40.750,426.8742551714124,11
2024-09-20 11:23:40.758,426.8464318725353,105
2024-09-20 11:23:40.759,426.8831026465216,102
2024-09-20 11:23:40.840,426.88283616566935,100
2024-09-20 11:23:40.907,426.8712000836007,999
2024-09-20 11:23:40.914,426.8649124545856,1004
2024-09-20 11:23:40.982,426.8914864566452,13
2024-09-20 11:23:41.048,426.8414947097677,98
2024-09-20 11:23:41.050,426.8326959455943,98
2024-09-20 11:23:41.071,426.84943164991,104
2024-09-20 11:23:41.101,426.8157421458192,10
2024-09-20 11:23:41.124,426.9004118196712,99
2024-09-20 11:23:41.125,426.8458009358524,15
2024-09-20 11:23:41.166,426.9228242889845,6
2024-09-20 11:23:41.192,426.8363665117225,995
2024-09-20 11:23:41.303,426.8763279542247,5
2024-09-20 11:23:41.338,426.85167803952055,99
2024-09-20 11:23:41.390,426.87657870008326,105
2024-09-20 11:23:41.448,426.8481295662731,15
2024-09-20 11:23:41.450,426.9036576756462,101
2024-09-20 11:23:41.483,426.91441925321055,5
2024-09-20 11:23:41.487,426.88322449633085,6
2024-09-20 11:23:41.680,426.8530497953803,996
2024-09-20 11:23:41.681,426.84006326728667,11
2024-09-20 11:23:41.687,426.86306993707024,97
2024-09-20 11:23:41.716,426.8490360864713,99
2024-09-20 11:23:41.719,426.8227489753011,10
2024-09-20 11:23:41.760,426.8242905885378,14
2024-09-20 11:23:41.806,426.89301276727866,8
2024-09-20 11:23:41.828,426.89562175713,1000
2024-09-20 11:23:41.841,426.9050379935913,95
2024-09-20 11:23:41.885,426.8541278009336,7
2024-09-20 11:23:41.891,426.8448026905025,8
2024-09-20 11:23:41.988,426.8615617442605,999
2024-09-20 11:23:42.014,426.8255943023703,105
2024-09-20 11:23:42.032,426.8614778360514,996
2024-09-20 11:23:42.042,426.8273340049606,13
2024-09-20 11:23:42.199,426.8795981453312,105
2024-09-20 11:23:42.203,426.92024148946007,999
2024-09-20 11:23:42.258,426.90335694334215,10
2024-09-20 11:23:42.316,426.8227491578015,97
2024-09-20 11:23:42.347,426.86716192382215,15
2024-09-20 11:23:42.360,426.9071504723553,101
2024-09-20 11:23:42.436,426.8163975518101,96
2024-09-20 11:23:42.438,426.8921064501936,102
2024-09-20 11:23:42.474,426.8241729998464,998
2024-09-20 11:23:42.583,426.8777758690438,11
2024-09-20 11:23:42.719,426.8879800032766,5
2024-09-20 11:23:42.728,426.85332606967023,13
2024-09-20 11:23:42.818,426.9159762762361,14
2024-09-20 11:23:42.843,426.898738928104,995
2024-09-20 11:23:42.870,426.8370221427148,995
2024-09-20 11:23:42.928,426.8570783222592,105
2024-09-20 11:23:42.935,426.8916637151127,102
2024-09-20 11:23:43.063,426.84864467253374,104
2024-09-20 11:23:43.071,426.8684700306757,1000
2024-09-20 11:23:43.114,426.8328926968512,9
2024-09-20 11:23:43.194,426.8224281800104,12
2024-09-20 11:23:43.215,426.8342803939952,1001
2024-09-20 11:23:43.275,426.846134097884,1003
2024-09-20 11:23:43.300,426.8580825030209,97
2024-09-20 11:23:43.422,426.82620945880194,1000
2024-09-20 11:23:43.577,426.8589249092136,9
2024-09-20 11:23:43.946,426.833086586512,1003
2024-09-20 11:23:44.017,426.7530052524576,15
2024-09-20 11:23:44.132,426.8049764882487,10
2024-09-20 11:23:44.271,426.8233919669334,103
2024-09-20 11:23:44.310,426.8074859269668,102
2024-09-20 11:23:44.767,426.7886687601902,99
2024-09-20 11:23:44.838,426.8357118372467,999
2024-09-20 11:23:44.844,426.82260851422654,1003
2024-09-20 11:23:44.901,426.82505131688674,97
2024-09-20 11:23:44.912,426.8358305230194,14
2024-09-20 11:23:45.036,426.7282931945704,1005
2024-09-20 11:23:45.075,426.7325503754877,998
2024-09-20 11:23:45.111,426.7235322026129,95
2024-09-20 11:23:45.137,426.7407721348548,6
2024-09-20 11:23:45.209,426.7454374261053,995
2024-09-20 11:23:45.256,426.7424698353819,13
2024-09-20 11:23:45.380,426.736945997846,105
2024-09-20 11:23:45.553,426.7370210123048,1002
2024-09-20 11:23:45.591,426.73257171386246,105
2024-09-20 11:23:45.619,426.72363293463934,11
2024-09-20 11:23:45.671,426.73571516405946,998
2024-09-20 11:23:45.671,426.7333250303648,1004
2024-09-20 11:23:45.673,426.7204747321164,996
2024-09-20 11:23:45.714,426.72928071519607,6
2024-09-20 11:23:45.924,426.7398000681666,102
2024-09-20 11:23:46.126,426.7503280279912,1002
2024-09-20 11:23:46.138,426.75336126196606,1000
2024-09-20 11:23:46.149,426.738227829621,1001
2024-09-20 11:23:46.157,426.741978560057,103
2024-09-20 11:23:46.364,426.7601185371888,96
2024-09-20 11:23:46.384,426.7641398077964,1001
2024-09-20 11:23:46.750,426.7460005685812,14
2024-09-20 11:23:46.969,426.77202182349953,995
2024-09-20 11:23:47.024,-426.7554142414051,15
2024-09-20 11:23:47.038,426.6788039561793,1002
2024-09-20 11:23:47.098,426.6438299270336,95
2024-09-20 11:23:47.099,426.6749228392646,998
2024-09-20 11:23:47.203,426.6407914270373,101
2024-09-20 11:23:47.255,426.65993157623166,15
2024-09-20 11:23:47.289,426.71936432379096,996
2024-09-20 11:23:47.363,426.66030149053535,14
2024-09-20 11:23:47.368,426.6673250737418,1002
2024-09-20 11:23:47.403,426.7626776690645,996
2024-09-20 11:23:47.408,426.7602528327401,95
2024-09-20 11:23:47.413,426.6729847831216,96
2024-09-20 11:23:47.422,426.6589277814558,8
2024-09-20 11:23:47.434,426.6581387865119,102
2024-09-20 11:23:47.521,426.6793461753117,999
2024-09-20 11:23:47.571,426.65600164667177,13
2024-09-20 11:23:47.573,426.75432002990834,1005
2024-09-20 11:23:47.584,426.6867846228381,102
2024-09-20 11:23:47.646,426.6162338218088,1004
2024-09-20 11:23:47.693,426.6740206699427,97
2024-09-20 11:23:47.732,426.6335381091342,105
2024-09-20 11:23:47.739,426.67665475110186,96
2024-09-20 11:23:47.765,426.6386614920122,997
2024-09-20 11:23:47.779,426.6532032833064,97
2024-09-20 11:23:47.798,426.7713751296853,997
2024-09-20 11:23:47.845,426.7515441957512,1003
2024-09-20 11:23:47.855,426.6947896608335,105
2024-09-20 11:23:47.937,426.70952773840617,1003
2024-09-20 11:23:47.941,426.69743531148896,1005
2024-09-20 11:23:48.037,426.6229512426932,6
2024-09-20 11:23:48.131,426.6490899689677,8
2024-09-20 11:23:48.157,42.66641234811093,102
2024-09-20 11:23:48.164,426.654915986597,995
2024-09-20 11:23:48.331,426.6600681242178,997
2024-09-20 11:23:48.396,426.62487859875455,1001
2024-09-20 11:23:48.695,426.652080718049,996
2024-09-20 11:23:48.784,426.6369501669414,103
2024-09-20 11:23:48.831,426.6401730679969,1000
2024-09-20 11:23:48.973,426.6488000386107,100
2024-09-20 11:23:49.065,426.6241728960439,1000
2024-09-20 11:23:49.090,426.6273256954532,105
2024-09-20 11:23:49.145,426.6188608206422,998
2024-09-20 11:23:49.166,426.6058123443962,11
2024-09-20 11:23:49.175,426.5769549025385,1003
2024-09-20 11:23:49.237,426.6154817660071,6
2024-09-20 11:23:49.250,426.6468957010413,1002
2024-09-20 11:23:49.306,426.61906975190897,995
2024-09-20 11:23:49.320,426.6305937537384,995
2024-09-20 11:23:49.352,426.6274540163022,96
2024-09-20 11:23:49.374,426.61718413881016,1005
2024-09-20 11:23:49.389,426.622731803833,14
2024-09-20 11:23:49.420,426.6277211380738,100
2024-09-20 11:23:49.490,426.646730686402,997
2024-09-20 11:23:49.546,426.6573777944348,10
2024-09-20 11:23:49.563,426.6079947948236,97
2024-09-20 11:23:49.754,426.5543488864922,10
2024-09-20 11:23:49.805,426.6267904520172,95
2024-09-20 11:23:49.805,426.5507715470892,13
2024-09-20 11:23:49.851,426.65229785361424,9
2024-09-20 11:23:49.999,426.58167663922495,104
2024-09-20 11:23:50.097,426.5964343909765,97
2024-09-20 11:23:50.119,426.66736529876,11
2024-09-20 11:23:50.128,426.6562969338533,12
2024-09-20 11:23:50.178,426.5567311236837,9
2024-09-20 11:23:50.186,426.5325219333255,13
2024-09-20 11:23:50.288,426.6291464010178,1004
2024-09-20 11:23:50.307,426.64478057690775,995
2024-09-20 11:23:50.565,426.6443872605536,1004
2024-09-20 11:23:50.857,426.529342424355,998
2024-09-20 11:23:50.888,426.62266454770935,103
2024-09-20 11:23:50.969,426.6036114741869,998
2024-09-20 11:23:50.985,426.53166297856734,104
2024-09-20 11:23:50.987,426.53711968653033,95
2024-09-20 11:23:50.998,426.60552403557386,1004
2024-09-20 11:23:51.003,426.6773891549262,1005
2024-09-20 11:23:51.015,426.6334707789617,100
2024-09-20 11:23:51.120,426.6795443057986,995
2024-09-20 11:23:51.123,426.65111322024114,1002
2024-09-20 11:23:51.131,426.6718470298784,100
2024-09-20 11:23:51.184,,15
2024-09-20 11:23:51.192,426.65072920129205,995
2024-09-20 11:23:51.233,426.6640583766481,9
2024-09-20 11:23:51.251,426.65275738973776,96
2024-09-20 11:23:51.267,426.6775570770165,103
2024-09-20 11:23:51.272,426.66551664951487,10
2024-09-20 11:23:51.394,426.6682745449779,1003
2024-09-20 11:23:51.396,426.6741101028712,12
2024-09-20 11:23:51.414,426.665889283954,99
2024-09-20 11:23:51.465,426.65779919942537,101
2024-09-20 11:23:51.467,426.6373425682244,98
2024-09-20 11:23:51.479,426.6287827030454,97
2024-09-20 11:23:51.492,426.6316967280931,5
2024-09-20 11:23:51.539,426.6716283931048,1003
2024-09-20 11:23:51.569,426.6631619357555,6
2024-09-20 11:23:51.722,426.65599513752886,105
2024-09-20 11:23:51.759,426.6591148783015,8
2024-09-20 11:23:51.804,426.6278993488083,1002
2024-09-20 11:23:51.817,426.6466539146696,995
2024-09-20 11:23:51.861,426.6446758334738,995
2024-09-20 11:23:51.892,426.6766278037081,11
2024-09-20 11:23:51.899,426.6186975613924,1005
2024-09-20 11:23:51.987,426.6561694137003,100
2024-09-20 11:23:52.017,426.6273412159008,99
2024-09-20 11:23:52.028,426.6215165485172,104
2024-09-20 11:23:52.039,426.61625993324526,10
2024-09-20 11:23:52.153,426.6185346619053,996
2024-09-20 11:23:52.213,426.6262634031137,1002
2024-09-20 11:23:52.214,426.61805581787786,7
2024-09-20 11:23:52.249,426.6259793981566,5
2024-09-20 11:23:52.327,426.6224287997695,1004
2024-09-20 11:23:52.337,426.61765051277945,9
2024-09-20 11:23:52.403,426.6442690107223,9
2024-09-20 11:23:52.421,426.61879237873046,997
2024-09-20 11:23:52.594,426.6184967260031,1001
2024-09-20 11:23:52.818,426.6483018793039,12
2024-09-20 11:23:52.884,426.61451033949663,9
2024-09-20 11:23:52.996,426.61110329413526,999
2024-09-20 11:23:54.244,426.6383424299645,101
2024-09-20 11:23:54.571,426.647087296228,1000
2024-09-20 11:23:54.824,426.6012987942893,95
2024-09-20 11:23:54.913,426.61299062941976,99
2024-09-20 11:23:54.948,426.6473402381288,11
2024-09-20 11:23:55.141,426.6734812346653,95
2024-09-20 11:23:55.256,426.6675652849336,105
2024-09-20 11:23:55.301,426.66381535304646,95
2024-09-20 11:23:55.324,426.6548037946256,6
2024-09-20 11:23:55.513,426.6882368539275,12
2024-09-20 11:23:55.542,426.65529781411175,5
2024-09-20 11:23:55.574,426.6910000973192,6
2024-09-20 11:23:55.814,426.6859143816895,11
2024-09-20 11:23:55.894,426.6774102254791,100
2024-09-20 11:23:55.964,426.6979979389477,1005
2024-09-20 11:23:55.976,426.6887268526292,999
2024-09-20 11:23:55.977,426.6563204500876,105
2024-09-20 11:23:57.022,426.7018311797958,104
2024-09-20 11:23:57.088,426.698584277594,8
2024-09-20 11:23:57.235,426.6944563203084,98
2024-09-20 11:23:57.275,42.67074905285208,1001
2024-09-20 11:23:57.322,426.7217038020941,997
2024-09-20 11:23:57.392,426.7301815638816,998
2024-09-20 11:23:57.731,426.7099824363099,995
2024-09-20 11:23:57.762,426.71474146864296,95
2024-09-20 11:23:57.780,426.6944859755202,15
2024-09-20 11:23:57.782,,1004
2024-09-20 11:23:57.921,426.71893881995663,997
2024-09-20 11:23:57.993,426.72659414723256,5
2024-09-20 11:23:58.552,426.6667206320824,1005
2024-09-20 11:23:58.726,426.6707226454975,101
2024-09-20 11:23:58.923,426.6664056275016,1000
2024-09-20 11:23:58.944,426.6803384696176,998
2024-09-20 11:23:59.872,426.6764824476172,99
2024-09-20 11:23:59.877,426.6733791885968,995
