Timestamp,Price,Size
2024-09-17 13:03:00.386,405.6947263012243,12
2024-09-17 13:03:00.711,405.6790405901139,98
2024-09-17 13:03:01.017,405.7038791396198,11
2024-09-17 13:03:01.024,405.7239626717314,100
2024-09-17 13:03:01.128,405.7271501689322,998
2024-09-17 13:03:01.177,405.72930849494185,5
2024-09-17 13:03:01.188,405.69003062605714,998
2024-09-17 13:03:01.207,405.73395141991926,104
2024-09-17 13:03:01.273,405.7600398110918,997
2024-09-17 13:03:01.287,405.6982133093708,9
2024-09-17 13:03:01.300,405.6889848507765,14
2024-09-17 13:03:01.312,405.7180700054797,105
2024-09-17 13:03:01.355,405.7266645670893,103
2024-09-17 13:03:01.395,405.7578278814464,105
2024-09-17 13:03:01.433,405.7237490243498,1003
2024-09-17 13:03:01.482,405.7501702141688,1002
2024-09-17 13:03:01.486,405.7394727470239,996
2024-09-17 13:03:01.545,405.7150714541066,15
2024-09-17 13:03:01.572,405.6944022849716,101
2024-09-17 13:03:01.580,405.7170284036972,8
2024-09-17 13:03:01.581,405.73608503991625,99
2024-09-17 13:03:01.626,405.7023267566672,1003
2024-09-17 13:03:01.687,405.7054457919525,6
2024-09-17 13:03:01.693,405.7784446617651,1004
2024-09-17 13:03:01.781,405.7230201755236,1003
2024-09-17 13:03:01.814,405.7417772840006,96
2024-09-17 13:03:01.851,405.7066260924006,999
2024-09-17 13:03:01.854,405.676889756304,15
2024-09-17 13:03:01.927,405.6759440497064,1004
2024-09-17 13:03:01.961,405.718945178222,103
2024-09-17 13:03:02.052,405.7313249018343,998
2024-09-17 13:03:02.085,405.6891401242015,97
2024-09-17 13:03:02.098,405.7266794941093,12
2024-09-17 13:03:02.127,405.6471326104357,14
2024-09-17 13:03:02.201,405.7337965720685,1003
2024-09-17 13:03:02.202,405.679892709049,997
2024-09-17 13:03:02.216,405.6839723915232,1002
2024-09-17 13:03:02.314,405.6988496242123,105
2024-09-17 13:03:02.335,405.7366800794218,12
2024-09-17 13:03:02.351,405.68529076431486,100
2024-09-17 13:03:02.410,405.6951763766222,105
2024-09-17 13:03:02.414,405.6935931200174,103
2024-09-17 13:03:02.457,405.6966956653095,100
2024-09-17 13:03:02.466,405.70841389334026,1005
2024-09-17 13:03:02.497,405.68545383645954,1003
2024-09-17 13:03:02.581,405.66162837684834,1001
2024-09-17 13:03:02.584,405.7019226874324,997
2024-09-17 13:03:02.667,405.6743744887579,104
2024-09-17 13:03:02.713,405.71264414370086,7
2024-09-17 13:03:02.731,405.6921588003472,13
2024-09-17 13:03:02.796,405.6960147527517,14
2024-09-17 13:03:02.837,405.6963727760139,5
2024-09-17 13:03:02.848,405.6965170817403,104
2024-09-17 13:03:02.926,405.6774531932481,102
2024-09-17 13:03:02.945,405.7332064061626,1001
2024-09-17 13:03:03.035,,95
2024-09-17 13:03:03.103,405.778286651133,99
2024-09-17 13:03:03.179,405.77524025372446,1003
2024-09-17 13:03:03.260,405.7910267739235,97
2024-09-17 13:03:03.261,405.7600564068106,100
2024-09-17 13:03:03.295,405.7589987273684,101
2024-09-17 13:03:03.298,405.80397052997614,99
2024-09-17 13:03:03.309,405.71376352757983,998
2024-09-17 13:03:03.358,40.57925590054891,102
2024-09-17 13:03:03.401,405.69941502512927,1004
2024-09-17 13:03:03.446,405.6902582314296,103
2024-09-17 13:03:03.619,405.6997015615672,5
2024-09-17 13:03:03.634,405.7824183110618,999
2024-09-17 13:03:03.694,405.6994889777704,13
2024-09-17 13:03:03.786,405.7298280927838,96
2024-09-17 13:03:03.796,405.6921067613815,6
2024-09-17 13:03:03.861,405.7851330388653,999
2024-09-17 13:03:03.941,405.7750417230892,99
2024-09-17 13:03:03.968,405.7909046388394,13
2024-09-17 13:03:04.498,405.79211364521234,999
2024-09-17 13:03:05.055,405.78417048845415,11
2024-09-17 13:03:05.106,405.68528910493865,103
2024-09-17 13:03:05.158,405.71096886130806,5
2024-09-17 13:03:05.206,405.7751320806236,14
2024-09-17 13:03:05.221,405.7034995647323,15
2024-09-17 13:03:05.406,405.7857635117439,98
2024-09-17 13:03:05.452,405.7810765302343,13
2024-09-17 13:03:05.457,405.7838765691931,1001
2024-09-17 13:03:05.537,405.7035092667736,101
2024-09-17 13:03:05.574,405.78357215499705,13
2024-09-17 13:03:05.594,405.7327247308649,11
2024-09-17 13:03:05.683,405.7942261856944,15
2024-09-17 13:03:05.715,405.76603387726107,99
2024-09-17 13:03:05.733,405.7272247310788,6
2024-09-17 13:03:05.764,405.7604834608493,1005
2024-09-17 13:03:05.854,405.78226360641577,102
2024-09-17 13:03:06.063,405.6733683799478,103
2024-09-17 13:03:06.074,405.61268432481336,999
2024-09-17 13:03:06.180,405.655720733425,101
2024-09-17 13:03:06.249,405.65881858085424,1003
2024-09-17 13:03:06.325,405.6181600835256,8
2024-09-17 13:03:06.335,405.7317847220352,105
2024-09-17 13:03:06.341,405.66123371729634,1001
2024-09-17 13:03:06.437,405.60903941797307,95
2024-09-17 13:03:06.455,405.694799022364,99
2024-09-17 13:03:06.479,405.7274067182201,1002
2024-09-17 13:03:06.512,405.6404549793118,12
2024-09-17 13:03:06.566,405.66227648347103,8
2024-09-17 13:03:06.581,405.6913719466335,1002
2024-09-17 13:03:06.620,405.6555816792136,996
2024-09-17 13:03:06.628,405.6103367020143,1002
2024-09-17 13:03:06.700,405.6221657360176,95
2024-09-17 13:03:06.701,40.55988259102946,14
2024-09-17 13:03:06.716,405.7208321536456,101
2024-09-17 13:03:06.725,405.6210405656647,99
2024-09-17 13:03:06.746,405.6299176129789,100
2024-09-17 13:03:06.818,405.6037178055541,995
2024-09-17 13:03:06.860,405.6986027851076,7
2024-09-17 13:03:06.920,405.6224530307019,98
2024-09-17 13:03:06.932,405.6483275042527,8
2024-09-17 13:03:07.051,405.6334712554593,99
2024-09-17 13:03:07.059,405.6037597835539,9
2024-09-17 13:03:07.155,405.599794191024,98
2024-09-17 13:03:07.201,405.5994748909893,995
2024-09-17 13:03:07.353,405.6222064733267,9
2024-09-17 13:03:07.448,405.61212820718913,12
2024-09-17 13:03:07.470,405.6206005120831,999
2024-09-17 13:03:07.612,405.6025900004431,13
2024-09-17 13:03:07.618,405.6078489855027,7
2024-09-17 13:03:07.907,405.6167303056685,100
2024-09-17 13:03:09.090,405.6842438252353,1000
2024-09-17 13:03:09.176,405.5994666937058,100
2024-09-17 13:03:09.195,405.72050133390513,1004
2024-09-17 13:03:09.235,405.7012272648,101
2024-09-17 13:03:09.239,405.6165670128763,996
2024-09-17 13:03:09.251,405.70717791982514,1005
2024-09-17 13:03:09.300,405.7151280429282,97
2024-09-17 13:03:09.305,405.6827439211519,102
2024-09-17 13:03:09.349,405.6969873907696,1005
2024-09-17 13:03:09.373,405.6932724807575,6
2024-09-17 13:03:09.391,405.67941977059206,996
2024-09-17 13:03:09.473,,1002
2024-09-17 13:03:09.703,405.6585030886511,99
2024-09-17 13:03:09.772,405.6070642597582,97
2024-09-17 13:03:09.914,405.6456781209527,1000
2024-09-17 13:03:10.067,405.6949824045467,7
2024-09-17 13:03:10.184,405.71641984933336,1001
2024-09-17 13:03:10.242,405.7103358218633,96
2024-09-17 13:03:10.320,405.7182215505314,105
2024-09-17 13:03:10.403,405.71818985696495,14
2024-09-17 13:03:10.408,405.7385462804749,12
2024-09-17 13:03:10.418,405.721985048045,1005
2024-09-17 13:03:10.475,405.7389005799276,7
2024-09-17 13:03:10.660,405.7408526866705,97
2024-09-17 13:03:10.664,405.7367860075118,100
2024-09-17 13:03:10.746,405.7083964177203,13
2024-09-17 13:03:10.788,405.7214828373432,104
2024-09-17 13:03:10.807,405.6945816732878,97
2024-09-17 13:03:10.891,405.72893225149,998
2024-09-17 13:03:10.984,405.6910758791012,104
2024-09-17 13:03:10.986,405.7476599444021,996
2024-09-17 13:03:11.003,405.7738558063247,997
2024-09-17 13:03:11.076,405.777792127727,102
2024-09-17 13:03:11.088,405.7932427187529,98
2024-09-17 13:03:11.133,405.7823679438828,1003
2024-09-17 13:03:11.180,405.7440906404056,103
2024-09-17 13:03:11.271,405.80694009667,6
2024-09-17 13:03:11.327,405.7790352820672,97
2024-09-17 13:03:11.462,405.7280451734256,996
2024-09-17 13:03:11.479,405.8024329822674,12
2024-09-17 13:03:11.695,405.7827497081344,10
2024-09-17 13:03:11.746,405.7626541180084,997
2024-09-17 13:03:11.778,405.8048587514669,98
2024-09-17 13:03:11.781,405.7504150511137,103
2024-09-17 13:03:11.799,405.7973424792354,98
2024-09-17 13:03:11.850,405.7819003547557,15
2024-09-17 13:03:12.019,405.8296817868913,998
2024-09-17 13:03:12.121,405.8010761927694,1001
2024-09-17 13:03:12.204,405.843405811156,98
2024-09-17 13:03:12.629,405.8207262683906,10
2024-09-17 13:03:12.739,405.8151601115306,10
2024-09-17 13:03:12.760,405.8152979353522,995
2024-09-17 13:03:12.818,405.7978795951375,9
2024-09-17 13:03:12.901,405.7909956269665,104
2024-09-17 13:03:12.963,405.8464739108933,102
2024-09-17 13:03:13.057,405.7854302091028,11
2024-09-17 13:03:13.200,405.8482121343472,1003
2024-09-17 13:03:13.281,40.58425214741008,103
2024-09-17 13:03:13.333,-405.8408879944756,1004
2024-09-17 13:03:13.409,405.8513268207485,1005
2024-09-17 13:03:13.495,405.8366806255956,97
2024-09-17 13:03:13.540,405.8264960406488,98
2024-09-17 13:03:13.596,40.58514693204131,9
2024-09-17 13:03:13.731,405.81984368646073,998
2024-09-17 13:03:13.735,405.8259008685312,9
2024-09-17 13:03:13.832,405.852795385586,12
2024-09-17 13:03:13.901,405.8137815499328,13
2024-09-17 13:03:13.910,405.8517289457796,998
2024-09-17 13:03:13.949,405.8350558792089,1004
2024-09-17 13:03:13.955,405.8548021864573,996
2024-09-17 13:03:14.073,405.7863150969631,5
2024-09-17 13:03:14.087,405.7653816579112,101
2024-09-17 13:03:14.090,405.76825329573904,12
2024-09-17 13:03:14.115,405.75655495553366,13
2024-09-17 13:03:14.231,405.72109347740354,998
2024-09-17 13:03:14.236,405.7097239378228,1003
2024-09-17 13:03:14.324,405.7540800783013,995
2024-09-17 13:03:14.340,405.75974052337045,1004
2024-09-17 13:03:14.361,-405.68420007215553,999
2024-09-17 13:03:14.381,405.75765061936016,101
2024-09-17 13:03:14.401,405.7070574953601,96
2024-09-17 13:03:14.414,405.6929607725029,8
2024-09-17 13:03:14.442,405.69082710329366,999
2024-09-17 13:03:14.489,405.68583086469033,998
2024-09-17 13:03:14.576,40.57572647577723,1001
2024-09-17 13:03:14.606,405.7130629100464,8
2024-09-17 13:03:14.611,405.6938284671706,102
2024-09-17 13:03:14.621,405.76080878029165,9
2024-09-17 13:03:14.633,405.7486740652453,105
2024-09-17 13:03:14.655,405.7328407919892,100
2024-09-17 13:03:14.657,405.7230829535255,96
2024-09-17 13:03:14.671,405.7687596724648,105
2024-09-17 13:03:14.675,405.7548895048456,8
2024-09-17 13:03:14.689,405.774762066579,11
2024-09-17 13:03:14.739,405.69674245560026,10
2024-09-17 13:03:14.743,405.6975705503963,105
2024-09-17 13:03:14.787,405.7621736229556,9
2024-09-17 13:03:14.810,405.7788259955118,998
2024-09-17 13:03:14.841,405.7630749790078,15
2024-09-17 13:03:15.292,,12
2024-09-17 13:03:15.379,405.6982147239173,1004
2024-09-17 13:03:16.001,405.6991071494564,102
2024-09-17 13:03:16.098,405.7374694897845,6
2024-09-17 13:03:16.114,405.74363395815743,96
2024-09-17 13:03:16.148,405.73884727788777,996
2024-09-17 13:03:16.217,405.7127867955288,1001
2024-09-17 13:03:16.273,405.70692290139846,1001
2024-09-17 13:03:16.298,405.74393814953146,1005
2024-09-17 13:03:16.366,405.7376043958095,9
2024-09-17 13:03:16.449,405.7458642114176,1003
2024-09-17 13:03:16.496,405.762524962587,7
2024-09-17 13:03:16.552,405.7140918677261,995
2024-09-17 13:03:16.609,405.74305968748615,8
2024-09-17 13:03:16.706,405.7882640093562,7
2024-09-17 13:03:16.761,405.7631321526808,5
2024-09-17 13:03:16.777,405.6972619942436,1004
2024-09-17 13:03:16.907,405.7365793666669,104
2024-09-17 13:03:16.975,405.73272186891785,95
2024-09-17 13:03:17.111,405.8387810538834,998
2024-09-17 13:03:17.255,405.8393567926888,98
2024-09-17 13:03:17.326,405.8502188864091,999
2024-09-17 13:03:17.375,405.8259766087354,98
2024-09-17 13:03:17.398,405.8306432098094,15
2024-09-17 13:03:17.463,405.8140851237725,1002
2024-09-17 13:03:17.534,40.583599294054174,101
2024-09-17 13:03:17.536,405.79699210286657,7
2024-09-17 13:03:17.626,405.8396780883045,7
2024-09-17 13:03:17.658,405.8456132758132,1001
2024-09-17 13:03:17.683,-405.8498213737531,996
2024-09-17 13:03:17.739,405.85297407098193,8
2024-09-17 13:03:17.801,405.84238865432025,10
2024-09-17 13:03:17.836,405.8477168797132,998
2024-09-17 13:03:17.841,405.8430316675644,14
2024-09-17 13:03:17.856,405.83760798798943,102
2024-09-17 13:03:17.923,405.8388060017169,103
2024-09-17 13:03:17.928,405.83204703338095,8
2024-09-17 13:03:18.038,405.7938136118155,104
2024-09-17 13:03:18.240,405.8038098595962,96
2024-09-17 13:03:18.360,405.8071189966641,104
2024-09-17 13:03:18.365,405.8172610908085,6
2024-09-17 13:03:18.570,405.7908200390156,104
2024-09-17 13:03:18.572,405.8242457929075,996
2024-09-17 13:03:18.660,405.8185900324205,103
2024-09-17 13:03:18.662,405.8330875844856,12
2024-09-17 13:03:18.727,405.8034875680013,1000
2024-09-17 13:03:18.772,405.7988613172843,998
2024-09-17 13:03:18.834,405.7970430606137,103
2024-09-17 13:03:18.929,405.8140178743861,1001
2024-09-17 13:03:18.933,405.8142251128644,995
2024-09-17 13:03:19.033,405.8670345659417,996
2024-09-17 13:03:19.035,405.9564657597743,996
2024-09-17 13:03:19.071,405.91803704340737,14
2024-09-17 13:03:19.075,405.9060538535007,14
2024-09-17 13:03:19.103,405.9442186779334,999
2024-09-17 13:03:19.137,405.92330809293895,996
2024-09-17 13:03:19.142,405.8508125963944,998
2024-09-17 13:03:19.174,405.8489185240414,98
2024-09-17 13:03:19.300,405.8590025729293,1002
2024-09-17 13:03:19.322,405.8548069894532,15
2024-09-17 13:03:19.547,405.9280699704645,999
2024-09-17 13:03:19.584,405.8835537834936,95
2024-09-17 13:03:19.726,405.8771467615013,100
2024-09-17 13:03:19.810,405.9166382079093,1000
2024-09-17 13:03:19.829,405.86519427748567,97
2024-09-17 13:03:19.851,405.9133434480476,99
2024-09-17 13:03:19.860,405.9683540459754,5
2024-09-17 13:03:19.987,405.94494772352687,999
2024-09-17 13:03:19.996,405.9211126883422,998
2024-09-17 13:03:19.998,405.9293201078551,1000
2024-09-17 13:03:20.001,-405.9643354366764,100
2024-09-17 13:03:20.037,405.9408290848485,1003
2024-09-17 13:03:20.053,405.9375625550894,1005
2024-09-17 13:03:20.079,405.9475155017722,101
2024-09-17 13:03:20.145,405.9632608196866,12
2024-09-17 13:03:20.285,405.9528575408164,12
2024-09-17 13:03:20.350,405.935051659352,12
2024-09-17 13:03:20.387,406.0081676716641,1000
2024-09-17 13:03:20.392,405.9994377010509,100
2024-09-17 13:03:20.396,405.9391154056818,9
2024-09-17 13:03:20.400,405.9436531951664,11
2024-09-17 13:03:20.409,405.9806104054983,997
2024-09-17 13:03:20.460,405.9874017249756,1000
2024-09-17 13:03:20.522,405.9682239862503,97
2024-09-17 13:03:20.570,406.0164860674789,101
2024-09-17 13:03:20.599,405.97266372623625,96
2024-09-17 13:03:20.713,405.96209273172536,11
2024-09-17 13:03:20.809,406.02257126083634,1001
2024-09-17 13:03:20.838,405.9470108279626,103
2024-09-17 13:03:20.853,405.9534458978611,8
2024-09-17 13:03:20.886,405.9571807093799,103
2024-09-17 13:03:20.963,405.9365020243865,95
2024-09-17 13:03:20.985,405.9591268599547,103
2024-09-17 13:03:21.364,405.9201966359938,5
2024-09-17 13:03:22.199,405.9208123139156,8
2024-09-17 13:03:22.541,405.9167645133526,1000
2024-09-17 13:03:22.568,405.9096746096397,995
2024-09-17 13:03:22.578,405.899195829408,7
2024-09-17 13:03:22.706,405.922241195972,10
2024-09-17 13:03:22.736,405.9023279811551,9
2024-09-17 13:03:22.765,405.91215335855424,998
2024-09-17 13:03:22.810,405.9219109011929,14
2024-09-17 13:03:22.820,405.9113047442988,998
2024-09-17 13:03:22.913,405.91961558333816,13
2024-09-17 13:03:22.946,405.9250457259903,1000
2024-09-17 13:03:23.171,40.589281851832766,96
2024-09-17 13:03:23.362,405.9047767714093,96
2024-09-17 13:03:23.474,405.9014150767368,1003
2024-09-17 13:03:23.631,405.9051546035747,102
2024-09-17 13:03:23.642,405.8822199428748,1003
2024-09-17 13:03:23.667,405.89924811583,10
2024-09-17 13:03:23.786,405.8949789197852,104
2024-09-17 13:03:23.861,405.8874919249295,996
2024-09-17 13:03:23.886,405.8918538650584,1001
2024-09-17 13:03:24.014,405.8791722398847,104
2024-09-17 13:03:24.032,,13
2024-09-17 13:03:24.051,405.93075448231895,10
2024-09-17 13:03:24.053,405.8749297320121,8
2024-09-17 13:03:24.059,405.8609096746927,101
2024-09-17 13:03:24.070,405.9154899003371,103
2024-09-17 13:03:24.101,405.8617412875572,998
2024-09-17 13:03:24.103,405.7965757035084,10
2024-09-17 13:03:24.168,405.9005967317216,101
2024-09-17 13:03:24.225,405.9004756871523,95
2024-09-17 13:03:24.271,405.8895994733785,996
2024-09-17 13:03:24.343,405.87035410539113,996
2024-09-17 13:03:24.466,405.8422050075707,9
2024-09-17 13:03:24.474,405.8246789511785,97
2024-09-17 13:03:24.524,405.8170013469152,102
2024-09-17 13:03:24.563,405.86293469255975,1005
2024-09-17 13:03:24.574,405.8598634102565,10
2024-09-17 13:03:24.641,405.90649726654334,11
2024-09-17 13:03:24.691,405.8232141239846,13
2024-09-17 13:03:24.743,405.883760511377,997
2024-09-17 13:03:24.756,405.88427196071353,98
2024-09-17 13:03:24.762,405.8437921828256,101
2024-09-17 13:03:24.777,405.8802461182797,996
2024-09-17 13:03:24.793,405.93441899801,1002
2024-09-17 13:03:24.795,405.87425479330864,10
2024-09-17 13:03:24.853,405.8891215595676,7
2024-09-17 13:03:24.897,405.8091138291955,98
2024-09-17 13:03:24.940,405.9022472915464,12
2024-09-17 13:03:24.942,405.9230003029126,8
2024-09-17 13:03:24.976,405.9005791394736,1001
2024-09-17 13:03:25.025,405.8416995379348,996
2024-09-17 13:03:25.088,405.8565832372128,98
2024-09-17 13:03:25.091,405.8473153618476,1002
2024-09-17 13:03:25.153,405.8860246385736,11
2024-09-17 13:03:25.271,405.90114821648496,14
2024-09-17 13:03:25.272,405.9110577443574,95
2024-09-17 13:03:25.295,405.8501441531392,105
2024-09-17 13:03:25.316,405.8669524621975,1000
2024-09-17 13:03:25.323,405.8398513432418,105
2024-09-17 13:03:25.367,405.89883759032347,1005
2024-09-17 13:03:25.411,,12
2024-09-17 13:03:25.497,405.8806582407763,1004
2024-09-17 13:03:25.527,405.9111656942929,1001
2024-09-17 13:03:25.543,405.8578255817606,97
2024-09-17 13:03:25.593,405.8406690174353,102
2024-09-17 13:03:25.633,405.8783532155471,13
2024-09-17 13:03:25.659,405.8532596609165,6
2024-09-17 13:03:25.702,405.819477175174,96
2024-09-17 13:03:25.727,405.8431534100383,100
2024-09-17 13:03:25.738,405.798762196228,8
2024-09-17 13:03:25.752,405.8508088940531,96
2024-09-17 13:03:25.806,405.8555468014875,12
2024-09-17 13:03:25.846,405.8633442479484,9
2024-09-17 13:03:25.856,405.8050612127784,1004
2024-09-17 13:03:25.885,405.89556677154826,5
2024-09-17 13:03:25.916,405.8557532419437,999
2024-09-17 13:03:25.931,405.8381359628634,6
2024-09-17 13:03:25.931,405.8087422033978,99
2024-09-17 13:03:25.970,-405.85117832298334,5
2024-09-17 13:03:26.046,405.8236392458881,1005
2024-09-17 13:03:26.154,405.8779337267721,11
2024-09-17 13:03:26.230,405.8189164077611,1001
2024-09-17 13:03:26.286,405.81072456054665,102
2024-09-17 13:03:26.322,405.7995151067269,998
2024-09-17 13:03:26.361,405.8134361541688,997
2024-09-17 13:03:26.388,405.8352726514876,104
2024-09-17 13:03:26.391,405.8233913250328,12
2024-09-17 13:03:26.461,405.8277412994758,1001
2024-09-17 13:03:26.502,405.8184621598068,96
2024-09-17 13:03:26.734,405.83747848057055,15
2024-09-17 13:03:26.737,405.8265039279021,1003
2024-09-17 13:03:26.818,405.8087881846953,998
2024-09-17 13:03:26.840,405.8814613601888,5
2024-09-17 13:03:26.865,405.8811729185456,1005
2024-09-17 13:03:26.995,405.8166371416201,1001
2024-09-17 13:03:27.006,405.8605682818066,12
2024-09-17 13:03:27.134,405.8174207607886,998
2024-09-17 13:03:27.192,405.8482350915597,104
2024-09-17 13:03:27.252,405.8135799463211,97
2024-09-17 13:03:27.252,405.7975793405324,6
2024-09-17 13:03:27.271,405.8172365314354,10
2024-09-17 13:03:27.291,405.8089951594428,97
2024-09-17 13:03:27.303,405.85021961609897,105
2024-09-17 13:03:27.340,40.58331953410945,104
2024-09-17 13:03:27.366,405.8863894064999,104
2024-09-17 13:03:27.421,405.8038669342196,99
2024-09-17 13:03:27.475,405.8514007934349,6
2024-09-17 13:03:27.487,405.8686127939116,997
2024-09-17 13:03:27.516,405.86246639577706,96
2024-09-17 13:03:27.527,405.8590938302256,10
2024-09-17 13:03:27.528,405.7972646999345,10
2024-09-17 13:03:27.600,405.8363083703472,13
2024-09-17 13:03:27.691,405.8373249945889,1002
2024-09-17 13:03:27.715,405.84789103035934,15
2024-09-17 13:03:27.732,405.8098368976556,99
2024-09-17 13:03:27.815,405.858033149476,99
2024-09-17 13:03:27.906,405.8663628538474,11
2024-09-17 13:03:27.907,405.7915038949787,14
2024-09-17 13:03:27.949,405.82868780325634,1001
2024-09-17 13:03:27.968,405.8488823486259,103
2024-09-17 13:03:27.970,405.8313862041741,996
2024-09-17 13:03:28.547,405.90201554686223,100
2024-09-17 13:03:28.644,405.9118807143693,96
2024-09-17 13:03:28.834,405.91360572290864,1002
2024-09-17 13:03:28.961,405.87731167645126,7
2024-09-17 13:03:29.012,405.8695360874713,11
2024-09-17 13:03:29.123,,996
2024-09-17 13:03:29.158,405.9129808153442,1000
2024-09-17 13:03:29.216,405.8725246378653,15
2024-09-17 13:03:29.272,405.88980799895353,10
2024-09-17 13:03:29.344,405.8660911412614,8
2024-09-17 13:03:29.357,405.9009233178807,98
2024-09-17 13:03:29.475,405.89014569393805,11
2024-09-17 13:03:29.530,405.901504188798,1002
2024-09-17 13:03:29.541,405.9063499109959,98
2024-09-17 13:03:29.561,405.8727410147373,1004
2024-09-17 13:03:29.692,405.8714860729878,96
2024-09-17 13:03:29.724,405.8926694118995,102
2024-09-17 13:03:29.816,405.880369954082,13
2024-09-17 13:03:29.867,405.8979926125151,103
2024-09-17 13:03:29.922,405.896905551505,103
2024-09-17 13:03:29.930,405.902674767155,1003
2024-09-17 13:03:29.992,405.88771898287774,6
2024-09-17 13:03:30.125,405.7961646019768,1000
2024-09-17 13:03:30.129,405.7911316683187,101
2024-09-17 13:03:30.144,405.83138971664,100
2024-09-17 13:03:30.400,405.8431741851472,998
2024-09-17 13:03:30.475,405.8803040327084,105
2024-09-17 13:03:30.603,405.8122440717958,99
2024-09-17 13:03:30.618,405.79118384043153,1005
2024-09-17 13:03:30.633,405.86507509245865,1003
2024-09-17 13:03:30.674,405.8258587500037,1004
2024-09-17 13:03:30.684,405.856678554657,1000
2024-09-17 13:03:30.961,405.8175123062822,996
2024-09-17 13:03:30.980,405.8734406791484,104
2024-09-17 13:03:31.072,405.7665122261371,102
2024-09-17 13:03:31.092,405.7498376706108,996
2024-09-17 13:03:31.105,405.7272155235061,14
2024-09-17 13:03:31.548,405.7784795811787,6
2024-09-17 13:03:31.768,405.7693795493497,998
2024-09-17 13:03:31.774,405.7663861783529,1004
2024-09-17 13:03:32.055,405.717252287547,96
2024-09-17 13:03:32.160,405.6825867853588,96
2024-09-17 13:03:32.160,405.6604075223212,102
2024-09-17 13:03:32.174,405.66756323251707,96
2024-09-17 13:03:32.350,405.6740172860258,997
2024-09-17 13:03:32.374,-405.6778709319424,98
2024-09-17 13:03:32.427,405.6987449292212,14
2024-09-17 13:03:32.466,405.641594645871,5
2024-09-17 13:03:32.489,405.6743308883345,14
2024-09-17 13:03:32.501,405.6400873223629,997
2024-09-17 13:03:32.513,405.62778694035165,12
2024-09-17 13:03:32.548,405.6844270262728,10
2024-09-17 13:03:32.577,405.6425850398664,10
2024-09-17 13:03:32.610,405.6816086614245,96
2024-09-17 13:03:32.667,405.6821225579174,14
2024-09-17 13:03:32.762,405.6283462713024,1005
2024-09-17 13:03:32.823,405.67346216483423,101
2024-09-17 13:03:32.956,405.6787030245093,998
2024-09-17 13:03:32.966,405.6597494143561,104
2024-09-17 13:03:32.969,405.7010957100279,14
2024-09-17 13:03:32.976,405.709645404136,98
2024-09-17 13:03:33.023,405.68542432607705,100
2024-09-17 13:03:33.075,405.6734041058897,8
2024-09-17 13:03:33.090,405.6832819059328,13
2024-09-17 13:03:33.179,405.6878106774867,1002
2024-09-17 13:03:33.387,405.6706675934535,6
2024-09-17 13:03:33.530,405.6899941496213,104
2024-09-17 13:03:33.605,405.6789525593392,102
2024-09-17 13:03:33.752,405.6573109951634,99
2024-09-17 13:03:33.938,405.6757894405248,998
2024-09-17 13:03:33.938,405.689271357596,104
2024-09-17 13:03:34.006,405.6519461652334,104
2024-09-17 13:03:34.464,-405.6405005369026,7
2024-09-17 13:03:34.643,405.6492037024013,998
2024-09-17 13:03:34.705,405.6428422511605,995
2024-09-17 13:03:34.866,405.64090994551617,998
2024-09-17 13:03:34.885,405.638346019824,10
2024-09-17 13:03:35.051,405.56288200732894,14
2024-09-17 13:03:35.121,405.5571315875305,99
2024-09-17 13:03:35.220,405.6428821350184,7
2024-09-17 13:03:35.312,405.6517946482411,9
2024-09-17 13:03:35.373,405.6119964556137,13
2024-09-17 13:03:35.379,405.5603968846551,10
2024-09-17 13:03:35.533,405.6362150776065,1005
2024-09-17 13:03:35.579,405.6498776555448,995
2024-09-17 13:03:35.621,405.5677582697429,104
2024-09-17 13:03:35.714,405.6527007715557,5
2024-09-17 13:03:35.810,405.594422761054,1003
2024-09-17 13:03:35.891,405.5326827627553,10
2024-09-17 13:03:36.092,405.52995959624536,103
2024-09-17 13:03:36.189,405.59016153741385,1000
2024-09-17 13:03:36.264,405.556935821646,1005
2024-09-17 13:03:36.270,405.5301071211175,99
2024-09-17 13:03:36.300,405.5531017281276,95
2024-09-17 13:03:36.315,405.5690175661868,8
2024-09-17 13:03:36.315,405.5692014383458,100
2024-09-17 13:03:36.641,405.5524148345804,97
2024-09-17 13:03:36.675,405.5237184751836,100
2024-09-17 13:03:36.709,405.5585191280719,100
2024-09-17 13:03:36.876,405.5282611944227,104
2024-09-17 13:03:36.879,405.5357203031977,1002
2024-09-17 13:03:37.008,405.5501192788424,995
2024-09-17 13:03:37.058,405.5381031873296,14
2024-09-17 13:03:37.079,405.5204804345635,996
2024-09-17 13:03:37.149,40.55273433117762,1000
2024-09-17 13:03:37.189,405.55939656208153,999
2024-09-17 13:03:37.319,405.5444722188278,997
2024-09-17 13:03:37.360,405.5421220374381,12
2024-09-17 13:03:37.426,405.5365636724366,6
2024-09-17 13:03:37.444,405.559498799261,1004
2024-09-17 13:03:37.454,405.56183818561016,100
2024-09-17 13:03:37.483,405.53982629068526,14
2024-09-17 13:03:37.605,405.5441390174823,101
2024-09-17 13:03:37.632,405.53469624806496,14
2024-09-17 13:03:37.658,405.5321257505885,104
2024-09-17 13:03:37.690,405.5485817204777,103
2024-09-17 13:03:37.831,405.53814097921054,5
2024-09-17 13:03:37.874,405.5564339184108,104
2024-09-17 13:03:37.887,405.53192916065046,97
2024-09-17 13:03:37.908,405.5395995577064,1004
2024-09-17 13:03:37.967,405.5306234574551,105
2024-09-17 13:03:39.047,405.504932645266,9
2024-09-17 13:03:39.071,405.5648628199996,99
2024-09-17 13:03:39.119,405.58062093687965,97
2024-09-17 13:03:39.130,405.5381545816431,96
2024-09-17 13:03:39.152,405.5885095208986,7
2024-09-17 13:03:39.155,405.5393057988718,104
2024-09-17 13:03:39.166,405.5358036388698,15
2024-09-17 13:03:39.185,405.5541678928212,104
2024-09-17 13:03:39.213,405.5343869188417,6
2024-09-17 13:03:39.215,405.55134341762334,5
2024-09-17 13:03:39.238,405.5234872576148,1001
2024-09-17 13:03:39.245,405.5602143681848,102
2024-09-17 13:03:39.268,405.5277209535552,105
2024-09-17 13:03:39.367,405.5006687749884,95
2024-09-17 13:03:39.389,405.5350141544714,98
2024-09-17 13:03:39.396,405.5350955467732,98
2024-09-17 13:03:39.418,405.5336468647852,1005
2024-09-17 13:03:39.469,405.5449616204814,100
2024-09-17 13:03:39.498,405.5364448274839,105
2024-09-17 13:03:39.570,405.53955358423343,6
2024-09-17 13:03:39.588,405.5720467524228,997
2024-09-17 13:03:39.647,405.5089959381524,99
2024-09-17 13:03:39.666,405.5673253103091,95
2024-09-17 13:03:39.673,405.5572702836952,104
2024-09-17 13:03:39.688,405.543365972804,1005
2024-09-17 13:03:39.717,405.5456569904123,996
2024-09-17 13:03:39.892,405.5398202148757,105
2024-09-17 13:03:39.929,405.5608710334517,1003
2024-09-17 13:03:39.972,405.52494988605065,13
2024-09-17 13:03:40.050,405.5003813346428,101
2024-09-17 13:03:40.144,405.48783884805545,99
2024-09-17 13:03:40.186,405.50182064579474,1003
2024-09-17 13:03:40.322,405.4918134922621,9
2024-09-17 13:03:40.427,405.5281989716263,1003
2024-09-17 13:03:40.444,405.47951268819065,1003
2024-09-17 13:03:40.470,405.509330883001,8
2024-09-17 13:03:40.495,405.5160021516296,7
2024-09-17 13:03:40.508,405.4988438543781,104
2024-09-17 13:03:40.544,405.5159070519184,100
2024-09-17 13:03:40.595,405.5116155303688,995
2024-09-17 13:03:40.609,405.50527198390375,95
2024-09-17 13:03:40.657,405.4884130302772,100
2024-09-17 13:03:40.674,405.5131856786088,1003
2024-09-17 13:03:40.701,405.5424280273735,999
2024-09-17 13:03:40.843,405.5541797243106,6
2024-09-17 13:03:40.878,405.52017003129896,1002
2024-09-17 13:03:40.947,405.5089519580204,100
2024-09-17 13:03:41.048,405.5355152306397,1004
2024-09-17 13:03:41.070,405.5713984475466,1003
2024-09-17 13:03:41.112,405.52800530074114,104
2024-09-17 13:03:41.135,405.5262969014379,11
2024-09-17 13:03:41.198,405.5808399113011,6
2024-09-17 13:03:41.358,405.5401360626235,1005
2024-09-17 13:03:41.425,405.5455589843098,10
2024-09-17 13:03:41.437,405.5138940195095,997
2024-09-17 13:03:41.449,405.56494249948247,998
2024-09-17 13:03:41.471,405.50921148087247,101
2024-09-17 13:03:41.490,405.562614693954,95
2024-09-17 13:03:41.591,405.4971488812923,12
2024-09-17 13:03:41.651,405.5906736994895,102
2024-09-17 13:03:41.697,405.5087080979631,95
2024-09-17 13:03:41.770,405.5199889472151,11
2024-09-17 13:03:41.795,-405.58039982424674,101
2024-09-17 13:03:41.832,405.562789829644,96
2024-09-17 13:03:41.868,405.5575136513604,1000
2024-09-17 13:03:42.014,405.4726268005816,1003
2024-09-17 13:03:42.107,405.47226103406905,96
2024-09-17 13:03:42.181,405.5037982366117,10
2024-09-17 13:03:42.208,405.48933195142166,13
2024-09-17 13:03:42.303,405.46519367227467,15
2024-09-17 13:03:42.319,405.47517177108256,12
2024-09-17 13:03:42.336,405.4697068512136,103
2024-09-17 13:03:42.395,405.4853846251857,995
2024-09-17 13:03:42.457,405.5173740408106,100
2024-09-17 13:03:42.485,405.5162058264632,1005
2024-09-17 13:03:42.520,405.4732218344778,996
2024-09-17 13:03:42.560,405.4750080883992,1000
2024-09-17 13:03:42.599,405.467154034934,95
2024-09-17 13:03:42.604,405.47963817801735,8
2024-09-17 13:03:42.637,405.4807954803696,7
2024-09-17 13:03:42.641,405.4932354853637,100
2024-09-17 13:03:42.658,405.481429496275,12
2024-09-17 13:03:42.730,405.47214700271735,1001
2024-09-17 13:03:42.798,405.512030043804,1005
2024-09-17 13:03:42.863,405.4887631660882,8
2024-09-17 13:03:42.962,405.49382316095273,100
2024-09-17 13:03:42.976,405.4831987608694,99
2024-09-17 13:03:43.068,405.48765765201466,95
2024-09-17 13:03:43.142,405.473328581,12
2024-09-17 13:03:43.334,405.50516206284345,12
2024-09-17 13:03:43.342,405.5106683946221,1002
2024-09-17 13:03:43.353,405.5029003563904,1002
2024-09-17 13:03:43.396,405.5069433923506,100
2024-09-17 13:03:43.454,405.4830674011455,97
2024-09-17 13:03:43.522,405.4959980443645,1001
2024-09-17 13:03:43.642,405.4940812713588,1001
2024-09-17 13:03:43.644,405.4710202474226,5
2024-09-17 13:03:43.694,405.4898101214221,5
2024-09-17 13:03:43.696,405.51061584828494,102
2024-09-17 13:03:43.753,405.5107631574225,7
2024-09-17 13:03:43.960,405.48676433130544,104
2024-09-17 13:03:44.051,405.4716086095806,7
2024-09-17 13:03:44.057,405.4669984918956,10
2024-09-17 13:03:44.109,405.4993981614146,97
2024-09-17 13:03:44.182,405.5156954598312,1000
2024-09-17 13:03:44.293,405.5114450760027,15
2024-09-17 13:03:44.334,405.50783733902085,102
2024-09-17 13:03:44.352,405.515095375368,11
2024-09-17 13:03:44.456,405.5163173398629,9
2024-09-17 13:03:44.487,405.4918033227274,13
2024-09-17 13:03:44.540,405.4924754911688,14
2024-09-17 13:03:44.655,405.5116533055885,13
2024-09-17 13:03:44.791,405.46266322857,104
2024-09-17 13:03:44.972,405.50248688404,998
2024-09-17 13:03:45.007,405.4452561762952,5
2024-09-17 13:03:45.027,405.5071962860946,995
2024-09-17 13:03:45.062,405.4372441104445,13
2024-09-17 13:03:45.082,405.5251019013312,5
2024-09-17 13:03:45.120,405.49220834771575,1004
2024-09-17 13:03:45.163,405.5279704151338,1005
2024-09-17 13:03:45.166,405.490464508732,999
2024-09-17 13:03:45.282,405.4908317540721,95
2024-09-17 13:03:45.347,405.4534645100285,101
2024-09-17 13:03:45.348,405.48751956109805,103
2024-09-17 13:03:45.366,405.4468020398448,100
2024-09-17 13:03:45.387,405.4629722982714,6
2024-09-17 13:03:45.444,405.49755074427225,97
2024-09-17 13:03:45.511,405.437439102534,5
2024-09-17 13:03:45.569,405.4790811381453,6
2024-09-17 13:03:45.652,405.5022200498642,9
2024-09-17 13:03:45.659,405.5036208729138,101
2024-09-17 13:03:45.677,405.4674737263617,15
2024-09-17 13:03:45.684,405.4674668767896,996
2024-09-17 13:03:45.693,405.4872513342413,6
2024-09-17 13:03:45.702,405.4741636788196,999
2024-09-17 13:03:45.710,405.4664820201919,99
2024-09-17 13:03:45.742,405.4896605121371,5
2024-09-17 13:03:45.758,405.5047803216123,1000
2024-09-17 13:03:45.768,405.48881196095095,1005
2024-09-17 13:03:45.789,405.43752909375695,1005
2024-09-17 13:03:45.848,405.4779545354621,6
2024-09-17 13:03:45.871,405.4395027432429,5
2024-09-17 13:03:46.294,405.52704281434393,103
2024-09-17 13:03:46.304,405.52678370161885,11
2024-09-17 13:03:47.031,405.55098834227016,1001
2024-09-17 13:03:47.076,405.5510037821384,995
2024-09-17 13:03:47.080,405.52464422498633,997
2024-09-17 13:03:47.081,405.52262387882297,995
2024-09-17 13:03:47.149,405.5417393329051,12
2024-09-17 13:03:47.185,,997
2024-09-17 13:03:47.187,405.5027768450436,105
2024-09-17 13:03:47.226,405.5214337085758,5
2024-09-17 13:03:47.227,405.5286646969784,98
2024-09-17 13:03:47.245,405.500708644586,998
2024-09-17 13:03:47.303,405.5341425715537,103
2024-09-17 13:03:47.346,405.5290988502926,1003
2024-09-17 13:03:47.419,405.53756614281633,1001
2024-09-17 13:03:47.443,405.5365466707767,104
2024-09-17 13:03:47.532,405.5261225792104,105
2024-09-17 13:03:47.663,405.5327509158464,7
2024-09-17 13:03:47.663,405.5354448802389,997
2024-09-17 13:03:47.694,405.512724487682,13
2024-09-17 13:03:47.743,405.5571722914411,999
2024-09-17 13:03:47.797,405.52180704381993,102
2024-09-17 13:03:47.824,405.5418115914442,8
2024-09-17 13:03:47.863,405.4957118833184,96
2024-09-17 13:03:47.907,40.555323821655065,8
2024-09-17 13:03:47.953,405.5299265316617,1003
2024-09-17 13:03:47.960,405.5314809046199,100
2024-09-17 13:03:47.964,405.50230948726914,5
2024-09-17 13:03:48.037,405.4933616248834,104
2024-09-17 13:03:48.231,405.503684706514,12
2024-09-17 13:03:48.316,405.5094095831385,1004
2024-09-17 13:03:48.316,405.4840170631077,14
2024-09-17 13:03:48.320,405.5062395500085,997
2024-09-17 13:03:48.356,405.5211952880343,996
2024-09-17 13:03:48.451,405.51316011507015,1000
2024-09-17 13:03:48.458,405.489507122952,99
2024-09-17 13:03:48.535,405.54137513478616,1005
2024-09-17 13:03:48.571,405.5092723635025,101
2024-09-17 13:03:48.614,405.5536410677845,14
2024-09-17 13:03:48.634,405.51449574890256,995
2024-09-17 13:03:48.674,405.54466366259777,102
2024-09-17 13:03:48.679,405.5048292945711,98
2024-09-17 13:03:48.685,405.52687699040325,1000
2024-09-17 13:03:48.689,405.5394665996993,8
2024-09-17 13:03:48.696,405.5342746159048,5
2024-09-17 13:03:48.749,405.50093706834826,11
2024-09-17 13:03:48.939,405.540889579319,1004
2024-09-17 13:03:48.954,405.5341767059122,101
2024-09-17 13:03:49.133,405.5143535157234,100
2024-09-17 13:03:49.144,405.5396537435548,102
2024-09-17 13:03:49.154,405.5076734771388,100
2024-09-17 13:03:49.262,405.51855537671855,5
2024-09-17 13:03:49.263,405.5197180673544,102
2024-09-17 13:03:49.376,405.52488230095,15
2024-09-17 13:03:49.383,405.528219410411,1001
2024-09-17 13:03:49.425,405.4821049639582,1004
2024-09-17 13:03:49.443,405.5488144647964,997
2024-09-17 13:03:49.473,405.5255622076484,103
2024-09-17 13:03:49.508,405.52096622403246,7
2024-09-17 13:03:49.553,405.5067816266993,13
2024-09-17 13:03:49.816,405.5108953752361,1000
2024-09-17 13:03:49.923,405.5200115652626,96
2024-09-17 13:03:49.968,405.5044325702024,95
2024-09-17 13:03:49.987,405.5204780006626,1000
2024-09-17 13:03:49.998,405.5270838252085,1004
2024-09-17 13:03:50.076,405.49145466011726,1001
2024-09-17 13:03:50.404,405.5076068856178,10
2024-09-17 13:03:50.872,405.49712286138646,998
2024-09-17 13:03:51.115,405.4677905340743,104
2024-09-17 13:03:51.221,405.4724550186054,998
2024-09-17 13:03:51.255,405.5082978679399,101
2024-09-17 13:03:51.255,405.4863634566772,7
2024-09-17 13:03:51.327,405.4396824839668,11
2024-09-17 13:03:51.378,405.4932158697666,9
2024-09-17 13:03:51.399,405.45963969537183,6
2024-09-17 13:03:51.421,405.4659963890861,96
2024-09-17 13:03:51.461,405.449188769689,11
2024-09-17 13:03:51.512,405.4475562706032,99
2024-09-17 13:03:51.522,405.4834474052056,101
2024-09-17 13:03:51.545,405.4854010607593,999
2024-09-17 13:03:51.566,405.48644986506775,997
2024-09-17 13:03:51.578,405.47275708573767,9
2024-09-17 13:03:51.616,405.4661165442948,12
2024-09-17 13:03:51.627,405.4487530592342,13
2024-09-17 13:03:51.641,405.4540040208579,9
2024-09-17 13:03:51.669,405.4882450056704,97
2024-09-17 13:03:51.669,405.4748102459331,6
2024-09-17 13:03:51.747,405.4500039072941,1003
2024-09-17 13:03:51.763,405.47961821222793,995
2024-09-17 13:03:51.778,405.4656933034129,101
2024-09-17 13:03:51.785,405.4593609936824,97
2024-09-17 13:03:51.820,405.47742361105605,12
2024-09-17 13:03:51.871,405.4803815669406,6
2024-09-17 13:03:51.876,405.4827518971837,996
2024-09-17 13:03:51.900,405.4534386082624,100
2024-09-17 13:03:51.918,405.455021580236,13
2024-09-17 13:03:52.267,405.49681978745485,6
2024-09-17 13:03:52.391,405.5182569872239,99
2024-09-17 13:03:52.840,405.4938308467612,103
2024-09-17 13:03:52.881,405.505865887291,12
2024-09-17 13:03:52.950,405.49354735323993,104
2024-09-17 13:03:52.964,405.4878522037448,11
2024-09-17 13:03:54.025,405.4271987412752,12
2024-09-17 13:03:54.051,405.52276653297054,15
2024-09-17 13:03:54.061,405.4499742100208,103
2024-09-17 13:03:54.123,405.4202968323453,97
2024-09-17 13:03:54.162,405.4849033090841,10
2024-09-17 13:03:54.165,405.4436595228355,15
2024-09-17 13:03:54.301,405.4852557178803,7
2024-09-17 13:03:54.399,405.4823999134484,1001
2024-09-17 13:03:54.513,405.5162448565067,95
2024-09-17 13:03:54.556,405.4921468290792,105
2024-09-17 13:03:54.605,405.4352962238275,997
2024-09-17 13:03:54.648,405.495970662305,998
2024-09-17 13:03:54.705,405.51029258309,15
2024-09-17 13:03:54.769,405.4268684750049,102
2024-09-17 13:03:54.797,405.4966680456625,101
2024-09-17 13:03:54.798,405.498801014632,12
2024-09-17 13:03:54.882,405.4734702091218,995
2024-09-17 13:03:54.908,405.512311880804,99
2024-09-17 13:03:54.942,405.465948631489,997
2024-09-17 13:03:54.954,405.4112871665714,5
2024-09-17 13:03:54.973,405.4835356286029,1004
2024-09-17 13:03:54.998,405.44595697154114,997
2024-09-17 13:03:55.037,405.5032131381809,1005
2024-09-17 13:03:55.108,405.4558940641933,6
2024-09-17 13:03:55.129,405.4951857597613,13
2024-09-17 13:03:55.207,405.4760936937734,105
2024-09-17 13:03:55.214,405.4068393727172,7
2024-09-17 13:03:55.227,405.4875234771158,105
2024-09-17 13:03:55.271,405.4944350633487,98
2024-09-17 13:03:55.289,405.4939839808792,998
2024-09-17 13:03:55.320,405.4942639646271,14
2024-09-17 13:03:55.342,405.4305123388224,101
2024-09-17 13:03:55.360,405.37660987831225,1001
2024-09-17 13:03:55.386,405.3997391067471,104
2024-09-17 13:03:55.396,405.47869563485256,1005
2024-09-17 13:03:55.400,405.4717749929821,5
2024-09-17 13:03:55.424,,995
2024-09-17 13:03:55.442,405.4671952739543,101
2024-09-17 13:03:55.464,405.46331455330494,998
2024-09-17 13:03:55.466,405.39062809774384,8
2024-09-17 13:03:55.591,405.5040752276329,6
2024-09-17 13:03:55.608,405.4674721321763,96
2024-09-17 13:03:55.626,405.4894288401349,11
2024-09-17 13:03:55.644,405.5118675007328,1002
2024-09-17 13:03:55.680,405.395455795209,101
2024-09-17 13:03:55.768,405.4888768719786,99
2024-09-17 13:03:55.783,405.4116681109654,1001
2024-09-17 13:03:55.791,405.4910747947024,102
2024-09-17 13:03:55.796,405.4608184404778,6
2024-09-17 13:03:55.853,405.4267091680115,14
2024-09-17 13:03:55.866,405.4094875396153,10
2024-09-17 13:03:55.921,405.481626776645,1000
2024-09-17 13:03:56.068,405.4324100401409,9
2024-09-17 13:03:56.088,405.4125272468548,99
2024-09-17 13:03:56.128,405.3993155105357,997
2024-09-17 13:03:56.157,405.41848750702576,10
2024-09-17 13:03:56.206,-405.38526458939583,14
2024-09-17 13:03:56.348,405.4014910214973,1001
2024-09-17 13:03:56.419,405.3971344692732,102
2024-09-17 13:03:56.452,405.39402459473695,11
2024-09-17 13:03:56.456,405.3923793342585,15
2024-09-17 13:03:56.463,405.4683812707156,96
2024-09-17 13:03:56.480,405.4093196423089,996
2024-09-17 13:03:56.521,405.4161678764684,100
2024-09-17 13:03:56.563,405.4710703376674,6
2024-09-17 13:03:56.589,40.54220744855491,5
2024-09-17 13:03:56.601,405.4421821026375,996
2024-09-17 13:03:56.616,405.3962431622309,102
2024-09-17 13:03:56.627,405.423895166373,95
2024-09-17 13:03:56.667,405.423455001939,12
2024-09-17 13:03:56.783,405.3821250948477,10
2024-09-17 13:03:56.785,405.42318255150616,5
2024-09-17 13:03:56.809,405.4265443835201,105
2024-09-17 13:03:56.943,405.3819794432449,102
2024-09-17 13:03:57.062,405.3754003820747,99
2024-09-17 13:03:57.126,405.4164989235935,998
2024-09-17 13:03:57.142,405.3745438033294,11
2024-09-17 13:03:57.180,405.3953829044408,5
2024-09-17 13:03:57.231,405.404965219107,9
2024-09-17 13:03:57.268,405.3404988567171,999
2024-09-17 13:03:57.335,405.3942081099367,102
2024-09-17 13:03:57.406,405.3443591690548,1002
2024-09-17 13:03:57.492,405.3669832711285,104
2024-09-17 13:03:57.541,-405.37760389292737,997
2024-09-17 13:03:57.542,405.3756118970231,999
2024-09-17 13:03:57.551,405.4000837065464,1003
2024-09-17 13:03:57.566,405.39294209798015,101
2024-09-17 13:03:57.573,405.3701422939427,103
2024-09-17 13:03:57.713,405.3857740143866,104
2024-09-17 13:03:57.714,405.3809885417379,9
2024-09-17 13:03:57.878,405.32944610911113,7
2024-09-17 13:03:57.894,405.3649882779387,997
2024-09-17 13:03:58.125,405.3515974435274,99
2024-09-17 13:03:58.142,405.3510090507348,6
2024-09-17 13:03:58.167,405.3299370658384,1004
2024-09-17 13:03:58.185,405.3694770557659,102
2024-09-17 13:03:58.228,405.3729896232249,103
2024-09-17 13:03:58.255,405.3482296265418,10
2024-09-17 13:03:58.256,405.3488878974324,96
2024-09-17 13:03:58.259,405.3654655894167,15
2024-09-17 13:03:58.320,405.3060683405776,97
2024-09-17 13:03:58.329,405.3079237998135,98
2024-09-17 13:03:58.350,405.31525098523207,1005
2024-09-17 13:03:58.358,405.339941911694,7
2024-09-17 13:03:58.367,405.33673646932095,5
2024-09-17 13:03:58.375,405.36780497721446,99
2024-09-17 13:03:58.481,405.2942452361976,95
2024-09-17 13:03:58.513,405.3679673332466,103
2024-09-17 13:03:58.557,405.3318478357732,13
2024-09-17 13:03:58.559,405.3183176064973,998
2024-09-17 13:03:58.560,405.3531194242877,14
2024-09-17 13:03:58.624,405.37253709809886,1004
2024-09-17 13:03:58.654,405.3415850661748,1004
2024-09-17 13:03:58.747,405.3540217006017,14
2024-09-17 13:03:58.769,405.3499079232425,100
2024-09-17 13:03:58.786,405.3327443578588,5
2024-09-17 13:03:58.806,405.3010502108168,998
2024-09-17 13:03:58.914,405.3411580142828,1000
2024-09-17 13:03:58.935,405.3146836252156,1001
2024-09-17 13:03:58.938,405.3376763794391,997
2024-09-17 13:03:58.972,405.3376869439599,95
2024-09-17 13:03:58.983,405.3796582577072,998
2024-09-17 13:03:59.106,405.3064500799788,9
2024-09-17 13:03:59.577,405.3193118399251,105
