Timestamp,Price,Size
2024-09-18 14:02:00.024,414.29976868756864,97
2024-09-18 14:02:00.177,414.34165828829657,98
2024-09-18 14:02:00.289,414.3247003128837,1001
2024-09-18 14:02:00.395,414.3456404871499,1005
2024-09-18 14:02:00.686,414.365112726178,1004
2024-09-18 14:02:00.714,-414.3156651050807,100
2024-09-18 14:02:00.755,414.3283636452514,100
2024-09-18 14:02:00.767,414.3476444277686,8
2024-09-18 14:02:00.891,414.2932161852122,95
2024-09-18 14:02:00.975,414.3164417332888,7
2024-09-18 14:02:01.655,414.35774283440185,15
2024-09-18 14:02:01.851,414.3933055374189,105
2024-09-18 14:02:01.861,414.368683649794,1002
2024-09-18 14:02:02.100,414.3996648857388,1000
2024-09-18 14:02:02.159,414.4016451407026,1002
2024-09-18 14:02:02.203,414.3953955821196,100
2024-09-18 14:02:02.262,414.4022071829021,103
2024-09-18 14:02:02.269,414.4290689456812,6
2024-09-18 14:02:02.270,414.4321716045956,99
2024-09-18 14:02:02.283,414.41996076129305,14
2024-09-18 14:02:02.284,414.4087996943217,998
2024-09-18 14:02:02.292,,1004
2024-09-18 14:02:02.349,414.4232809832628,98
2024-09-18 14:02:02.429,414.42517663578286,15
2024-09-18 14:02:02.462,-414.3912705822022,11
2024-09-18 14:02:02.594,414.4117390454418,13
2024-09-18 14:02:02.641,414.4230885267074,11
2024-09-18 14:02:02.645,414.4232098730078,13
2024-09-18 14:02:02.690,414.408668734998,1005
2024-09-18 14:02:02.854,414.41654173741927,15
2024-09-18 14:02:02.884,414.4210724349476,1002
2024-09-18 14:02:02.934,414.4180005735451,1002
2024-09-18 14:02:03.168,414.4005598966175,102
2024-09-18 14:02:03.280,414.4126167994334,7
2024-09-18 14:02:03.361,414.4309288744352,996
2024-09-18 14:02:03.641,414.4389864124768,1002
2024-09-18 14:02:03.691,414.4190293468648,5
2024-09-18 14:02:03.795,414.4104094908194,1004
2024-09-18 14:02:03.832,414.4356014370972,996
2024-09-18 14:02:03.921,414.40703175827264,996
2024-09-18 14:02:03.924,414.43360128343966,6
2024-09-18 14:02:03.944,414.4273837099681,15
2024-09-18 14:02:03.990,414.4284110464751,101
2024-09-18 14:02:04.019,414.35853277603167,95
2024-09-18 14:02:04.117,414.3135999036386,95
2024-09-18 14:02:04.153,414.3729886674733,13
2024-09-18 14:02:04.188,414.2926824890848,15
2024-09-18 14:02:04.206,414.3650420961045,96
2024-09-18 14:02:04.316,414.4065527031269,97
2024-09-18 14:02:04.334,,15
2024-09-18 14:02:04.351,414.3494244388076,96
2024-09-18 14:02:04.359,414.2981429058746,8
2024-09-18 14:02:04.395,414.3657604277207,1003
2024-09-18 14:02:04.493,414.4297012931904,1001
2024-09-18 14:02:04.573,414.3865543646082,1002
2024-09-18 14:02:04.640,41.441188369332885,1001
2024-09-18 14:02:04.701,414.3115309465861,1004
2024-09-18 14:02:04.748,414.322956107854,998
2024-09-18 14:02:04.792,414.27995395612703,6
2024-09-18 14:02:04.839,414.2892894676877,15
2024-09-18 14:02:04.859,414.38404105633833,5
2024-09-18 14:02:04.878,414.3062038247565,1001
2024-09-18 14:02:05.111,414.3472121360192,101
2024-09-18 14:02:05.177,414.3266741537564,1004
2024-09-18 14:02:05.202,414.351434677715,7
2024-09-18 14:02:05.202,414.3133963182712,995
2024-09-18 14:02:05.284,414.3612716161668,8
2024-09-18 14:02:05.293,414.36272115054345,1002
2024-09-18 14:02:05.353,414.3079128403799,104
2024-09-18 14:02:05.386,414.3100738923084,997
2024-09-18 14:02:05.390,414.3440501210304,15
2024-09-18 14:02:05.414,,14
2024-09-18 14:02:05.424,414.2981459719689,10
2024-09-18 14:02:05.438,414.3692865804707,6
2024-09-18 14:02:05.471,414.3570131675804,14
2024-09-18 14:02:05.569,414.3591390195385,104
2024-09-18 14:02:05.723,414.31279338245866,1003
2024-09-18 14:02:05.749,414.35934090449655,103
2024-09-18 14:02:05.766,414.3829467766624,104
2024-09-18 14:02:05.821,414.36568898208174,997
2024-09-18 14:02:05.863,414.35227906227465,99
2024-09-18 14:02:05.895,414.3648463782208,6
2024-09-18 14:02:05.902,414.3122538080252,1004
2024-09-18 14:02:05.908,414.4046686504559,96
2024-09-18 14:02:05.917,414.385946358615,11
2024-09-18 14:02:05.966,414.37051923170543,102
2024-09-18 14:02:05.992,414.32810274169,1003
2024-09-18 14:02:05.998,414.29533386665815,96
2024-09-18 14:02:06.190,414.4067581787369,6
2024-09-18 14:02:06.416,414.413333640479,6
2024-09-18 14:02:06.499,414.3985879431512,103
2024-09-18 14:02:06.512,414.3960717858,97
2024-09-18 14:02:06.687,414.395372471372,102
2024-09-18 14:02:08.117,414.4593963059516,1005
2024-09-18 14:02:08.139,414.41395041366354,8
2024-09-18 14:02:08.313,414.43340891303416,15
2024-09-18 14:02:08.321,414.4448378087495,102
2024-09-18 14:02:08.403,414.4539201398491,15
2024-09-18 14:02:08.410,414.3952738721117,97
2024-09-18 14:02:08.426,414.4557898578184,6
2024-09-18 14:02:08.498,414.4037194957356,997
2024-09-18 14:02:08.504,414.4286066167239,99
2024-09-18 14:02:08.563,414.4076302845832,97
2024-09-18 14:02:08.632,414.43874540424025,9
2024-09-18 14:02:08.648,414.3809332993991,9
2024-09-18 14:02:08.695,414.40634493017455,1000
2024-09-18 14:02:08.698,414.4521304873245,99
2024-09-18 14:02:08.720,414.4295593979241,13
2024-09-18 14:02:08.776,414.42511839042726,9
2024-09-18 14:02:08.784,414.4301512176053,1002
2024-09-18 14:02:08.795,414.4540008298442,96
2024-09-18 14:02:08.844,414.4401694455239,1004
2024-09-18 14:02:08.865,414.45528975189353,100
2024-09-18 14:02:08.887,414.43011329672686,9
2024-09-18 14:02:08.909,414.4043255253905,102
2024-09-18 14:02:08.934,414.4593657595638,10
2024-09-18 14:02:08.982,414.4185713292373,104
2024-09-18 14:02:09.002,414.2792971066549,1001
2024-09-18 14:02:09.012,414.39139496634425,5
2024-09-18 14:02:09.012,414.32625027624863,999
2024-09-18 14:02:09.018,414.3027250633044,996
2024-09-18 14:02:09.046,414.34566264445226,995
2024-09-18 14:02:09.061,414.3291810728959,96
2024-09-18 14:02:09.093,414.2985078912551,13
2024-09-18 14:02:09.099,414.3687647043285,6
2024-09-18 14:02:09.118,414.38662720987656,1001
2024-09-18 14:02:09.124,414.3878694182934,98
2024-09-18 14:02:09.160,414.3652564774244,103
2024-09-18 14:02:09.172,414.4074438062315,104
2024-09-18 14:02:09.271,414.2726445522453,12
2024-09-18 14:02:09.342,414.2913177983607,1004
2024-09-18 14:02:09.352,414.3414782903068,99
2024-09-18 14:02:09.378,414.3659760022106,101
2024-09-18 14:02:09.411,414.3419445401719,13
2024-09-18 14:02:09.427,414.2863314254146,99
2024-09-18 14:02:09.454,414.4025865035079,13
2024-09-18 14:02:09.538,414.3816015205374,103
2024-09-18 14:02:09.545,414.3615757701954,96
2024-09-18 14:02:09.566,414.35262126650514,104
2024-09-18 14:02:09.571,,997
2024-09-18 14:02:09.719,41.431068777069896,105
2024-09-18 14:02:09.760,414.3409404792472,1004
2024-09-18 14:02:09.796,414.3828507972928,102
2024-09-18 14:02:09.817,414.3910261509963,101
2024-09-18 14:02:09.827,414.3089974584267,1005
2024-09-18 14:02:09.893,414.3016825414271,1001
2024-09-18 14:02:10.014,414.2784421540648,10
2024-09-18 14:02:10.016,414.28215841464703,8
2024-09-18 14:02:10.112,414.2782312130144,102
2024-09-18 14:02:10.186,414.2651951362503,98
2024-09-18 14:02:10.247,414.2736239921124,1001
2024-09-18 14:02:10.343,414.2748658113523,1000
2024-09-18 14:02:10.368,414.2872357280447,11
2024-09-18 14:02:10.459,414.2702228037659,97
2024-09-18 14:02:10.497,414.3085580449592,9
2024-09-18 14:02:10.563,414.2878668474361,1002
2024-09-18 14:02:10.585,414.2851254227516,104
2024-09-18 14:02:10.648,414.26989151345305,10
2024-09-18 14:02:10.704,414.3149521165672,98
2024-09-18 14:02:10.710,414.2840492079932,11
2024-09-18 14:02:10.841,414.2787726990567,101
2024-09-18 14:02:10.853,414.27416187285326,998
2024-09-18 14:02:10.856,414.2709658589354,5
2024-09-18 14:02:11.428,414.2965199081246,98
2024-09-18 14:02:12.231,414.2948297558051,996
2024-09-18 14:02:12.291,414.2827724552594,6
2024-09-18 14:02:12.547,414.2853303646431,104
2024-09-18 14:02:12.834,414.2833171939336,997
2024-09-18 14:02:13.007,414.3708955194132,97
2024-09-18 14:02:13.050,414.3247664045969,996
2024-09-18 14:02:13.146,414.3352404790963,15
2024-09-18 14:02:13.178,414.2650322353102,1000
2024-09-18 14:02:13.272,414.3436811772464,998
2024-09-18 14:02:13.289,414.3639706837527,998
2024-09-18 14:02:13.290,414.336956395924,100
2024-09-18 14:02:13.380,414.3724040424727,999
2024-09-18 14:02:13.416,414.2832907185696,11
2024-09-18 14:02:13.538,,11
2024-09-18 14:02:13.562,414.3556891753128,15
2024-09-18 14:02:13.742,414.353203336013,6
2024-09-18 14:02:13.977,414.341641402005,1003
2024-09-18 14:02:13.977,414.2754733592887,995
2024-09-18 14:02:13.995,414.3625467861649,95
2024-09-18 14:02:14.113,414.3152709488221,103
2024-09-18 14:02:14.193,414.3345261080719,1003
2024-09-18 14:02:14.326,414.3246641544989,996
2024-09-18 14:02:14.357,414.3440943568002,9
2024-09-18 14:02:14.386,414.3426632610123,15
2024-09-18 14:02:14.422,414.3328392200908,12
2024-09-18 14:02:14.522,414.32437162697886,95
2024-09-18 14:02:14.673,414.3314142346439,97
2024-09-18 14:02:14.772,414.3264057505952,96
2024-09-18 14:02:14.958,414.3350937033706,105
2024-09-18 14:02:15.176,414.31670341374894,6
2024-09-18 14:02:15.214,414.3103452403519,95
2024-09-18 14:02:15.254,-414.32430981896937,7
2024-09-18 14:02:15.422,414.3069940045237,98
2024-09-18 14:02:15.473,414.31795658591807,95
2024-09-18 14:02:15.550,414.31587542500506,10
2024-09-18 14:02:15.570,414.313911088964,8
2024-09-18 14:02:15.593,414.3364604378672,1005
2024-09-18 14:02:15.706,414.3038875601221,96
2024-09-18 14:02:15.841,414.3220950675762,13
2024-09-18 14:02:15.934,414.3120597781973,1003
2024-09-18 14:02:16.146,414.3817524764266,103
2024-09-18 14:02:16.242,414.3306569248949,7
2024-09-18 14:02:16.491,414.3753777505937,11
2024-09-18 14:02:16.517,414.364653110885,998
2024-09-18 14:02:16.574,414.3752257125301,1003
2024-09-18 14:02:16.602,414.3953671633571,1005
2024-09-18 14:02:16.677,414.3980271245666,105
2024-09-18 14:02:16.702,414.3699322667059,1002
2024-09-18 14:02:16.901,414.3551898033217,996
2024-09-18 14:02:16.919,414.3491086280291,15
2024-09-18 14:02:17.022,414.40975520371165,1004
2024-09-18 14:02:17.184,414.3347811818951,997
2024-09-18 14:02:17.187,414.3468278885193,1004
2024-09-18 14:02:17.222,414.40868097699297,101
2024-09-18 14:02:17.239,414.4156945763431,999
2024-09-18 14:02:17.272,-414.3846247256176,1004
2024-09-18 14:02:17.478,414.4320675969639,15
2024-09-18 14:02:17.529,414.3664493342288,12
2024-09-18 14:02:17.602,414.3840384573069,1002
2024-09-18 14:02:17.603,41.44250841872996,100
2024-09-18 14:02:17.643,414.34464606444527,1000
2024-09-18 14:02:17.643,414.4161721264647,102
2024-09-18 14:02:17.897,414.3121243176814,95
2024-09-18 14:02:17.912,414.36341370332207,104
2024-09-18 14:02:17.957,414.40115142643737,1003
2024-09-18 14:02:17.959,414.3508606420604,8
2024-09-18 14:02:17.973,414.37752096038656,105
2024-09-18 14:02:17.983,414.42471332973184,5
2024-09-18 14:02:17.986,414.3507172237861,104
2024-09-18 14:02:18.115,414.2957192033528,104
2024-09-18 14:02:18.152,414.2940416141639,96
2024-09-18 14:02:18.160,414.26178642595374,98
2024-09-18 14:02:18.204,414.2747643887877,10
2024-09-18 14:02:18.257,414.29979439394833,101
2024-09-18 14:02:18.418,414.28234150714303,1004
2024-09-18 14:02:18.443,41.42862864032134,1004
2024-09-18 14:02:18.455,414.3001059164389,101
2024-09-18 14:02:18.492,414.3015072058153,103
2024-09-18 14:02:18.519,414.2827507963764,12
2024-09-18 14:02:18.637,414.2995192597599,100
2024-09-18 14:02:18.647,414.21739399452935,6
2024-09-18 14:02:18.683,41.42051038183488,1001
2024-09-18 14:02:18.744,414.3118921107246,15
2024-09-18 14:02:18.771,414.2597859510823,999
2024-09-18 14:02:18.794,414.304922611482,1005
2024-09-18 14:02:18.957,414.25465576302696,995
2024-09-18 14:02:18.997,414.2963264289096,96
2024-09-18 14:02:19.006,414.1964288488995,98
2024-09-18 14:02:19.008,414.2083861326175,96
2024-09-18 14:02:19.017,414.218015260596,997
2024-09-18 14:02:19.068,414.2082562243586,14
2024-09-18 14:02:19.092,414.2305324888658,96
2024-09-18 14:02:19.246,414.2292536147781,1000
2024-09-18 14:02:19.324,414.2192918488621,12
2024-09-18 14:02:19.467,414.2094816862158,12
2024-09-18 14:02:19.498,414.2161505238515,1005
2024-09-18 14:02:19.535,414.23216454619495,1002
2024-09-18 14:02:19.552,414.23779711861306,102
2024-09-18 14:02:19.553,414.2160987908448,5
2024-09-18 14:02:19.678,414.2162592175857,1003
2024-09-18 14:02:19.682,414.20577764369614,14
2024-09-18 14:02:19.873,-414.2254798508872,1003
2024-09-18 14:02:19.887,414.2275439501451,103
2024-09-18 14:02:19.912,414.2129955492373,997
2024-09-18 14:02:19.933,414.2176809773549,96
2024-09-18 14:02:19.942,414.2205242761534,100
2024-09-18 14:02:20.146,414.225201192449,998
2024-09-18 14:02:20.333,414.2425902960864,15
2024-09-18 14:02:20.437,414.2144971218136,95
2024-09-18 14:02:20.484,414.19905075146727,11
2024-09-18 14:02:20.681,414.2141957018469,1002
2024-09-18 14:02:20.971,414.2123830701004,8
2024-09-18 14:02:21.044,414.27077236444217,998
2024-09-18 14:02:21.107,414.2787834750042,996
2024-09-18 14:02:21.122,414.2865094565293,102
2024-09-18 14:02:21.170,414.2531993951611,9
2024-09-18 14:02:21.377,414.26309396923625,96
2024-09-18 14:02:21.379,414.31577156102617,100
2024-09-18 14:02:21.381,414.283552878303,99
2024-09-18 14:02:21.437,414.259813630591,997
2024-09-18 14:02:21.445,414.23697213467455,8
2024-09-18 14:02:21.500,414.2804624425959,15
2024-09-18 14:02:21.506,414.2746423038167,101
2024-09-18 14:02:21.506,414.2308222074869,999
2024-09-18 14:02:21.514,414.2458592595356,103
2024-09-18 14:02:21.534,414.2673897021975,8
2024-09-18 14:02:21.550,414.29023045199057,9
2024-09-18 14:02:21.615,414.27983166080367,15
2024-09-18 14:02:21.644,414.2934315753581,101
2024-09-18 14:02:21.659,414.2697358044141,1005
2024-09-18 14:02:21.694,414.3113909491122,998
2024-09-18 14:02:21.704,414.2277441503681,14
2024-09-18 14:02:21.758,414.27371903142114,996
2024-09-18 14:02:21.904,414.2250218823728,1001
2024-09-18 14:02:21.978,414.2338988846649,5
2024-09-18 14:02:21.982,414.2948709345001,1002
2024-09-18 14:02:21.994,414.2792531912684,14
2024-09-18 14:02:22.488,414.2615589474299,6
2024-09-18 14:02:23.065,414.21636212365576,101
2024-09-18 14:02:23.089,414.181406468376,105
2024-09-18 14:02:23.168,414.19723364481945,1002
2024-09-18 14:02:23.230,414.24943049300407,97
2024-09-18 14:02:23.259,414.2409661582032,98
2024-09-18 14:02:23.260,414.2334085885824,7
2024-09-18 14:02:23.264,414.20203445427967,1003
2024-09-18 14:02:23.267,414.18590903444624,1002
2024-09-18 14:02:23.294,414.2271615418036,1001
2024-09-18 14:02:23.304,414.1829716840284,101
2024-09-18 14:02:23.398,414.2106930170744,12
2024-09-18 14:02:23.417,414.2246420623318,95
2024-09-18 14:02:23.451,414.2419264513886,1002
2024-09-18 14:02:23.470,414.2184222963005,100
2024-09-18 14:02:23.481,414.23640701492775,10
2024-09-18 14:02:23.487,414.2240102969209,105
2024-09-18 14:02:23.494,414.2207825155109,999
2024-09-18 14:02:23.526,414.20214631122735,10
2024-09-18 14:02:23.608,414.23655025265134,6
2024-09-18 14:02:23.623,414.1953313207016,98
2024-09-18 14:02:23.637,414.19824884800136,998
2024-09-18 14:02:23.692,414.23071476314817,998
2024-09-18 14:02:23.721,414.2186152166458,995
2024-09-18 14:02:23.767,414.1891800741985,1003
2024-09-18 14:02:23.799,414.2294541305641,99
2024-09-18 14:02:23.859,414.221517185558,96
2024-09-18 14:02:23.898,414.2200039047485,1003
2024-09-18 14:02:23.963,414.2478171049708,102
2024-09-18 14:02:24.076,414.1894061989892,15
2024-09-18 14:02:24.094,414.196207602446,996
2024-09-18 14:02:24.097,414.2079872835106,999
2024-09-18 14:02:24.278,414.2110523116006,5
2024-09-18 14:02:24.283,414.2109682310165,1000
2024-09-18 14:02:24.337,414.2231801947467,95
2024-09-18 14:02:24.373,414.26059641830926,995
2024-09-18 14:02:24.396,414.23968318286506,104
2024-09-18 14:02:24.427,414.1929042097269,996
2024-09-18 14:02:24.465,414.2147542914685,15
2024-09-18 14:02:24.468,414.20985081938943,105
2024-09-18 14:02:24.507,414.19231474761847,1000
2024-09-18 14:02:24.555,414.23267268261503,101
2024-09-18 14:02:24.569,414.2112237094611,998
2024-09-18 14:02:24.611,414.2085840995428,5
2024-09-18 14:02:24.639,414.2724572642387,96
2024-09-18 14:02:24.678,414.24651232339033,13
2024-09-18 14:02:24.736,414.2456143343757,96
2024-09-18 14:02:24.744,414.239081375923,996
2024-09-18 14:02:24.771,414.2053514013158,1002
2024-09-18 14:02:24.775,414.20010680616144,1000
2024-09-18 14:02:24.785,414.2251946743314,95
2024-09-18 14:02:24.793,414.2320138623565,995
2024-09-18 14:02:24.808,414.2036939911388,103
2024-09-18 14:02:24.877,414.2034400224208,7
2024-09-18 14:02:24.891,414.2087532496077,7
2024-09-18 14:02:24.925,414.2399708330668,13
2024-09-18 14:02:24.944,414.2174095763066,6
2024-09-18 14:02:25.018,414.255292624367,95
2024-09-18 14:02:25.278,414.2795886148119,103
2024-09-18 14:02:25.341,414.2739106743157,13
2024-09-18 14:02:25.633,414.2410602495796,100
2024-09-18 14:02:25.740,414.2230260569702,105
2024-09-18 14:02:26.007,414.2390607900164,998
2024-09-18 14:02:26.028,414.2219193068803,97
2024-09-18 14:02:26.668,414.2117079536071,103
2024-09-18 14:02:27.222,414.22261484566616,998
2024-09-18 14:02:28.006,414.2706714782018,996
2024-09-18 14:02:28.023,414.25717212408847,1003
2024-09-18 14:02:28.065,414.24636543627554,105
2024-09-18 14:02:28.246,414.2524294079085,1002
2024-09-18 14:02:28.291,414.2460876026824,1002
2024-09-18 14:02:28.428,414.24639926432224,10
2024-09-18 14:02:28.447,414.2647983908976,1002
2024-09-18 14:02:28.468,414.2574643251666,13
2024-09-18 14:02:28.521,414.2861921385282,1005
2024-09-18 14:02:28.538,414.2632149868565,10
2024-09-18 14:02:28.623,414.2462354066489,1002
2024-09-18 14:02:28.684,414.2735296448285,105
2024-09-18 14:02:28.804,414.27365878580366,8
2024-09-18 14:02:28.889,414.26600947382025,6
2024-09-18 14:02:28.952,414.2622023036998,13
2024-09-18 14:02:28.962,414.2870889395599,995
2024-09-18 14:02:29.058,414.21949348579466,1000
2024-09-18 14:02:29.203,414.21287572807535,5
2024-09-18 14:02:29.232,414.21303568061376,98
2024-09-18 14:02:29.251,414.2555268741592,6
2024-09-18 14:02:29.270,414.2578227109908,96
2024-09-18 14:02:29.759,414.2317357160593,10
2024-09-18 14:02:29.934,414.246893488684,10
2024-09-18 14:02:30.251,414.19474203300143,101
2024-09-18 14:02:30.318,414.1775111892809,6
2024-09-18 14:02:30.640,414.17780834154655,104
2024-09-18 14:02:30.786,414.1793080609059,1002
2024-09-18 14:02:31.105,414.1631626845703,996
2024-09-18 14:02:31.515,414.1802359339636,8
2024-09-18 14:02:31.536,414.1581835915872,14
2024-09-18 14:02:31.636,414.1623150946938,13
2024-09-18 14:02:31.682,414.1610206055108,14
2024-09-18 14:02:31.713,414.1658520676399,97
2024-09-18 14:02:31.803,414.17283215147097,102
2024-09-18 14:02:31.817,414.1810947212045,105
2024-09-18 14:02:31.865,414.1514616539852,13
2024-09-18 14:02:32.000,414.2126657407893,104
2024-09-18 14:02:32.147,414.2131365323872,15
2024-09-18 14:02:32.170,414.2127222508024,10
2024-09-18 14:02:32.184,414.1917750159385,5
2024-09-18 14:02:32.258,414.2294034386276,1004
2024-09-18 14:02:32.268,414.18904098012206,995
2024-09-18 14:02:32.299,414.2257090363181,995
2024-09-18 14:02:32.340,414.20350573060887,995
2024-09-18 14:02:32.445,414.2262826021082,996
2024-09-18 14:02:32.492,414.1878846818026,997
2024-09-18 14:02:32.579,414.1709381063208,95
2024-09-18 14:02:32.664,414.17634865040367,10
2024-09-18 14:02:32.889,414.2153324848776,7
2024-09-18 14:02:32.957,414.2274427416672,95
2024-09-18 14:02:32.965,414.1774410605543,100
2024-09-18 14:02:33.074,414.2311013874092,104
2024-09-18 14:02:34.008,414.26599436198967,102
2024-09-18 14:02:34.068,414.27685135315744,999
2024-09-18 14:02:34.077,414.2441176820504,99
2024-09-18 14:02:34.085,414.2356932540227,1003
2024-09-18 14:02:34.095,414.29760417065705,9
2024-09-18 14:02:34.252,414.2712134206783,11
2024-09-18 14:02:34.261,414.32571419544985,1000
2024-09-18 14:02:34.264,414.27130172049306,997
2024-09-18 14:02:34.296,414.3016825517725,14
2024-09-18 14:02:34.337,414.23138965531496,10
2024-09-18 14:02:34.396,414.27102216988095,12
2024-09-18 14:02:34.415,414.2424116483011,999
2024-09-18 14:02:34.417,414.32691171592927,998
2024-09-18 14:02:34.433,414.2440287078784,995
2024-09-18 14:02:34.484,414.2462650324906,8
2024-09-18 14:02:34.549,414.3256906673182,1001
2024-09-18 14:02:34.555,414.31564934917054,5
2024-09-18 14:02:34.612,414.2856683410353,1002
2024-09-18 14:02:34.630,414.2945668107342,8
2024-09-18 14:02:34.779,414.2563064827752,999
2024-09-18 14:02:34.864,414.2627430524294,1004
2024-09-18 14:02:34.883,414.2928088667637,103
2024-09-18 14:02:34.987,414.2964274992799,996
2024-09-18 14:02:35.028,414.295546499636,103
2024-09-18 14:02:35.044,414.30287864057647,998
2024-09-18 14:02:35.129,414.3238242745885,15
2024-09-18 14:02:35.166,414.3053464332862,9
2024-09-18 14:02:35.166,414.2757658073775,997
2024-09-18 14:02:35.277,414.3078014935669,100
2024-09-18 14:02:35.281,414.3027460743073,9
2024-09-18 14:02:35.293,414.2923318775511,96
2024-09-18 14:02:35.305,414.2942250957374,1004
2024-09-18 14:02:35.341,414.3163712758084,101
2024-09-18 14:02:35.406,414.30801581156936,101
2024-09-18 14:02:35.493,414.31941942214553,11
2024-09-18 14:02:35.522,414.3073861344349,996
2024-09-18 14:02:35.684,414.2863248227552,11
2024-09-18 14:02:35.723,414.3221899490187,998
2024-09-18 14:02:35.862,414.307425906733,998
2024-09-18 14:02:35.951,414.28083927595645,1002
2024-09-18 14:02:35.970,414.3274102490313,103
2024-09-18 14:02:36.036,414.3140752984248,996
2024-09-18 14:02:36.152,414.3136951382581,103
2024-09-18 14:02:36.259,414.2885289099115,10
2024-09-18 14:02:36.260,414.3070471906024,1002
2024-09-18 14:02:36.335,414.2885966854282,96
2024-09-18 14:02:36.647,414.2871534509808,10
2024-09-18 14:02:37.512,414.2881138713762,11
2024-09-18 14:02:38.005,414.270110259786,101
2024-09-18 14:02:38.150,414.2517963841645,7
2024-09-18 14:02:38.226,414.26002474105104,105
2024-09-18 14:02:38.251,414.2586645505231,105
2024-09-18 14:02:38.322,414.2832859529032,104
2024-09-18 14:02:38.470,414.26682692521865,100
2024-09-18 14:02:38.477,414.28201914035503,105
2024-09-18 14:02:38.679,414.2505585380042,1000
2024-09-18 14:02:38.732,414.23636768308734,100
2024-09-18 14:02:38.838,414.22621114631966,103
2024-09-18 14:02:38.907,414.2770643209248,101
2024-09-18 14:02:39.006,414.222204982128,11
2024-09-18 14:02:39.058,414.22103661243045,997
2024-09-18 14:02:39.103,414.2337605121872,13
2024-09-18 14:02:39.139,414.2550677962428,97
2024-09-18 14:02:39.282,414.2224775831735,14
2024-09-18 14:02:39.333,414.23014658914167,96
2024-09-18 14:02:39.344,414.2414771444404,102
2024-09-18 14:02:39.365,414.2480887484011,5
2024-09-18 14:02:39.387,414.246895624168,998
2024-09-18 14:02:39.388,414.19393630703394,9
2024-09-18 14:02:39.470,414.2215561799406,100
2024-09-18 14:02:39.589,414.2167351619088,96
2024-09-18 14:02:39.602,414.22330293136594,102
2024-09-18 14:02:39.640,414.2561155292071,96
2024-09-18 14:02:39.744,414.20949448753527,105
2024-09-18 14:02:39.771,414.2605738017489,102
2024-09-18 14:02:39.790,414.2333229028365,995
2024-09-18 14:02:39.887,414.20961710359455,104
2024-09-18 14:02:39.905,414.2657396854244,11
2024-09-18 14:02:39.927,414.2176651074763,11
2024-09-18 14:02:39.943,414.2240452335604,1004
2024-09-18 14:02:39.977,414.2144881024638,10
2024-09-18 14:02:40.007,414.2373105342469,8
2024-09-18 14:02:40.014,414.2407723942809,96
2024-09-18 14:02:40.053,414.2571726987582,1000
2024-09-18 14:02:40.069,414.2555965048719,97
2024-09-18 14:02:40.091,414.2248089708352,101
2024-09-18 14:02:40.101,414.24352072090016,97
2024-09-18 14:02:40.242,414.2636365950391,95
2024-09-18 14:02:40.298,414.2461922061656,999
2024-09-18 14:02:40.330,414.23114052230073,1004
2024-09-18 14:02:40.373,414.244690434793,11
2024-09-18 14:02:40.386,414.27670108433387,9
2024-09-18 14:02:40.459,414.27323623955874,1004
2024-09-18 14:02:40.465,414.28504946275257,11
2024-09-18 14:02:40.523,414.2210932650464,998
2024-09-18 14:02:40.675,414.2133327988797,995
2024-09-18 14:02:40.695,414.2468269261866,998
2024-09-18 14:02:40.728,414.29436445341065,101
2024-09-18 14:02:40.738,414.2544410090052,995
2024-09-18 14:02:40.774,414.2347404468625,996
2024-09-18 14:02:40.775,414.2834562897235,999
2024-09-18 14:02:40.814,414.22203691952217,1001
2024-09-18 14:02:40.815,414.2681704195001,9
2024-09-18 14:02:40.837,414.2414589438668,1000
2024-09-18 14:02:40.849,414.2876332529262,96
2024-09-18 14:02:40.880,414.2433235288614,15
2024-09-18 14:02:40.890,-414.2493096674215,1001
2024-09-18 14:02:40.924,414.2427891557448,5
2024-09-18 14:02:40.938,414.24327106015096,102
2024-09-18 14:02:41.080,414.2899346878619,999
2024-09-18 14:02:41.187,414.2823389787482,1001
2024-09-18 14:02:41.855,414.27117768457583,13
2024-09-18 14:02:42.014,414.2974060065605,12
2024-09-18 14:02:42.203,414.27624126259377,12
2024-09-18 14:02:42.223,414.29362391719474,95
2024-09-18 14:02:42.289,414.2695326240036,10
2024-09-18 14:02:42.311,414.29186295467713,998
2024-09-18 14:02:42.446,414.2475370927537,10
2024-09-18 14:02:42.592,414.2841170589589,6
2024-09-18 14:02:42.639,414.2638743064047,1002
2024-09-18 14:02:42.657,414.27322979015855,102
2024-09-18 14:02:42.719,414.288969865881,99
2024-09-18 14:02:42.727,414.2891689451968,998
2024-09-18 14:02:42.796,414.2947264741585,98
2024-09-18 14:02:42.843,414.2593040786834,7
2024-09-18 14:02:42.907,414.2835672736552,7
2024-09-18 14:02:42.954,414.2833391132765,96
2024-09-18 14:02:43.058,414.2788399658024,1005
2024-09-18 14:02:43.241,414.3005062973919,96
2024-09-18 14:02:43.331,414.2748809900584,96
2024-09-18 14:02:43.631,414.28916782706347,101
2024-09-18 14:02:43.739,414.24291295760565,5
2024-09-18 14:02:43.788,414.26570747939184,5
2024-09-18 14:02:43.794,414.27192361984345,95
2024-09-18 14:02:43.895,414.264307899165,104
2024-09-18 14:02:43.962,414.25957872684086,6
2024-09-18 14:02:44.026,414.2966048065339,97
2024-09-18 14:02:44.155,414.2834590814581,1002
2024-09-18 14:02:44.298,414.3044796609367,9
2024-09-18 14:02:44.332,414.2862176059469,100
2024-09-18 14:02:44.339,414.27430274790703,5
2024-09-18 14:02:44.364,414.2913978591959,997
2024-09-18 14:02:44.364,414.29382264234346,10
2024-09-18 14:02:44.371,414.2700103123436,97
2024-09-18 14:02:44.385,414.2697966307297,12
2024-09-18 14:02:44.390,414.2652888941422,103
2024-09-18 14:02:44.523,414.2999229873515,97
2024-09-18 14:02:44.525,414.2427382108739,96
2024-09-18 14:02:44.641,414.25908325984193,8
2024-09-18 14:02:44.741,414.2622020878569,995
2024-09-18 14:02:44.789,414.2849566059243,14
2024-09-18 14:02:44.853,41.42471147276711,995
2024-09-18 14:02:45.050,414.2677053271162,99
2024-09-18 14:02:45.061,414.1982382759616,1002
2024-09-18 14:02:45.076,414.2106555322614,7
2024-09-18 14:02:45.106,414.1828333068556,102
2024-09-18 14:02:45.196,414.1755713173087,11
2024-09-18 14:02:45.236,414.2002952508337,98
2024-09-18 14:02:45.268,414.241962832014,101
2024-09-18 14:02:45.297,414.3173389935522,12
2024-09-18 14:02:45.298,414.1938449162251,9
2024-09-18 14:02:45.372,414.3235221428865,11
2024-09-18 14:02:45.423,414.3145327080893,996
2024-09-18 14:02:45.464,414.1876305002088,1004
2024-09-18 14:02:45.636,414.22031335362016,101
2024-09-18 14:02:45.647,414.27916154658806,97
2024-09-18 14:02:45.810,414.2235954710488,7
2024-09-18 14:02:45.866,414.1807472573224,998
2024-09-18 14:02:45.902,414.2104870230752,1004
2024-09-18 14:02:45.981,414.2485226277556,13
2024-09-18 14:02:45.984,414.2298133849986,96
2024-09-18 14:02:45.997,414.2323723967625,1005
2024-09-18 14:02:46.027,414.26850506215294,997
2024-09-18 14:02:46.032,414.31252626455006,96
2024-09-18 14:02:46.077,414.3191633836302,15
2024-09-18 14:02:46.088,414.2097389671119,100
2024-09-18 14:02:46.136,414.2667708547221,101
2024-09-18 14:02:46.143,414.265353746138,15
2024-09-18 14:02:46.274,414.26164137472233,5
2024-09-18 14:02:46.316,,999
2024-09-18 14:02:46.343,414.2578457948464,5
2024-09-18 14:02:46.387,414.3168566773151,5
2024-09-18 14:02:46.434,414.26320305052286,14
2024-09-18 14:02:46.489,414.2561843171377,97
2024-09-18 14:02:46.501,414.3050787996533,97
2024-09-18 14:02:46.545,414.28462035030645,9
2024-09-18 14:02:46.559,414.2670495552399,1000
2024-09-18 14:02:46.584,414.2376530490577,8
2024-09-18 14:02:46.710,414.2423470906415,105
2024-09-18 14:02:46.777,414.2983746702547,1002
2024-09-18 14:02:46.789,414.3236149511896,999
2024-09-18 14:02:46.799,414.3007708697199,10
2024-09-18 14:02:46.826,414.3168961622,7
2024-09-18 14:02:46.846,414.31173131236034,95
2024-09-18 14:02:46.867,414.2205010224261,97
2024-09-18 14:02:46.871,414.3257943158536,6
2024-09-18 14:02:46.929,414.2681685568857,13
2024-09-18 14:02:46.963,414.2673329213577,1001
2024-09-18 14:02:46.964,414.2601938473681,103
2024-09-18 14:02:47.033,414.3137525693599,1003
2024-09-18 14:02:47.085,414.3179108574159,1004
2024-09-18 14:02:47.234,414.3552176551433,7
2024-09-18 14:02:47.248,414.33800557908495,997
2024-09-18 14:02:47.294,414.3470272497229,999
2024-09-18 14:02:47.510,414.3673881325101,995
2024-09-18 14:02:47.593,414.34743337400624,13
2024-09-18 14:02:47.637,414.3676443253551,1005
2024-09-18 14:02:47.652,414.351376733821,100
2024-09-18 14:02:47.784,414.3511758244009,105
2024-09-18 14:02:47.846,414.3326425854104,1000
2024-09-18 14:02:47.898,414.3292858772849,99
2024-09-18 14:02:47.968,414.35647914840223,1001
2024-09-18 14:02:48.152,414.382014552084,997
2024-09-18 14:02:48.224,414.4114682899121,99
2024-09-18 14:02:48.240,414.4089244483938,1003
2024-09-18 14:02:48.429,414.3654630806597,97
2024-09-18 14:02:48.442,414.3911832562255,997
2024-09-18 14:02:48.515,414.3922280888148,1001
2024-09-18 14:02:48.635,414.41495781551214,1004
2024-09-18 14:02:48.662,414.3644767774224,103
2024-09-18 14:02:48.808,414.37299356683474,105
2024-09-18 14:02:48.824,414.3766591157054,100
2024-09-18 14:02:48.860,414.3847094670357,998
2024-09-18 14:02:49.027,414.3607198592508,100
2024-09-18 14:02:49.101,414.3836547689791,10
2024-09-18 14:02:49.142,414.3648927439563,996
2024-09-18 14:02:49.227,414.3506592722334,7
2024-09-18 14:02:49.319,414.3653803436316,1003
2024-09-18 14:02:49.527,414.3712583193677,5
2024-09-18 14:02:49.639,414.38840937631386,1001
2024-09-18 14:02:49.647,-414.3551481830113,7
2024-09-18 14:02:49.715,414.3566806791209,101
2024-09-18 14:02:49.773,414.3740086469055,95
2024-09-18 14:02:49.805,414.3691745902964,100
2024-09-18 14:02:49.842,414.360746316013,1001
2024-09-18 14:02:50.028,414.1606759439993,96
2024-09-18 14:02:50.032,414.362689528374,995
2024-09-18 14:02:50.040,414.3959853558939,102
2024-09-18 14:02:50.058,414.3157520352274,998
2024-09-18 14:02:50.075,414.1671132685289,6
2024-09-18 14:02:50.093,414.2055154233568,6
2024-09-18 14:02:50.161,414.3652634173622,1005
2024-09-18 14:02:50.203,414.2588484481028,1003
2024-09-18 14:02:50.211,414.1821028253493,14
2024-09-18 14:02:50.221,414.2416285154839,999
2024-09-18 14:02:50.224,414.36699802277127,104
2024-09-18 14:02:50.241,414.2960161570991,1000
2024-09-18 14:02:50.328,414.2791588929172,11
2024-09-18 14:02:50.357,414.3560214092704,9
2024-09-18 14:02:50.403,414.1638866582344,104
2024-09-18 14:02:50.407,414.3719084533517,95
2024-09-18 14:02:50.460,414.3884434631368,1002
2024-09-18 14:02:50.499,414.1847696460477,102
2024-09-18 14:02:50.510,414.2281153481624,1001
2024-09-18 14:02:50.534,414.3193509307032,7
2024-09-18 14:02:50.679,414.3563142854058,13
2024-09-18 14:02:50.683,414.2479763125763,5
2024-09-18 14:02:50.711,414.3456672130859,98
2024-09-18 14:02:50.742,414.1751414825127,13
2024-09-18 14:02:50.801,414.2084295747335,5
2024-09-18 14:02:50.833,414.1728317468743,105
2024-09-18 14:02:50.884,414.15910097551887,10
2024-09-18 14:02:50.896,414.1706381482935,7
2024-09-18 14:02:50.996,414.3872782478469,998
2024-09-18 14:02:51.073,414.20887028129226,99
2024-09-18 14:02:51.169,414.2039326645013,96
2024-09-18 14:02:51.192,414.1655505028704,1005
2024-09-18 14:02:51.276,414.207878010051,10
2024-09-18 14:02:51.276,414.181839003894,1005
2024-09-18 14:02:51.407,414.1762320792222,9
2024-09-18 14:02:51.503,414.2170532006487,96
2024-09-18 14:02:51.549,414.23794363094055,1003
2024-09-18 14:02:51.575,414.2308746261363,97
2024-09-18 14:02:51.649,414.19942904125537,105
2024-09-18 14:02:51.697,414.2214410103688,995
2024-09-18 14:02:51.709,414.16527946265626,996
2024-09-18 14:02:51.726,414.20454407589625,97
2024-09-18 14:02:51.763,414.218185424199,96
2024-09-18 14:02:51.827,414.2021896759834,1004
2024-09-18 14:02:51.852,414.1723776012654,1000
2024-09-18 14:02:51.872,414.17630984047327,104
2024-09-18 14:02:51.888,414.2075656431621,105
2024-09-18 14:02:51.973,414.1961925478,1004
2024-09-18 14:02:52.008,414.2077343453444,12
2024-09-18 14:02:52.133,414.2198042114487,8
2024-09-18 14:02:52.289,414.2184359811815,95
2024-09-18 14:02:52.412,414.20889136397017,1003
2024-09-18 14:02:52.414,414.2002348817896,1004
2024-09-18 14:02:52.809,414.209944723104,1004
2024-09-18 14:02:52.867,414.19432393294056,105
2024-09-18 14:02:53.069,414.1273560349156,11
2024-09-18 14:02:53.074,414.1947380319494,99
2024-09-18 14:02:53.095,414.19585152627,96
2024-09-18 14:02:53.275,414.1550899315282,99
2024-09-18 14:02:53.287,414.204106607672,7
2024-09-18 14:02:53.329,414.1195966291828,103
2024-09-18 14:02:53.456,414.2025405478899,100
2024-09-18 14:02:53.514,414.17668347126346,1000
2024-09-18 14:02:53.580,414.1210814225813,5
2024-09-18 14:02:53.581,414.1642974038683,8
2024-09-18 14:02:53.588,414.1767045651562,1000
2024-09-18 14:02:53.724,414.1881762471056,1002
2024-09-18 14:02:53.757,414.2090115351097,103
2024-09-18 14:02:53.801,414.19258067820834,6
2024-09-18 14:02:53.955,414.1350519129463,995
2024-09-18 14:02:53.975,414.127656920269,9
2024-09-18 14:02:54.029,414.2188654780895,95
2024-09-18 14:02:54.099,414.1974213286343,103
2024-09-18 14:02:54.182,414.2025152063741,12
2024-09-18 14:02:54.211,414.191352974546,99
2024-09-18 14:02:54.228,,997
2024-09-18 14:02:54.286,414.1812069092506,14
2024-09-18 14:02:54.323,414.16957310430695,105
2024-09-18 14:02:54.346,414.1873322909323,103
2024-09-18 14:02:54.484,414.2044911154152,11
2024-09-18 14:02:54.494,,95
2024-09-18 14:02:54.514,414.16069943070806,12
2024-09-18 14:02:54.528,414.1829259492184,7
2024-09-18 14:02:54.580,414.1833651024791,999
2024-09-18 14:02:54.721,414.2041861217271,12
2024-09-18 14:02:54.838,41.4197801379881,99
2024-09-18 14:02:54.843,,1003
2024-09-18 14:02:54.874,414.20273657850606,996
2024-09-18 14:02:55.007,414.2545387377954,105
2024-09-18 14:02:55.023,414.2512746820704,995
2024-09-18 14:02:55.028,414.2221484347888,1001
2024-09-18 14:02:55.096,414.2518667682312,1005
2024-09-18 14:02:55.185,414.2376305349037,102
2024-09-18 14:02:55.232,414.22413241104334,99
2024-09-18 14:02:55.336,414.2209847687228,104
2024-09-18 14:02:55.387,414.24413684980766,10
2024-09-18 14:02:55.394,414.2175010211376,95
2024-09-18 14:02:55.403,414.2530382122243,9
2024-09-18 14:02:55.433,414.2634213591706,99
2024-09-18 14:02:55.461,414.2434570615048,14
2024-09-18 14:02:55.556,414.2285337648481,7
2024-09-18 14:02:55.568,414.21835115420953,103
2024-09-18 14:02:55.603,414.251222019037,12
2024-09-18 14:02:55.773,414.2379620601347,1005
2024-09-18 14:02:55.859,414.2224651112956,1000
2024-09-18 14:02:55.896,414.2131082850784,100
2024-09-18 14:02:55.952,414.2343355685232,1002
2024-09-18 14:02:55.961,414.2385077345736,1001
2024-09-18 14:02:56.253,414.2145479644845,13
2024-09-18 14:02:56.292,414.2790818165479,6
2024-09-18 14:02:56.326,-414.2530517153536,6
2024-09-18 14:02:56.338,414.2590674528628,104
2024-09-18 14:02:56.471,414.2207757766574,1000
2024-09-18 14:02:56.673,414.2260303989733,1004
2024-09-18 14:02:56.674,414.2703739700882,98
2024-09-18 14:02:56.822,414.223065278156,12
2024-09-18 14:02:57.012,414.2806051738641,105
2024-09-18 14:02:57.062,414.2855180932627,7
2024-09-18 14:02:57.063,414.2784049505804,15
2024-09-18 14:02:57.156,414.285208123908,10
2024-09-18 14:02:57.189,414.2758560144173,101
2024-09-18 14:02:57.245,414.3033711904692,103
2024-09-18 14:02:57.266,414.27108731302826,100
2024-09-18 14:02:57.279,414.2464699997842,105
2024-09-18 14:02:57.300,414.27429505182295,104
2024-09-18 14:02:57.376,414.2905209114904,95
2024-09-18 14:02:57.504,414.2457027658273,96
2024-09-18 14:02:57.535,414.252192718729,998
2024-09-18 14:02:57.539,414.27782735220313,103
2024-09-18 14:02:57.543,414.2527661856776,7
2024-09-18 14:02:57.558,414.2686909741157,5
2024-09-18 14:02:57.649,414.27452178705056,101
2024-09-18 14:02:57.657,414.2686531882871,13
2024-09-18 14:02:57.667,414.2834937022569,8
2024-09-18 14:02:57.694,414.25976821827743,13
2024-09-18 14:02:57.716,414.2584817664935,95
2024-09-18 14:02:57.724,414.267190939429,996
2024-09-18 14:02:57.772,414.2549500933948,15
2024-09-18 14:02:57.891,414.2593596032557,98
2024-09-18 14:02:57.914,414.2586885387282,99
2024-09-18 14:02:57.967,414.2919041824052,1004
2024-09-18 14:02:58.024,414.27927138982176,101
2024-09-18 14:02:58.087,414.2773967331924,1002
2024-09-18 14:02:58.089,414.2932597659208,6
2024-09-18 14:02:58.092,414.2785810339158,15
2024-09-18 14:02:58.127,414.28116127917787,1003
2024-09-18 14:02:58.184,414.2906925860594,1005
2024-09-18 14:02:58.193,414.2761075483868,96
2024-09-18 14:02:58.214,414.2818781610059,100
2024-09-18 14:02:58.244,414.37072554888624,105
2024-09-18 14:02:58.302,414.2756965523669,103
2024-09-18 14:02:58.341,414.2924487638105,5
2024-09-18 14:02:58.376,414.3983939508799,10
2024-09-18 14:02:58.430,414.41922418792655,15
2024-09-18 14:02:58.487,414.4069609139436,12
2024-09-18 14:02:58.492,414.2840789360265,97
2024-09-18 14:02:58.526,414.4243362627129,101
2024-09-18 14:02:58.528,41.42937716411631,999
2024-09-18 14:02:58.546,414.36887906039937,996
2024-09-18 14:02:58.560,414.36067916010535,12
2024-09-18 14:02:58.612,414.2902379246855,9
2024-09-18 14:02:58.697,,97
2024-09-18 14:02:58.698,414.2958057279624,995
2024-09-18 14:02:58.742,414.3972975562145,997
2024-09-18 14:02:58.836,414.3228910737856,999
2024-09-18 14:02:58.836,414.3907378297688,14
2024-09-18 14:02:58.918,414.2802432773992,9
2024-09-18 14:02:58.940,414.28489824637904,11
2024-09-18 14:02:59.026,414.4828437954279,12
2024-09-18 14:02:59.395,414.4709091014771,104
2024-09-18 14:02:59.593,414.4629011344677,9
2024-09-18 14:02:59.594,414.3921434045264,1000
2024-09-18 14:02:59.768,414.4144708802725,104
2024-09-18 14:02:59.784,414.3946144673414,10
2024-09-18 14:02:59.815,414.4190180519825,14
2024-09-18 14:02:59.824,414.4051714275637,1004
2024-09-18 14:02:59.826,414.4262724613781,6
2024-09-18 14:02:59.981,414.494071480261,14
2024-09-18 14:02:59.996,414.4365261875894,98
