Timestamp,Price,Size
2024-09-19 09:55:00.043,416.30708147538985,995
2024-09-19 09:55:00.063,416.2727905010448,14
2024-09-19 09:55:00.124,416.2171807389298,105
2024-09-19 09:55:00.184,416.28993239816776,10
2024-09-19 09:55:00.208,416.2297819121502,7
2024-09-19 09:55:00.215,416.2724139485206,8
2024-09-19 09:55:00.240,416.2868174138695,1000
2024-09-19 09:55:00.300,416.2940994234295,996
2024-09-19 09:55:00.317,416.2587066751827,105
2024-09-19 09:55:00.365,416.2931650733709,104
2024-09-19 09:55:00.397,416.2998766539313,8
2024-09-19 09:55:00.431,416.24770842711,1005
2024-09-19 09:55:00.511,416.26239324636526,998
2024-09-19 09:55:00.685,416.2388849754857,105
2024-09-19 09:55:00.749,416.2424738657475,97
2024-09-19 09:55:00.762,416.2373282901405,98
2024-09-19 09:55:00.776,416.2684911571168,11
2024-09-19 09:55:00.821,416.2664860252957,98
2024-09-19 09:55:00.896,416.24960289178745,104
2024-09-19 09:55:00.913,416.29651528384113,12
2024-09-19 09:55:00.923,416.2880131302167,14
2024-09-19 09:55:00.924,416.2385801227901,14
2024-09-19 09:55:00.980,416.22256877413554,1004
2024-09-19 09:55:01.087,416.2976372986598,105
2024-09-19 09:55:01.458,416.3054632060413,1000
2024-09-19 09:55:01.825,416.2992285621089,95
2024-09-19 09:55:04.113,416.3208820721384,1001
2024-09-19 09:55:04.170,416.3289706325759,99
2024-09-19 09:55:04.249,416.3078581180785,1000
2024-09-19 09:55:04.289,416.31137755017824,10
2024-09-19 09:55:04.388,416.3454462917899,10
2024-09-19 09:55:04.431,416.3097335229328,9
2024-09-19 09:55:04.492,416.28027594042464,103
2024-09-19 09:55:04.575,416.2930160045354,96
2024-09-19 09:55:04.584,416.2890242449539,12
2024-09-19 09:55:04.606,416.33951386919847,1003
2024-09-19 09:55:04.621,,101
2024-09-19 09:55:04.782,416.34829792156,102
2024-09-19 09:55:04.809,,997
2024-09-19 09:55:04.837,416.3130026170321,9
2024-09-19 09:55:04.850,416.3184978813048,14
2024-09-19 09:55:04.863,416.26726109436976,1000
2024-09-19 09:55:04.898,416.3665979456164,101
2024-09-19 09:55:04.898,416.2510137722306,995
2024-09-19 09:55:04.968,416.3476229836357,9
2024-09-19 09:55:04.981,416.308869900485,1003
2024-09-19 09:55:05.010,416.1900830191189,96
2024-09-19 09:55:05.032,416.2008045647853,6
2024-09-19 09:55:05.101,416.195535655018,1005
2024-09-19 09:55:05.140,416.1899196014405,95
2024-09-19 09:55:05.182,416.2073426225256,95
2024-09-19 09:55:05.276,416.183004629199,97
2024-09-19 09:55:05.278,416.2248515240361,1002
2024-09-19 09:55:05.385,416.1950605561208,100
2024-09-19 09:55:05.387,416.1900529836206,105
2024-09-19 09:55:05.423,416.226282634531,95
2024-09-19 09:55:05.633,416.2223336141412,11
2024-09-19 09:55:05.687,416.20973003498096,7
2024-09-19 09:55:05.790,416.20077725576925,11
2024-09-19 09:55:05.868,416.2339976537791,99
2024-09-19 09:55:05.976,416.19344786967554,997
2024-09-19 09:55:05.977,416.20944859512207,13
2024-09-19 09:55:06.013,416.100211413696,103
2024-09-19 09:55:06.053,416.1405668168561,13
2024-09-19 09:55:06.120,416.0914516134801,14
2024-09-19 09:55:06.130,416.1427411878045,98
2024-09-19 09:55:06.135,416.16153252184006,96
2024-09-19 09:55:06.146,416.1118976559936,996
2024-09-19 09:55:06.153,416.09787230838833,102
2024-09-19 09:55:06.177,416.1686456840373,14
2024-09-19 09:55:06.205,416.1473002681267,996
2024-09-19 09:55:06.219,416.1417444762302,12
2024-09-19 09:55:06.246,416.160206131138,1005
2024-09-19 09:55:06.258,416.16432026096106,1001
2024-09-19 09:55:06.356,416.0816547151238,998
2024-09-19 09:55:06.360,416.1849524665861,5
2024-09-19 09:55:06.367,416.1319053501269,998
2024-09-19 09:55:06.447,416.0902430828572,1001
2024-09-19 09:55:06.498,416.2139645080367,999
2024-09-19 09:55:06.538,416.13450185790174,1004
2024-09-19 09:55:06.545,416.0955528764415,99
2024-09-19 09:55:06.559,416.08746266029584,95
2024-09-19 09:55:06.580,416.11307431491616,98
2024-09-19 09:55:06.679,416.1017274294466,10
2024-09-19 09:55:06.701,416.1692343608616,12
2024-09-19 09:55:06.749,416.18802759083695,1005
2024-09-19 09:55:06.799,416.162210636144,97
2024-09-19 09:55:06.808,416.1604043417192,97
2024-09-19 09:55:06.812,416.13316928679006,95
2024-09-19 09:55:06.848,416.2212658950416,15
2024-09-19 09:55:06.918,416.1017260699392,103
2024-09-19 09:55:06.982,416.1347255117726,99
2024-09-19 09:55:07.196,416.07974000640365,11
2024-09-19 09:55:07.268,416.0917183704387,10
2024-09-19 09:55:07.821,416.10610960580414,1000
2024-09-19 09:55:07.915,416.09951527438415,98
2024-09-19 09:55:08.014,416.0435513677304,997
2024-09-19 09:55:08.137,416.0424669562184,10
2024-09-19 09:55:08.159,416.08845564244905,12
2024-09-19 09:55:08.171,416.0429093286722,9
2024-09-19 09:55:08.265,416.0855938224796,100
2024-09-19 09:55:08.359,416.0281733548824,13
2024-09-19 09:55:08.364,416.0592728756275,6
2024-09-19 09:55:08.389,416.1066942391407,15
2024-09-19 09:55:08.399,416.0869063938323,104
2024-09-19 09:55:08.406,416.0661026079085,1004
2024-09-19 09:55:08.415,416.0471854217275,13
2024-09-19 09:55:08.484,416.068463503971,102
2024-09-19 09:55:08.518,-416.0522527198343,996
2024-09-19 09:55:08.525,416.09321241018574,104
2024-09-19 09:55:08.531,416.05791909942985,100
2024-09-19 09:55:08.559,416.0684704249068,13
2024-09-19 09:55:08.566,416.0510001579839,12
2024-09-19 09:55:08.619,416.0739003054772,10
2024-09-19 09:55:08.620,416.08379161472106,997
2024-09-19 09:55:08.705,416.0298488221957,104
2024-09-19 09:55:08.757,416.03850470856446,98
2024-09-19 09:55:08.770,-416.098557855896,1001
2024-09-19 09:55:08.791,416.02552437291024,1001
2024-09-19 09:55:08.801,416.04352529949176,105
2024-09-19 09:55:08.856,41.60303071244181,98
2024-09-19 09:55:08.893,416.0759761725,98
2024-09-19 09:55:08.921,416.070181671992,105
2024-09-19 09:55:08.935,416.08412648793313,11
2024-09-19 09:55:08.961,416.04244131148585,104
2024-09-19 09:55:08.986,416.0690330705123,96
2024-09-19 09:55:09.034,416.097652791325,100
2024-09-19 09:55:09.061,416.1229746000472,98
2024-09-19 09:55:09.103,416.1183174258808,1005
2024-09-19 09:55:09.112,,996
2024-09-19 09:55:09.137,416.09202313620807,996
2024-09-19 09:55:09.158,416.1232560673545,98
2024-09-19 09:55:09.166,416.08854502150575,12
2024-09-19 09:55:09.265,416.1054531588896,102
2024-09-19 09:55:09.322,416.1075330875291,104
2024-09-19 09:55:09.531,416.0841747414172,100
2024-09-19 09:55:09.717,416.0577378089096,6
2024-09-19 09:55:09.731,416.063651869008,6
2024-09-19 09:55:09.750,,999
2024-09-19 09:55:09.760,416.10059637845217,8
2024-09-19 09:55:09.865,416.1243617955101,996
2024-09-19 09:55:10.071,416.0546350489481,99
2024-09-19 09:55:11.021,416.0535007814684,102
2024-09-19 09:55:11.156,416.0841385653377,9
2024-09-19 09:55:11.516,416.0784006291328,996
2024-09-19 09:55:11.593,416.08281852549385,15
2024-09-19 09:55:11.745,,11
2024-09-19 09:55:11.772,416.02221711334,1002
2024-09-19 09:55:11.832,416.0659430762951,103
2024-09-19 09:55:11.973,416.0869119557824,1005
2024-09-19 09:55:12.935,416.1026055813771,11
2024-09-19 09:55:13.840,416.1128081402226,12
2024-09-19 09:55:13.895,416.14858888881,10
2024-09-19 09:55:13.950,416.1123564654318,1001
2024-09-19 09:55:13.981,416.11600575898194,1000
2024-09-19 09:55:14.009,416.1435514870161,100
2024-09-19 09:55:14.034,416.1334026499778,102
2024-09-19 09:55:14.046,416.1251673881623,8
2024-09-19 09:55:14.224,416.12115023227,95
2024-09-19 09:55:14.268,416.1397831754613,104
2024-09-19 09:55:14.278,416.16212662921527,99
2024-09-19 09:55:14.315,416.1272848202224,96
2024-09-19 09:55:14.324,416.1178542448054,5
2024-09-19 09:55:14.467,416.1294595071688,998
2024-09-19 09:55:14.514,416.1325437061394,13
2024-09-19 09:55:14.514,416.1281233626383,99
2024-09-19 09:55:14.551,416.1139586701674,105
2024-09-19 09:55:14.603,416.1247272900415,98
2024-09-19 09:55:14.685,416.1049233328598,11
2024-09-19 09:55:14.731,416.129795591064,101
2024-09-19 09:55:14.761,416.1323375357179,15
2024-09-19 09:55:14.819,416.1502933179421,96
2024-09-19 09:55:14.833,416.11992782352735,996
2024-09-19 09:55:14.835,416.1271392632462,99
2024-09-19 09:55:15.123,416.1284027366201,95
2024-09-19 09:55:15.176,416.1203318587365,15
2024-09-19 09:55:15.213,416.1231799452311,995
2024-09-19 09:55:15.240,416.1370346405548,10
2024-09-19 09:55:15.246,416.1138906735689,103
2024-09-19 09:55:15.252,416.1061781087158,1002
2024-09-19 09:55:15.322,416.1256339117057,995
2024-09-19 09:55:15.338,416.1218045213704,10
2024-09-19 09:55:15.404,416.12229889939664,103
2024-09-19 09:55:15.437,416.0834953863232,14
2024-09-19 09:55:15.439,416.13362583067567,15
2024-09-19 09:55:15.461,416.14353157898313,10
2024-09-19 09:55:15.491,416.1362099697933,14
2024-09-19 09:55:15.554,416.12706528545567,101
2024-09-19 09:55:15.562,416.14131325563966,9
2024-09-19 09:55:15.582,416.102169518127,98
2024-09-19 09:55:15.583,416.1204907254817,12
2024-09-19 09:55:15.598,416.1326434787706,96
2024-09-19 09:55:15.783,416.1338131563846,999
2024-09-19 09:55:15.842,416.1081974925991,101
2024-09-19 09:55:15.853,416.1264037257239,96
2024-09-19 09:55:15.897,416.1031701479368,13
2024-09-19 09:55:15.902,416.12098174860574,105
2024-09-19 09:55:15.943,416.1412770652706,12
2024-09-19 09:55:15.992,416.1256677807261,101
2024-09-19 09:55:15.994,416.1123938242084,96
2024-09-19 09:55:16.026,416.0745934106607,100
2024-09-19 09:55:16.099,416.09966000743447,1002
2024-09-19 09:55:16.156,416.0835645366867,7
2024-09-19 09:55:16.177,416.0629681002594,102
2024-09-19 09:55:16.250,416.1086711010253,102
2024-09-19 09:55:16.287,416.0746324587551,999
2024-09-19 09:55:16.350,416.1121447667186,97
2024-09-19 09:55:16.365,416.0641701000215,11
2024-09-19 09:55:16.462,416.07671328773694,101
2024-09-19 09:55:16.645,416.10004780950527,14
2024-09-19 09:55:16.664,416.0789916884602,15
2024-09-19 09:55:16.664,416.0807663487735,5
2024-09-19 09:55:16.700,416.0880332462209,97
2024-09-19 09:55:16.715,416.09436293983583,996
2024-09-19 09:55:16.727,416.0630962893001,98
2024-09-19 09:55:16.824,416.0801391780234,99
2024-09-19 09:55:17.007,416.0669295231494,8
2024-09-19 09:55:17.048,416.0932427353654,100
2024-09-19 09:55:17.059,416.0880644055385,99
2024-09-19 09:55:17.153,416.10918360099055,11
2024-09-19 09:55:17.225,416.09129848467546,100
2024-09-19 09:55:17.372,416.0827295210795,97
2024-09-19 09:55:17.386,416.1433207005344,998
2024-09-19 09:55:17.430,416.1324956789821,997
2024-09-19 09:55:17.442,416.0858391226064,96
2024-09-19 09:55:17.497,416.0870974081409,99
2024-09-19 09:55:17.524,416.0921783209564,1000
2024-09-19 09:55:17.539,416.0898391696224,14
2024-09-19 09:55:17.567,416.0725945999886,12
2024-09-19 09:55:17.573,416.0646195583052,95
2024-09-19 09:55:17.613,416.0772887732196,1005
2024-09-19 09:55:17.647,416.0949539204802,98
2024-09-19 09:55:17.655,416.08982594801097,100
2024-09-19 09:55:17.692,416.08478322424895,1001
2024-09-19 09:55:17.736,416.0910145591618,100
2024-09-19 09:55:17.791,416.09212885953787,1004
2024-09-19 09:55:17.818,,13
2024-09-19 09:55:17.864,416.1004820972565,7
2024-09-19 09:55:17.869,416.103403853645,7
2024-09-19 09:55:17.877,416.1184005874801,104
2024-09-19 09:55:17.883,416.0614040685347,995
2024-09-19 09:55:18.018,-416.1761138561176,5
2024-09-19 09:55:18.022,416.1368328955115,12
2024-09-19 09:55:18.087,416.1641424534867,8
2024-09-19 09:55:18.142,416.1681641974063,98
2024-09-19 09:55:18.210,416.1276141530724,96
2024-09-19 09:55:18.248,416.15378348983694,95
2024-09-19 09:55:18.317,416.1447012831536,95
2024-09-19 09:55:18.358,416.17839411454185,1000
2024-09-19 09:55:18.382,416.1662675336236,12
2024-09-19 09:55:18.442,416.1323082512776,1004
2024-09-19 09:55:18.536,416.155428205348,105
2024-09-19 09:55:18.538,416.132918150694,995
2024-09-19 09:55:18.584,416.1669851508825,14
2024-09-19 09:55:18.594,416.1502498693476,99
2024-09-19 09:55:18.619,416.1182188021272,103
2024-09-19 09:55:18.646,416.1360759372232,1000
2024-09-19 09:55:18.656,416.1380532009504,13
2024-09-19 09:55:18.765,41.615830824893465,13
2024-09-19 09:55:18.777,416.1529119769239,99
2024-09-19 09:55:18.913,416.1332682532832,10
2024-09-19 09:55:18.953,416.15667065413936,1002
2024-09-19 09:55:18.959,416.1530003824128,1001
2024-09-19 09:55:18.976,416.1464878807011,7
2024-09-19 09:55:18.997,416.15574108576845,103
2024-09-19 09:55:19.033,416.1726991312469,99
2024-09-19 09:55:19.063,416.17691526716,7
2024-09-19 09:55:19.108,416.1987436172386,99
2024-09-19 09:55:19.146,416.1834929188435,9
2024-09-19 09:55:19.161,41.61874122290224,96
2024-09-19 09:55:19.196,416.192552685117,104
2024-09-19 09:55:19.247,416.2079663944172,14
2024-09-19 09:55:19.253,416.1674780169106,1003
2024-09-19 09:55:19.343,416.2135055416718,5
2024-09-19 09:55:19.477,416.1958495522457,1005
2024-09-19 09:55:19.496,416.1630804685087,998
2024-09-19 09:55:19.559,416.1797547324357,996
2024-09-19 09:55:19.599,416.1982448509976,99
2024-09-19 09:55:19.671,416.1766302952447,13
2024-09-19 09:55:19.716,416.1889233111828,5
2024-09-19 09:55:19.733,416.1535904978728,104
2024-09-19 09:55:19.766,416.1990999112797,11
2024-09-19 09:55:19.857,416.19425317493256,10
2024-09-19 09:55:20.000,416.2282660321116,998
2024-09-19 09:55:20.005,416.2000098253132,8
2024-09-19 09:55:20.105,416.20244883264553,997
2024-09-19 09:55:20.133,416.2304078318191,14
2024-09-19 09:55:20.151,416.2116685304149,8
2024-09-19 09:55:20.574,416.2295100573984,9
2024-09-19 09:55:20.580,416.21592985296513,995
2024-09-19 09:55:20.818,416.22326858056863,1000
2024-09-19 09:55:20.983,416.2187010943165,11
2024-09-19 09:55:21.066,416.1915697232769,14
2024-09-19 09:55:21.238,416.21265220608944,101
2024-09-19 09:55:21.293,416.2118024364639,100
2024-09-19 09:55:21.492,416.205192298828,101
2024-09-19 09:55:21.745,416.19674110611305,96
2024-09-19 09:55:21.780,416.2004695500024,95
2024-09-19 09:55:21.852,416.1918640097749,101
2024-09-19 09:55:22.035,416.2199653059176,15
2024-09-19 09:55:22.098,416.2059232046767,12
2024-09-19 09:55:22.111,416.24769037574566,8
2024-09-19 09:55:22.135,416.2113921943346,7
2024-09-19 09:55:22.157,416.1952343567446,5
2024-09-19 09:55:22.165,416.2129131778368,100
2024-09-19 09:55:22.174,416.2347325642202,1000
2024-09-19 09:55:22.307,416.2184490965714,999
2024-09-19 09:55:22.372,416.2054878671552,14
2024-09-19 09:55:22.383,416.2228425678966,15
2024-09-19 09:55:22.473,416.2098170547167,95
2024-09-19 09:55:22.508,416.2267733852469,998
2024-09-19 09:55:22.629,416.2231022578595,1005
2024-09-19 09:55:22.676,416.2118851461621,9
2024-09-19 09:55:22.748,416.24327759278304,12
2024-09-19 09:55:22.773,416.2540977826857,7
2024-09-19 09:55:22.837,416.2312175813098,104
2024-09-19 09:55:22.841,416.2399611739558,1004
2024-09-19 09:55:22.893,416.2026498119822,100
2024-09-19 09:55:23.050,416.25320551515154,11
2024-09-19 09:55:23.107,416.2557789249829,14
2024-09-19 09:55:23.178,416.2333072215278,102
2024-09-19 09:55:23.203,416.21768184214153,1002
2024-09-19 09:55:23.332,416.2155446910969,6
2024-09-19 09:55:23.369,416.2554530558953,8
2024-09-19 09:55:23.402,416.243648427387,8
2024-09-19 09:55:23.573,416.2659420918383,15
2024-09-19 09:55:23.765,416.25491573460215,96
2024-09-19 09:55:23.876,416.2151110325656,7
2024-09-19 09:55:24.071,416.2283216681216,8
2024-09-19 09:55:24.117,416.2053890091238,995
2024-09-19 09:55:24.191,416.23231818629296,98
2024-09-19 09:55:24.406,416.2200527857808,104
2024-09-19 09:55:24.490,416.1958900266013,1000
2024-09-19 09:55:24.505,416.20834810389977,96
2024-09-19 09:55:24.541,416.2093559372559,98
2024-09-19 09:55:24.566,416.2423139549021,103
2024-09-19 09:55:24.838,416.2443441032475,95
2024-09-19 09:55:24.926,416.2428264639524,104
2024-09-19 09:55:24.966,416.222043637188,1002
2024-09-19 09:55:25.113,416.2249560712761,97
2024-09-19 09:55:25.290,416.2368853111167,13
2024-09-19 09:55:25.301,416.22207870089767,99
2024-09-19 09:55:25.320,416.2696776418362,996
2024-09-19 09:55:25.387,416.2271194726379,1003
2024-09-19 09:55:25.426,416.2152220182239,7
2024-09-19 09:55:25.523,416.2241088637905,11
2024-09-19 09:55:25.544,416.229759589776,101
2024-09-19 09:55:25.677,416.242055023293,1001
2024-09-19 09:55:25.747,416.2412727650578,95
2024-09-19 09:55:25.764,416.286984112753,104
2024-09-19 09:55:25.780,416.2127158588996,10
2024-09-19 09:55:26.020,41.629303661227546,100
2024-09-19 09:55:26.180,416.2957330053221,95
2024-09-19 09:55:26.464,416.305299620621,100
2024-09-19 09:55:26.570,416.305649702141,101
2024-09-19 09:55:26.649,416.2915462832081,1003
2024-09-19 09:55:26.927,416.2684364202183,104
2024-09-19 09:55:26.931,416.2904532426188,999
2024-09-19 09:55:27.058,416.2916368747841,997
2024-09-19 09:55:27.631,416.2897413997718,95
2024-09-19 09:55:27.658,416.3030333012765,13
2024-09-19 09:55:27.856,416.2876435730973,103
2024-09-19 09:55:28.019,416.3267831739473,1002
2024-09-19 09:55:28.078,416.41550056918015,14
2024-09-19 09:55:28.243,416.3452414099224,997
2024-09-19 09:55:28.268,416.3831495117122,9
2024-09-19 09:55:28.332,416.4116843168116,1004
2024-09-19 09:55:28.336,416.4161535477798,95
2024-09-19 09:55:28.430,416.3074405527773,998
2024-09-19 09:55:28.450,416.4120858884298,95
2024-09-19 09:55:28.456,416.41780343251895,97
2024-09-19 09:55:28.503,416.3384422211945,102
2024-09-19 09:55:28.645,416.365133795815,995
2024-09-19 09:55:28.789,416.4037639359622,101
2024-09-19 09:55:28.842,416.3950187456359,102
2024-09-19 09:55:28.896,41.64086175322156,6
2024-09-19 09:55:28.928,416.3504978220372,1003
2024-09-19 09:55:28.949,416.3629345807349,104
2024-09-19 09:55:28.968,416.3497181297093,103
2024-09-19 09:55:29.220,416.38839497731897,1004
2024-09-19 09:55:29.251,416.39652432405967,98
2024-09-19 09:55:29.389,416.4011752682761,995
2024-09-19 09:55:29.531,416.42427949677153,8
2024-09-19 09:55:29.633,416.3858669322751,1003
2024-09-19 09:55:29.744,416.3935474700813,15
2024-09-19 09:55:29.887,416.3851767406792,98
2024-09-19 09:55:30.090,416.4141016796067,15
2024-09-19 09:55:30.102,416.33928512236434,13
2024-09-19 09:55:30.135,416.3529856005637,6
2024-09-19 09:55:30.190,416.3359930061616,105
2024-09-19 09:55:30.289,416.32802871654746,95
2024-09-19 09:55:30.315,416.36885312197376,14
2024-09-19 09:55:30.337,416.3361377258385,15
2024-09-19 09:55:30.381,-416.3330773035906,103
2024-09-19 09:55:30.381,416.3266889681455,1004
2024-09-19 09:55:30.412,416.3324396663617,14
2024-09-19 09:55:30.426,416.3933903483133,10
2024-09-19 09:55:30.428,416.37767263479327,103
2024-09-19 09:55:30.517,-416.3245532114258,95
2024-09-19 09:55:30.541,,1002
2024-09-19 09:55:30.572,416.34507809002633,101
2024-09-19 09:55:30.585,416.32338725398034,12
2024-09-19 09:55:30.602,416.3504283445268,15
2024-09-19 09:55:30.623,416.33769487848167,1002
2024-09-19 09:55:30.727,416.3916830014658,1001
2024-09-19 09:55:30.758,416.3541269552843,1002
2024-09-19 09:55:30.809,416.357299103844,97
2024-09-19 09:55:30.826,416.3231343618402,13
2024-09-19 09:55:30.837,416.3386937905959,10
2024-09-19 09:55:30.850,416.35679599401226,99
2024-09-19 09:55:30.858,416.33517887628943,997
2024-09-19 09:55:30.862,416.3748060741822,1005
2024-09-19 09:55:30.938,416.3517392981684,999
2024-09-19 09:55:30.963,416.3626058297376,10
2024-09-19 09:55:31.099,416.3394850969934,15
2024-09-19 09:55:31.154,416.3174471780178,10
2024-09-19 09:55:31.190,416.3336097301429,15
2024-09-19 09:55:31.213,416.33189402204215,101
2024-09-19 09:55:31.233,416.3154056456219,99
2024-09-19 09:55:31.273,416.3293580174202,98
2024-09-19 09:55:31.293,416.3297275355244,995
2024-09-19 09:55:31.317,416.3153050537717,13
2024-09-19 09:55:31.393,416.3415426501901,95
2024-09-19 09:55:31.470,416.3205771765682,1005
2024-09-19 09:55:31.642,416.3183195646364,105
2024-09-19 09:55:31.643,416.3139260277845,6
2024-09-19 09:55:31.673,416.3209399516184,7
2024-09-19 09:55:31.701,416.34295951222543,104
2024-09-19 09:55:31.734,416.3245365090146,996
2024-09-19 09:55:31.835,416.32978781020313,104
2024-09-19 09:55:31.900,416.3297618604519,97
2024-09-19 09:55:31.916,416.3320669745379,998
2024-09-19 09:55:31.956,416.3343629674315,95
2024-09-19 09:55:32.082,416.3265566444807,12
2024-09-19 09:55:32.140,416.3117066397536,15
2024-09-19 09:55:32.162,416.307646129877,1002
2024-09-19 09:55:32.262,416.3269923831484,97
2024-09-19 09:55:32.368,416.3214393870781,96
2024-09-19 09:55:32.402,416.3405936235991,95
2024-09-19 09:55:32.517,416.3263686659488,10
2024-09-19 09:55:32.563,416.3311132694789,8
2024-09-19 09:55:32.611,416.309909743951,1002
2024-09-19 09:55:32.688,416.3262466591252,104
2024-09-19 09:55:32.758,416.30222637006233,999
2024-09-19 09:55:32.993,416.32939621596097,997
2024-09-19 09:55:33.152,416.3336738970784,998
2024-09-19 09:55:34.002,416.3008590479519,104
2024-09-19 09:55:34.024,416.31874887333134,101
2024-09-19 09:55:34.101,416.31039526086914,8
2024-09-19 09:55:34.163,416.3240280945305,99
2024-09-19 09:55:34.309,416.3090761099318,96
2024-09-19 09:55:34.315,416.2801692977489,15
2024-09-19 09:55:34.375,416.2895041028767,97
2024-09-19 09:55:34.378,416.3084680029428,7
2024-09-19 09:55:34.385,416.3048660713572,13
2024-09-19 09:55:34.386,416.292799118768,6
2024-09-19 09:55:34.425,416.3050342540283,10
2024-09-19 09:55:34.442,416.2955489295182,8
2024-09-19 09:55:34.482,416.2839870428599,10
2024-09-19 09:55:34.598,416.3140936336581,101
2024-09-19 09:55:34.723,416.287472910965,104
2024-09-19 09:55:34.769,416.313491009048,1000
2024-09-19 09:55:34.846,416.28947501422965,996
2024-09-19 09:55:34.847,416.315799673954,99
2024-09-19 09:55:34.848,416.2947828723712,96
2024-09-19 09:55:34.904,416.2926912524128,10
2024-09-19 09:55:34.964,416.3015163117803,102
2024-09-19 09:55:35.050,416.25226250632176,1001
2024-09-19 09:55:35.137,416.2786886761376,13
2024-09-19 09:55:35.161,416.2611794993444,9
2024-09-19 09:55:35.285,416.2714428970052,99
2024-09-19 09:55:35.322,416.2699067503125,99
2024-09-19 09:55:35.346,416.2987063337216,1005
2024-09-19 09:55:35.364,416.2928722093297,99
2024-09-19 09:55:35.467,416.2923575881359,997
2024-09-19 09:55:35.489,416.29140485862126,100
2024-09-19 09:55:35.511,416.27592718969606,15
2024-09-19 09:55:35.621,416.29147109386014,103
2024-09-19 09:55:35.720,416.2541724205452,997
2024-09-19 09:55:35.787,416.27212975360993,102
2024-09-19 09:55:35.853,416.2645485216868,104
2024-09-19 09:55:35.946,416.27041175755545,998
2024-09-19 09:55:37.009,416.31980953201713,6
2024-09-19 09:55:37.010,416.3336820967826,1003
2024-09-19 09:55:37.025,416.33184137682906,1000
2024-09-19 09:55:37.048,416.3281714061248,15
2024-09-19 09:55:37.078,416.3244930105165,1004
2024-09-19 09:55:37.079,416.3274922269613,97
2024-09-19 09:55:37.157,416.3200411161762,1001
2024-09-19 09:55:37.252,416.3423068652612,105
2024-09-19 09:55:37.259,416.33668400085423,95
2024-09-19 09:55:37.284,416.3057462774058,1005
2024-09-19 09:55:37.322,-416.3414261764888,1000
2024-09-19 09:55:37.337,416.3442793016599,100
2024-09-19 09:55:37.383,416.3349252445655,13
2024-09-19 09:55:37.553,416.3369984674279,11
2024-09-19 09:55:37.575,416.3483228050038,7
2024-09-19 09:55:37.715,416.3256930270407,96
2024-09-19 09:55:37.727,416.3474695305567,11
2024-09-19 09:55:37.733,416.3334519079213,12
2024-09-19 09:55:37.745,416.2895875832188,7
2024-09-19 09:55:37.913,416.3208932468282,100
2024-09-19 09:55:37.924,416.2878235147364,105
2024-09-19 09:55:37.934,416.3328776110425,10
2024-09-19 09:55:37.960,416.3495817825252,104
2024-09-19 09:55:38.057,416.4148236116472,103
2024-09-19 09:55:38.108,416.4124226983794,102
2024-09-19 09:55:38.158,416.4139482996108,997
2024-09-19 09:55:38.181,416.399351944448,102
2024-09-19 09:55:38.221,416.4338064178873,102
2024-09-19 09:55:38.252,416.3549192857356,105
2024-09-19 09:55:38.257,416.40230457555504,998
2024-09-19 09:55:38.314,416.4402678409735,95
2024-09-19 09:55:38.345,416.41779157364766,105
2024-09-19 09:55:38.399,,97
2024-09-19 09:55:38.457,416.41795184890935,98
2024-09-19 09:55:38.549,416.4273127953506,104
2024-09-19 09:55:38.695,416.3811344934133,105
2024-09-19 09:55:38.716,416.43504654211495,1005
2024-09-19 09:55:38.759,416.3892119344145,10
2024-09-19 09:55:38.764,416.39274848695993,15
2024-09-19 09:55:38.774,416.3998353643991,95
2024-09-19 09:55:38.813,416.4331485205757,96
2024-09-19 09:55:38.817,416.4160828151311,8
2024-09-19 09:55:38.876,416.3846236386401,1004
2024-09-19 09:55:38.886,416.4488466084869,101
2024-09-19 09:55:38.889,416.3951538262785,9
2024-09-19 09:55:38.889,416.4019572201254,102
2024-09-19 09:55:38.921,416.4111535795373,99
2024-09-19 09:55:39.239,416.41186283418193,102
2024-09-19 09:55:39.278,416.39816232894896,14
2024-09-19 09:55:39.292,416.4095176907174,6
2024-09-19 09:55:39.360,416.3869164356085,99
2024-09-19 09:55:39.375,416.3945281260802,1000
2024-09-19 09:55:39.389,416.4092560057628,6
2024-09-19 09:55:39.440,416.3879706774328,98
2024-09-19 09:55:39.468,416.37965756706143,998
2024-09-19 09:55:39.553,416.3995173889636,95
2024-09-19 09:55:39.623,416.3887680443007,1005
2024-09-19 09:55:39.644,416.38093156481193,101
2024-09-19 09:55:39.655,416.415005746589,997
2024-09-19 09:55:39.704,416.3831958800855,7
2024-09-19 09:55:39.725,416.3905122014768,1000
2024-09-19 09:55:39.738,416.4124330998304,103
2024-09-19 09:55:39.836,416.3922093950959,102
2024-09-19 09:55:39.848,416.36846074661327,102
2024-09-19 09:55:39.879,416.3547041251697,105
2024-09-19 09:55:39.905,416.3896103765821,97
2024-09-19 09:55:39.950,416.41786324088577,101
2024-09-19 09:55:39.964,416.39486084032166,103
2024-09-19 09:55:39.993,416.35172007630985,103
2024-09-19 09:55:40.110,416.3553822173723,8
2024-09-19 09:55:40.163,416.3307957505389,99
2024-09-19 09:55:40.214,416.2701738833886,6
2024-09-19 09:55:40.269,416.34164398947183,9
2024-09-19 09:55:40.273,416.3600353276031,97
2024-09-19 09:55:40.275,416.287435755048,1004
2024-09-19 09:55:40.313,416.3636709176174,105
2024-09-19 09:55:40.317,416.3671913422774,1001
2024-09-19 09:55:40.414,416.3532993117857,1004
2024-09-19 09:55:40.414,416.3580178665076,104
2024-09-19 09:55:40.419,416.3683217465039,100
2024-09-19 09:55:40.450,416.3602073073066,12
2024-09-19 09:55:40.480,416.3033255904696,1002
2024-09-19 09:55:40.511,416.3609617382626,102
2024-09-19 09:55:40.540,416.3897437099597,999
2024-09-19 09:55:40.594,416.3463051360447,15
2024-09-19 09:55:40.635,416.3502781237029,997
2024-09-19 09:55:40.695,416.3470056383301,1005
2024-09-19 09:55:40.696,416.28123145745406,99
2024-09-19 09:55:40.723,416.3469270563708,1001
2024-09-19 09:55:40.723,416.3793567941332,1000
2024-09-19 09:55:40.821,416.3635097679364,96
2024-09-19 09:55:40.847,416.37607769440217,998
2024-09-19 09:55:40.918,416.3688350346524,1004
2024-09-19 09:55:40.949,416.3759599720518,11
2024-09-19 09:55:40.962,416.3307196128612,1000
2024-09-19 09:55:40.966,416.3536258405409,1000
2024-09-19 09:55:40.966,416.35141620143554,104
2024-09-19 09:55:41.017,416.2291711173972,996
2024-09-19 09:55:41.031,416.2790885584061,95
2024-09-19 09:55:41.105,416.2421844604864,97
2024-09-19 09:55:41.237,416.2501038873989,8
2024-09-19 09:55:41.385,416.2622593262545,1003
2024-09-19 09:55:41.456,416.2220815260905,95
2024-09-19 09:55:41.482,41.62230207321988,996
2024-09-19 09:55:41.513,416.2689655755351,100
2024-09-19 09:55:41.578,416.2611110786878,101
2024-09-19 09:55:41.725,416.2534669704698,6
2024-09-19 09:55:41.891,416.21986565465033,99
2024-09-19 09:55:41.989,416.2126557648766,997
2024-09-19 09:55:42.047,416.1365695354384,97
2024-09-19 09:55:42.057,416.1631926392133,1003
2024-09-19 09:55:42.101,416.1953497746672,995
2024-09-19 09:55:42.132,416.24897288387086,1003
2024-09-19 09:55:42.154,416.2065390461914,995
2024-09-19 09:55:42.168,416.2195685042808,105
2024-09-19 09:55:42.170,416.2264400829872,995
2024-09-19 09:55:42.383,416.21568501186704,15
2024-09-19 09:55:42.402,416.2167492008078,995
2024-09-19 09:55:42.468,416.223693701303,1003
2024-09-19 09:55:42.560,-416.1355274193974,1002
2024-09-19 09:55:42.574,416.1285551816328,996
2024-09-19 09:55:42.681,416.2419460851887,1002
2024-09-19 09:55:42.690,416.107008435426,1002
2024-09-19 09:55:42.742,416.1093706480133,1003
2024-09-19 09:55:42.790,416.1896625505578,102
2024-09-19 09:55:42.817,416.2062857320151,104
2024-09-19 09:55:42.864,416.1559185236187,997
2024-09-19 09:55:42.883,416.1915772487561,15
2024-09-19 09:55:42.888,416.2079379439122,1003
2024-09-19 09:55:42.892,416.1461090140112,1001
2024-09-19 09:55:42.936,416.2596239699176,103
2024-09-19 09:55:42.948,416.15789751527336,995
2024-09-19 09:55:42.965,416.1133133559,9
2024-09-19 09:55:43.046,416.090995965406,95
2024-09-19 09:55:43.088,416.1164134734245,1005
2024-09-19 09:55:43.200,416.1320544533753,11
2024-09-19 09:55:43.223,416.1207964752179,13
2024-09-19 09:55:43.309,416.1283462616393,1004
2024-09-19 09:55:43.335,416.0949487389577,102
2024-09-19 09:55:43.341,416.1316127847881,104
2024-09-19 09:55:43.423,416.10488144309727,101
2024-09-19 09:55:43.492,416.0466935383264,102
2024-09-19 09:55:43.519,416.1363435856338,99
2024-09-19 09:55:43.563,416.1256636804827,1003
2024-09-19 09:55:43.667,416.1169916747727,1003
2024-09-19 09:55:43.724,416.10085794696886,9
2024-09-19 09:55:43.888,416.0988543555791,95
2024-09-19 09:55:43.915,416.1083577240908,5
2024-09-19 09:55:43.937,416.1453929709338,11
2024-09-19 09:55:44.090,416.048825712545,997
2024-09-19 09:55:44.160,416.081538930502,1000
2024-09-19 09:55:44.235,416.0655405421696,102
2024-09-19 09:55:44.240,416.0827221109196,995
2024-09-19 09:55:44.258,416.1066391936399,997
2024-09-19 09:55:44.291,416.0860691585784,99
2024-09-19 09:55:44.345,416.1046035708551,9
2024-09-19 09:55:44.385,416.0590763029021,99
2024-09-19 09:55:44.493,416.0717306753045,100
2024-09-19 09:55:44.534,416.078193580953,999
2024-09-19 09:55:44.590,416.0986401549817,1000
2024-09-19 09:55:44.592,416.0757094121542,96
2024-09-19 09:55:44.612,416.06248941148544,100
2024-09-19 09:55:44.688,416.0524243871352,9
2024-09-19 09:55:44.689,416.0653576624392,103
2024-09-19 09:55:44.753,416.0739547433376,11
2024-09-19 09:55:44.807,416.0521862126609,1003
2024-09-19 09:55:44.852,416.0927437159058,998
2024-09-19 09:55:44.852,416.0660937231983,1000
2024-09-19 09:55:44.853,416.0687879423163,96
2024-09-19 09:55:44.884,416.0645400891614,14
2024-09-19 09:55:44.908,416.0649889657069,995
2024-09-19 09:55:44.921,416.0408621647564,1003
2024-09-19 09:55:44.924,416.087867631465,6
2024-09-19 09:55:44.936,416.0625916420983,98
2024-09-19 09:55:44.968,-416.0884187184162,15
2024-09-19 09:55:46.026,416.0632319524951,5
2024-09-19 09:55:46.135,416.0693187219552,1003
2024-09-19 09:55:46.259,416.0805727498415,14
2024-09-19 09:55:46.323,416.0839460852051,15
2024-09-19 09:55:46.865,416.0788159828329,996
2024-09-19 09:55:46.873,416.0736985588112,999
2024-09-19 09:55:47.037,416.0467508605637,995
2024-09-19 09:55:47.299,416.0741630774792,998
2024-09-19 09:55:47.558,416.054782248684,6
2024-09-19 09:55:48.219,416.0604823639858,1000
2024-09-19 09:55:48.284,416.1083506146026,6
2024-09-19 09:55:48.341,416.0844816888749,7
2024-09-19 09:55:48.447,416.1102936708377,995
2024-09-19 09:55:48.645,416.11624027749656,14
2024-09-19 09:55:48.802,416.08413255800514,5
2024-09-19 09:55:48.829,416.09000819162014,104
2024-09-19 09:55:48.926,416.0689645858962,998
2024-09-19 09:55:48.933,416.0754145618977,100
2024-09-19 09:55:49.418,416.0743222518324,13
2024-09-19 09:55:49.429,416.1074055411855,105
2024-09-19 09:55:49.517,416.08851379420514,101
2024-09-19 09:55:49.518,416.0881482179584,996
2024-09-19 09:55:49.684,416.07344130157946,102
2024-09-19 09:55:49.686,416.0800317852044,999
2024-09-19 09:55:49.831,416.0816628369146,8
2024-09-19 09:55:50.048,416.0882622250559,1000
2024-09-19 09:55:50.862,416.0922541922276,999
2024-09-19 09:55:51.049,416.0650296279311,10
2024-09-19 09:55:51.096,416.077915439232,11
2024-09-19 09:55:51.145,416.0875920067184,7
2024-09-19 09:55:51.292,416.0652165412852,1004
2024-09-19 09:55:51.309,416.0684158574008,5
2024-09-19 09:55:51.352,416.0846818088507,997
2024-09-19 09:55:51.369,416.082956326246,9
2024-09-19 09:55:51.470,416.089843626664,13
2024-09-19 09:55:51.533,416.06175205913,104
2024-09-19 09:55:51.539,-416.0664866715051,1003
2024-09-19 09:55:51.599,416.0863246405791,100
2024-09-19 09:55:51.675,416.0925357259716,102
2024-09-19 09:55:51.681,416.0788851738484,998
2024-09-19 09:55:51.701,-416.05700413408346,6
2024-09-19 09:55:51.703,416.0840181816761,99
2024-09-19 09:55:51.760,416.0782483535825,1002
2024-09-19 09:55:51.765,416.0692264430971,999
2024-09-19 09:55:51.796,416.0906360344341,13
2024-09-19 09:55:51.811,416.082338916016,99
2024-09-19 09:55:51.923,416.0685744884668,1002
2024-09-19 09:55:51.929,416.0699460084234,104
2024-09-19 09:55:51.989,416.0869955181954,104
2024-09-19 09:55:52.187,416.12470155836166,96
2024-09-19 09:55:52.385,416.1159181514684,1003
2024-09-19 09:55:52.429,416.11175872738073,13
2024-09-19 09:55:52.603,416.1295807694789,98
2024-09-19 09:55:52.880,416.1052208988137,105
2024-09-19 09:55:52.984,416.08548257677467,97
2024-09-19 09:55:53.050,415.9916157643586,14
2024-09-19 09:55:53.165,,105
2024-09-19 09:55:53.170,416.1254049143239,96
2024-09-19 09:55:53.182,415.9349075607042,10
2024-09-19 09:55:53.201,416.0077544525038,998
2024-09-19 09:55:53.300,416.0133795202633,100
2024-09-19 09:55:53.408,416.10724918913286,7
2024-09-19 09:55:53.420,416.0883151889077,1001
2024-09-19 09:55:53.422,415.9677040886644,100
2024-09-19 09:55:53.506,416.0331300218946,14
2024-09-19 09:55:53.516,415.98998456314354,97
2024-09-19 09:55:53.558,415.9408300583592,7
2024-09-19 09:55:53.596,415.99037545548657,104
2024-09-19 09:55:53.618,416.0113932032461,104
2024-09-19 09:55:53.625,415.9712207787177,999
2024-09-19 09:55:53.662,415.9689929492649,100
2024-09-19 09:55:53.666,416.0716737915986,98
2024-09-19 09:55:53.670,416.01284752674326,1001
2024-09-19 09:55:53.728,416.0252351215077,103
2024-09-19 09:55:53.756,415.9794696422194,11
2024-09-19 09:55:53.777,415.9960251960278,1001
2024-09-19 09:55:53.855,415.946296315334,98
2024-09-19 09:55:53.933,415.9560428699127,104
2024-09-19 09:55:53.944,416.0266861296574,12
2024-09-19 09:55:53.953,416.1373616549811,999
2024-09-19 09:55:53.959,416.0330267229131,1003
2024-09-19 09:55:54.070,415.8919192344112,997
2024-09-19 09:55:54.092,415.9369569639022,102
2024-09-19 09:55:54.102,415.8816353788891,98
2024-09-19 09:55:54.121,415.9218920226274,96
2024-09-19 09:55:54.132,415.8912806726538,1004
2024-09-19 09:55:54.142,415.89195205243647,103
2024-09-19 09:55:54.233,415.89540771944655,102
2024-09-19 09:55:54.237,415.95474622670383,15
2024-09-19 09:55:54.279,415.8959433556329,5
2024-09-19 09:55:54.345,415.8424447635596,100
2024-09-19 09:55:54.346,415.8906744893944,104
2024-09-19 09:55:54.368,415.9040139046021,9
2024-09-19 09:55:54.387,415.839934290328,999
2024-09-19 09:55:54.505,415.9367481996862,8
2024-09-19 09:55:54.523,415.9308982489183,104
2024-09-19 09:55:54.567,415.841892970833,7
2024-09-19 09:55:54.589,415.86946102675535,14
2024-09-19 09:55:54.610,415.8850309110453,100
2024-09-19 09:55:54.621,415.87838552381294,997
2024-09-19 09:55:54.630,415.858766026504,101
2024-09-19 09:55:54.662,415.878322384375,1002
2024-09-19 09:55:54.663,415.8458511795655,5
2024-09-19 09:55:54.684,415.8602010648617,14
2024-09-19 09:55:54.689,415.9025899284418,6
2024-09-19 09:55:54.754,415.9139908930331,5
2024-09-19 09:55:54.779,415.8948472863988,996
2024-09-19 09:55:54.811,415.9035634181814,7
2024-09-19 09:55:54.816,415.8608207070028,1003
2024-09-19 09:55:54.825,415.90511669750657,12
2024-09-19 09:55:54.867,415.8990216885571,1005
2024-09-19 09:55:55.006,415.84319745804623,97
2024-09-19 09:55:55.118,,105
2024-09-19 09:55:55.143,415.8077739888504,1002
2024-09-19 09:55:55.159,415.8502132604232,995
2024-09-19 09:55:55.187,415.85578627167376,96
2024-09-19 09:55:55.207,415.8434901588323,1001
2024-09-19 09:55:55.228,415.8481690958348,101
2024-09-19 09:55:55.279,415.86991229408807,105
2024-09-19 09:55:55.343,-415.8504778501735,995
2024-09-19 09:55:55.381,415.8723886902093,101
2024-09-19 09:55:55.429,415.8652579465556,999
2024-09-19 09:55:55.435,415.8694878440079,99
2024-09-19 09:55:55.438,415.853197131721,8
2024-09-19 09:55:55.533,415.84325748965017,15
2024-09-19 09:55:55.539,415.836531738974,14
2024-09-19 09:55:55.570,415.8464612836849,101
2024-09-19 09:55:55.579,415.8666928761009,1001
2024-09-19 09:55:55.587,415.8568456985933,997
2024-09-19 09:55:55.602,415.8562833534352,9
2024-09-19 09:55:55.701,415.86718744547534,15
2024-09-19 09:55:55.939,415.8684546591154,1000
2024-09-19 09:55:55.948,415.878592818038,99
2024-09-19 09:55:55.961,415.8613738296038,11
2024-09-19 09:55:55.963,415.86238929804506,10
2024-09-19 09:55:55.968,415.8717910446807,97
2024-09-19 09:55:56.022,415.838271434389,97
2024-09-19 09:55:56.040,415.8607202859027,105
2024-09-19 09:55:56.133,415.8836775845476,996
2024-09-19 09:55:56.175,415.8842395245081,95
2024-09-19 09:55:56.262,415.93689365045617,998
2024-09-19 09:55:56.277,415.96168524775305,15
2024-09-19 09:55:56.289,415.8800675145724,10
2024-09-19 09:55:56.318,415.8747809340993,7
2024-09-19 09:55:56.326,415.82340098347913,11
2024-09-19 09:55:56.343,415.8416967960088,103
2024-09-19 09:55:56.364,415.9215048010056,1000
2024-09-19 09:55:56.419,415.8473932804861,997
2024-09-19 09:55:56.442,415.8570468070568,6
2024-09-19 09:55:56.531,415.860782047842,1000
2024-09-19 09:55:56.532,415.880539884529,103
2024-09-19 09:55:56.633,415.8469667319797,99
2024-09-19 09:55:56.656,415.8435394778818,1004
2024-09-19 09:55:56.761,415.879209678409,11
2024-09-19 09:55:56.813,415.8695839908812,998
2024-09-19 09:55:56.837,415.8328196429376,97
2024-09-19 09:55:56.864,415.8640105638288,97
2024-09-19 09:55:56.947,415.9402941744853,105
2024-09-19 09:55:56.974,415.8513503190363,1000
2024-09-19 09:55:56.984,415.9080630808464,9
2024-09-19 09:55:57.072,416.0055795703099,1000
2024-09-19 09:55:57.114,415.9761309103967,997
2024-09-19 09:55:57.270,415.9803526952554,1005
2024-09-19 09:55:57.350,415.9680815248365,5
2024-09-19 09:55:57.439,415.9607429341266,1001
2024-09-19 09:55:57.504,415.9816116239561,95
2024-09-19 09:55:57.550,415.9801034244096,14
2024-09-19 09:55:57.637,415.9820966128461,995
2024-09-19 09:55:57.811,41.59660900004656,5
2024-09-19 09:55:57.862,415.9581492943687,15
2024-09-19 09:55:57.868,415.9683654478545,996
2024-09-19 09:55:57.870,416.0206660185647,13
2024-09-19 09:55:57.919,416.02158934667057,1005
2024-09-19 09:55:57.966,416.0263233760974,1002
2024-09-19 09:55:58.102,415.9205191456263,6
2024-09-19 09:55:58.125,415.9191390869967,105
2024-09-19 09:55:58.125,415.9804276044495,15
2024-09-19 09:55:58.234,415.9302132950638,998
2024-09-19 09:55:58.245,415.91197937803616,100
2024-09-19 09:55:58.311,415.92114561873007,9
2024-09-19 09:55:58.322,415.9376173338732,103
2024-09-19 09:55:58.355,415.9164336285797,96
2024-09-19 09:55:58.444,415.9151856465853,102
2024-09-19 09:55:58.509,415.976025561025,998
2024-09-19 09:55:58.527,415.8906077635227,10
2024-09-19 09:55:58.548,415.9369726708336,98
2024-09-19 09:55:58.609,415.9098128690632,12
2024-09-19 09:55:58.618,416.0085243432353,1001
2024-09-19 09:55:58.675,415.9486254501025,12
2024-09-19 09:55:58.690,415.8948743440412,8
2024-09-19 09:55:58.700,,96
2024-09-19 09:55:58.726,415.9470116071579,996
2024-09-19 09:55:58.740,415.9813192858943,13
2024-09-19 09:55:58.770,415.9201457978567,103
2024-09-19 09:55:58.777,415.932029774787,105
2024-09-19 09:55:58.891,415.92659762676976,100
2024-09-19 09:55:58.896,415.91873433174015,1001
2024-09-19 09:55:58.945,415.915477057357,6
2024-09-19 09:55:58.963,415.8954524988636,1005
2024-09-19 09:55:58.966,,995
2024-09-19 09:55:59.040,415.92335604573327,7
2024-09-19 09:55:59.121,415.8737880826759,7
2024-09-19 09:55:59.226,415.864649948424,14
2024-09-19 09:55:59.242,415.8958913409072,104
2024-09-19 09:55:59.256,415.853182245544,8
2024-09-19 09:55:59.260,415.8606527931199,998
2024-09-19 09:55:59.284,415.864196231841,14
2024-09-19 09:55:59.289,415.9063374246002,996
2024-09-19 09:55:59.419,415.8817809102882,15
2024-09-19 09:55:59.473,415.8569753874512,995
2024-09-19 09:55:59.505,415.8602472771823,7
2024-09-19 09:55:59.555,415.8592952542189,105
2024-09-19 09:55:59.605,415.8675783479849,12
2024-09-19 09:55:59.637,415.8645521975211,1001
2024-09-19 09:55:59.637,415.87097193994975,1000
2024-09-19 09:55:59.680,415.89428204935376,105
2024-09-19 09:55:59.717,415.87637575302,998
2024-09-19 09:55:59.889,415.9142004907517,999
2024-09-19 09:55:59.967,415.8522966274711,1001
