Timestamp,Price,Size
2024-09-16 11:12:00.080,416.8321486041374,96
2024-09-16 11:12:00.121,416.87444886838034,996
2024-09-16 11:12:00.306,416.8136307053064,1001
2024-09-16 11:12:00.315,416.8736727832047,8
2024-09-16 11:12:00.399,416.8059052874493,13
2024-09-16 11:12:00.405,416.8221022294292,99
2024-09-16 11:12:00.439,,7
2024-09-16 11:12:00.449,416.8298060727643,997
2024-09-16 11:12:00.502,416.8656208243829,998
2024-09-16 11:12:00.562,416.80182223332497,96
2024-09-16 11:12:00.629,416.8370556736127,10
2024-09-16 11:12:00.791,416.87437534184767,8
2024-09-16 11:12:00.839,416.87446984064667,96
2024-09-16 11:12:00.867,416.812192625794,99
2024-09-16 11:12:00.880,41.681505878739245,11
2024-09-16 11:12:00.899,416.86355892871126,995
2024-09-16 11:12:00.980,416.8237334926962,12
2024-09-16 11:12:01.295,416.8272270959079,99
2024-09-16 11:12:02.058,416.7607323237104,995
2024-09-16 11:12:02.143,416.67639238706914,1005
2024-09-16 11:12:02.234,416.6983785769447,105
2024-09-16 11:12:02.235,416.6664847929959,99
2024-09-16 11:12:02.326,416.7857972432537,99
2024-09-16 11:12:02.340,416.69983097686014,6
2024-09-16 11:12:02.507,416.563701295088,996
2024-09-16 11:12:02.515,416.7569662990229,13
2024-09-16 11:12:02.533,416.5875953859784,105
2024-09-16 11:12:02.535,416.6500179871984,97
2024-09-16 11:12:02.537,416.57172743630167,14
2024-09-16 11:12:02.566,416.6630089655933,999
2024-09-16 11:12:02.581,41.67535049394804,100
2024-09-16 11:12:02.637,416.63569685403337,7
2024-09-16 11:12:02.638,416.59908828187207,998
2024-09-16 11:12:02.642,416.6238433484661,5
2024-09-16 11:12:02.681,416.63804361438594,995
2024-09-16 11:12:02.718,416.7189926338801,96
2024-09-16 11:12:02.740,416.6083920285829,98
2024-09-16 11:12:02.767,416.7463878447142,1001
2024-09-16 11:12:02.771,416.5563883273212,1001
2024-09-16 11:12:02.808,416.60046783994255,12
2024-09-16 11:12:02.838,416.6384021073553,10
2024-09-16 11:12:02.838,416.7619582526049,10
2024-09-16 11:12:02.849,416.7116084106196,12
2024-09-16 11:12:02.894,416.6647681555767,1003
2024-09-16 11:12:02.903,416.8143972764545,9
2024-09-16 11:12:02.920,416.7770222589132,7
2024-09-16 11:12:02.959,41.678260993635455,12
2024-09-16 11:12:03.078,416.6259958358178,105
2024-09-16 11:12:03.214,416.6874824981962,15
2024-09-16 11:12:03.236,416.707179681662,7
2024-09-16 11:12:03.253,416.6879815083117,105
2024-09-16 11:12:03.271,416.5952988830268,98
2024-09-16 11:12:03.310,416.6405736305924,14
2024-09-16 11:12:03.359,416.6883480477902,8
2024-09-16 11:12:03.400,416.62757782210673,96
2024-09-16 11:12:03.455,416.68988382456575,1003
2024-09-16 11:12:03.503,416.7026913110444,103
2024-09-16 11:12:03.530,416.6215542518716,1002
2024-09-16 11:12:03.577,416.6453573401076,100
2024-09-16 11:12:03.634,416.69272920592215,999
2024-09-16 11:12:03.637,416.6120949379618,996
2024-09-16 11:12:03.702,416.6016957834786,8
2024-09-16 11:12:03.755,416.6360695572964,100
2024-09-16 11:12:03.762,416.6326353760562,105
2024-09-16 11:12:03.774,416.64043053602205,1005
2024-09-16 11:12:03.885,416.55474911097735,95
2024-09-16 11:12:03.887,416.6573946845356,11
2024-09-16 11:12:04.016,416.6487155462033,14
2024-09-16 11:12:04.056,416.6624894437185,96
2024-09-16 11:12:04.084,416.6759106243932,1005
2024-09-16 11:12:04.128,416.6516430280757,103
2024-09-16 11:12:04.166,416.66553570165,1005
2024-09-16 11:12:04.305,416.69523135627855,7
2024-09-16 11:12:04.310,416.69550059226873,11
2024-09-16 11:12:04.519,416.6545797141449,102
2024-09-16 11:12:04.537,416.6954057842885,1004
2024-09-16 11:12:04.990,416.6986008098288,95
2024-09-16 11:12:05.007,416.69211908115386,12
2024-09-16 11:12:05.020,416.7206397599674,98
2024-09-16 11:12:05.084,416.7069245279827,96
2024-09-16 11:12:05.119,416.7210055709924,1000
2024-09-16 11:12:05.157,416.6923901302417,998
2024-09-16 11:12:05.179,416.711118835104,96
2024-09-16 11:12:05.282,416.69829634865584,999
2024-09-16 11:12:05.290,416.6719285827443,101
2024-09-16 11:12:05.326,416.6998075641853,97
2024-09-16 11:12:05.412,416.6906527473927,13
2024-09-16 11:12:05.419,416.693712951141,1003
2024-09-16 11:12:05.420,416.7153854479394,104
2024-09-16 11:12:05.552,416.71547711233137,9
2024-09-16 11:12:05.605,416.7083885238821,7
2024-09-16 11:12:05.639,416.7353734372396,15
2024-09-16 11:12:05.660,416.716693224125,101
2024-09-16 11:12:05.677,416.7160634061683,103
2024-09-16 11:12:05.678,416.7262833395035,996
2024-09-16 11:12:05.692,416.7045421652564,96
2024-09-16 11:12:05.781,416.7112888373529,1002
2024-09-16 11:12:05.800,416.7123459738853,10
2024-09-16 11:12:05.836,416.7180668726514,997
2024-09-16 11:12:05.910,416.7207367874652,97
2024-09-16 11:12:05.925,416.7018401869769,11
2024-09-16 11:12:05.967,416.6691705162997,105
2024-09-16 11:12:06.044,416.6733624850661,98
2024-09-16 11:12:06.054,416.7007816763239,96
2024-09-16 11:12:06.060,416.6686259830912,101
2024-09-16 11:12:06.090,416.7126320855479,95
2024-09-16 11:12:06.113,416.686780213709,103
2024-09-16 11:12:06.124,416.6658863899248,14
2024-09-16 11:12:06.340,416.7266402445739,95
2024-09-16 11:12:06.362,416.7328830478176,13
2024-09-16 11:12:06.390,416.7210907149173,99
2024-09-16 11:12:06.405,416.7539582233192,104
2024-09-16 11:12:06.413,416.6826791064208,14
2024-09-16 11:12:06.461,416.7297835133963,105
2024-09-16 11:12:06.636,416.67115533956354,12
2024-09-16 11:12:06.640,416.7296638822354,100
2024-09-16 11:12:06.742,416.6704468508997,105
2024-09-16 11:12:06.765,-416.6678934437524,9
2024-09-16 11:12:06.818,416.7422879022356,1001
2024-09-16 11:12:06.836,416.7404573691111,13
2024-09-16 11:12:06.890,416.7200290161403,9
2024-09-16 11:12:06.928,416.72952325129097,14
2024-09-16 11:12:06.936,416.6714237051496,101
2024-09-16 11:12:06.948,416.6705879229594,103
2024-09-16 11:12:06.990,416.6749197715448,999
2024-09-16 11:12:07.308,416.70337142211775,1001
2024-09-16 11:12:07.309,416.7094630622048,15
2024-09-16 11:12:07.334,416.6887553774149,5
2024-09-16 11:12:07.400,416.70326773590153,105
2024-09-16 11:12:07.538,416.69001281778696,13
2024-09-16 11:12:07.542,416.6948270542426,1002
2024-09-16 11:12:07.571,416.6967853844394,96
2024-09-16 11:12:07.598,416.68250189162575,1000
2024-09-16 11:12:07.733,416.6897029716651,1004
2024-09-16 11:12:07.803,416.70585986700456,1002
2024-09-16 11:12:07.833,416.7084737954169,1005
2024-09-16 11:12:07.939,416.6983074434328,15
2024-09-16 11:12:08.116,416.73027930949377,1003
2024-09-16 11:12:08.352,416.7238685593855,102
2024-09-16 11:12:08.769,416.7195589042764,13
2024-09-16 11:12:09.009,416.7493983592349,15
2024-09-16 11:12:09.059,416.75663048316585,1002
2024-09-16 11:12:09.061,416.7734426506896,1000
2024-09-16 11:12:09.145,416.8248529625405,96
2024-09-16 11:12:09.190,416.7760635063367,1001
2024-09-16 11:12:09.209,416.7517144871507,996
2024-09-16 11:12:09.275,416.73753748768894,995
2024-09-16 11:12:09.302,416.78059808522505,1002
2024-09-16 11:12:09.328,416.77906632279183,13
2024-09-16 11:12:09.446,416.79395184490414,96
2024-09-16 11:12:09.464,416.7662801785514,9
2024-09-16 11:12:09.511,416.7879817495447,98
2024-09-16 11:12:09.535,416.8052109205152,5
2024-09-16 11:12:09.550,416.8039813733335,104
2024-09-16 11:12:09.569,416.7639330428232,14
2024-09-16 11:12:09.624,416.736786872032,1001
2024-09-16 11:12:09.678,416.7886858129262,103
2024-09-16 11:12:09.754,416.7877583850851,95
2024-09-16 11:12:09.799,416.800235913024,105
2024-09-16 11:12:09.964,416.7566297689891,14
2024-09-16 11:12:10.434,416.8358806037018,7
2024-09-16 11:12:10.462,416.8377912054471,98
2024-09-16 11:12:10.513,416.8154397826159,12
2024-09-16 11:12:10.565,416.8306443419541,1003
2024-09-16 11:12:10.655,416.81686352139593,105
2024-09-16 11:12:10.851,416.8230631672429,98
2024-09-16 11:12:11.019,416.7960241663794,5
2024-09-16 11:12:11.063,416.8473161378745,101
2024-09-16 11:12:11.097,416.8481022371168,95
2024-09-16 11:12:11.100,416.8008899996269,999
2024-09-16 11:12:11.126,416.83867446354384,97
2024-09-16 11:12:11.202,416.7786752454411,100
2024-09-16 11:12:11.206,416.8662559800427,103
2024-09-16 11:12:11.281,416.8707858804349,102
2024-09-16 11:12:11.323,416.8745607992311,98
2024-09-16 11:12:11.326,416.831040170765,997
2024-09-16 11:12:11.337,416.8106711157781,12
2024-09-16 11:12:11.346,416.7908801082201,12
2024-09-16 11:12:11.375,416.8201158637112,10
2024-09-16 11:12:11.435,416.8478246226055,996
2024-09-16 11:12:11.460,,104
2024-09-16 11:12:11.487,416.8457189334183,998
2024-09-16 11:12:11.494,416.81863780952,6
2024-09-16 11:12:11.572,416.8642578598651,1001
2024-09-16 11:12:11.573,416.8297121878864,14
2024-09-16 11:12:11.597,416.87289893801466,14
2024-09-16 11:12:11.695,416.834617388486,12
2024-09-16 11:12:11.699,416.7706604290343,10
2024-09-16 11:12:11.753,416.8570963653721,8
2024-09-16 11:12:11.844,416.7892311147176,996
2024-09-16 11:12:11.871,416.8329420128312,6
2024-09-16 11:12:11.944,416.8530226782992,98
2024-09-16 11:12:11.967,416.8045785985536,1001
2024-09-16 11:12:11.984,416.7884412917051,14
2024-09-16 11:12:12.004,416.86646678165846,11
2024-09-16 11:12:12.157,416.8691029827014,14
2024-09-16 11:12:12.259,416.87594452973616,98
2024-09-16 11:12:12.283,416.8414590016729,12
2024-09-16 11:12:12.520,416.8529973511,996
2024-09-16 11:12:12.624,416.8364889225476,8
2024-09-16 11:12:12.670,416.8759299427442,101
2024-09-16 11:12:12.766,416.84627858825735,102
2024-09-16 11:12:12.781,416.8588575660994,96
2024-09-16 11:12:12.792,416.8704980585872,98
2024-09-16 11:12:13.023,416.9264099236573,1003
2024-09-16 11:12:13.122,416.8979538129444,13
2024-09-16 11:12:13.160,416.86831524020494,7
2024-09-16 11:12:13.253,416.93388598810793,6
2024-09-16 11:12:13.303,416.8736934418456,5
2024-09-16 11:12:13.318,416.8801849607317,101
2024-09-16 11:12:13.332,416.84422444300617,95
2024-09-16 11:12:13.334,416.9373775762652,14
2024-09-16 11:12:13.385,416.91655414343234,1002
2024-09-16 11:12:13.391,416.8924192792989,1002
2024-09-16 11:12:13.398,416.8358151533955,13
2024-09-16 11:12:13.405,416.90874301596017,97
2024-09-16 11:12:13.411,416.8827052657427,98
2024-09-16 11:12:13.419,416.8910200578364,5
2024-09-16 11:12:13.450,416.8221207067252,7
2024-09-16 11:12:13.478,416.83541002767527,6
2024-09-16 11:12:13.534,416.8670906625511,1002
2024-09-16 11:12:13.577,416.8603388710225,15
2024-09-16 11:12:13.623,416.8295790795809,999
2024-09-16 11:12:13.776,416.8482243111438,96
2024-09-16 11:12:13.791,416.9211752108064,105
2024-09-16 11:12:14.005,416.9363052867311,1005
2024-09-16 11:12:14.034,416.9842952742189,101
2024-09-16 11:12:14.084,416.9487869383861,100
2024-09-16 11:12:14.152,416.97253376086496,1001
2024-09-16 11:12:14.185,416.9714315038333,104
2024-09-16 11:12:14.212,416.96812656264376,1000
2024-09-16 11:12:14.246,416.9843742189383,6
2024-09-16 11:12:14.328,416.94094043748464,13
2024-09-16 11:12:14.407,416.9306596113572,995
2024-09-16 11:12:14.438,417.00227359747305,1002
2024-09-16 11:12:14.452,416.9496527277065,96
2024-09-16 11:12:14.589,416.9572184421564,995
2024-09-16 11:12:14.650,416.9883258521421,97
2024-09-16 11:12:14.720,416.9594731740621,7
2024-09-16 11:12:14.759,416.985924682402,100
2024-09-16 11:12:14.791,416.9796817605649,1004
2024-09-16 11:12:14.792,416.93314392560495,1000
2024-09-16 11:12:14.858,416.95044024910766,998
2024-09-16 11:12:14.897,416.94167049257817,98
2024-09-16 11:12:14.921,416.98647352442,105
2024-09-16 11:12:14.948,416.9503488971027,996
2024-09-16 11:12:14.992,416.963807878688,12
2024-09-16 11:12:15.132,41.6959064324958,96
2024-09-16 11:12:15.514,416.93797739170185,1004
2024-09-16 11:12:15.848,416.94027497896695,1004
2024-09-16 11:12:16.055,417.0382838103153,14
2024-09-16 11:12:16.074,417.0459860732512,998
2024-09-16 11:12:16.118,416.9391322120324,1005
2024-09-16 11:12:16.140,417.0061455694466,10
2024-09-16 11:12:16.154,417.0320880183853,1000
2024-09-16 11:12:16.282,417.0209101615055,999
2024-09-16 11:12:16.303,416.96755756972817,15
2024-09-16 11:12:16.315,417.0346344980257,1002
2024-09-16 11:12:16.334,417.0095295875222,98
2024-09-16 11:12:16.368,417.01372035458434,7
2024-09-16 11:12:16.411,416.9591394334912,11
2024-09-16 11:12:16.415,416.9555859503618,1004
2024-09-16 11:12:16.419,416.98268858587534,15
2024-09-16 11:12:16.499,416.9895107973127,100
2024-09-16 11:12:16.566,416.967389266599,1000
2024-09-16 11:12:16.636,416.9625321452853,97
2024-09-16 11:12:16.681,417.0239144977862,98
2024-09-16 11:12:16.732,416.9707496248815,13
2024-09-16 11:12:16.736,417.0299978479619,102
2024-09-16 11:12:16.773,417.0410761157139,995
2024-09-16 11:12:16.803,416.97937293587177,104
2024-09-16 11:12:16.891,416.97417742656336,9
2024-09-16 11:12:16.892,416.9618150641803,95
2024-09-16 11:12:16.920,416.9426670216195,101
2024-09-16 11:12:16.930,416.9779821495213,15
2024-09-16 11:12:16.951,416.94444236271926,12
2024-09-16 11:12:16.989,417.0446506007052,104
2024-09-16 11:12:17.014,417.0859803962216,1004
2024-09-16 11:12:17.018,417.060360612664,102
2024-09-16 11:12:17.037,417.0322177577948,13
2024-09-16 11:12:17.140,417.08301159027536,998
2024-09-16 11:12:17.213,417.1050663105877,1001
2024-09-16 11:12:17.438,417.04066550655193,996
2024-09-16 11:12:17.444,417.10427549757,996
2024-09-16 11:12:17.579,,97
2024-09-16 11:12:17.605,417.1150938257369,96
2024-09-16 11:12:17.728,417.1155942284604,1004
2024-09-16 11:12:17.773,417.0960677994458,995
2024-09-16 11:12:17.870,417.09676444940254,5
2024-09-16 11:12:17.876,417.0746750188899,7
2024-09-16 11:12:17.924,417.1143296590944,98
2024-09-16 11:12:19.028,417.0543572387161,10
2024-09-16 11:12:19.048,417.05162182060616,12
2024-09-16 11:12:19.139,417.08594103129,99
2024-09-16 11:12:19.150,417.1318632183537,104
2024-09-16 11:12:19.238,417.1034716973399,103
2024-09-16 11:12:19.250,417.0512125231856,99
2024-09-16 11:12:19.250,417.0521754334417,1000
2024-09-16 11:12:19.277,417.0522975289069,15
2024-09-16 11:12:19.324,417.0404375458664,1003
2024-09-16 11:12:19.487,417.0532532594249,999
2024-09-16 11:12:19.532,417.0874986223348,5
2024-09-16 11:12:19.539,417.08354882926784,99
2024-09-16 11:12:19.564,417.1532830333743,100
2024-09-16 11:12:19.606,417.0635949181296,998
2024-09-16 11:12:19.681,417.0484807100623,96
2024-09-16 11:12:19.715,417.0654353546711,97
2024-09-16 11:12:19.792,-417.0515544700148,9
2024-09-16 11:12:19.805,417.0466050088317,1004
2024-09-16 11:12:19.815,417.0628544628343,1001
2024-09-16 11:12:19.849,417.08091357118064,95
2024-09-16 11:12:19.881,417.1553238876025,14
2024-09-16 11:12:19.957,417.0470454927083,98
2024-09-16 11:12:20.382,417.1450805931132,8
2024-09-16 11:12:20.382,417.1312952281278,8
2024-09-16 11:12:21.067,417.0832625971488,14
2024-09-16 11:12:21.118,417.1006422507032,12
2024-09-16 11:12:21.138,417.084189535256,7
2024-09-16 11:12:21.286,417.0949242316857,101
2024-09-16 11:12:21.302,417.09159524048187,15
2024-09-16 11:12:21.550,417.08020230664414,95
2024-09-16 11:12:21.551,417.09738621667947,12
2024-09-16 11:12:21.773,417.1027351904427,100
2024-09-16 11:12:21.777,417.0986667154357,103
2024-09-16 11:12:21.783,417.1265645698498,6
2024-09-16 11:12:21.838,417.0949092358515,8
2024-09-16 11:12:21.864,417.0965408303532,95
2024-09-16 11:12:21.955,417.10227204324735,10
2024-09-16 11:12:22.186,417.06564875202486,1001
2024-09-16 11:12:22.389,417.0660594946268,7
2024-09-16 11:12:22.397,417.1022035537696,1004
2024-09-16 11:12:22.484,417.0767485849601,1003
2024-09-16 11:12:22.629,417.0773213990117,101
2024-09-16 11:12:23.000,416.988497588292,105
2024-09-16 11:12:23.032,417.0311119546065,96
2024-09-16 11:12:23.145,417.0070123148771,101
2024-09-16 11:12:23.180,417.00755231072617,997
2024-09-16 11:12:23.186,417.0155912586164,103
2024-09-16 11:12:23.336,417.00310331376,98
2024-09-16 11:12:23.529,417.0535761762266,14
2024-09-16 11:12:23.595,417.038375191107,11
2024-09-16 11:12:23.613,417.01833988154016,15
2024-09-16 11:12:23.627,417.07093867134,12
2024-09-16 11:12:23.696,416.97732237602105,99
2024-09-16 11:12:23.825,417.0716844471738,9
2024-09-16 11:12:23.874,417.0102383582157,105
2024-09-16 11:12:23.878,417.0555540615727,14
2024-09-16 11:12:23.921,417.0043218045941,5
2024-09-16 11:12:23.925,417.0317038036748,996
2024-09-16 11:12:24.023,417.0432028052332,14
2024-09-16 11:12:24.036,416.9530079130939,98
2024-09-16 11:12:24.069,416.96716856136544,9
2024-09-16 11:12:24.071,416.9493252302156,10
2024-09-16 11:12:24.085,416.9592076256087,1005
2024-09-16 11:12:24.089,416.9858279180935,1003
2024-09-16 11:12:24.090,416.9650344231433,13
2024-09-16 11:12:24.126,416.9623706631016,98
2024-09-16 11:12:24.166,417.0203407111749,98
2024-09-16 11:12:24.206,416.98219983933984,98
2024-09-16 11:12:24.239,416.9306491408899,999
2024-09-16 11:12:24.273,417.0282227797025,96
2024-09-16 11:12:24.411,416.9037140949316,997
2024-09-16 11:12:24.446,416.9213630312509,1002
2024-09-16 11:12:24.481,416.92096154274606,6
2024-09-16 11:12:24.549,416.94115696001217,100
2024-09-16 11:12:24.673,416.9185546579554,1000
2024-09-16 11:12:24.723,416.9698494636592,10
2024-09-16 11:12:24.750,417.0009848855516,15
2024-09-16 11:12:24.806,416.9626835263448,14
2024-09-16 11:12:24.927,416.9736601403565,15
2024-09-16 11:12:24.931,416.9909108553943,6
2024-09-16 11:12:24.966,416.9374844010106,995
2024-09-16 11:12:24.968,416.9261376006604,5
2024-09-16 11:12:26.040,416.946395848552,10
2024-09-16 11:12:26.229,416.9489748351882,995
2024-09-16 11:12:26.377,416.9690677026232,995
2024-09-16 11:12:26.456,416.9427662038177,996
2024-09-16 11:12:26.541,416.9368778031604,105
2024-09-16 11:12:27.100,416.9841366198521,11
2024-09-16 11:12:27.250,416.9730643722892,11
2024-09-16 11:12:27.263,416.96381268661327,12
2024-09-16 11:12:27.263,416.9866009093022,104
2024-09-16 11:12:27.734,416.96702310295774,996
2024-09-16 11:12:28.008,417.0164335061479,12
2024-09-16 11:12:28.058,417.1065258097077,999
2024-09-16 11:12:28.063,417.0259344939775,997
2024-09-16 11:12:28.065,417.0658948368984,98
2024-09-16 11:12:28.125,417.0870939626873,997
2024-09-16 11:12:28.152,417.0341717112385,97
2024-09-16 11:12:28.234,417.02170332764376,8
2024-09-16 11:12:28.357,417.0779786716177,10
2024-09-16 11:12:28.479,417.0801268009288,1002
2024-09-16 11:12:28.498,417.0777675105792,103
2024-09-16 11:12:28.504,417.07671457518217,97
2024-09-16 11:12:28.538,417.0835959570071,7
2024-09-16 11:12:28.585,417.0838429904399,14
2024-09-16 11:12:28.628,417.07710895193225,1002
2024-09-16 11:12:28.679,417.11532025464817,998
2024-09-16 11:12:28.770,417.04910399869016,96
2024-09-16 11:12:28.849,417.097391731292,13
2024-09-16 11:12:28.865,417.0224517156299,6
2024-09-16 11:12:28.904,-417.0175499415466,96
2024-09-16 11:12:28.973,416.99083311401466,100
2024-09-16 11:12:29.063,417.0589828657022,6
2024-09-16 11:12:29.063,,13
2024-09-16 11:12:29.150,417.1255034185497,98
2024-09-16 11:12:29.193,417.0606188331794,100
2024-09-16 11:12:29.252,417.1022166857339,100
2024-09-16 11:12:29.282,417.0474599889213,100
2024-09-16 11:12:29.308,417.099593536763,997
2024-09-16 11:12:29.366,417.0855339574565,1000
2024-09-16 11:12:29.572,417.0427117217447,105
2024-09-16 11:12:29.791,417.1153745194608,103
2024-09-16 11:12:29.802,417.08957996359726,14
2024-09-16 11:12:29.816,417.0644407125464,1001
2024-09-16 11:12:29.827,417.0884752975512,996
2024-09-16 11:12:29.929,417.0330093401358,97
2024-09-16 11:12:29.936,417.11284045231207,1003
2024-09-16 11:12:30.016,41.70952951902181,97
2024-09-16 11:12:30.052,417.09705510059695,101
2024-09-16 11:12:30.070,417.07523281735257,5
2024-09-16 11:12:30.077,41.706224652412686,5
2024-09-16 11:12:30.123,417.0740883819879,100
2024-09-16 11:12:30.140,417.0902645948446,1001
2024-09-16 11:12:30.145,417.06584649791546,103
2024-09-16 11:12:30.150,417.0884828299653,14
2024-09-16 11:12:30.152,417.0914362664344,104
2024-09-16 11:12:30.162,417.0775539056362,12
2024-09-16 11:12:30.184,417.0872967365648,999
2024-09-16 11:12:30.199,417.09220984244513,1002
2024-09-16 11:12:30.308,417.09455814363866,7
2024-09-16 11:12:30.315,417.0745545517236,99
2024-09-16 11:12:30.377,417.09547486748215,998
2024-09-16 11:12:30.402,417.0609272695256,6
2024-09-16 11:12:30.406,417.1101195525698,1005
2024-09-16 11:12:30.458,417.09183316994506,15
2024-09-16 11:12:30.459,417.1055561525377,995
2024-09-16 11:12:30.528,417.06496979259055,105
2024-09-16 11:12:30.588,417.10923122208993,13
2024-09-16 11:12:30.626,417.115974400343,10
2024-09-16 11:12:30.767,417.09058496328754,100
2024-09-16 11:12:30.804,417.11587244604857,1001
2024-09-16 11:12:30.851,417.0764253687686,6
2024-09-16 11:12:30.886,417.075162105428,1003
2024-09-16 11:12:30.910,417.0770638609793,99
2024-09-16 11:12:30.953,417.0941546578374,103
2024-09-16 11:12:31.134,417.0668861810503,102
2024-09-16 11:12:31.557,417.0826158206557,96
2024-09-16 11:12:31.598,417.0734399861623,9
2024-09-16 11:12:31.723,417.0859354943332,996
2024-09-16 11:12:32.034,417.04904072692784,1005
2024-09-16 11:12:32.065,417.0581361689637,96
2024-09-16 11:12:32.100,417.0473712904905,8
2024-09-16 11:12:32.148,417.0765017335116,103
2024-09-16 11:12:32.212,417.0781925518607,1000
2024-09-16 11:12:32.313,417.08371114149446,997
2024-09-16 11:12:32.348,417.0635443787161,13
2024-09-16 11:12:32.369,417.0569558739172,12
2024-09-16 11:12:32.406,417.068214769027,15
2024-09-16 11:12:32.485,417.0433527360751,6
2024-09-16 11:12:32.520,41.70500507177276,12
2024-09-16 11:12:32.602,417.0737232586121,102
2024-09-16 11:12:32.667,417.0604921061821,14
2024-09-16 11:12:32.829,417.088886090114,996
2024-09-16 11:12:32.945,417.0664184358061,100
2024-09-16 11:12:32.991,417.0856653552871,13
2024-09-16 11:12:33.060,417.0183926500721,995
2024-09-16 11:12:33.099,416.98122606423857,11
2024-09-16 11:12:33.389,416.9733634697413,11
2024-09-16 11:12:33.469,416.9987783565352,13
2024-09-16 11:12:33.579,417.0231388320808,14
2024-09-16 11:12:33.742,417.03259735466247,998
2024-09-16 11:12:33.790,416.9823028060167,105
2024-09-16 11:12:33.878,417.0404511264657,99
2024-09-16 11:12:33.893,417.0118079193804,11
2024-09-16 11:12:34.041,416.9615356684811,102
2024-09-16 11:12:34.095,416.9773884440883,6
2024-09-16 11:12:34.125,416.9849507581106,6
2024-09-16 11:12:34.174,416.9715006590669,1002
2024-09-16 11:12:34.200,416.9597822555168,1002
2024-09-16 11:12:34.212,416.9820198348838,999
2024-09-16 11:12:34.224,416.951939892023,15
2024-09-16 11:12:34.252,416.94378188380335,97
2024-09-16 11:12:34.284,416.9604638652536,1002
2024-09-16 11:12:34.300,416.951554216293,9
2024-09-16 11:12:34.314,417.0045398715693,101
2024-09-16 11:12:34.452,417.0061969038125,1002
2024-09-16 11:12:34.467,417.0094502372445,1005
2024-09-16 11:12:34.468,417.0145525439189,998
2024-09-16 11:12:34.475,416.9812634812532,12
2024-09-16 11:12:34.514,416.9930391842479,995
2024-09-16 11:12:34.631,416.99287721132606,15
2024-09-16 11:12:34.654,416.9338874281008,1000
2024-09-16 11:12:34.678,416.9900454192888,98
2024-09-16 11:12:34.682,416.97107672044126,998
2024-09-16 11:12:34.705,416.9785588981008,997
2024-09-16 11:12:34.808,416.999437821401,14
2024-09-16 11:12:34.828,416.9940622969351,95
2024-09-16 11:12:34.832,417.0053510388937,13
2024-09-16 11:12:34.907,-416.9998745781115,1002
2024-09-16 11:12:34.921,416.9302257489569,12
2024-09-16 11:12:34.985,416.9396761471356,9
2024-09-16 11:12:35.075,416.9401699122592,5
2024-09-16 11:12:35.216,416.95157903379584,10
2024-09-16 11:12:35.233,417.0587478830304,1004
2024-09-16 11:12:35.266,416.947504037388,1004
2024-09-16 11:12:35.282,417.05973297215326,8
2024-09-16 11:12:35.304,417.0544415187772,5
2024-09-16 11:12:35.306,417.0085812034059,102
2024-09-16 11:12:35.376,416.99386631866696,13
2024-09-16 11:12:35.379,417.0389844712765,103
2024-09-16 11:12:35.381,416.9505265119372,101
2024-09-16 11:12:35.403,417.0311948962782,1004
2024-09-16 11:12:35.595,416.9875209754418,100
2024-09-16 11:12:35.658,416.9664922360928,99
2024-09-16 11:12:35.683,416.9542876169788,10
2024-09-16 11:12:35.704,417.0737345007868,104
2024-09-16 11:12:35.776,417.0408225510768,105
2024-09-16 11:12:35.845,416.9486128439283,105
2024-09-16 11:12:35.933,416.9939639305904,10
2024-09-16 11:12:35.953,417.02311166108086,8
2024-09-16 11:12:36.108,,11
2024-09-16 11:12:36.130,416.9526779643524,102
2024-09-16 11:12:36.149,416.9974923896167,95
2024-09-16 11:12:36.253,416.9372562930089,14
2024-09-16 11:12:36.256,416.9592223644235,105
2024-09-16 11:12:36.258,416.9944616314287,95
2024-09-16 11:12:36.317,416.9611450001413,997
2024-09-16 11:12:36.358,416.9524304983936,9
2024-09-16 11:12:36.426,416.9921046402866,5
2024-09-16 11:12:36.463,416.9647010355218,101
2024-09-16 11:12:36.522,416.9912787526935,1003
2024-09-16 11:12:36.526,416.9736858366896,7
2024-09-16 11:12:36.533,417.0119146321253,13
2024-09-16 11:12:36.645,417.00031380688966,995
2024-09-16 11:12:36.646,416.9549269810951,999
2024-09-16 11:12:36.896,416.97773106029,1000
2024-09-16 11:12:36.939,416.9855701619103,104
2024-09-16 11:12:37.237,417.02896868962114,997
2024-09-16 11:12:37.305,417.0100298220071,15
2024-09-16 11:12:37.377,417.0154239519359,1000
2024-09-16 11:12:37.735,-417.0169708405462,1002
2024-09-16 11:12:37.795,41.701949864290455,997
2024-09-16 11:12:37.845,417.024096924762,103
2024-09-16 11:12:38.388,417.00310102472656,10
2024-09-16 11:12:38.540,417.0032738481569,96
2024-09-16 11:12:39.030,416.9636382414297,995
2024-09-16 11:12:39.256,416.9971544371901,1004
2024-09-16 11:12:39.272,416.984173802564,1000
2024-09-16 11:12:39.363,417.0071548930647,13
2024-09-16 11:12:39.386,416.9984382484855,998
2024-09-16 11:12:39.386,416.96984400049234,100
2024-09-16 11:12:39.418,417.0165519505491,995
2024-09-16 11:12:39.469,416.9770128807597,998
2024-09-16 11:12:39.529,416.9831161515723,13
2024-09-16 11:12:39.650,416.9864652977553,6
2024-09-16 11:12:39.774,-417.0152162754185,101
2024-09-16 11:12:39.879,417.0183249557773,999
2024-09-16 11:12:40.078,416.9729678902085,997
2024-09-16 11:12:40.098,416.9496657012613,105
2024-09-16 11:12:40.104,416.9601236596234,1004
2024-09-16 11:12:40.169,416.9781191855869,995
2024-09-16 11:12:40.252,416.9763649131793,12
2024-09-16 11:12:40.354,416.9713835518384,98
2024-09-16 11:12:40.485,416.9839497820599,1003
2024-09-16 11:12:40.605,416.9289574868306,10
2024-09-16 11:12:40.628,416.9657587069743,6
2024-09-16 11:12:40.656,416.9608654051598,1003
2024-09-16 11:12:40.755,416.9435016324513,1005
2024-09-16 11:12:40.846,416.9676683753391,15
2024-09-16 11:12:40.847,416.9723037424244,996
2024-09-16 11:12:40.886,416.9862037629571,15
2024-09-16 11:12:41.068,417.0093205986655,1001
2024-09-16 11:12:41.138,417.0232498934623,997
2024-09-16 11:12:41.140,416.9949612971383,996
2024-09-16 11:12:41.185,417.006453514944,6
2024-09-16 11:12:41.192,417.0210947999645,99
2024-09-16 11:12:41.241,416.99720995306194,1003
2024-09-16 11:12:41.251,416.9865201488358,11
2024-09-16 11:12:41.273,417.0050255616019,12
2024-09-16 11:12:41.467,417.0036136304137,12
2024-09-16 11:12:41.515,417.0254013316625,13
2024-09-16 11:12:41.598,416.99091356124575,96
2024-09-16 11:12:41.616,416.99020904051343,105
2024-09-16 11:12:41.727,416.9884351240545,1000
2024-09-16 11:12:41.777,416.9986702159315,1004
2024-09-16 11:12:41.794,416.969912907104,14
2024-09-16 11:12:41.797,416.97047215504506,103
2024-09-16 11:12:41.875,416.9967144083419,5
2024-09-16 11:12:41.925,416.9703651246825,9
2024-09-16 11:12:41.960,416.9776018546427,996
2024-09-16 11:12:42.066,416.98648088924216,104
2024-09-16 11:12:42.098,416.9991687632867,99
2024-09-16 11:12:42.106,416.9778510753928,97
2024-09-16 11:12:42.171,416.9764404562199,1004
2024-09-16 11:12:42.285,416.9668725033009,105
2024-09-16 11:12:42.287,417.0213085564369,13
2024-09-16 11:12:42.448,416.9779628291091,15
2024-09-16 11:12:42.535,417.027048289214,102
2024-09-16 11:12:42.552,416.9679101158312,9
2024-09-16 11:12:42.643,417.03369210554894,6
2024-09-16 11:12:42.663,416.9840014452177,8
2024-09-16 11:12:42.681,416.9726032950946,1001
2024-09-16 11:12:42.764,416.97803400960345,15
2024-09-16 11:12:42.829,416.95699198157257,96
2024-09-16 11:12:42.846,416.9608152338937,96
2024-09-16 11:12:42.858,416.963802182433,1004
2024-09-16 11:12:42.958,417.0393435661172,1004
2024-09-16 11:12:43.000,417.0545644752434,995
2024-09-16 11:12:43.993,417.0593569372405,104
2024-09-16 11:12:44.020,417.0691194900973,96
2024-09-16 11:12:44.301,417.075585399666,104
2024-09-16 11:12:44.391,417.0687979323473,10
2024-09-16 11:12:45.128,417.0939799129291,995
2024-09-16 11:12:45.139,417.1042027914217,997
2024-09-16 11:12:45.205,417.0659888284397,15
2024-09-16 11:12:45.405,417.0681654082843,13
2024-09-16 11:12:47.199,417.051079832421,104
2024-09-16 11:12:47.472,417.06418765295024,102
2024-09-16 11:12:47.667,417.0437252558121,13
2024-09-16 11:12:48.040,417.1288260145832,8
2024-09-16 11:12:48.054,417.1050847063954,12
2024-09-16 11:12:48.063,417.0540607064916,99
2024-09-16 11:12:48.100,417.094419152164,995
2024-09-16 11:12:48.228,417.12631938847744,1004
2024-09-16 11:12:48.342,417.1058122154064,105
2024-09-16 11:12:48.423,417.0594566137841,105
2024-09-16 11:12:48.619,417.1014949057087,11
2024-09-16 11:12:48.728,417.086734277887,1001
2024-09-16 11:12:48.827,417.1047322820151,102
2024-09-16 11:12:49.032,416.96494634766816,99
2024-09-16 11:12:49.044,417.0773010530808,100
2024-09-16 11:12:49.046,416.9717368854277,101
2024-09-16 11:12:49.049,416.99669353422775,10
2024-09-16 11:12:49.058,417.0936006541223,12
2024-09-16 11:12:49.074,416.9808779336201,13
2024-09-16 11:12:49.173,417.0255407535432,7
2024-09-16 11:12:49.221,417.06408578119954,997
2024-09-16 11:12:49.224,417.0129901648479,102
2024-09-16 11:12:49.276,417.0043858486639,996
2024-09-16 11:12:49.331,416.9945500887375,995
2024-09-16 11:12:49.364,417.05929434194826,6
2024-09-16 11:12:49.451,417.0894750823905,11
2024-09-16 11:12:49.460,416.9823047667323,13
2024-09-16 11:12:49.485,417.0755376820448,102
2024-09-16 11:12:49.492,417.05543898568334,997
2024-09-16 11:12:49.496,417.0473621608915,6
2024-09-16 11:12:49.510,,98
2024-09-16 11:12:49.630,416.9577984448928,1003
2024-09-16 11:12:49.683,416.9630299344439,1001
2024-09-16 11:12:49.800,417.0491003261643,1005
2024-09-16 11:12:49.855,416.957933477597,102
2024-09-16 11:12:49.888,417.039992697342,101
2024-09-16 11:12:49.931,417.0666869989437,1000
2024-09-16 11:12:49.963,416.9539777405852,11
2024-09-16 11:12:49.992,416.97747347418687,1003
2024-09-16 11:12:49.992,417.02876449518703,1004
2024-09-16 11:12:50.053,416.99723456653214,97
2024-09-16 11:12:50.061,417.00937211750943,100
2024-09-16 11:12:50.151,416.9251771611314,11
2024-09-16 11:12:50.155,416.92355794852944,998
2024-09-16 11:12:50.271,417.0002311599754,12
2024-09-16 11:12:50.290,416.9517295536707,105
2024-09-16 11:12:50.311,416.9480590285678,8
2024-09-16 11:12:50.325,416.9240457121624,95
2024-09-16 11:12:50.341,-416.8953394002687,105
2024-09-16 11:12:50.377,416.9007604431797,997
2024-09-16 11:12:50.392,416.9839245495268,9
2024-09-16 11:12:50.414,417.0178688163857,95
2024-09-16 11:12:50.441,416.9312051065003,999
2024-09-16 11:12:50.447,416.93009713899465,104
2024-09-16 11:12:50.472,416.930449904813,1002
2024-09-16 11:12:50.659,416.8974258223276,5
2024-09-16 11:12:50.666,416.9027490468956,1001
2024-09-16 11:12:50.692,416.9451635287824,7
2024-09-16 11:12:50.712,417.0194899943047,12
2024-09-16 11:12:50.726,416.9113778891302,12
2024-09-16 11:12:50.733,416.9995134891017,7
2024-09-16 11:12:50.779,416.99966049617336,1000
2024-09-16 11:12:50.796,416.8926555455769,1004
2024-09-16 11:12:50.879,416.9856221763615,999
2024-09-16 11:12:50.889,416.9777868121455,1001
2024-09-16 11:12:50.938,416.9505682917823,105
2024-09-16 11:12:51.073,416.8925081006206,8
2024-09-16 11:12:51.090,416.9011571465043,100
2024-09-16 11:12:51.108,416.916496609323,1003
2024-09-16 11:12:51.113,416.9607254210146,98
2024-09-16 11:12:51.193,416.93312874151377,98
2024-09-16 11:12:51.228,416.906909895704,104
2024-09-16 11:12:51.279,416.9187105535857,12
2024-09-16 11:12:51.293,416.9082772770432,97
2024-09-16 11:12:51.345,416.90735442483873,10
2024-09-16 11:12:51.353,416.9520589471391,998
2024-09-16 11:12:51.402,416.9045575763139,1000
2024-09-16 11:12:51.439,416.9131719741505,1004
2024-09-16 11:12:51.552,416.91451592132256,999
2024-09-16 11:12:51.571,416.9184239498789,12
2024-09-16 11:12:51.691,416.904010434176,99
2024-09-16 11:12:51.730,416.8887075701529,996
2024-09-16 11:12:51.736,416.9142494672585,998
2024-09-16 11:12:51.742,416.9050828519022,100
2024-09-16 11:12:51.826,416.9047153215616,1003
2024-09-16 11:12:51.898,416.9148868514706,101
2024-09-16 11:12:51.917,416.9673756159509,13
2024-09-16 11:12:51.918,416.9272507864956,103
2024-09-16 11:12:52.027,416.959291572468,8
2024-09-16 11:12:52.105,416.96557826611104,1003
2024-09-16 11:12:52.213,416.9516112066828,1000
2024-09-16 11:12:52.359,416.95551677830906,97
2024-09-16 11:12:52.727,416.96579143697977,13
2024-09-16 11:12:52.743,416.9656190076578,99
2024-09-16 11:12:52.805,416.962071177489,6
2024-09-16 11:12:52.834,416.9413099325355,104
2024-09-16 11:12:52.961,416.9451828725445,12
2024-09-16 11:12:53.006,416.8776647853665,5
2024-09-16 11:12:53.052,416.8745989179365,1000
2024-09-16 11:12:53.076,416.87695162772894,101
2024-09-16 11:12:53.164,416.94212977909575,14
2024-09-16 11:12:53.214,416.9258326219514,995
2024-09-16 11:12:53.218,416.8957433506361,100
2024-09-16 11:12:53.223,416.8823113023778,13
2024-09-16 11:12:53.300,416.8894395835797,1001
2024-09-16 11:12:53.375,416.879262408429,7
2024-09-16 11:12:53.385,416.9508537973685,7
2024-09-16 11:12:53.422,416.8827757128453,1002
2024-09-16 11:12:53.440,416.9420729124036,15
2024-09-16 11:12:53.441,-416.9479737311407,996
2024-09-16 11:12:53.460,416.90504382169394,97
2024-09-16 11:12:53.460,416.881029947218,1004
2024-09-16 11:12:53.467,416.8873692914357,995
2024-09-16 11:12:53.579,416.88060726416296,9
2024-09-16 11:12:53.590,416.88740627329474,999
2024-09-16 11:12:53.685,416.8976128962121,11
2024-09-16 11:12:53.745,416.9304377039303,13
2024-09-16 11:12:53.830,416.8792359775139,11
2024-09-16 11:12:53.864,416.88976445728815,12
2024-09-16 11:12:54.047,416.90352186784105,101
2024-09-16 11:12:54.142,416.8760021491833,9
2024-09-16 11:12:54.144,416.8977470599192,998
2024-09-16 11:12:54.165,416.8525773177518,105
2024-09-16 11:12:54.228,416.88405144034783,96
2024-09-16 11:12:54.258,416.8486149982808,1005
2024-09-16 11:12:54.273,416.9057478978961,98
2024-09-16 11:12:54.278,416.90332530497056,1003
2024-09-16 11:12:54.468,416.87838412906456,97
2024-09-16 11:12:54.513,416.8675948807009,996
2024-09-16 11:12:54.516,416.86422451893225,10
2024-09-16 11:12:54.542,416.8793476630841,100
2024-09-16 11:12:54.560,416.8510311959152,96
2024-09-16 11:12:54.575,416.8754078641381,101
2024-09-16 11:12:54.597,416.87560977120097,14
2024-09-16 11:12:54.636,416.9149198607576,98
2024-09-16 11:12:54.645,416.8509264930214,1005
2024-09-16 11:12:54.655,416.8555971060114,13
2024-09-16 11:12:54.768,416.9040288818366,995
2024-09-16 11:12:54.802,416.8566741358832,1005
2024-09-16 11:12:54.857,416.8439420088042,105
2024-09-16 11:12:54.927,41.688711242916646,997
2024-09-16 11:12:54.979,416.86432557103655,96
2024-09-16 11:12:54.988,416.8906516107754,998
2024-09-16 11:12:55.017,416.9051843291844,1000
2024-09-16 11:12:55.072,416.88923185873153,96
2024-09-16 11:12:55.082,416.94824525713926,11
2024-09-16 11:12:55.085,416.9008819283914,98
2024-09-16 11:12:55.096,416.9880152148856,9
2024-09-16 11:12:55.101,416.9640288122881,1002
2024-09-16 11:12:55.190,416.96989361193727,104
2024-09-16 11:12:55.273,416.94005503503377,997
2024-09-16 11:12:55.284,416.9615201684043,9
2024-09-16 11:12:55.286,416.96756212107897,97
2024-09-16 11:12:55.315,416.883438214745,15
2024-09-16 11:12:55.361,416.8969695312357,998
2024-09-16 11:12:55.364,416.9446533315596,98
2024-09-16 11:12:55.766,416.882812389235,105
2024-09-16 11:12:55.833,416.905528307077,12
2024-09-16 11:12:55.855,416.9735059198672,97
2024-09-16 11:12:55.890,416.9085157116298,1001
2024-09-16 11:12:55.949,416.8842092601044,997
2024-09-16 11:12:55.972,416.87705189210567,999
2024-09-16 11:12:55.991,416.8892415221466,1001
2024-09-16 11:12:56.013,416.9638702625292,100
2024-09-16 11:12:56.019,416.93042092947377,1001
2024-09-16 11:12:56.130,416.9167607734845,101
2024-09-16 11:12:56.133,416.9570050664849,1002
2024-09-16 11:12:56.178,417.0028386711679,6
2024-09-16 11:12:56.180,416.93004692781926,7
2024-09-16 11:12:56.250,416.93435835736767,996
2024-09-16 11:12:56.254,417.01705613282894,998
2024-09-16 11:12:56.262,416.9871068801224,12
2024-09-16 11:12:56.326,416.95281708282,997
2024-09-16 11:12:56.347,416.9654208203303,14
2024-09-16 11:12:56.505,416.9301782941538,1005
2024-09-16 11:12:56.528,416.9534302930751,100
2024-09-16 11:12:56.543,416.9784378598359,15
2024-09-16 11:12:56.588,416.92920152272336,1005
2024-09-16 11:12:56.591,417.0177811043599,97
2024-09-16 11:12:56.642,416.919508498068,100
2024-09-16 11:12:56.644,416.9441712097244,11
2024-09-16 11:12:56.651,416.99355612600186,7
2024-09-16 11:12:56.662,416.9550158525546,98
2024-09-16 11:12:56.722,416.9919384389714,105
2024-09-16 11:12:56.788,416.9892292593818,10
2024-09-16 11:12:56.805,416.9933968755758,103
2024-09-16 11:12:56.881,416.9748004311508,1003
2024-09-16 11:12:56.908,416.9383187671438,101
2024-09-16 11:12:56.925,416.9803996600728,103
2024-09-16 11:12:56.926,416.9341251631077,5
2024-09-16 11:12:57.020,416.87445472636745,1004
2024-09-16 11:12:57.070,416.9015909517729,1004
2024-09-16 11:12:57.109,416.87647682711,97
2024-09-16 11:12:57.288,416.8040623018084,1000
2024-09-16 11:12:57.293,416.8479264060417,10
2024-09-16 11:12:57.342,416.8553582865577,1002
2024-09-16 11:12:57.391,416.8409589212477,14
2024-09-16 11:12:57.391,416.9118094640594,104
2024-09-16 11:12:57.403,416.87359628140064,1002
2024-09-16 11:12:57.432,416.86391003884927,1003
2024-09-16 11:12:57.453,416.8603580024203,15
2024-09-16 11:12:57.457,416.8560856980741,10
2024-09-16 11:12:57.463,416.8584955929146,105
2024-09-16 11:12:57.549,416.85840377968935,12
2024-09-16 11:12:57.570,416.8269676045463,104
2024-09-16 11:12:57.604,416.8811211489741,1004
2024-09-16 11:12:57.617,416.86088903569606,8
2024-09-16 11:12:57.633,416.79382671162455,11
2024-09-16 11:12:57.687,416.863756497747,10
2024-09-16 11:12:57.706,416.8697928099331,999
2024-09-16 11:12:57.745,416.8767906724178,996
2024-09-16 11:12:57.779,416.8192244858065,9
2024-09-16 11:12:57.841,416.8673494213966,101
2024-09-16 11:12:57.954,416.8765985213075,11
2024-09-16 11:12:57.964,416.81667452839145,1001
2024-09-16 11:12:57.983,416.8698059283422,5
2024-09-16 11:12:57.988,416.8632623784101,14
2024-09-16 11:12:58.007,416.8015939628363,100
2024-09-16 11:12:58.033,416.84751815515386,15
2024-09-16 11:12:58.082,41.68479761361954,1001
2024-09-16 11:12:58.083,416.8079695782186,995
2024-09-16 11:12:58.112,416.7984830444324,14
2024-09-16 11:12:58.131,416.8724294629564,14
2024-09-16 11:12:58.143,416.8054134816207,995
2024-09-16 11:12:58.189,416.7947665847264,997
2024-09-16 11:12:58.305,416.7885063363696,14
2024-09-16 11:12:58.314,416.8260314879198,100
2024-09-16 11:12:58.332,416.8262608126142,14
2024-09-16 11:12:58.363,416.8758220690828,998
2024-09-16 11:12:58.381,416.8345588109191,1002
2024-09-16 11:12:58.444,416.8045125865773,104
2024-09-16 11:12:58.615,416.782238757628,996
2024-09-16 11:12:58.763,416.82207985786994,13
2024-09-16 11:12:58.775,416.8125208417522,97
2024-09-16 11:12:58.815,416.7887013135281,9
2024-09-16 11:12:58.841,416.885557845456,97
2024-09-16 11:12:58.852,416.8840835162221,99
2024-09-16 11:12:58.890,416.81237938726514,105
2024-09-16 11:12:58.902,416.8924306991463,1000
2024-09-16 11:12:58.980,41.68444323042617,1002
2024-09-16 11:12:58.984,416.8418685257211,12
2024-09-16 11:12:58.991,416.87432802913474,998
2024-09-16 11:12:59.020,416.8178730464912,12
2024-09-16 11:12:59.055,416.80432067513897,104
2024-09-16 11:12:59.055,416.7989748479739,8
2024-09-16 11:12:59.118,416.7894534972493,1003
2024-09-16 11:12:59.290,416.8013694561205,10
2024-09-16 11:12:59.299,416.7975381451255,13
2024-09-16 11:12:59.318,416.7781687522096,100
2024-09-16 11:12:59.400,416.7880735902367,9
2024-09-16 11:12:59.411,416.7943799403192,103
2024-09-16 11:12:59.468,416.78316074078407,11
2024-09-16 11:12:59.552,416.7986989722329,102
2024-09-16 11:12:59.612,416.8058332010148,101
2024-09-16 11:12:59.620,416.80794853918576,100
2024-09-16 11:12:59.629,416.8252280816158,10
2024-09-16 11:12:59.713,416.7983704220766,98
2024-09-16 11:12:59.713,416.7813008262421,5
2024-09-16 11:12:59.793,416.7687655347763,12
2024-09-16 11:12:59.837,,8
2024-09-16 11:12:59.846,416.7931914833192,998
