Timestamp,Price,Size
2024-09-17 11:53:00.107,412.7444351784181,97
2024-09-17 11:53:00.158,412.7206304900431,7
2024-09-17 11:53:00.248,412.7427607662533,1000
2024-09-17 11:53:00.267,412.73189294480966,1005
2024-09-17 11:53:00.397,-412.7342713702988,12
2024-09-17 11:53:00.508,412.718249483013,1004
2024-09-17 11:53:00.548,412.7393930080463,7
2024-09-17 11:53:00.725,412.72083099564935,1002
2024-09-17 11:53:01.002,412.6799671449608,5
2024-09-17 11:53:01.079,412.6889094269571,96
2024-09-17 11:53:01.090,412.6722261175396,98
2024-09-17 11:53:01.137,412.61542577093513,7
2024-09-17 11:53:01.149,412.6372301062218,1004
2024-09-17 11:53:01.226,412.6452833773741,96
2024-09-17 11:53:01.291,412.6276461640843,97
2024-09-17 11:53:01.294,412.6722482432686,95
2024-09-17 11:53:01.378,412.6530994056508,998
2024-09-17 11:53:01.395,412.6220217010164,999
2024-09-17 11:53:01.466,412.6299935577367,12
2024-09-17 11:53:01.547,412.64342720077417,995
2024-09-17 11:53:01.631,412.62013864825394,5
2024-09-17 11:53:01.648,412.6203429398582,999
2024-09-17 11:53:01.681,412.6924757763968,8
2024-09-17 11:53:01.723,412.62095919355966,999
2024-09-17 11:53:01.786,412.70637320854553,7
2024-09-17 11:53:01.800,412.6454081674735,12
2024-09-17 11:53:01.821,412.6410156095442,13
2024-09-17 11:53:01.876,412.6791196304312,10
2024-09-17 11:53:01.879,412.6310794163229,995
2024-09-17 11:53:01.900,412.6227871103991,1002
2024-09-17 11:53:01.978,412.6906940425072,1000
2024-09-17 11:53:02.085,412.6298102113799,997
2024-09-17 11:53:02.123,412.6186321075793,13
2024-09-17 11:53:02.128,412.5964168527636,12
2024-09-17 11:53:02.155,412.6235943917746,11
2024-09-17 11:53:02.188,412.6016465974226,996
2024-09-17 11:53:02.225,412.6059240198419,100
2024-09-17 11:53:02.243,412.6170366872192,98
2024-09-17 11:53:02.298,412.5790148328538,15
2024-09-17 11:53:02.306,412.59422439317694,1000
2024-09-17 11:53:02.350,412.6105501084433,10
2024-09-17 11:53:02.361,412.6220830782666,1000
2024-09-17 11:53:02.470,412.6008424315259,1005
2024-09-17 11:53:02.478,412.58089205126055,95
2024-09-17 11:53:02.540,412.6189170832321,104
2024-09-17 11:53:02.565,412.61977539946463,102
2024-09-17 11:53:02.581,412.5741592225252,13
2024-09-17 11:53:02.598,412.5921652558535,5
2024-09-17 11:53:02.610,412.60887000500617,996
2024-09-17 11:53:02.635,412.6187700121257,996
2024-09-17 11:53:02.671,412.5853002566076,97
2024-09-17 11:53:02.688,412.6292696906563,98
2024-09-17 11:53:02.709,412.6275618990761,105
2024-09-17 11:53:02.713,412.5988639467239,102
2024-09-17 11:53:02.724,412.5902500967323,999
2024-09-17 11:53:02.742,41.26203896087774,996
2024-09-17 11:53:02.752,412.59794390423497,98
2024-09-17 11:53:02.786,412.6238052624254,1004
2024-09-17 11:53:02.888,412.60238539613744,11
2024-09-17 11:53:02.888,412.61651534538345,5
2024-09-17 11:53:02.995,412.6156053407681,995
2024-09-17 11:53:03.106,412.5939728251848,98
2024-09-17 11:53:03.108,412.59118159990095,10
2024-09-17 11:53:03.171,412.6004954422712,6
2024-09-17 11:53:03.188,412.6350558051317,1003
2024-09-17 11:53:03.197,412.6192530402434,997
2024-09-17 11:53:03.213,412.6110883150608,996
2024-09-17 11:53:03.219,412.6238579831351,1001
2024-09-17 11:53:03.320,412.5811989042812,1004
2024-09-17 11:53:03.337,412.6097658891704,998
2024-09-17 11:53:03.379,412.5971335980452,6
2024-09-17 11:53:03.406,412.5894133305587,105
2024-09-17 11:53:03.450,412.6158969477759,97
2024-09-17 11:53:03.527,412.57873226474055,104
2024-09-17 11:53:03.639,412.5731045207094,1003
2024-09-17 11:53:03.696,412.6071880446126,995
2024-09-17 11:53:03.711,412.6060891898281,99
2024-09-17 11:53:03.779,,96
2024-09-17 11:53:03.790,412.60488699943227,101
2024-09-17 11:53:03.805,412.5901663825557,15
2024-09-17 11:53:03.816,412.5852850973952,1002
2024-09-17 11:53:03.840,412.5888670833013,996
2024-09-17 11:53:03.928,412.5922928693231,6
2024-09-17 11:53:03.948,412.6028411203877,1002
2024-09-17 11:53:03.988,41.2645379308793,101
2024-09-17 11:53:04.010,412.5501875616952,996
2024-09-17 11:53:04.054,412.5950842186736,15
2024-09-17 11:53:04.065,412.5972346660579,9
2024-09-17 11:53:04.072,412.5486920149652,104
2024-09-17 11:53:04.087,412.60098740874736,10
2024-09-17 11:53:04.095,412.5923603221353,15
2024-09-17 11:53:04.204,412.5654556108054,1003
2024-09-17 11:53:04.218,412.5380890135952,997
2024-09-17 11:53:04.304,412.52715552848673,13
2024-09-17 11:53:04.416,412.52876714606975,99
2024-09-17 11:53:04.459,412.5429382665421,10
2024-09-17 11:53:04.560,412.5378423341035,104
2024-09-17 11:53:04.587,412.56210298361776,102
2024-09-17 11:53:04.598,412.6085703206925,1000
2024-09-17 11:53:04.861,412.5587572519256,95
2024-09-17 11:53:04.982,412.5310641098756,11
2024-09-17 11:53:05.040,412.4478218715615,998
2024-09-17 11:53:05.089,412.5167278432832,14
2024-09-17 11:53:05.296,412.4595244448261,97
2024-09-17 11:53:05.407,412.49061033417655,10
2024-09-17 11:53:05.630,412.5268196098108,104
2024-09-17 11:53:05.636,412.4582922004975,995
2024-09-17 11:53:05.666,412.4546647853921,99
2024-09-17 11:53:05.815,412.45931876729,9
2024-09-17 11:53:05.957,412.464641368085,9
2024-09-17 11:53:06.026,412.49892830453854,996
2024-09-17 11:53:06.053,412.58963767033407,1001
2024-09-17 11:53:06.080,412.51794256163,15
2024-09-17 11:53:06.084,412.56996354782046,105
2024-09-17 11:53:06.084,412.55926339188585,1005
2024-09-17 11:53:06.198,412.60425450009086,996
2024-09-17 11:53:06.285,412.5667202729392,15
2024-09-17 11:53:06.318,412.57709256219295,5
2024-09-17 11:53:06.334,412.56831400002585,995
2024-09-17 11:53:06.339,412.53545954411686,96
2024-09-17 11:53:06.356,412.5366545037388,5
2024-09-17 11:53:06.415,-412.59394324960425,102
2024-09-17 11:53:06.447,412.6111772177437,999
2024-09-17 11:53:06.480,412.5390490429913,12
2024-09-17 11:53:06.577,412.5771704281373,15
2024-09-17 11:53:06.619,412.6049263092149,101
2024-09-17 11:53:06.650,41.25776627711124,105
2024-09-17 11:53:06.668,412.4756558498684,104
2024-09-17 11:53:06.669,412.5000085983105,13
2024-09-17 11:53:06.691,412.4945949707696,1000
2024-09-17 11:53:06.703,412.4995772342247,1003
2024-09-17 11:53:06.851,412.5909028425322,103
2024-09-17 11:53:06.873,412.49904423467353,12
2024-09-17 11:53:06.877,412.46861976957024,1001
2024-09-17 11:53:06.943,412.4651891549893,7
2024-09-17 11:53:06.960,412.5105870072719,98
2024-09-17 11:53:06.961,412.4959603979036,12
2024-09-17 11:53:06.983,412.5484760711105,14
2024-09-17 11:53:07.046,412.5392988385841,1000
2024-09-17 11:53:07.070,412.5430132199389,96
2024-09-17 11:53:07.079,412.5208183639447,1002
2024-09-17 11:53:07.163,412.5250531522135,100
2024-09-17 11:53:07.181,412.5310702767739,14
2024-09-17 11:53:07.223,412.5155613560335,13
2024-09-17 11:53:07.237,412.5225341061861,999
2024-09-17 11:53:07.273,412.5689156539387,995
2024-09-17 11:53:07.295,412.5536180550876,14
2024-09-17 11:53:07.370,412.53000186687433,996
2024-09-17 11:53:07.485,412.5233250053425,10
2024-09-17 11:53:07.502,412.5458328255247,1005
2024-09-17 11:53:07.598,412.56553419799343,98
2024-09-17 11:53:07.600,412.56440095614215,1001
2024-09-17 11:53:07.604,412.5156443717599,1001
2024-09-17 11:53:07.639,412.56878952341776,1004
2024-09-17 11:53:07.644,412.518685246402,9
2024-09-17 11:53:07.666,412.5263642315719,98
2024-09-17 11:53:07.707,412.5773630997389,7
2024-09-17 11:53:07.720,412.5355469546846,7
2024-09-17 11:53:07.726,412.5550117062796,6
2024-09-17 11:53:07.732,412.5651533639534,1005
2024-09-17 11:53:07.756,-412.5701935532776,15
2024-09-17 11:53:07.777,412.5422909202462,14
2024-09-17 11:53:07.824,412.53520787189046,11
2024-09-17 11:53:07.825,412.54020954908464,14
2024-09-17 11:53:07.901,412.54323752065807,999
2024-09-17 11:53:08.594,412.521901899845,9
2024-09-17 11:53:08.720,412.539057372177,104
2024-09-17 11:53:09.123,412.544338836912,1003
2024-09-17 11:53:09.138,412.50389415377686,995
2024-09-17 11:53:09.164,412.53343816794944,96
2024-09-17 11:53:09.234,412.5106024319599,1002
2024-09-17 11:53:09.297,412.50948601590295,15
2024-09-17 11:53:09.375,412.4841722641201,14
2024-09-17 11:53:09.386,412.4745898951196,102
2024-09-17 11:53:09.515,412.5308500537242,9
2024-09-17 11:53:09.523,412.52019608956056,97
2024-09-17 11:53:09.604,412.5452377990945,102
2024-09-17 11:53:09.623,412.4984666660777,6
2024-09-17 11:53:09.659,412.5161643316184,1004
2024-09-17 11:53:09.685,412.4900881746812,14
2024-09-17 11:53:09.737,412.52836030975016,5
2024-09-17 11:53:09.738,412.4884335740919,11
2024-09-17 11:53:09.759,412.53333622198426,5
2024-09-17 11:53:09.900,412.4991852334916,12
2024-09-17 11:53:09.947,412.50330712144097,9
2024-09-17 11:53:09.951,412.5035593809871,105
2024-09-17 11:53:09.965,412.5372230437574,8
2024-09-17 11:53:10.003,412.4350255617616,105
2024-09-17 11:53:10.058,,97
2024-09-17 11:53:10.096,412.4232582051368,15
2024-09-17 11:53:10.141,412.4701809805607,98
2024-09-17 11:53:10.145,412.4428456521222,998
2024-09-17 11:53:10.154,412.4578524472532,10
2024-09-17 11:53:10.280,412.4443901654467,1000
2024-09-17 11:53:10.451,412.41856755148,10
2024-09-17 11:53:10.530,412.439341368272,6
2024-09-17 11:53:10.592,412.4612051273358,9
2024-09-17 11:53:10.600,412.4255322894464,15
2024-09-17 11:53:10.655,412.4332728893734,12
2024-09-17 11:53:10.704,412.45029652882096,100
2024-09-17 11:53:10.727,412.4341189657523,95
2024-09-17 11:53:10.764,412.4539381419857,1001
2024-09-17 11:53:10.772,412.45801902728186,102
2024-09-17 11:53:10.787,412.4706757603363,7
2024-09-17 11:53:10.847,412.48020826965296,96
2024-09-17 11:53:10.876,412.4227873311864,9
2024-09-17 11:53:10.911,412.46027079798375,105
2024-09-17 11:53:10.942,412.4289917906117,1005
2024-09-17 11:53:10.958,412.4214865806389,98
2024-09-17 11:53:10.979,412.4355600585306,103
2024-09-17 11:53:10.999,412.4534137867024,996
2024-09-17 11:53:11.087,412.4701846692259,7
2024-09-17 11:53:11.157,412.4841006300745,104
2024-09-17 11:53:11.239,412.4723771384147,104
2024-09-17 11:53:11.358,412.4781156077309,104
2024-09-17 11:53:11.461,412.461973525534,103
2024-09-17 11:53:11.564,412.4825471697063,8
2024-09-17 11:53:11.600,412.4946854003695,102
2024-09-17 11:53:12.100,412.5098351955644,98
2024-09-17 11:53:12.212,412.5191974496751,1001
2024-09-17 11:53:12.333,412.4968161938253,100
2024-09-17 11:53:12.459,412.5021943895883,995
2024-09-17 11:53:12.577,412.5044595850469,1003
2024-09-17 11:53:12.721,412.5241274769547,1003
2024-09-17 11:53:12.754,412.4924170756596,7
2024-09-17 11:53:12.781,412.4980210257058,1004
2024-09-17 11:53:12.784,412.5265447038933,104
2024-09-17 11:53:12.846,412.50110164080434,7
2024-09-17 11:53:12.855,412.5256899930728,10
2024-09-17 11:53:12.899,412.50025016748094,105
2024-09-17 11:53:12.946,412.5145430061472,11
2024-09-17 11:53:13.016,412.46802911915046,98
2024-09-17 11:53:13.022,412.4920864998131,1002
2024-09-17 11:53:13.059,412.4857637642029,15
2024-09-17 11:53:13.129,412.5334348383991,98
2024-09-17 11:53:13.147,412.51265719999856,999
2024-09-17 11:53:13.153,412.4846001227336,10
2024-09-17 11:53:13.165,412.3883725473958,12
2024-09-17 11:53:13.183,412.4161709685071,997
2024-09-17 11:53:13.203,412.5079055808753,1003
2024-09-17 11:53:13.228,412.4984125503657,12
2024-09-17 11:53:13.269,412.3989341514084,102
2024-09-17 11:53:13.432,412.5112713456951,103
2024-09-17 11:53:13.442,412.48098064097695,1004
2024-09-17 11:53:13.480,412.4311185883906,1005
2024-09-17 11:53:13.480,412.42019184107545,102
2024-09-17 11:53:13.499,412.4893472119406,999
2024-09-17 11:53:13.567,412.485881172088,95
2024-09-17 11:53:13.621,412.4782700747468,6
2024-09-17 11:53:13.635,412.46268414147255,102
2024-09-17 11:53:13.674,412.4528265512129,98
2024-09-17 11:53:13.690,412.4722498971058,9
2024-09-17 11:53:13.720,412.5299436513791,103
2024-09-17 11:53:13.748,412.52723356458216,1004
2024-09-17 11:53:13.896,412.4187507168834,101
2024-09-17 11:53:13.969,412.48813809157537,1002
2024-09-17 11:53:14.265,412.4671768709104,104
2024-09-17 11:53:14.266,412.4302461597366,10
2024-09-17 11:53:14.512,412.4458237379721,5
2024-09-17 11:53:14.652,412.4641416852026,104
2024-09-17 11:53:14.773,412.4427549382845,1001
2024-09-17 11:53:14.871,412.4376301901413,104
2024-09-17 11:53:15.036,412.4605831404113,97
2024-09-17 11:53:15.321,412.5164901033037,11
2024-09-17 11:53:15.336,412.4997865803553,1002
2024-09-17 11:53:15.362,412.4576626512454,105
2024-09-17 11:53:15.362,412.50127097098016,1001
2024-09-17 11:53:15.391,412.4441045274954,995
2024-09-17 11:53:15.457,412.4944040894466,96
2024-09-17 11:53:15.538,412.4535993581041,1005
2024-09-17 11:53:15.574,412.46922290854206,13
2024-09-17 11:53:15.674,412.5414952451882,9
2024-09-17 11:53:15.721,412.4652661002117,101
2024-09-17 11:53:15.879,412.4425144058542,1002
2024-09-17 11:53:15.892,412.5267212373304,98
2024-09-17 11:53:15.900,412.5200637616135,6
2024-09-17 11:53:15.910,412.5195961140209,8
2024-09-17 11:53:16.097,412.5373306891002,15
2024-09-17 11:53:16.105,412.5347570774637,15
2024-09-17 11:53:16.110,41.25685672955214,8
2024-09-17 11:53:16.137,412.5038273464529,100
2024-09-17 11:53:16.217,412.5600837737605,1000
2024-09-17 11:53:16.439,412.5672861089552,6
2024-09-17 11:53:16.528,412.533387000677,8
2024-09-17 11:53:16.582,412.52507881797305,15
2024-09-17 11:53:16.611,412.50448297050224,1004
2024-09-17 11:53:16.655,412.5153695170057,1001
2024-09-17 11:53:16.807,412.49941701904856,95
2024-09-17 11:53:16.809,412.5358895053002,15
2024-09-17 11:53:16.877,412.54233717141057,103
2024-09-17 11:53:16.922,412.55668955505575,995
2024-09-17 11:53:16.929,412.52948255977225,102
2024-09-17 11:53:16.945,412.5525907769845,1002
2024-09-17 11:53:16.990,,100
2024-09-17 11:53:17.104,412.4526125403548,98
2024-09-17 11:53:17.106,412.4309742799908,102
2024-09-17 11:53:17.211,412.41841743489647,98
2024-09-17 11:53:17.227,412.4387964364767,997
2024-09-17 11:53:17.238,412.4557823774052,997
2024-09-17 11:53:17.329,412.4086680267909,5
2024-09-17 11:53:17.342,412.40509097143,1002
2024-09-17 11:53:17.353,412.479494579259,996
2024-09-17 11:53:17.445,412.4648825366318,1000
2024-09-17 11:53:17.477,412.4490608984832,1000
2024-09-17 11:53:17.495,412.4019038768852,102
2024-09-17 11:53:17.500,412.5157521217137,101
2024-09-17 11:53:17.514,412.4772902115473,8
2024-09-17 11:53:17.514,412.5091200612087,100
2024-09-17 11:53:17.540,412.45432128020974,11
2024-09-17 11:53:17.549,412.5067142343826,97
2024-09-17 11:53:17.675,412.4075442620346,101
2024-09-17 11:53:17.716,412.48753052166734,104
2024-09-17 11:53:17.749,412.4075240296421,997
2024-09-17 11:53:17.766,412.47986174854896,102
2024-09-17 11:53:17.841,412.4468371711457,105
2024-09-17 11:53:17.879,412.4905116382288,99
2024-09-17 11:53:17.907,412.5009254372151,1002
2024-09-17 11:53:17.911,412.4940285513427,101
2024-09-17 11:53:17.939,412.4495421061308,1000
2024-09-17 11:53:17.969,412.496837179357,13
2024-09-17 11:53:17.971,412.5081376297774,8
2024-09-17 11:53:17.982,412.4888699946313,995
2024-09-17 11:53:17.992,412.4912273944984,10
2024-09-17 11:53:18.092,412.401949508833,12
2024-09-17 11:53:18.211,412.413054406008,6
2024-09-17 11:53:18.326,41.23767415817777,7
2024-09-17 11:53:18.339,412.4020493749416,97
2024-09-17 11:53:18.424,412.3746704207298,13
2024-09-17 11:53:18.543,412.3972075299075,98
2024-09-17 11:53:18.714,412.3884718896617,996
2024-09-17 11:53:18.746,412.4031682836708,12
2024-09-17 11:53:18.808,412.4030049978314,5
2024-09-17 11:53:18.969,41.240436491033925,1000
2024-09-17 11:53:19.064,412.3682808041976,997
2024-09-17 11:53:19.127,412.36266466840937,15
2024-09-17 11:53:19.322,412.370057110653,1002
2024-09-17 11:53:19.740,412.3794540585381,998
2024-09-17 11:53:19.888,412.3683338597481,10
2024-09-17 11:53:20.152,412.3632674427387,10
2024-09-17 11:53:20.157,412.3754124726029,95
2024-09-17 11:53:20.238,412.3659845357201,14
2024-09-17 11:53:20.260,412.3464722620999,7
2024-09-17 11:53:20.394,412.3799457075024,995
2024-09-17 11:53:20.440,412.3492551453496,6
2024-09-17 11:53:20.545,,8
2024-09-17 11:53:20.565,412.3638335190702,11
2024-09-17 11:53:20.584,412.35754464556254,8
2024-09-17 11:53:20.585,412.3584104761754,5
2024-09-17 11:53:20.610,412.3514643204272,11
2024-09-17 11:53:20.791,412.35776830299534,99
2024-09-17 11:53:20.811,412.3532322262744,1005
2024-09-17 11:53:20.845,412.36717767186354,997
2024-09-17 11:53:20.849,412.3442498734335,101
2024-09-17 11:53:20.878,412.3612932794319,101
2024-09-17 11:53:20.895,412.3655876368744,96
2024-09-17 11:53:20.903,412.3603593049055,1005
2024-09-17 11:53:21.061,412.3849315021861,1003
2024-09-17 11:53:21.122,412.36649194905937,11
2024-09-17 11:53:21.200,412.3667231919264,998
2024-09-17 11:53:21.211,412.3507109194354,995
2024-09-17 11:53:21.319,412.3737523252752,12
2024-09-17 11:53:21.436,412.34791118312177,1000
2024-09-17 11:53:21.507,412.3839489092925,9
2024-09-17 11:53:21.510,412.3770432375753,100
2024-09-17 11:53:21.597,412.3590914465854,15
2024-09-17 11:53:21.607,412.3494426816836,996
2024-09-17 11:53:21.620,412.3575147435668,998
2024-09-17 11:53:21.633,412.3427060789537,103
2024-09-17 11:53:21.664,412.3563388615494,97
2024-09-17 11:53:21.710,412.356675324836,98
2024-09-17 11:53:21.718,412.3606441048712,1002
2024-09-17 11:53:21.723,412.4045120092546,15
2024-09-17 11:53:21.799,412.3976326617316,14
2024-09-17 11:53:21.882,412.376592112053,102
2024-09-17 11:53:21.922,412.35235581671054,8
2024-09-17 11:53:21.958,412.3927829949061,7
2024-09-17 11:53:22.102,412.318382177458,10
2024-09-17 11:53:22.249,412.3118538241183,996
2024-09-17 11:53:22.270,412.2982582815188,101
2024-09-17 11:53:22.453,412.321975745904,102
2024-09-17 11:53:22.555,412.3336973108948,97
2024-09-17 11:53:22.598,412.3123634383487,995
2024-09-17 11:53:22.661,41.230557849351385,998
2024-09-17 11:53:22.745,412.29218713556753,101
2024-09-17 11:53:22.771,412.3043416002863,101
2024-09-17 11:53:22.811,412.3237856335514,100
2024-09-17 11:53:22.834,412.30407271225306,12
2024-09-17 11:53:22.849,412.3064375627797,1001
2024-09-17 11:53:22.958,412.29442328073264,1001
2024-09-17 11:53:23.074,412.2629922134743,105
2024-09-17 11:53:23.084,412.2974751431346,12
2024-09-17 11:53:23.126,412.3363868603918,103
2024-09-17 11:53:23.156,412.2788535480906,5
2024-09-17 11:53:23.197,412.2816580086583,15
2024-09-17 11:53:23.227,412.2985964416727,14
2024-09-17 11:53:23.228,412.30398317571166,997
2024-09-17 11:53:23.335,412.2919880593335,102
2024-09-17 11:53:23.414,412.3170764456586,1001
2024-09-17 11:53:23.536,412.2942753354559,997
2024-09-17 11:53:23.582,412.30271487947874,995
2024-09-17 11:53:23.584,412.3192201415079,7
2024-09-17 11:53:23.728,412.29353643783867,995
2024-09-17 11:53:23.745,412.3317221232402,995
2024-09-17 11:53:23.746,412.3151441378811,998
2024-09-17 11:53:23.751,412.27317911915134,9
2024-09-17 11:53:23.838,412.34058660781074,996
2024-09-17 11:53:23.843,412.3380639648411,15
2024-09-17 11:53:23.916,412.3206643665472,12
2024-09-17 11:53:23.919,412.326605407928,11
2024-09-17 11:53:24.075,412.3139246930498,105
2024-09-17 11:53:24.135,412.3608728904418,11
2024-09-17 11:53:24.296,412.33936045768417,996
2024-09-17 11:53:24.373,412.3125733261453,996
2024-09-17 11:53:24.515,412.3140014712826,97
2024-09-17 11:53:24.518,412.3220988853331,995
2024-09-17 11:53:24.533,412.3721504736194,105
2024-09-17 11:53:24.689,412.3514896110322,102
2024-09-17 11:53:24.696,412.3755381437954,14
2024-09-17 11:53:24.916,412.3071457668746,5
2024-09-17 11:53:24.921,412.3370859730412,13
2024-09-17 11:53:24.965,412.340347017028,96
2024-09-17 11:53:25.596,412.3795726690238,1003
2024-09-17 11:53:25.645,412.3801547178104,1000
2024-09-17 11:53:25.722,412.3960215874011,105
2024-09-17 11:53:26.008,412.4090556832652,8
2024-09-17 11:53:26.087,412.4076315249636,12
2024-09-17 11:53:26.119,412.4443258697751,105
2024-09-17 11:53:26.134,412.4248865942451,105
2024-09-17 11:53:26.203,412.4263443458684,1004
2024-09-17 11:53:26.310,412.4201600028898,997
2024-09-17 11:53:26.362,412.4021088968788,5
2024-09-17 11:53:26.387,412.42935424576274,105
2024-09-17 11:53:26.481,412.4529735278963,103
2024-09-17 11:53:26.591,412.4330129082008,997
2024-09-17 11:53:26.650,412.423351073113,105
2024-09-17 11:53:26.693,412.4287753621943,105
2024-09-17 11:53:26.740,412.4342455519087,997
2024-09-17 11:53:26.810,412.4046881807818,998
2024-09-17 11:53:26.835,412.43560395937806,101
2024-09-17 11:53:26.842,412.4133250442215,9
2024-09-17 11:53:26.896,412.4212185567572,9
2024-09-17 11:53:26.897,412.4364937979594,998
2024-09-17 11:53:27.011,412.4917455368116,105
2024-09-17 11:53:27.033,412.5149479121527,996
2024-09-17 11:53:27.038,412.50215136540527,7
2024-09-17 11:53:27.045,412.4735681904103,101
2024-09-17 11:53:27.131,412.501539093262,995
2024-09-17 11:53:27.143,412.4874130777381,998
2024-09-17 11:53:27.149,,5
2024-09-17 11:53:27.204,412.47618769038144,13
2024-09-17 11:53:27.233,412.4690400676647,1002
2024-09-17 11:53:27.251,412.4392495557344,104
2024-09-17 11:53:27.307,412.47525533843714,104
2024-09-17 11:53:27.331,412.51010567705913,101
2024-09-17 11:53:27.398,412.47745845659705,1001
2024-09-17 11:53:27.410,412.473833691914,998
2024-09-17 11:53:27.461,412.462783697097,14
2024-09-17 11:53:27.508,412.5086961528257,11
2024-09-17 11:53:27.565,412.5201264299194,102
2024-09-17 11:53:27.591,412.5212607633927,999
2024-09-17 11:53:27.712,412.4799829885389,104
2024-09-17 11:53:27.736,412.4796413687609,7
2024-09-17 11:53:27.739,412.4902033633031,96
2024-09-17 11:53:27.752,412.4831541623788,97
2024-09-17 11:53:27.774,412.507741558359,96
2024-09-17 11:53:27.803,412.46409977818206,99
2024-09-17 11:53:27.824,412.4580750024143,7
2024-09-17 11:53:27.826,412.4924186691672,6
2024-09-17 11:53:27.834,412.4627799882282,999
2024-09-17 11:53:27.958,412.4893420346925,996
2024-09-17 11:53:27.970,412.5173763023593,999
2024-09-17 11:53:27.985,412.5030370230683,1005
2024-09-17 11:53:28.055,412.5345991274659,98
2024-09-17 11:53:28.056,412.5301579016029,105
2024-09-17 11:53:28.117,412.5195042513994,11
2024-09-17 11:53:28.152,412.5442358384536,1002
2024-09-17 11:53:28.240,412.5403419369112,9
2024-09-17 11:53:28.270,412.5263493591633,995
2024-09-17 11:53:28.275,412.53796710206177,1001
2024-09-17 11:53:28.353,412.524657926603,999
2024-09-17 11:53:28.369,412.5404734221128,1002
2024-09-17 11:53:28.379,412.503474768492,1005
2024-09-17 11:53:28.385,412.55099649594,7
2024-09-17 11:53:28.390,412.5502550065628,1001
2024-09-17 11:53:28.398,412.5146822323314,1003
2024-09-17 11:53:28.431,-412.5464192720469,96
2024-09-17 11:53:28.556,412.5316904860018,5
2024-09-17 11:53:28.604,412.5133098657229,996
2024-09-17 11:53:28.624,-412.5444970630787,105
2024-09-17 11:53:28.715,412.5459504561184,101
2024-09-17 11:53:28.993,412.4751987374891,12
2024-09-17 11:53:29.113,412.55097399351615,997
2024-09-17 11:53:29.170,412.5340487727882,99
2024-09-17 11:53:29.221,412.54554826613673,5
2024-09-17 11:53:29.481,412.53957534375,5
2024-09-17 11:53:29.704,412.525301302976,999
2024-09-17 11:53:29.754,-412.53447344076847,6
2024-09-17 11:53:29.833,412.5347681385198,96
2024-09-17 11:53:29.861,412.5266282999145,5
2024-09-17 11:53:29.917,412.5455604591706,1003
2024-09-17 11:53:29.992,412.5351974655957,5
2024-09-17 11:53:30.016,412.57822409011874,1001
2024-09-17 11:53:30.117,412.5575300175177,10
2024-09-17 11:53:30.214,412.56662439561626,103
2024-09-17 11:53:30.264,412.5566973185586,998
2024-09-17 11:53:30.323,412.56865153064194,998
2024-09-17 11:53:30.362,412.5490327225192,98
2024-09-17 11:53:30.375,412.5069353304984,996
2024-09-17 11:53:30.462,412.5034836004203,1001
2024-09-17 11:53:30.491,412.54542547833375,101
2024-09-17 11:53:30.496,412.5389998401148,15
2024-09-17 11:53:30.557,412.5126655828208,1005
2024-09-17 11:53:30.589,412.5455663381428,1004
2024-09-17 11:53:30.672,412.55409576015126,98
2024-09-17 11:53:30.718,412.5723071382478,997
2024-09-17 11:53:30.842,412.50897664919086,999
2024-09-17 11:53:30.886,412.5753902711722,97
2024-09-17 11:53:30.941,412.50733814579377,7
2024-09-17 11:53:32.021,412.4665364505161,11
2024-09-17 11:53:32.081,412.5013487185258,98
2024-09-17 11:53:32.131,412.48195515267423,1001
2024-09-17 11:53:32.254,412.4976858393859,11
2024-09-17 11:53:32.275,412.5029322879791,995
2024-09-17 11:53:32.546,412.48199079037335,9
2024-09-17 11:53:32.579,412.4718849681845,99
2024-09-17 11:53:32.730,412.4924909549053,7
2024-09-17 11:53:32.774,412.50893135144526,13
2024-09-17 11:53:32.784,412.5081449412884,995
2024-09-17 11:53:32.830,412.4799802132666,104
2024-09-17 11:53:33.033,412.5226401712856,995
2024-09-17 11:53:33.037,412.4983299725365,996
2024-09-17 11:53:33.043,412.5323878444788,105
2024-09-17 11:53:33.063,412.4912275113752,99
2024-09-17 11:53:33.083,412.5002192543615,103
2024-09-17 11:53:33.239,412.52517791696,14
2024-09-17 11:53:33.263,412.51628615327166,999
2024-09-17 11:53:33.348,412.5146797620384,14
2024-09-17 11:53:33.426,412.50143182436335,1001
2024-09-17 11:53:33.467,412.5161257791638,997
2024-09-17 11:53:33.523,412.5360110187536,1004
2024-09-17 11:53:33.585,412.4964921788136,98
2024-09-17 11:53:33.597,412.5218317132226,97
2024-09-17 11:53:33.621,412.5103444411373,97
2024-09-17 11:53:33.640,412.497398563365,97
2024-09-17 11:53:33.688,412.5307129105008,997
2024-09-17 11:53:33.912,412.513442967676,1002
2024-09-17 11:53:34.036,412.4914590590912,15
2024-09-17 11:53:34.178,412.4910038184629,14
2024-09-17 11:53:34.266,,14
2024-09-17 11:53:34.581,412.4733579143559,105
2024-09-17 11:53:34.741,412.4955668177133,98
2024-09-17 11:53:34.902,412.5089821495278,9
2024-09-17 11:53:35.074,412.6033217904082,998
2024-09-17 11:53:35.211,412.5320480691816,1005
2024-09-17 11:53:35.328,412.6094209476224,1002
2024-09-17 11:53:35.544,412.6058194212444,15
2024-09-17 11:53:35.555,412.6085889281552,101
2024-09-17 11:53:35.560,412.6297086946075,1003
2024-09-17 11:53:35.630,412.5476162698339,9
2024-09-17 11:53:35.646,41.25952616230043,999
2024-09-17 11:53:35.701,412.5721011304135,98
2024-09-17 11:53:35.728,412.62089491797406,103
2024-09-17 11:53:35.884,412.5878115573488,15
2024-09-17 11:53:37.000,412.5391096932409,102
2024-09-17 11:53:37.104,412.5445106274119,105
2024-09-17 11:53:37.113,412.5896787714461,7
2024-09-17 11:53:37.123,412.5590743779559,1004
2024-09-17 11:53:37.174,412.5510761534004,11
2024-09-17 11:53:37.185,412.5509755438934,12
2024-09-17 11:53:37.213,412.5958666130695,997
2024-09-17 11:53:37.261,412.5591317844,998
2024-09-17 11:53:37.365,412.617811423983,5
2024-09-17 11:53:37.387,412.6239788157902,100
2024-09-17 11:53:37.406,412.56187917907954,1000
2024-09-17 11:53:37.424,412.5918661300285,97
2024-09-17 11:53:37.483,412.5760509667294,96
2024-09-17 11:53:37.630,412.57531166921103,1004
2024-09-17 11:53:37.669,412.5544103585103,12
2024-09-17 11:53:37.691,412.551916290948,1001
2024-09-17 11:53:37.718,412.561190886764,996
2024-09-17 11:53:37.781,412.5717904345381,103
2024-09-17 11:53:37.788,412.53758077129424,95
2024-09-17 11:53:37.914,412.6322229887581,97
2024-09-17 11:53:37.971,412.5669958556669,1000
2024-09-17 11:53:38.332,412.5654406182703,100
2024-09-17 11:53:38.778,412.5923106838381,5
2024-09-17 11:53:38.930,412.5867818810328,101
2024-09-17 11:53:39.005,412.5725421127019,6
2024-09-17 11:53:39.053,412.58118958055695,5
2024-09-17 11:53:39.148,412.6010890934527,12
2024-09-17 11:53:39.157,412.6075968717474,996
2024-09-17 11:53:39.169,412.6105898872174,15
2024-09-17 11:53:39.210,412.58169883281977,6
2024-09-17 11:53:39.264,412.6039331455125,95
2024-09-17 11:53:39.339,412.6049712359961,10
2024-09-17 11:53:39.348,412.6093100993974,100
2024-09-17 11:53:39.482,412.5998708538376,15
2024-09-17 11:53:39.580,412.6165748427011,12
2024-09-17 11:53:39.747,412.6158973869408,98
2024-09-17 11:53:39.772,412.5954164758674,1004
2024-09-17 11:53:39.855,412.5774384242204,11
2024-09-17 11:53:39.859,412.5992634536661,12
2024-09-17 11:53:39.861,412.60017485551526,1003
2024-09-17 11:53:39.993,412.600205340035,1003
2024-09-17 11:53:40.038,412.61461944419295,10
2024-09-17 11:53:40.072,412.5800242725485,13
2024-09-17 11:53:40.349,412.568706547944,98
2024-09-17 11:53:40.394,412.6006684474912,6
2024-09-17 11:53:40.592,412.56345834444,102
2024-09-17 11:53:40.646,412.606709507367,98
2024-09-17 11:53:40.682,412.5648289611784,99
2024-09-17 11:53:40.725,412.5804115180172,1003
2024-09-17 11:53:40.735,412.6147801844268,1001
2024-09-17 11:53:40.742,412.5589659322968,104
2024-09-17 11:53:40.749,412.6165407582361,104
2024-09-17 11:53:40.854,412.55996755043,999
2024-09-17 11:53:40.887,412.5670389094442,15
2024-09-17 11:53:40.956,412.6265144002284,1004
2024-09-17 11:53:41.004,412.54709659492295,1001
2024-09-17 11:53:41.119,412.5403939594859,6
2024-09-17 11:53:41.128,412.5576516946105,11
2024-09-17 11:53:41.146,412.5548937327525,5
2024-09-17 11:53:41.177,412.5521975900753,12
2024-09-17 11:53:41.223,412.5702730791617,999
2024-09-17 11:53:41.252,412.569252661356,14
2024-09-17 11:53:41.303,412.5626263672934,99
2024-09-17 11:53:41.310,412.59068115369496,998
2024-09-17 11:53:41.327,412.57455371539095,9
2024-09-17 11:53:41.368,412.535949888228,995
2024-09-17 11:53:41.385,412.5884209924138,95
2024-09-17 11:53:41.396,412.5683681747482,7
2024-09-17 11:53:41.434,412.5651341219988,104
2024-09-17 11:53:41.477,412.5596890562507,96
2024-09-17 11:53:41.521,412.5496557859786,998
2024-09-17 11:53:41.531,412.5664042212188,10
2024-09-17 11:53:41.623,412.5878211735117,996
2024-09-17 11:53:41.634,412.553310553724,13
2024-09-17 11:53:41.685,412.5552115019418,96
2024-09-17 11:53:41.776,412.5539823982968,995
2024-09-17 11:53:41.788,412.5601107993746,12
2024-09-17 11:53:41.793,412.5502998992203,997
2024-09-17 11:53:41.817,412.53926942168624,6
2024-09-17 11:53:41.850,412.5484991479528,99
2024-09-17 11:53:41.925,412.5703138424348,6
2024-09-17 11:53:41.931,412.56867847268296,104
2024-09-17 11:53:41.964,412.5692017724069,99
2024-09-17 11:53:42.033,412.5430479507763,1003
2024-09-17 11:53:42.423,412.55374586572594,996
2024-09-17 11:53:43.036,412.52224963336704,99
2024-09-17 11:53:43.341,412.5014523238172,1005
2024-09-17 11:53:43.345,412.5331006056415,11
2024-09-17 11:53:43.476,412.50925093204256,10
2024-09-17 11:53:43.530,412.5503478669473,996
2024-09-17 11:53:43.968,412.5481249752953,11
2024-09-17 11:53:44.288,412.50308237734106,97
2024-09-17 11:53:44.346,412.4874559395493,14
2024-09-17 11:53:44.578,412.4838497157434,1004
2024-09-17 11:53:44.670,412.4652794166748,99
2024-09-17 11:53:44.759,412.4809805918915,1002
2024-09-17 11:53:45.077,412.4614980023858,1002
2024-09-17 11:53:45.077,412.4858149138668,97
2024-09-17 11:53:45.093,412.454777178478,95
2024-09-17 11:53:45.293,412.4410212136705,10
2024-09-17 11:53:45.356,412.4520199194928,1004
2024-09-17 11:53:45.526,412.479462639863,12
2024-09-17 11:53:45.547,412.4671619858617,996
2024-09-17 11:53:45.549,412.474709067516,105
2024-09-17 11:53:45.618,412.4853462609007,1000
2024-09-17 11:53:45.665,412.46757417725263,105
2024-09-17 11:53:45.702,412.46620514677215,10
2024-09-17 11:53:45.713,412.4881061353714,1001
2024-09-17 11:53:45.887,412.4615636115606,1001
2024-09-17 11:53:45.966,412.4740930958237,1000
2024-09-17 11:53:46.028,412.531781730481,101
2024-09-17 11:53:46.091,412.5141895581282,1002
2024-09-17 11:53:46.092,412.5332945080401,98
2024-09-17 11:53:46.115,412.4872424966842,7
2024-09-17 11:53:46.183,412.51292752315226,1002
2024-09-17 11:53:46.213,412.4963563050694,14
2024-09-17 11:53:46.302,412.4934577468737,1000
2024-09-17 11:53:46.546,412.4797801320629,12
2024-09-17 11:53:46.627,412.5282488993586,10
2024-09-17 11:53:46.673,412.4963928561373,98
2024-09-17 11:53:46.712,412.5307689997632,96
2024-09-17 11:53:46.719,412.5105630443761,12
2024-09-17 11:53:46.827,412.4787259355907,995
2024-09-17 11:53:46.987,412.47336578830766,6
2024-09-17 11:53:47.259,412.53841018398816,101
2024-09-17 11:53:47.682,412.51256630740914,1000
2024-09-17 11:53:47.694,412.51993557138,1003
2024-09-17 11:53:47.788,412.4892687661116,9
2024-09-17 11:53:47.805,412.51306854353055,1000
2024-09-17 11:53:48.118,412.49482313900927,104
2024-09-17 11:53:48.178,412.52740257219017,5
2024-09-17 11:53:48.219,412.49233183631947,1005
2024-09-17 11:53:48.290,412.4805917264962,1005
2024-09-17 11:53:48.660,412.50314160658047,998
2024-09-17 11:53:48.810,412.50952462928433,997
2024-09-17 11:53:48.882,412.5337477623496,99
2024-09-17 11:53:49.105,412.4595687076755,8
2024-09-17 11:53:49.290,412.44020517899565,103
2024-09-17 11:53:49.547,412.4469288766266,98
2024-09-17 11:53:49.635,412.4384830635277,996
2024-09-17 11:53:49.768,412.4458668492746,97
2024-09-17 11:53:49.809,412.4308544506603,97
2024-09-17 11:53:49.994,41.24599580916617,102
2024-09-17 11:53:50.023,412.4072767529692,100
2024-09-17 11:53:50.050,412.42395085285455,997
2024-09-17 11:53:50.078,412.4275547514183,14
2024-09-17 11:53:50.178,412.4283738983354,6
2024-09-17 11:53:50.247,412.421568982433,105
2024-09-17 11:53:50.288,412.4265011197684,999
2024-09-17 11:53:50.343,412.4118785600455,999
2024-09-17 11:53:50.366,412.4188106625285,997
2024-09-17 11:53:50.422,412.4397310865772,7
2024-09-17 11:53:50.525,412.4129521741131,9
2024-09-17 11:53:50.528,412.3995333556745,995
2024-09-17 11:53:50.641,412.3991978056079,10
2024-09-17 11:53:50.641,412.39889758642727,999
2024-09-17 11:53:50.653,412.40942989278,104
2024-09-17 11:53:50.656,412.4240015094635,1000
2024-09-17 11:53:50.713,412.3652159306336,96
2024-09-17 11:53:50.791,412.4411186673922,100
2024-09-17 11:53:50.806,412.4359211630439,97
2024-09-17 11:53:50.852,412.4391598386222,13
2024-09-17 11:53:50.943,412.3907771619996,1000
2024-09-17 11:53:50.973,412.437512065611,103
2024-09-17 11:53:52.080,412.4337527356456,1003
2024-09-17 11:53:52.095,412.4421783866529,9
2024-09-17 11:53:52.183,412.445305924648,999
2024-09-17 11:53:52.298,412.4406738979524,9
2024-09-17 11:53:52.311,412.3920911710641,97
2024-09-17 11:53:52.368,412.487564988128,9
2024-09-17 11:53:52.372,412.35871076939947,995
2024-09-17 11:53:52.377,412.4531056256322,103
2024-09-17 11:53:52.412,412.3729160283112,101
2024-09-17 11:53:52.574,412.36917971811073,100
2024-09-17 11:53:52.588,412.39594579693926,96
2024-09-17 11:53:52.611,412.3698475287797,8
2024-09-17 11:53:52.623,412.44477719479096,995
2024-09-17 11:53:52.647,412.4447103642412,97
2024-09-17 11:53:52.693,412.4940501330283,13
2024-09-17 11:53:52.694,412.4536601809255,96
2024-09-17 11:53:52.720,412.3867489966776,15
2024-09-17 11:53:52.845,412.3717967983625,14
2024-09-17 11:53:52.907,412.4782476285496,10
2024-09-17 11:53:52.920,412.356085517193,10
2024-09-17 11:53:52.925,412.46305294811367,1000
2024-09-17 11:53:52.937,412.47994816573424,10
2024-09-17 11:53:52.979,412.48015843846366,102
2024-09-17 11:53:52.998,412.4786126218555,1001
2024-09-17 11:53:53.018,412.4806905852479,12
2024-09-17 11:53:53.019,412.4775625610327,103
2024-09-17 11:53:53.057,412.4772640198012,995
2024-09-17 11:53:53.119,412.4813125906068,8
2024-09-17 11:53:53.132,412.4904299474904,95
2024-09-17 11:53:53.187,412.4853799485381,996
2024-09-17 11:53:53.317,412.4922280496297,100
2024-09-17 11:53:53.365,41.25018500540664,995
2024-09-17 11:53:53.443,412.4907099049054,96
2024-09-17 11:53:53.701,412.5169088620229,1005
2024-09-17 11:53:53.852,412.4830840792922,13
2024-09-17 11:53:53.919,412.4865488400315,15
2024-09-17 11:53:54.025,412.4585575366661,5
2024-09-17 11:53:54.044,412.422861608966,999
2024-09-17 11:53:54.141,412.4452841148996,998
2024-09-17 11:53:54.170,412.4186875070191,1004
2024-09-17 11:53:54.230,412.4877416262963,104
2024-09-17 11:53:54.370,412.4660986956728,998
2024-09-17 11:53:54.402,412.4707129244266,6
2024-09-17 11:53:54.504,412.421590423265,96
2024-09-17 11:53:54.533,412.4499675722547,104
2024-09-17 11:53:54.536,412.4450926181752,1002
2024-09-17 11:53:54.568,412.4901111939254,10
2024-09-17 11:53:54.590,412.4618604323318,99
2024-09-17 11:53:54.610,412.4411261259767,11
2024-09-17 11:53:54.627,412.4680835169481,12
2024-09-17 11:53:54.705,412.4787781822042,15
2024-09-17 11:53:54.831,412.4355971963141,11
2024-09-17 11:53:54.841,-412.4211435874077,101
2024-09-17 11:53:54.866,412.4651361547742,1005
2024-09-17 11:53:54.867,412.44440369496215,997
2024-09-17 11:53:54.871,412.4724961808453,12
2024-09-17 11:53:54.962,412.4781334722146,999
2024-09-17 11:53:55.007,412.35769243977904,103
2024-09-17 11:53:55.011,412.37455818955465,96
2024-09-17 11:53:55.032,412.4154156543063,997
2024-09-17 11:53:55.264,412.4154432281918,101
2024-09-17 11:53:55.267,412.403925395833,97
2024-09-17 11:53:55.357,412.3834912081628,1000
2024-09-17 11:53:55.419,412.4066387748023,102
2024-09-17 11:53:55.484,412.3891635469944,1000
2024-09-17 11:53:55.485,412.3992583885881,1004
2024-09-17 11:53:55.505,412.4032342030681,98
2024-09-17 11:53:55.511,412.4006310671036,998
2024-09-17 11:53:55.540,412.4034893794181,13
2024-09-17 11:53:55.582,412.3606391957203,97
2024-09-17 11:53:55.617,412.4076584404396,10
2024-09-17 11:53:55.639,412.3865738466748,1004
2024-09-17 11:53:55.673,412.40240545291175,1000
2024-09-17 11:53:55.699,412.4117527721153,1005
2024-09-17 11:53:55.715,412.4008854292624,1001
2024-09-17 11:53:55.736,412.3999189604094,9
2024-09-17 11:53:55.861,412.3854738838581,6
2024-09-17 11:53:55.872,412.3959872389351,14
2024-09-17 11:53:55.925,412.4103659907829,10
2024-09-17 11:53:56.041,412.40060201264953,1002
2024-09-17 11:53:56.054,412.3612440717045,97
2024-09-17 11:53:56.056,412.4066294972715,99
2024-09-17 11:53:56.070,412.3813639006939,995
2024-09-17 11:53:56.113,412.4118471017407,103
2024-09-17 11:53:56.225,412.4131685686362,96
2024-09-17 11:53:56.301,412.42370759790566,14
2024-09-17 11:53:56.409,412.4329653575837,999
2024-09-17 11:53:56.413,412.4059541746545,101
2024-09-17 11:53:56.454,412.40862206441,13
2024-09-17 11:53:56.477,412.4083210161373,8
2024-09-17 11:53:56.557,412.41597511743953,998
2024-09-17 11:53:56.653,412.3823461235193,1004
2024-09-17 11:53:56.699,412.3826096528158,15
2024-09-17 11:53:56.755,412.43612806602,12
2024-09-17 11:53:56.853,412.380488344464,7
2024-09-17 11:53:56.886,412.3796279382013,95
2024-09-17 11:53:56.901,412.4097950920154,999
2024-09-17 11:53:56.930,412.37926364863625,999
2024-09-17 11:53:56.980,41.24168489181178,98
2024-09-17 11:53:57.126,412.3486710674919,95
2024-09-17 11:53:57.293,412.3513332380468,1000
2024-09-17 11:53:57.337,,105
2024-09-17 11:53:57.502,412.40759922750215,102
2024-09-17 11:53:57.739,412.39265885091226,7
2024-09-17 11:53:57.794,412.36599121617655,95
2024-09-17 11:53:57.861,412.36536136645526,999
2024-09-17 11:53:57.882,412.3750580587828,103
2024-09-17 11:53:57.885,412.3707679916661,103
2024-09-17 11:53:57.907,-412.39519102681777,1001
2024-09-17 11:53:57.952,412.3697230557127,99
2024-09-17 11:53:57.981,412.3694551826234,12
2024-09-17 11:53:58.041,412.37926741928015,12
2024-09-17 11:53:58.192,412.3810071595177,99
2024-09-17 11:53:58.477,412.36257386997823,96
2024-09-17 11:53:58.511,412.3221185658259,95
2024-09-17 11:53:58.513,412.315398481273,105
2024-09-17 11:53:58.567,412.3274557809213,105
2024-09-17 11:53:58.696,412.3781097638228,11
2024-09-17 11:53:58.766,412.375567669986,1002
2024-09-17 11:53:58.883,412.3771187632391,999
2024-09-17 11:53:58.987,412.34721034499455,101
2024-09-17 11:53:59.020,412.3545960857344,999
2024-09-17 11:53:59.197,412.3652696161133,7
2024-09-17 11:53:59.353,412.3557333669031,1005
