Timestamp,Price,Size
2024-09-18 14:17:00.176,414.4856818938238,15
2024-09-18 14:17:00.179,414.4977121038708,1004
2024-09-18 14:17:00.336,414.5181298878467,998
2024-09-18 14:17:00.380,414.4834943592115,104
2024-09-18 14:17:00.522,414.4967183823104,15
2024-09-18 14:17:00.599,414.49186061929856,995
2024-09-18 14:17:00.661,41.44690238048707,6
2024-09-18 14:17:00.664,414.4853554396015,999
2024-09-18 14:17:00.785,414.5087702555272,105
2024-09-18 14:17:00.822,414.47291604000486,999
2024-09-18 14:17:00.873,414.5273875204688,997
2024-09-18 14:17:01.036,414.5145570545863,104
2024-09-18 14:17:01.044,414.4822111072582,998
2024-09-18 14:17:01.157,414.4914725084827,15
2024-09-18 14:17:01.200,414.55464253997286,6
2024-09-18 14:17:01.239,414.5268880802397,98
2024-09-18 14:17:01.475,414.49030279329,1005
2024-09-18 14:17:01.482,414.5004484625474,99
2024-09-18 14:17:01.573,414.5467009948523,1004
2024-09-18 14:17:01.632,414.49863297744224,97
2024-09-18 14:17:01.766,414.524941096061,995
2024-09-18 14:17:01.779,414.5250700732511,996
2024-09-18 14:17:01.788,414.48960483838,15
2024-09-18 14:17:01.814,414.4923033148906,8
2024-09-18 14:17:01.842,414.5465097189039,7
2024-09-18 14:17:01.990,414.5611288743716,995
2024-09-18 14:17:02.012,414.5495755448857,1001
2024-09-18 14:17:02.098,414.5466419667462,15
2024-09-18 14:17:02.123,414.5610371012158,995
2024-09-18 14:17:02.174,414.5429655058978,97
2024-09-18 14:17:02.196,414.5660397088087,95
2024-09-18 14:17:02.196,414.5544297845784,8
2024-09-18 14:17:02.226,414.539830348578,1001
2024-09-18 14:17:02.264,414.5555064031328,997
2024-09-18 14:17:02.264,414.5659153438809,96
2024-09-18 14:17:02.354,414.5629208079937,6
2024-09-18 14:17:02.432,414.5647590359959,6
2024-09-18 14:17:02.452,414.5465467690259,1002
2024-09-18 14:17:02.469,414.5454589539757,995
2024-09-18 14:17:02.478,414.556756253414,995
2024-09-18 14:17:02.520,414.558295476624,98
2024-09-18 14:17:02.624,414.5466738490632,1004
2024-09-18 14:17:02.686,414.5575700396804,1005
2024-09-18 14:17:02.754,414.55332226854586,12
2024-09-18 14:17:02.777,414.54752295930047,997
2024-09-18 14:17:02.839,414.5536965066549,10
2024-09-18 14:17:02.977,414.5735165186256,7
2024-09-18 14:17:03.036,414.49123615332735,1001
2024-09-18 14:17:03.043,414.5782331771391,14
2024-09-18 14:17:03.079,414.513314156517,995
2024-09-18 14:17:03.088,414.51489403243073,995
2024-09-18 14:17:03.121,414.51284516123553,995
2024-09-18 14:17:03.157,414.50339239822046,10
2024-09-18 14:17:03.168,414.5734787585507,98
2024-09-18 14:17:03.176,414.5914487520618,1005
2024-09-18 14:17:03.238,414.5657814554031,9
2024-09-18 14:17:03.255,414.5324463247384,1003
2024-09-18 14:17:03.259,414.5250877721981,1005
2024-09-18 14:17:03.306,414.52232458962425,995
2024-09-18 14:17:03.343,414.58127290800405,13
2024-09-18 14:17:03.352,414.5788111666503,996
2024-09-18 14:17:03.354,414.5542315158998,103
2024-09-18 14:17:03.411,414.50192006225353,100
2024-09-18 14:17:03.427,414.48991367068334,100
2024-09-18 14:17:03.481,414.500998816645,999
2024-09-18 14:17:03.496,414.581952984704,96
2024-09-18 14:17:03.545,414.5037409513872,997
2024-09-18 14:17:03.652,414.5029519062651,98
2024-09-18 14:17:03.705,414.55324251584176,8
2024-09-18 14:17:03.718,414.5012297587105,97
2024-09-18 14:17:03.842,414.4794886247447,1004
2024-09-18 14:17:03.905,414.55408125068254,13
2024-09-18 14:17:03.957,414.48972936597227,101
2024-09-18 14:17:03.990,414.4851037037426,101
2024-09-18 14:17:04.010,414.4733249811758,1001
2024-09-18 14:17:04.234,414.47667056156814,7
2024-09-18 14:17:04.295,41.44823562468317,1001
2024-09-18 14:17:04.376,414.4784351485426,95
2024-09-18 14:17:04.412,414.49964956669794,999
2024-09-18 14:17:04.454,414.48570232512463,9
2024-09-18 14:17:04.459,414.47130388120894,995
2024-09-18 14:17:04.569,414.4846057768521,13
2024-09-18 14:17:04.626,414.47324489842737,95
2024-09-18 14:17:04.723,,96
2024-09-18 14:17:04.734,414.48258646962057,1005
2024-09-18 14:17:04.737,414.4897000371628,1005
2024-09-18 14:17:04.917,414.4807490478551,105
2024-09-18 14:17:04.944,414.47266690546206,11
2024-09-18 14:17:05.010,414.4886403889512,104
2024-09-18 14:17:05.030,414.4598634746586,995
2024-09-18 14:17:05.072,414.479988735038,1004
2024-09-18 14:17:05.152,414.4758716798547,8
2024-09-18 14:17:05.280,414.4668105580421,11
2024-09-18 14:17:05.301,414.44571045316286,997
2024-09-18 14:17:05.322,414.48378980293967,95
2024-09-18 14:17:05.331,414.4631015001092,10
2024-09-18 14:17:05.349,414.4734256993505,100
2024-09-18 14:17:05.354,414.449667396334,101
2024-09-18 14:17:05.429,414.4740146305725,999
2024-09-18 14:17:05.500,414.47016254322153,11
2024-09-18 14:17:05.535,414.4404888668876,996
2024-09-18 14:17:05.648,414.4739308330699,96
2024-09-18 14:17:05.672,414.4571017630102,5
2024-09-18 14:17:05.768,414.4611272237388,7
2024-09-18 14:17:05.829,414.4333821993231,11
2024-09-18 14:17:05.908,414.452940514086,5
2024-09-18 14:17:06.404,414.4748103460865,8
2024-09-18 14:17:06.732,414.4846471443966,10
2024-09-18 14:17:06.850,414.4592262514563,1004
2024-09-18 14:17:07.088,414.51030226187794,6
2024-09-18 14:17:07.121,414.4935269436959,104
2024-09-18 14:17:07.131,414.4473660953926,999
2024-09-18 14:17:07.171,414.4746299938172,104
2024-09-18 14:17:07.280,414.4620526751487,998
2024-09-18 14:17:07.283,414.4722917382553,98
2024-09-18 14:17:07.298,414.4634738137707,5
2024-09-18 14:17:07.336,414.4927795255941,999
2024-09-18 14:17:07.398,41.44600381265831,105
2024-09-18 14:17:07.423,414.4610689204252,97
2024-09-18 14:17:07.455,414.467482527539,995
2024-09-18 14:17:07.503,414.494465185096,100
2024-09-18 14:17:07.597,414.4747575713961,103
2024-09-18 14:17:07.624,414.4380283691603,103
2024-09-18 14:17:07.635,414.458904252567,10
2024-09-18 14:17:07.804,414.4563388731656,6
2024-09-18 14:17:07.887,414.4641754223519,105
2024-09-18 14:17:07.922,414.45615404517696,1005
2024-09-18 14:17:08.067,414.407270770655,996
2024-09-18 14:17:08.082,414.39616309884815,99
2024-09-18 14:17:08.091,414.4024224227375,12
2024-09-18 14:17:08.118,414.4405778191262,1004
2024-09-18 14:17:08.152,414.41086300779386,7
2024-09-18 14:17:08.173,414.4551477611647,997
2024-09-18 14:17:08.212,414.40780653835344,104
2024-09-18 14:17:08.258,414.4480177953137,96
2024-09-18 14:17:08.285,414.4516703104462,102
2024-09-18 14:17:08.287,414.4373476326276,11
2024-09-18 14:17:08.329,414.4121461860074,5
2024-09-18 14:17:08.337,414.39685418083184,12
2024-09-18 14:17:08.365,414.46871519348673,12
2024-09-18 14:17:08.433,414.4298864991704,15
2024-09-18 14:17:08.468,414.4279747079434,995
2024-09-18 14:17:08.503,414.4393600363413,9
2024-09-18 14:17:08.532,414.4297080493527,1002
2024-09-18 14:17:08.544,414.4320483446412,13
2024-09-18 14:17:08.544,414.4736051207263,998
2024-09-18 14:17:08.555,414.4354540967119,14
2024-09-18 14:17:08.590,414.42401891753696,98
2024-09-18 14:17:08.603,414.4600607679114,1004
2024-09-18 14:17:08.615,414.4612604016662,5
2024-09-18 14:17:08.615,414.4506425418808,101
2024-09-18 14:17:08.620,414.4330513687276,99
2024-09-18 14:17:08.747,414.4490834875113,5
2024-09-18 14:17:08.868,414.4207178765096,1003
2024-09-18 14:17:08.879,41.44147909036275,996
2024-09-18 14:17:08.902,414.40176817636046,99
2024-09-18 14:17:08.911,414.44107884743175,1001
2024-09-18 14:17:09.022,414.4016151135552,996
2024-09-18 14:17:09.078,414.41957093588246,100
2024-09-18 14:17:09.107,414.3678303145469,105
2024-09-18 14:17:09.257,414.34121614861135,11
2024-09-18 14:17:09.293,414.3491150505972,95
2024-09-18 14:17:09.413,41.433697252935104,95
2024-09-18 14:17:09.425,414.4065813862132,14
2024-09-18 14:17:09.518,414.35724936320446,995
2024-09-18 14:17:09.539,414.4027174427361,105
2024-09-18 14:17:09.553,414.3628085081236,11
2024-09-18 14:17:09.622,414.3719242552434,998
2024-09-18 14:17:09.642,414.42501921916863,1005
2024-09-18 14:17:09.693,414.4004282495454,998
2024-09-18 14:17:09.718,414.3611389361259,10
2024-09-18 14:17:09.765,414.39537914858914,11
2024-09-18 14:17:09.866,414.35207843328266,1001
2024-09-18 14:17:09.920,414.3431843746891,1005
2024-09-18 14:17:09.967,414.3606192242568,99
2024-09-18 14:17:09.971,414.3576279547597,13
2024-09-18 14:17:10.011,414.3417910332415,14
2024-09-18 14:17:10.011,414.3603098147728,8
2024-09-18 14:17:10.023,414.33522096597335,7
2024-09-18 14:17:10.047,414.3725414197263,101
2024-09-18 14:17:10.065,414.33561871004594,1005
2024-09-18 14:17:10.094,414.3272833083364,1005
2024-09-18 14:17:10.137,414.3835140140237,97
2024-09-18 14:17:10.146,414.3396871199873,99
2024-09-18 14:17:10.207,414.3302536259363,12
2024-09-18 14:17:10.257,414.3459921540388,96
2024-09-18 14:17:10.330,414.3715297020593,105
2024-09-18 14:17:10.365,414.3148675901681,1000
2024-09-18 14:17:10.409,414.3222709788957,104
2024-09-18 14:17:10.419,414.3292449379804,10
2024-09-18 14:17:10.439,414.39775585440674,11
2024-09-18 14:17:10.456,414.3445695804525,96
2024-09-18 14:17:10.489,414.37911845467113,1000
2024-09-18 14:17:10.575,414.3630211968178,8
2024-09-18 14:17:10.619,,104
2024-09-18 14:17:10.628,414.3425318433244,7
2024-09-18 14:17:10.644,414.3367411658253,998
2024-09-18 14:17:10.682,414.32133259614335,1003
2024-09-18 14:17:10.851,414.3468656534741,8
2024-09-18 14:17:10.870,414.3750056984446,15
2024-09-18 14:17:10.876,414.3108301134001,998
2024-09-18 14:17:10.897,414.3245905175427,1000
2024-09-18 14:17:10.952,414.3291951115808,15
2024-09-18 14:17:12.021,414.39335172459886,1004
2024-09-18 14:17:12.033,414.39994724374594,100
2024-09-18 14:17:12.078,414.4149798581846,1005
2024-09-18 14:17:12.209,414.4184280996838,98
2024-09-18 14:17:12.374,414.3994524859697,13
2024-09-18 14:17:12.383,414.4063865432392,996
2024-09-18 14:17:12.392,414.394122841017,14
2024-09-18 14:17:12.560,414.3998126594607,10
2024-09-18 14:17:12.592,-414.3922137683007,995
2024-09-18 14:17:12.698,414.3933535903855,98
2024-09-18 14:17:12.923,414.4030908428703,100
2024-09-18 14:17:12.987,414.39176325157285,105
2024-09-18 14:17:13.069,414.4528515142998,15
2024-09-18 14:17:13.179,414.416431312356,1000
2024-09-18 14:17:13.205,414.4150165593764,7
2024-09-18 14:17:13.231,414.4721634030712,9
2024-09-18 14:17:13.267,414.455227746676,5
2024-09-18 14:17:13.306,414.46178125794506,998
2024-09-18 14:17:13.331,414.4406090794488,104
2024-09-18 14:17:13.364,414.465823258702,997
2024-09-18 14:17:13.418,414.4212354218981,10
2024-09-18 14:17:13.535,414.4127104095015,100
2024-09-18 14:17:13.549,414.43349506209455,1005
2024-09-18 14:17:13.571,414.4294987527825,1000
2024-09-18 14:17:13.624,414.3991252034383,1000
2024-09-18 14:17:13.707,414.4338051650048,1004
2024-09-18 14:17:13.770,414.4775146439261,105
2024-09-18 14:17:13.928,414.4543465185361,98
2024-09-18 14:17:13.960,414.4402627915448,7
2024-09-18 14:17:13.964,414.4631981481006,1001
2024-09-18 14:17:13.981,414.42178444541537,998
2024-09-18 14:17:14.130,414.4763857355641,1004
2024-09-18 14:17:14.153,41.4491175093749,8
2024-09-18 14:17:14.170,414.4459032436538,998
2024-09-18 14:17:14.274,414.4483541921532,998
2024-09-18 14:17:14.360,414.5061782697031,997
2024-09-18 14:17:14.393,414.4712403739886,998
2024-09-18 14:17:14.433,414.44583248836335,8
2024-09-18 14:17:14.480,414.4992209206465,100
2024-09-18 14:17:14.550,414.4504971887384,13
2024-09-18 14:17:14.653,414.4870774767825,1001
2024-09-18 14:17:14.660,414.4930051616373,6
2024-09-18 14:17:14.710,414.4979921951696,96
2024-09-18 14:17:14.720,414.43639980892095,95
2024-09-18 14:17:14.747,414.4615293888592,5
2024-09-18 14:17:14.766,414.4930903264288,102
2024-09-18 14:17:14.857,414.4407285455689,95
2024-09-18 14:17:14.891,414.4626831039212,12
2024-09-18 14:17:14.900,414.4726425049127,1003
2024-09-18 14:17:14.935,414.45540383736704,13
2024-09-18 14:17:15.099,414.47137678545727,1002
2024-09-18 14:17:15.154,414.45526198766953,15
2024-09-18 14:17:15.233,414.51650240291633,14
2024-09-18 14:17:15.251,414.4598406020836,1003
2024-09-18 14:17:15.330,414.4759048789934,105
2024-09-18 14:17:15.373,414.4952947964485,13
2024-09-18 14:17:15.389,414.5027678131941,10
2024-09-18 14:17:15.391,414.47507978045945,96
2024-09-18 14:17:15.392,414.4606317553458,101
2024-09-18 14:17:15.474,414.5131875202803,9
2024-09-18 14:17:15.492,414.5088000655976,12
2024-09-18 14:17:15.494,414.48941342828266,995
2024-09-18 14:17:15.506,,9
2024-09-18 14:17:15.532,414.4524528460721,10
2024-09-18 14:17:15.535,414.4748313384339,8
2024-09-18 14:17:15.565,414.4619073013974,105
2024-09-18 14:17:15.590,414.49170817696887,1002
2024-09-18 14:17:15.621,414.4553196615007,1005
2024-09-18 14:17:15.813,414.481438042909,102
2024-09-18 14:17:15.971,414.5151213712944,998
2024-09-18 14:17:15.991,414.47761997136126,6
2024-09-18 14:17:16.130,414.4217449205001,996
2024-09-18 14:17:16.208,414.4481597420196,96
2024-09-18 14:17:16.227,414.4277026219331,7
2024-09-18 14:17:16.349,414.4417070657851,14
2024-09-18 14:17:16.655,414.4408264575571,98
2024-09-18 14:17:16.696,414.4562680854217,999
2024-09-18 14:17:16.751,414.4407210173045,99
2024-09-18 14:17:16.759,414.4267111148033,102
2024-09-18 14:17:17.171,414.45502236686775,10
2024-09-18 14:17:17.209,414.4258553488664,999
2024-09-18 14:17:17.213,414.4380079878259,1003
2024-09-18 14:17:17.334,,6
2024-09-18 14:17:17.339,414.45302545259307,99
2024-09-18 14:17:17.355,414.43349570410464,95
2024-09-18 14:17:17.456,414.4361522261743,12
2024-09-18 14:17:17.557,414.4469399764269,1003
2024-09-18 14:17:17.985,414.4625718376618,10
2024-09-18 14:17:18.248,414.4027409973768,9
2024-09-18 14:17:18.478,414.41540376153154,997
2024-09-18 14:17:18.824,414.4246578543047,105
2024-09-18 14:17:18.924,414.43280567300434,8
2024-09-18 14:17:18.952,414.434436197654,996
2024-09-18 14:17:19.019,414.35955788692814,1000
2024-09-18 14:17:19.083,414.30630369280817,100
2024-09-18 14:17:19.095,414.3511504486911,1004
2024-09-18 14:17:19.129,414.3117154275238,1004
2024-09-18 14:17:19.185,414.4144655346911,100
2024-09-18 14:17:19.197,414.3459762640302,102
2024-09-18 14:17:19.229,414.35450859681725,10
2024-09-18 14:17:19.236,414.3829752072341,1001
2024-09-18 14:17:19.400,414.3535006932526,1004
2024-09-18 14:17:19.408,414.2827253334123,11
2024-09-18 14:17:19.428,414.3203549111065,1002
2024-09-18 14:17:19.434,414.3499733436641,97
2024-09-18 14:17:19.437,414.3464177359208,1000
2024-09-18 14:17:19.478,414.3572029080378,104
2024-09-18 14:17:19.651,414.3503158395697,100
2024-09-18 14:17:19.657,414.28901881698187,11
2024-09-18 14:17:19.664,414.3382346421103,103
2024-09-18 14:17:19.870,414.3533332391544,8
2024-09-18 14:17:19.950,414.3727375849666,996
2024-09-18 14:17:19.965,414.3434383293122,15
2024-09-18 14:17:19.969,414.4083370877681,1004
2024-09-18 14:17:20.261,414.2722510172547,997
2024-09-18 14:17:20.473,414.2740031481104,5
2024-09-18 14:17:20.479,414.2789007616414,96
2024-09-18 14:17:20.567,414.2734063061873,1004
2024-09-18 14:17:20.721,414.2679632858689,99
2024-09-18 14:17:20.850,414.26078663799217,103
2024-09-18 14:17:21.041,414.3441099585787,996
2024-09-18 14:17:21.059,414.3065389492747,1004
2024-09-18 14:17:21.088,414.2959345741231,5
2024-09-18 14:17:21.116,414.3169843826559,997
2024-09-18 14:17:21.165,414.3266306164294,15
2024-09-18 14:17:21.173,414.3381141508108,9
2024-09-18 14:17:21.235,414.2811855594488,11
2024-09-18 14:17:21.249,414.3170509067543,96
2024-09-18 14:17:21.392,414.29793512221937,1000
2024-09-18 14:17:21.449,414.28953645178143,1005
2024-09-18 14:17:21.476,414.28109821366087,12
2024-09-18 14:17:21.713,414.30572640111495,997
2024-09-18 14:17:21.800,414.32262901452174,1004
2024-09-18 14:17:21.845,414.3402978415807,15
2024-09-18 14:17:21.890,414.2970270999117,10
2024-09-18 14:17:21.944,414.3347947085667,103
2024-09-18 14:17:21.952,414.3009528797271,996
2024-09-18 14:17:21.960,414.2943278056637,9
2024-09-18 14:17:21.973,414.29601010462665,5
2024-09-18 14:17:21.991,414.3070538148474,15
2024-09-18 14:17:21.997,414.2958767181458,1004
2024-09-18 14:17:22.145,414.2606770229232,996
2024-09-18 14:17:22.157,414.25223599316826,98
2024-09-18 14:17:22.199,41.42505377740281,105
2024-09-18 14:17:22.301,414.2785414161447,7
2024-09-18 14:17:22.382,414.2825175610292,12
2024-09-18 14:17:22.383,414.2739260614664,996
2024-09-18 14:17:22.521,414.2934359347411,95
2024-09-18 14:17:22.531,414.2696951837375,1004
2024-09-18 14:17:22.560,414.2627419535846,5
2024-09-18 14:17:22.579,414.2667820636887,1002
2024-09-18 14:17:22.632,414.2591261417093,11
2024-09-18 14:17:22.696,414.2773246249374,1001
2024-09-18 14:17:22.960,414.2800021893655,1005
2024-09-18 14:17:22.961,414.2729652957054,9
2024-09-18 14:17:23.066,414.2709432977257,10
2024-09-18 14:17:23.138,414.2662188892145,98
2024-09-18 14:17:23.145,414.2780687251392,100
2024-09-18 14:17:23.181,414.2624030113051,997
2024-09-18 14:17:23.310,414.3162298089876,102
2024-09-18 14:17:23.399,414.2746957582064,999
2024-09-18 14:17:23.404,414.3299633872291,100
2024-09-18 14:17:23.418,414.2466033179037,98
2024-09-18 14:17:23.463,414.2889493694464,103
2024-09-18 14:17:23.469,414.3165104123109,995
2024-09-18 14:17:23.490,414.27432639636334,102
2024-09-18 14:17:23.525,414.3067352237345,7
2024-09-18 14:17:23.555,414.31922004657054,995
2024-09-18 14:17:23.913,414.27391782589496,14
2024-09-18 14:17:23.921,414.2602805985157,995
2024-09-18 14:17:23.975,414.3189613432987,1004
2024-09-18 14:17:24.119,414.2872188454376,11
2024-09-18 14:17:24.305,414.2213684345236,14
2024-09-18 14:17:24.320,414.3004281408314,101
2024-09-18 14:17:24.339,414.2813566467271,1003
2024-09-18 14:17:24.349,414.3034619124907,6
2024-09-18 14:17:24.372,414.22842737549655,97
2024-09-18 14:17:24.436,414.2801848812999,7
2024-09-18 14:17:24.465,414.2200580380748,998
2024-09-18 14:17:24.482,414.2223201094353,1004
2024-09-18 14:17:24.520,414.2455860037844,97
2024-09-18 14:17:24.584,414.24088861365055,98
2024-09-18 14:17:24.594,414.3222257358907,95
2024-09-18 14:17:24.625,414.2888770855637,7
2024-09-18 14:17:24.664,414.2641152476624,12
2024-09-18 14:17:24.686,414.22531429389977,996
2024-09-18 14:17:24.720,414.24070469055846,1005
2024-09-18 14:17:24.807,414.22703274951147,14
2024-09-18 14:17:24.833,414.2635456903459,102
2024-09-18 14:17:24.843,414.22059720931577,1001
2024-09-18 14:17:24.901,414.3193010812068,11
2024-09-18 14:17:24.963,414.2673574127612,104
2024-09-18 14:17:24.969,414.2946494877026,5
2024-09-18 14:17:24.989,414.2675766898909,11
2024-09-18 14:17:26.001,414.18159878798616,14
2024-09-18 14:17:26.094,414.2096241984666,99
2024-09-18 14:17:26.146,414.16263021257447,5
2024-09-18 14:17:26.159,414.2135953832869,995
2024-09-18 14:17:26.164,414.17845360013536,995
2024-09-18 14:17:26.263,414.1950097253986,12
2024-09-18 14:17:26.263,414.1720403031656,98
2024-09-18 14:17:26.269,414.1849623882753,103
2024-09-18 14:17:26.297,414.1949771823724,5
2024-09-18 14:17:26.316,414.1870552405901,996
2024-09-18 14:17:26.361,414.21374833222814,997
2024-09-18 14:17:26.379,414.17148149200153,7
2024-09-18 14:17:26.439,414.20180161865807,9
2024-09-18 14:17:26.440,414.20707784919216,97
2024-09-18 14:17:26.442,414.2149978240093,999
2024-09-18 14:17:26.470,414.1653241813163,10
2024-09-18 14:17:26.473,414.2114447760748,1003
2024-09-18 14:17:26.513,414.1682161225732,100
2024-09-18 14:17:26.539,414.20067700816566,12
2024-09-18 14:17:26.549,414.20391816411416,9
2024-09-18 14:17:26.554,414.19877470221337,6
2024-09-18 14:17:26.632,414.2015176264241,97
2024-09-18 14:17:26.803,414.1937595978442,998
2024-09-18 14:17:26.820,414.1999692621305,1002
2024-09-18 14:17:26.823,414.1868492486455,1004
2024-09-18 14:17:26.862,414.20746981783617,10
2024-09-18 14:17:26.873,414.1824518429542,97
2024-09-18 14:17:26.922,414.1870645021561,99
2024-09-18 14:17:26.947,,104
2024-09-18 14:17:27.106,414.19101282434747,997
2024-09-18 14:17:27.225,414.2148998760665,96
2024-09-18 14:17:27.357,414.18830621307177,97
2024-09-18 14:17:27.499,414.1831563577421,100
2024-09-18 14:17:27.750,414.1971816241682,1003
2024-09-18 14:17:27.772,414.1896828381712,6
2024-09-18 14:17:27.832,414.189081232245,1003
2024-09-18 14:17:27.915,414.1965948401036,103
2024-09-18 14:17:28.014,414.24733862954633,996
2024-09-18 14:17:28.103,414.261332605062,999
2024-09-18 14:17:28.145,414.2814470439863,14
2024-09-18 14:17:28.170,414.28122518959134,5
2024-09-18 14:17:28.178,414.2514950565572,11
2024-09-18 14:17:28.212,414.27623773632,1005
2024-09-18 14:17:28.264,,95
2024-09-18 14:17:28.301,414.23931258615215,100
2024-09-18 14:17:28.307,414.2694763280306,5
2024-09-18 14:17:28.310,414.2655050770219,13
2024-09-18 14:17:28.387,414.2244388270522,99
2024-09-18 14:17:28.431,414.24226056906673,101
2024-09-18 14:17:28.443,414.25284688362734,13
2024-09-18 14:17:28.465,414.1979013228657,9
2024-09-18 14:17:28.471,414.2651375030173,104
2024-09-18 14:17:28.475,414.2525607946057,1005
2024-09-18 14:17:28.522,414.2728390811348,1002
2024-09-18 14:17:28.546,414.2168282809548,101
2024-09-18 14:17:28.549,414.19089244252655,103
2024-09-18 14:17:28.556,414.2723574889904,999
2024-09-18 14:17:28.659,414.279631924406,8
2024-09-18 14:17:28.666,414.205550120618,6
2024-09-18 14:17:28.722,414.2038155032801,102
2024-09-18 14:17:28.735,414.26097069506505,997
2024-09-18 14:17:28.736,414.22982938885633,102
2024-09-18 14:17:28.801,414.27018066746473,15
2024-09-18 14:17:28.832,414.2385055747034,101
2024-09-18 14:17:28.860,414.2148829249779,97
2024-09-18 14:17:28.969,414.2449426208522,14
2024-09-18 14:17:29.013,-414.2183291739214,999
2024-09-18 14:17:29.057,414.2137578748457,1004
2024-09-18 14:17:29.100,-414.2128531251673,995
2024-09-18 14:17:29.259,414.2405161398417,6
2024-09-18 14:17:29.385,414.2126437295096,6
2024-09-18 14:17:29.410,414.1896812286034,1001
2024-09-18 14:17:29.625,414.2038105637452,1004
2024-09-18 14:17:29.718,414.2101386762497,998
2024-09-18 14:17:29.784,414.2153339368562,1004
2024-09-18 14:17:29.881,414.2203822717821,5
2024-09-18 14:17:29.906,414.2095318778004,11
2024-09-18 14:17:29.910,414.23614310771495,997
2024-09-18 14:17:30.049,414.2019880456511,101
2024-09-18 14:17:30.144,414.2013043872793,10
2024-09-18 14:17:30.201,414.19864126151776,96
2024-09-18 14:17:30.207,414.2138977033752,1000
2024-09-18 14:17:30.294,414.19029781728864,6
2024-09-18 14:17:30.322,414.1876102998164,100
2024-09-18 14:17:30.375,414.1970860329336,9
2024-09-18 14:17:30.380,414.1832097849323,15
2024-09-18 14:17:30.501,414.198428334534,103
2024-09-18 14:17:30.512,414.187891597669,997
2024-09-18 14:17:30.559,414.1911149804818,102
2024-09-18 14:17:30.778,414.1933821424652,14
2024-09-18 14:17:30.903,414.2007751274402,7
2024-09-18 14:17:31.182,414.2608630493291,1004
2024-09-18 14:17:31.318,414.2418817638484,1000
2024-09-18 14:17:31.541,414.244909649741,8
2024-09-18 14:17:32.016,414.25284997435006,5
2024-09-18 14:17:32.065,414.30102582092087,7
2024-09-18 14:17:32.084,414.2508175676913,999
2024-09-18 14:17:32.151,414.2940587159416,96
2024-09-18 14:17:32.168,414.2853740935785,5
2024-09-18 14:17:32.327,414.2929096168119,997
2024-09-18 14:17:32.338,414.2716095715121,101
2024-09-18 14:17:32.380,414.2554016815838,997
2024-09-18 14:17:32.392,414.2575199992158,9
2024-09-18 14:17:32.481,414.2901731646012,996
2024-09-18 14:17:32.495,414.2577367123484,1002
2024-09-18 14:17:32.529,414.2342629528344,995
2024-09-18 14:17:32.656,414.2922792280413,9
2024-09-18 14:17:32.680,414.2569883779908,999
2024-09-18 14:17:32.718,414.2822764546468,13
2024-09-18 14:17:32.722,414.3023857624183,998
2024-09-18 14:17:32.841,414.2965389840626,1003
2024-09-18 14:17:32.854,414.2704809366317,7
2024-09-18 14:17:32.858,414.268857920546,9
2024-09-18 14:17:32.866,414.2549790307273,998
2024-09-18 14:17:32.916,414.2627493122585,7
2024-09-18 14:17:32.977,414.2642274340927,1001
2024-09-18 14:17:32.984,414.2899485638008,9
2024-09-18 14:17:33.036,414.2675596560768,99
2024-09-18 14:17:33.072,414.2746385565875,104
2024-09-18 14:17:33.530,414.2688965282739,7
2024-09-18 14:17:33.727,414.26423530838287,101
2024-09-18 14:17:33.789,414.2726162807778,99
2024-09-18 14:17:33.853,414.2607445043511,999
2024-09-18 14:17:33.955,414.26713251084817,998
2024-09-18 14:17:34.009,414.279489208552,1004
2024-09-18 14:17:34.172,414.24860094260254,7
2024-09-18 14:17:34.182,414.27054160695553,8
2024-09-18 14:17:34.190,414.2541631631647,996
2024-09-18 14:17:34.242,414.2512987918989,95
2024-09-18 14:17:34.272,414.261773013218,995
2024-09-18 14:17:34.343,414.2768223577286,102
2024-09-18 14:17:34.349,414.2731015469009,15
2024-09-18 14:17:34.350,414.2799488959427,98
2024-09-18 14:17:34.395,414.3007714442068,1002
2024-09-18 14:17:34.439,414.2598199133022,5
2024-09-18 14:17:34.455,414.2588232556472,14
2024-09-18 14:17:34.462,414.27080586705614,96
2024-09-18 14:17:34.504,414.2977657966057,8
2024-09-18 14:17:34.514,414.2763339115766,1000
2024-09-18 14:17:34.536,414.2445311810078,12
2024-09-18 14:17:34.571,414.26028439985686,99
2024-09-18 14:17:34.708,414.2806860546584,102
2024-09-18 14:17:34.815,414.2409286261408,103
2024-09-18 14:17:34.853,414.26553137214273,995
2024-09-18 14:17:34.864,414.2510251084797,995
2024-09-18 14:17:34.874,414.2686488417552,101
2024-09-18 14:17:34.891,414.271991109362,998
2024-09-18 14:17:34.916,414.28239668296726,1004
2024-09-18 14:17:35.022,414.3150703889446,96
2024-09-18 14:17:35.022,414.260327692831,14
2024-09-18 14:17:35.111,414.28919971830993,997
2024-09-18 14:17:35.177,414.3015033968797,998
2024-09-18 14:17:35.194,414.3214622547077,96
2024-09-18 14:17:35.273,414.2686020860804,104
2024-09-18 14:17:35.322,414.3006689890009,103
2024-09-18 14:17:35.368,414.30223658485465,98
2024-09-18 14:17:35.600,414.26780600317113,1001
2024-09-18 14:17:35.609,414.3095546983219,102
2024-09-18 14:17:35.638,414.2709258872794,6
2024-09-18 14:17:35.769,414.26280457694025,97
2024-09-18 14:17:35.815,414.32117203110886,98
2024-09-18 14:17:35.889,41.430161393013215,1000
2024-09-18 14:17:36.021,414.2905048033348,5
2024-09-18 14:17:36.028,414.2618801104591,9
2024-09-18 14:17:36.038,41.426885672697445,11
2024-09-18 14:17:36.079,41.43011135019224,1000
2024-09-18 14:17:36.138,414.29797939710375,1001
2024-09-18 14:17:36.177,414.3046339245261,98
2024-09-18 14:17:36.185,414.2412771237417,996
2024-09-18 14:17:36.226,414.2615817151046,1004
2024-09-18 14:17:36.235,414.303069857415,14
2024-09-18 14:17:36.250,414.2879208206343,102
2024-09-18 14:17:36.340,,14
2024-09-18 14:17:36.368,414.2735134950149,997
2024-09-18 14:17:36.376,414.2681569755726,95
2024-09-18 14:17:36.404,414.28389362576695,98
2024-09-18 14:17:36.430,414.2847216629655,96
2024-09-18 14:17:36.442,414.2676249995131,995
2024-09-18 14:17:36.481,414.3003793333634,998
2024-09-18 14:17:36.494,414.2895922819341,15
2024-09-18 14:17:36.555,414.2344740365783,11
2024-09-18 14:17:36.575,414.2962471923564,103
2024-09-18 14:17:36.650,414.2759639668942,1004
2024-09-18 14:17:36.677,414.26986274678734,101
2024-09-18 14:17:36.704,414.2363108994108,14
2024-09-18 14:17:36.711,414.31184808968015,8
2024-09-18 14:17:36.749,414.2799085360997,99
2024-09-18 14:17:36.829,414.26897383534265,1004
2024-09-18 14:17:36.855,414.27092630588027,13
2024-09-18 14:17:36.892,414.2654343313977,5
2024-09-18 14:17:36.979,414.2816240533191,10
2024-09-18 14:17:37.042,414.3528496095632,100
2024-09-18 14:17:37.057,414.3677955709763,9
2024-09-18 14:17:37.065,414.2634801922553,98
2024-09-18 14:17:37.108,414.3759564390225,1005
2024-09-18 14:17:37.127,414.29643446869966,1005
2024-09-18 14:17:37.159,414.36572990495455,11
2024-09-18 14:17:37.224,414.27785829871465,998
2024-09-18 14:17:37.261,414.3717514635626,6
2024-09-18 14:17:37.402,414.3412634209407,8
2024-09-18 14:17:37.403,414.354941043783,8
2024-09-18 14:17:37.581,414.27071822814247,102
2024-09-18 14:17:37.600,414.3463915976579,14
2024-09-18 14:17:37.627,414.3609981355635,104
2024-09-18 14:17:37.694,414.3708736046405,1005
2024-09-18 14:17:37.727,414.2629828487042,97
2024-09-18 14:17:37.792,414.3551889276992,11
2024-09-18 14:17:37.797,414.3761900853676,9
2024-09-18 14:17:37.873,414.35776741665006,1003
2024-09-18 14:17:37.889,414.3765283564055,15
2024-09-18 14:17:37.904,414.28024930237984,99
2024-09-18 14:17:37.931,414.2741992689825,12
2024-09-18 14:17:38.048,414.4230703627314,9
2024-09-18 14:17:38.078,414.34206772619046,95
2024-09-18 14:17:38.120,414.4054572163851,1003
2024-09-18 14:17:38.334,414.4216610391298,100
2024-09-18 14:17:38.344,414.4003976549712,97
2024-09-18 14:17:38.357,414.4152780351002,995
2024-09-18 14:17:38.362,414.4136008358977,15
2024-09-18 14:17:38.365,414.414706449831,11
2024-09-18 14:17:38.369,414.3568987807381,101
2024-09-18 14:17:38.467,414.3460563647523,101
2024-09-18 14:17:38.490,414.4017308844794,1002
2024-09-18 14:17:38.518,414.4155688857063,8
2024-09-18 14:17:38.523,414.4221489882676,10
2024-09-18 14:17:38.527,414.337891203128,102
2024-09-18 14:17:38.543,414.3499270607473,1003
2024-09-18 14:17:38.606,414.3300457898337,1002
2024-09-18 14:17:38.682,414.343918151177,105
2024-09-18 14:17:38.701,414.337233713193,996
2024-09-18 14:17:38.773,414.3912296770732,6
2024-09-18 14:17:38.863,414.344701239387,98
2024-09-18 14:17:38.889,414.3806233358026,103
2024-09-18 14:17:38.912,414.4040642582773,101
2024-09-18 14:17:38.996,414.3251244368727,105
2024-09-18 14:17:39.132,414.445975397794,105
2024-09-18 14:17:39.852,414.4322300333717,102
2024-09-18 14:17:39.889,414.4322539660591,14
2024-09-18 14:17:40.026,414.4289017683253,9
2024-09-18 14:17:40.059,414.4245409290496,101
2024-09-18 14:17:40.106,414.48928212408265,6
2024-09-18 14:17:40.164,414.4450400191488,97
2024-09-18 14:17:40.258,414.4360240950204,104
2024-09-18 14:17:40.296,414.4693271143228,997
2024-09-18 14:17:40.362,414.47465296988895,11
2024-09-18 14:17:40.482,414.4493240816768,995
2024-09-18 14:17:40.505,414.4253706429387,6
2024-09-18 14:17:40.623,414.43687767979816,104
2024-09-18 14:17:40.629,414.45098485092166,96
2024-09-18 14:17:40.673,414.4900462286316,1001
2024-09-18 14:17:40.742,414.44252704097727,98
2024-09-18 14:17:40.777,414.4575476848502,11
2024-09-18 14:17:40.854,414.45758725528304,97
2024-09-18 14:17:40.871,414.4680103351856,1004
2024-09-18 14:17:40.899,414.4830354436143,1002
2024-09-18 14:17:40.900,-414.4263349766426,12
2024-09-18 14:17:41.287,414.4890481305025,1002
2024-09-18 14:17:41.635,414.485351640748,995
2024-09-18 14:17:42.372,414.4869996040735,1002
2024-09-18 14:17:42.438,414.4958253568565,8
2024-09-18 14:17:42.682,414.5007690455129,103
2024-09-18 14:17:42.749,414.4855901618103,1004
2024-09-18 14:17:42.904,414.4960778897072,103
2024-09-18 14:17:42.912,414.4992398131392,999
2024-09-18 14:17:42.982,414.5078567964629,1001
2024-09-18 14:17:43.799,414.5244287563453,95
2024-09-18 14:17:44.096,414.5365463528184,997
2024-09-18 14:17:44.138,414.5148964099202,998
2024-09-18 14:17:44.195,414.4839147442205,1001
2024-09-18 14:17:44.250,414.5276589916256,5
2024-09-18 14:17:44.280,414.4175857105758,103
2024-09-18 14:17:44.313,414.52822431473794,5
2024-09-18 14:17:44.316,414.5146643988605,13
2024-09-18 14:17:44.356,414.49442154665786,9
2024-09-18 14:17:44.398,414.50417346704296,13
2024-09-18 14:17:44.405,414.50514248361554,98
2024-09-18 14:17:44.475,414.5230430526855,1002
2024-09-18 14:17:44.590,414.5135407480823,998
2024-09-18 14:17:44.638,414.5243786727771,11
2024-09-18 14:17:44.638,414.5357919455711,15
2024-09-18 14:17:44.651,414.4399241450833,997
2024-09-18 14:17:44.659,414.5401890156826,101
2024-09-18 14:17:44.705,414.5087336523555,15
2024-09-18 14:17:44.756,414.46708734892593,999
2024-09-18 14:17:44.776,414.4967080608183,95
2024-09-18 14:17:44.837,414.4496015679642,998
2024-09-18 14:17:44.855,414.5162233902173,1001
2024-09-18 14:17:44.872,414.48960660318056,101
2024-09-18 14:17:44.949,414.5092474867375,12
2024-09-18 14:17:44.958,414.508633092378,97
2024-09-18 14:17:44.968,414.5027766987066,1005
2024-09-18 14:17:44.988,414.5177662660994,998
2024-09-18 14:17:45.041,414.4514521778573,103
2024-09-18 14:17:45.046,414.4546514000896,7
2024-09-18 14:17:45.051,414.4608086449675,13
2024-09-18 14:17:45.095,414.4510716174321,6
2024-09-18 14:17:45.208,414.4488850748972,105
2024-09-18 14:17:45.332,414.4278648554133,15
2024-09-18 14:17:45.340,414.436982478021,102
2024-09-18 14:17:45.340,414.4453837858422,1005
2024-09-18 14:17:45.362,414.4474648172289,996
2024-09-18 14:17:45.429,414.4458976002728,1002
2024-09-18 14:17:45.645,414.4298080804069,97
2024-09-18 14:17:45.698,414.4583561506348,6
2024-09-18 14:17:45.711,414.4601956249911,1005
2024-09-18 14:17:45.727,414.4365186869216,12
2024-09-18 14:17:45.772,414.4508265313393,5
2024-09-18 14:17:45.793,414.4411568899256,15
2024-09-18 14:17:45.795,414.4412297674426,999
2024-09-18 14:17:45.809,414.42967991320666,998
2024-09-18 14:17:45.840,414.43474655233786,105
2024-09-18 14:17:45.845,414.4277636601655,10
2024-09-18 14:17:45.904,414.4516095907952,1000
2024-09-18 14:17:46.010,414.40313530007,998
2024-09-18 14:17:46.014,414.4525893854845,97
2024-09-18 14:17:46.050,414.430369962532,9
2024-09-18 14:17:46.102,414.47411368956296,97
2024-09-18 14:17:46.143,414.396680061447,1003
2024-09-18 14:17:46.177,414.4629459987124,98
2024-09-18 14:17:46.185,414.4321757215696,101
2024-09-18 14:17:46.205,414.4300840731145,10
2024-09-18 14:17:46.211,414.3533862967538,1002
2024-09-18 14:17:46.238,414.3811428453227,5
2024-09-18 14:17:46.282,414.38849954409903,7
2024-09-18 14:17:46.366,414.4163877002906,14
2024-09-18 14:17:46.417,414.4214490204922,105
2024-09-18 14:17:46.462,414.4303911218513,998
2024-09-18 14:17:46.468,414.3832011451351,104
2024-09-18 14:17:46.550,414.4581734801683,100
2024-09-18 14:17:46.587,414.4537284017063,10
2024-09-18 14:17:46.673,414.373304002586,99
2024-09-18 14:17:46.675,414.3625097176904,998
2024-09-18 14:17:46.852,414.4135015630374,997
2024-09-18 14:17:46.868,414.4308020862408,97
2024-09-18 14:17:46.959,414.40727263618567,12
2024-09-18 14:17:46.968,414.44550395504615,999
2024-09-18 14:17:46.992,414.46255301011166,1002
2024-09-18 14:17:47.011,414.3728903385149,1003
2024-09-18 14:17:47.023,414.3100871927994,105
2024-09-18 14:17:47.026,414.3202778697268,104
2024-09-18 14:17:47.053,414.32781041188,997
2024-09-18 14:17:47.072,414.3289279981071,1001
2024-09-18 14:17:47.099,414.34260794589005,13
2024-09-18 14:17:47.128,414.3023311594239,1004
2024-09-18 14:17:47.203,414.325375544972,100
2024-09-18 14:17:47.213,414.3109997131885,996
2024-09-18 14:17:47.235,414.3226389485933,11
2024-09-18 14:17:47.242,414.31633215419697,15
2024-09-18 14:17:47.287,414.3517852843001,100
2024-09-18 14:17:47.318,414.3597909918075,6
2024-09-18 14:17:47.320,414.3532434524859,95
2024-09-18 14:17:47.360,414.3306189093517,995
2024-09-18 14:17:47.380,414.3476753252796,102
2024-09-18 14:17:47.387,414.3440604215427,996
2024-09-18 14:17:47.387,414.34584381450776,998
2024-09-18 14:17:47.394,414.33155982911904,10
2024-09-18 14:17:47.462,414.34441373629744,9
2024-09-18 14:17:47.497,414.3538029795895,11
2024-09-18 14:17:47.553,414.3269505000629,1001
2024-09-18 14:17:47.623,414.3620945746836,5
2024-09-18 14:17:47.685,414.3307957944151,15
2024-09-18 14:17:47.718,414.3674799529052,996
2024-09-18 14:17:47.750,414.3478660941336,95
2024-09-18 14:17:47.808,414.3490473335609,997
2024-09-18 14:17:47.852,414.3827145716591,13
2024-09-18 14:17:47.916,414.3048271770258,995
2024-09-18 14:17:47.988,414.3754524529863,98
2024-09-18 14:17:48.088,414.3000835482979,97
2024-09-18 14:17:48.095,414.2574989600916,96
2024-09-18 14:17:48.120,414.2748234780922,103
2024-09-18 14:17:48.131,414.2794637418142,1004
2024-09-18 14:17:48.281,414.28644478872496,101
2024-09-18 14:17:48.392,414.2948634308188,7
2024-09-18 14:17:48.398,414.31560129082766,999
2024-09-18 14:17:48.495,414.2856046427796,995
2024-09-18 14:17:48.533,414.2794979214476,97
2024-09-18 14:17:48.598,414.2681318944293,999
2024-09-18 14:17:48.636,414.301906726534,1002
2024-09-18 14:17:48.645,414.3130996783625,5
2024-09-18 14:17:48.655,414.2591409950591,103
2024-09-18 14:17:48.672,414.2956346180236,996
2024-09-18 14:17:48.696,414.3079774864737,102
2024-09-18 14:17:48.711,414.3118670964597,96
2024-09-18 14:17:48.802,414.2990007319611,14
2024-09-18 14:17:48.815,414.27040503858336,96
2024-09-18 14:17:48.836,414.2618360547909,998
2024-09-18 14:17:48.837,414.26287359247993,1001
2024-09-18 14:17:48.856,414.25535941164446,5
2024-09-18 14:17:48.893,414.2814996974299,996
2024-09-18 14:17:48.958,414.2768325951912,95
2024-09-18 14:17:48.987,414.2601034389786,8
2024-09-18 14:17:49.243,414.23818287175294,105
2024-09-18 14:17:49.274,414.2703313458024,103
2024-09-18 14:17:49.615,414.2432386973541,8
2024-09-18 14:17:49.705,414.2423353676752,104
2024-09-18 14:17:49.717,414.2571340638,95
2024-09-18 14:17:49.835,414.2784583083288,104
2024-09-18 14:17:49.980,414.261612371797,98
2024-09-18 14:17:50.012,414.2609097834161,8
2024-09-18 14:17:50.253,414.25414665544935,9
2024-09-18 14:17:50.273,414.2713741415224,998
2024-09-18 14:17:50.367,414.2603427122492,1005
2024-09-18 14:17:50.736,414.24550836852745,14
2024-09-18 14:17:50.920,414.2624668101653,99
2024-09-18 14:17:51.078,41.42665529606606,98
2024-09-18 14:17:51.102,414.2689214789498,8
2024-09-18 14:17:51.175,414.2937818063324,102
2024-09-18 14:17:51.219,414.2696459909244,13
2024-09-18 14:17:51.243,414.26737044834505,1004
2024-09-18 14:17:51.246,414.2885527986592,12
2024-09-18 14:17:51.377,414.2743780993326,96
2024-09-18 14:17:51.401,414.2720310449389,1001
2024-09-18 14:17:51.470,414.27109513585566,1001
2024-09-18 14:17:51.537,414.2583509832561,100
2024-09-18 14:17:51.569,414.27273765608106,97
2024-09-18 14:17:51.585,414.2778853905972,1005
2024-09-18 14:17:51.601,414.2631899707127,1005
2024-09-18 14:17:51.683,414.26202261783976,996
2024-09-18 14:17:51.935,414.2640821922671,995
2024-09-18 14:17:51.970,414.2801606006975,102
2024-09-18 14:17:52.059,414.3002659035598,5
2024-09-18 14:17:52.093,414.3327159035475,996
2024-09-18 14:17:52.099,414.338310503044,15
2024-09-18 14:17:52.178,414.312549803032,96
2024-09-18 14:17:52.439,414.3137169766358,5
2024-09-18 14:17:52.455,414.32299020328674,12
2024-09-18 14:17:52.545,414.2849284511704,14
2024-09-18 14:17:52.576,414.28982262486034,96
2024-09-18 14:17:52.636,414.34542853054927,14
2024-09-18 14:17:52.642,414.3009590141072,6
2024-09-18 14:17:52.651,414.3141769209428,99
2024-09-18 14:17:52.782,414.3475873613533,10
2024-09-18 14:17:52.811,414.3322899999778,1004
2024-09-18 14:17:52.868,414.3248681540211,101
2024-09-18 14:17:53.180,414.35097127327015,1001
2024-09-18 14:17:53.216,414.29790176285,15
2024-09-18 14:17:53.256,414.2968403430524,5
2024-09-18 14:17:53.473,414.3031017544401,1001
2024-09-18 14:17:53.567,414.2773257605952,996
2024-09-18 14:17:53.654,414.3269143311049,100
2024-09-18 14:17:53.678,414.304380492891,96
2024-09-18 14:17:53.749,414.3047690963802,7
2024-09-18 14:17:53.758,414.3063271741188,1002
2024-09-18 14:17:53.853,414.3150231042981,99
2024-09-18 14:17:53.872,414.2938333866424,10
2024-09-18 14:17:53.889,414.3034230346254,995
2024-09-18 14:17:53.916,414.3059823496225,1002
2024-09-18 14:17:53.941,414.3431272496614,996
2024-09-18 14:17:53.960,414.2923315438376,995
2024-09-18 14:17:54.014,414.3182243409208,996
2024-09-18 14:17:54.018,414.2616121688724,1002
2024-09-18 14:17:54.127,414.2818856738186,1001
2024-09-18 14:17:54.149,414.27905208712815,998
2024-09-18 14:17:54.272,414.328383867598,105
2024-09-18 14:17:54.284,414.2560849048787,998
2024-09-18 14:17:54.345,414.26020682613887,97
2024-09-18 14:17:54.364,414.2800762615176,104
2024-09-18 14:17:54.370,414.2990226792117,100
2024-09-18 14:17:54.455,414.3085016741407,6
2024-09-18 14:17:54.641,414.28743577339753,99
2024-09-18 14:17:54.821,414.2854730712158,996
2024-09-18 14:17:54.842,414.3184999194744,1001
2024-09-18 14:17:54.956,414.2539865180148,105
2024-09-18 14:17:54.957,414.299624677589,1003
2024-09-18 14:17:55.001,414.14615010898666,997
2024-09-18 14:17:55.002,414.1817692432626,1001
2024-09-18 14:17:55.005,414.2489828711484,9
2024-09-18 14:17:55.069,414.2439837907377,995
2024-09-18 14:17:55.072,414.2495998366105,998
2024-09-18 14:17:55.074,41.426016865036495,99
2024-09-18 14:17:55.103,414.18625171313744,1002
2024-09-18 14:17:55.115,414.224946159981,96
2024-09-18 14:17:55.126,414.1937115687376,12
2024-09-18 14:17:55.139,414.1828557283963,12
2024-09-18 14:17:55.151,414.17265534038665,995
2024-09-18 14:17:55.196,414.170197423808,97
2024-09-18 14:17:55.203,414.1562717810284,7
2024-09-18 14:17:55.258,414.22414164406985,104
2024-09-18 14:17:55.391,414.15147192082736,1001
2024-09-18 14:17:55.421,414.1921721852029,14
2024-09-18 14:17:55.428,414.2224728309696,15
2024-09-18 14:17:55.582,414.2080329520828,1002
2024-09-18 14:17:55.600,414.175748225677,13
2024-09-18 14:17:55.611,414.2040039682662,1001
2024-09-18 14:17:55.641,414.1612388528319,998
2024-09-18 14:17:55.810,414.2486682045537,96
2024-09-18 14:17:55.814,414.2404160732166,95
2024-09-18 14:17:55.872,414.2176622502764,999
2024-09-18 14:17:55.913,414.22591208928,998
2024-09-18 14:17:55.996,414.2005212778241,1001
2024-09-18 14:17:56.415,414.1911912532749,8
2024-09-18 14:17:56.611,414.1845857804366,96
2024-09-18 14:17:56.789,414.1911526334868,95
2024-09-18 14:17:56.801,414.1834133816408,1004
2024-09-18 14:17:56.805,414.18126222045527,101
2024-09-18 14:17:56.917,414.1901728967058,5
2024-09-18 14:17:57.080,414.19516493814,5
2024-09-18 14:17:57.124,414.1627346294305,5
2024-09-18 14:17:57.162,414.1207235262272,102
2024-09-18 14:17:57.187,414.1847663558076,1002
2024-09-18 14:17:57.194,414.13543605649664,12
2024-09-18 14:17:57.216,414.1925078023161,7
2024-09-18 14:17:57.282,414.1447423688391,1003
2024-09-18 14:17:57.282,414.1870875168821,13
2024-09-18 14:17:57.365,414.1784408493558,104
2024-09-18 14:17:57.379,-414.20367083429664,12
2024-09-18 14:17:57.420,414.1461265418615,97
2024-09-18 14:17:57.487,414.2014460415165,98
2024-09-18 14:17:57.555,414.1316043458137,998
2024-09-18 14:17:57.564,414.21149521327175,104
2024-09-18 14:17:57.603,414.1373882786457,5
2024-09-18 14:17:57.607,414.2111038694033,99
2024-09-18 14:17:57.625,414.2016338449683,11
2024-09-18 14:17:57.651,414.1837969781008,105
2024-09-18 14:17:57.653,414.1936819942068,999
2024-09-18 14:17:57.656,414.1550843506713,1002
2024-09-18 14:17:57.691,414.1519691533439,6
2024-09-18 14:17:57.709,414.1311456895604,104
2024-09-18 14:17:57.732,414.1330494427512,11
2024-09-18 14:17:57.796,414.1871644916857,102
2024-09-18 14:17:57.885,414.1630143860247,999
2024-09-18 14:17:57.925,414.2081622295036,104
2024-09-18 14:17:57.954,414.1813542931589,104
2024-09-18 14:17:57.957,414.1961978174313,99
2024-09-18 14:17:58.012,-414.0870103983874,999
2024-09-18 14:17:58.060,414.09825736276,1003
2024-09-18 14:17:58.065,414.0823504125324,997
2024-09-18 14:17:58.183,414.0896355347869,14
2024-09-18 14:17:58.197,414.0777365108543,8
2024-09-18 14:17:58.262,414.0842063708674,996
2024-09-18 14:17:58.611,414.12485266979263,6
2024-09-18 14:17:58.617,414.1196444219544,99
2024-09-18 14:17:58.626,414.0994498816671,9
2024-09-18 14:17:58.649,414.1007317141356,97
2024-09-18 14:17:58.678,414.1173786812728,1002
2024-09-18 14:17:58.685,414.1111712088969,105
2024-09-18 14:17:58.946,414.0970302609728,995
2024-09-18 14:17:58.976,414.1381634321894,1005
2024-09-18 14:17:59.033,414.1433687650813,995
2024-09-18 14:17:59.275,414.1431044461754,105
2024-09-18 14:17:59.318,414.1413066819234,12
2024-09-18 14:17:59.321,414.1243779987096,1001
2024-09-18 14:17:59.372,414.1540150362354,13
2024-09-18 14:17:59.390,414.143962973354,15
2024-09-18 14:17:59.501,414.1230454811401,1001
2024-09-18 14:17:59.560,414.1417116416535,1003
2024-09-18 14:17:59.566,414.1326141905772,5
2024-09-18 14:17:59.691,414.13241161031135,998
2024-09-18 14:17:59.726,414.12997629642905,1004
2024-09-18 14:17:59.741,414.1205816777464,8
2024-09-18 14:17:59.806,414.1295571672259,998
2024-09-18 14:17:59.901,414.12643049991937,1002
2024-09-18 14:17:59.937,414.1285898423623,97
2024-09-18 14:17:59.959,414.11650451129407,102
