Timestamp,Price,Size
2024-09-17 13:05:00.143,406.0251703310112,104
2024-09-17 13:05:00.151,406.0212309250614,13
2024-09-17 13:05:00.324,406.0047769996617,1001
2024-09-17 13:05:00.331,406.0029078666474,96
2024-09-17 13:05:00.384,406.0022112338994,14
2024-09-17 13:05:00.461,406.0086379242624,102
2024-09-17 13:05:00.657,405.9780202620255,105
2024-09-17 13:05:00.697,405.9930059972457,999
2024-09-17 13:05:00.717,405.9978211366807,1004
2024-09-17 13:05:00.793,405.988525704651,997
2024-09-17 13:05:00.818,406.0185856505967,996
2024-09-17 13:05:00.941,406.0112582638941,99
2024-09-17 13:05:00.951,406.0017847208003,8
2024-09-17 13:05:01.040,406.00238948942575,13
2024-09-17 13:05:01.055,405.9855851872359,6
2024-09-17 13:05:01.090,405.9902560515666,997
2024-09-17 13:05:01.208,405.9956968192479,997
2024-09-17 13:05:01.213,406.0100176919544,103
2024-09-17 13:05:01.244,405.9826716030453,1004
2024-09-17 13:05:01.266,405.9697325070719,95
2024-09-17 13:05:01.320,405.9917022811495,1003
2024-09-17 13:05:01.503,405.9910551009888,104
2024-09-17 13:05:01.569,405.98477090988206,105
2024-09-17 13:05:01.651,406.00396599427023,14
2024-09-17 13:05:01.662,406.0058228933064,995
2024-09-17 13:05:01.745,405.987025340318,8
2024-09-17 13:05:01.798,406.0032608154247,101
2024-09-17 13:05:01.844,406.016368887916,9
2024-09-17 13:05:01.864,405.9854611857654,8
2024-09-17 13:05:01.995,406.0038762170218,1000
2024-09-17 13:05:02.055,405.94367566739584,102
2024-09-17 13:05:02.072,405.9364428072541,1000
2024-09-17 13:05:02.119,405.9326088221231,104
2024-09-17 13:05:02.197,405.9443058415187,97
2024-09-17 13:05:02.221,405.95922980159656,11
2024-09-17 13:05:02.345,405.95758513273273,100
2024-09-17 13:05:02.394,405.9456627979307,105
2024-09-17 13:05:02.486,405.97391127248966,104
2024-09-17 13:05:02.538,-405.9614677004128,1003
2024-09-17 13:05:02.965,405.9936419134129,1003
2024-09-17 13:05:03.090,405.9422287256335,13
2024-09-17 13:05:04.034,405.98915990010994,100
2024-09-17 13:05:04.042,405.9458382077066,100
2024-09-17 13:05:04.044,405.98935233740616,8
2024-09-17 13:05:04.064,405.95747237683474,10
2024-09-17 13:05:04.163,405.93519600057937,97
2024-09-17 13:05:04.178,405.9346864592742,105
2024-09-17 13:05:04.193,405.93641930753546,105
2024-09-17 13:05:04.261,405.9945252824042,104
2024-09-17 13:05:04.300,405.95530528057895,15
2024-09-17 13:05:04.324,405.9418721550143,96
2024-09-17 13:05:04.481,405.9915306573873,105
2024-09-17 13:05:04.504,405.96553090789706,1003
2024-09-17 13:05:04.514,405.98993102764393,1001
2024-09-17 13:05:04.519,405.9288135560288,105
2024-09-17 13:05:04.582,405.9466730221248,996
2024-09-17 13:05:04.892,405.983405472453,1003
2024-09-17 13:05:05.005,405.9742375452462,99
2024-09-17 13:05:05.305,405.9873036387575,98
2024-09-17 13:05:05.646,40.59953440020917,5
2024-09-17 13:05:05.754,405.9823714965471,996
2024-09-17 13:05:05.995,405.9879972140211,96
2024-09-17 13:05:06.013,405.9925022399327,12
2024-09-17 13:05:06.108,405.9981248366446,999
2024-09-17 13:05:06.181,406.0010276226154,1004
2024-09-17 13:05:06.194,405.9818476522028,7
2024-09-17 13:05:06.209,406.0071813783817,11
2024-09-17 13:05:06.214,405.98281284279074,1003
2024-09-17 13:05:06.217,406.0182216216664,6
2024-09-17 13:05:06.221,405.9917057772149,11
2024-09-17 13:05:06.224,405.99243194835975,998
2024-09-17 13:05:06.249,406.0030437194551,15
2024-09-17 13:05:06.313,405.9926991980418,12
2024-09-17 13:05:06.320,405.9960099747029,11
2024-09-17 13:05:06.321,406.01021996259726,102
2024-09-17 13:05:06.373,405.99566548052064,6
2024-09-17 13:05:06.571,40.60155170736038,1001
2024-09-17 13:05:06.685,405.9720579496402,11
2024-09-17 13:05:06.778,405.9958806739053,13
2024-09-17 13:05:06.779,406.0086391733588,15
2024-09-17 13:05:06.789,405.9773630600953,10
2024-09-17 13:05:06.792,405.9847471970384,997
2024-09-17 13:05:06.864,405.9951909485493,7
2024-09-17 13:05:06.874,405.98480638767006,1001
2024-09-17 13:05:06.878,406.0183125999987,12
2024-09-17 13:05:06.884,405.9994977965951,98
2024-09-17 13:05:06.918,405.993053459566,98
2024-09-17 13:05:06.981,406.0271764106983,998
2024-09-17 13:05:06.995,406.0146573208907,102
2024-09-17 13:05:07.364,405.9856582004985,9
2024-09-17 13:05:07.588,405.96340109058895,997
2024-09-17 13:05:07.649,405.9690758436176,9
2024-09-17 13:05:07.684,405.97402916790514,1001
2024-09-17 13:05:07.806,405.9401858966648,1005
2024-09-17 13:05:07.817,405.98082742535934,1002
2024-09-17 13:05:07.878,405.9651007309551,104
2024-09-17 13:05:07.973,405.96131368004495,104
2024-09-17 13:05:08.000,405.9492553215791,101
2024-09-17 13:05:08.082,405.950308432339,105
2024-09-17 13:05:08.148,405.95345242826176,8
2024-09-17 13:05:08.168,405.9686621349972,103
2024-09-17 13:05:08.256,405.9867664210392,1005
2024-09-17 13:05:08.282,405.9864487341069,104
2024-09-17 13:05:08.365,405.98022987969296,14
2024-09-17 13:05:08.408,405.9429164027157,14
2024-09-17 13:05:08.441,405.9393080139352,999
2024-09-17 13:05:08.496,405.9455109720707,7
2024-09-17 13:05:08.697,405.9791474198744,14
2024-09-17 13:05:08.764,405.94762327636334,1001
2024-09-17 13:05:08.821,405.9679560182979,98
2024-09-17 13:05:08.832,405.981940752121,7
2024-09-17 13:05:08.841,405.94129658790655,1002
2024-09-17 13:05:08.842,405.9888311901774,1004
2024-09-17 13:05:08.845,405.93684673486,10
2024-09-17 13:05:08.906,405.9390759623473,99
2024-09-17 13:05:09.303,405.95038770642617,8
2024-09-17 13:05:09.817,405.9361735315912,103
2024-09-17 13:05:09.861,405.9296134915574,6
2024-09-17 13:05:09.999,405.9390322115592,95
2024-09-17 13:05:10.104,405.8952603261786,95
2024-09-17 13:05:10.118,405.9045818109189,99
2024-09-17 13:05:10.119,405.919554387027,98
2024-09-17 13:05:10.153,405.9157922034059,1001
2024-09-17 13:05:10.243,405.9189353796394,1004
2024-09-17 13:05:10.540,405.9167090521813,103
2024-09-17 13:05:10.654,405.9166929398381,11
2024-09-17 13:05:10.832,405.8955184045311,100
2024-09-17 13:05:11.030,405.8573957670446,998
2024-09-17 13:05:11.158,405.87776488516425,104
2024-09-17 13:05:11.166,405.8943964721126,98
2024-09-17 13:05:11.194,405.87281755146455,1005
2024-09-17 13:05:11.247,405.905584573587,101
2024-09-17 13:05:11.248,405.865070149028,98
2024-09-17 13:05:11.251,405.8587342924104,104
2024-09-17 13:05:11.291,405.8703958082911,102
2024-09-17 13:05:11.377,405.8734208048167,97
2024-09-17 13:05:11.433,40.58778360232375,1003
2024-09-17 13:05:11.440,405.8649860524294,102
2024-09-17 13:05:11.502,405.8433346652425,11
2024-09-17 13:05:11.521,405.87346103188486,11
2024-09-17 13:05:11.533,405.8681941798664,98
2024-09-17 13:05:11.584,405.8670264516276,14
2024-09-17 13:05:11.625,405.89526631006737,104
2024-09-17 13:05:11.764,405.867006259151,13
2024-09-17 13:05:11.822,405.8609431474749,14
2024-09-17 13:05:11.838,405.8650257992805,1005
2024-09-17 13:05:11.874,405.8649197602389,1003
2024-09-17 13:05:11.878,405.8462414094394,1003
2024-09-17 13:05:11.889,405.8833392318468,998
2024-09-17 13:05:11.908,405.889355350907,14
2024-09-17 13:05:11.912,405.8427421808359,102
2024-09-17 13:05:11.918,405.86842890237534,999
2024-09-17 13:05:11.920,405.86382027127263,98
2024-09-17 13:05:11.970,405.8862365461289,8
2024-09-17 13:05:11.988,405.8736672312572,95
2024-09-17 13:05:12.006,405.8140093865286,10
2024-09-17 13:05:12.056,405.8486873197973,999
2024-09-17 13:05:12.066,405.8206815372265,10
2024-09-17 13:05:12.246,405.8350464427805,104
2024-09-17 13:05:12.250,405.8461503106194,15
2024-09-17 13:05:12.251,405.8158570058802,95
2024-09-17 13:05:12.346,405.8230381292084,996
2024-09-17 13:05:12.355,405.8363815767924,98
2024-09-17 13:05:12.374,405.82363391131264,12
2024-09-17 13:05:12.424,405.8538697586473,8
2024-09-17 13:05:12.462,405.8263996540964,996
2024-09-17 13:05:12.507,405.85716329118094,996
2024-09-17 13:05:12.516,405.8471011148768,98
2024-09-17 13:05:12.532,405.8414467075809,8
2024-09-17 13:05:12.536,405.8110258721081,6
2024-09-17 13:05:12.538,405.84377851852986,96
2024-09-17 13:05:12.638,405.8396647023363,13
2024-09-17 13:05:12.647,405.8122742110149,9
2024-09-17 13:05:12.654,405.8509073574096,1005
2024-09-17 13:05:12.664,405.85063245687377,5
2024-09-17 13:05:12.705,405.819847340928,96
2024-09-17 13:05:12.712,405.8191292482166,1002
2024-09-17 13:05:12.759,405.8466353611645,1004
2024-09-17 13:05:12.835,405.8222979641825,99
2024-09-17 13:05:12.915,405.8571355298509,996
2024-09-17 13:05:12.962,405.8466257940992,96
2024-09-17 13:05:12.969,405.8486186862876,13
2024-09-17 13:05:12.970,405.8615297107573,1003
2024-09-17 13:05:12.974,405.8439849438285,96
2024-09-17 13:05:13.035,405.8368029113262,100
2024-09-17 13:05:13.053,405.85478081582704,11
2024-09-17 13:05:13.146,405.8198389756481,999
2024-09-17 13:05:13.186,405.79661346990895,104
2024-09-17 13:05:13.211,405.8155716293696,103
2024-09-17 13:05:13.249,405.8523272434392,14
2024-09-17 13:05:13.318,405.8211630561744,15
2024-09-17 13:05:13.386,405.8143830845602,14
2024-09-17 13:05:13.386,405.8051279066127,5
2024-09-17 13:05:13.431,405.8507017174034,15
2024-09-17 13:05:13.433,405.796454751576,6
2024-09-17 13:05:13.472,405.8022226273551,995
2024-09-17 13:05:13.517,405.8083287383763,1000
2024-09-17 13:05:13.602,405.8187511777393,6
2024-09-17 13:05:13.604,405.835689941764,12
2024-09-17 13:05:13.671,405.8189945241683,1003
2024-09-17 13:05:13.724,405.85278039908434,12
2024-09-17 13:05:13.755,405.8325485170471,1005
2024-09-17 13:05:13.800,405.79563317542113,96
2024-09-17 13:05:13.808,405.78487368774137,996
2024-09-17 13:05:13.831,405.85060004403977,1001
2024-09-17 13:05:13.867,405.8440170953338,14
2024-09-17 13:05:13.937,405.8592209403197,997
2024-09-17 13:05:13.944,405.8038001793234,99
2024-09-17 13:05:14.198,405.7886728266439,1003
2024-09-17 13:05:14.208,405.79111051908495,96
2024-09-17 13:05:14.510,405.7685682068572,97
2024-09-17 13:05:14.587,405.7969747148296,11
2024-09-17 13:05:14.729,405.7756798103532,11
2024-09-17 13:05:15.047,405.7003129972087,102
2024-09-17 13:05:15.054,405.7717192011074,9
2024-09-17 13:05:15.062,405.77295293984974,104
2024-09-17 13:05:15.117,405.71780856443695,101
2024-09-17 13:05:15.143,405.7710661797671,15
2024-09-17 13:05:15.208,405.8146991274838,104
2024-09-17 13:05:15.213,405.8050343167361,1001
2024-09-17 13:05:15.226,405.7879800850155,9
2024-09-17 13:05:15.244,405.6695071468092,96
2024-09-17 13:05:15.253,405.7715941045778,998
2024-09-17 13:05:15.376,405.7081119507119,95
2024-09-17 13:05:15.421,405.7653364794148,98
2024-09-17 13:05:15.432,,98
2024-09-17 13:05:15.434,405.7002108036293,98
2024-09-17 13:05:15.456,405.72669805248654,1003
2024-09-17 13:05:15.489,405.70423516722417,997
2024-09-17 13:05:15.522,405.7420542348231,1001
2024-09-17 13:05:15.522,405.8147866087216,13
2024-09-17 13:05:15.551,405.6849324375601,101
2024-09-17 13:05:15.593,405.747430586548,6
2024-09-17 13:05:15.702,405.7450953291137,9
2024-09-17 13:05:15.770,405.6862051955528,103
2024-09-17 13:05:15.827,405.7626897206137,13
2024-09-17 13:05:15.858,405.8085414270973,104
2024-09-17 13:05:15.880,405.7568466919792,96
2024-09-17 13:05:15.882,405.7348176946093,997
2024-09-17 13:05:15.908,405.7239814928126,1005
2024-09-17 13:05:15.910,405.78448657271525,102
2024-09-17 13:05:15.917,405.7963632714879,104
2024-09-17 13:05:16.270,405.6602011810447,96
2024-09-17 13:05:16.281,405.6938393836516,96
2024-09-17 13:05:16.842,405.7003571103815,99
2024-09-17 13:05:17.041,405.62930102736254,101
2024-09-17 13:05:17.116,405.63231122806616,1005
2024-09-17 13:05:17.125,405.6358090395836,1003
2024-09-17 13:05:17.152,405.64747958996514,14
2024-09-17 13:05:17.188,405.56330198832734,97
2024-09-17 13:05:17.258,405.6348218089784,9
2024-09-17 13:05:17.294,405.6508009052253,995
2024-09-17 13:05:17.476,-405.5879896876653,1003
2024-09-17 13:05:17.504,405.651703500534,8
2024-09-17 13:05:17.528,405.6373496243612,105
2024-09-17 13:05:17.535,405.6485205285265,995
2024-09-17 13:05:17.536,405.62414949981167,96
2024-09-17 13:05:17.616,405.6345077922613,100
2024-09-17 13:05:17.640,405.6451555565046,96
2024-09-17 13:05:17.726,405.6670592156517,9
2024-09-17 13:05:17.734,405.6216004606856,13
2024-09-17 13:05:17.742,40.56609467872819,8
2024-09-17 13:05:17.751,405.6111893748368,1001
2024-09-17 13:05:17.776,405.6045419645444,998
2024-09-17 13:05:17.778,405.5606130719327,997
2024-09-17 13:05:17.841,405.6263068354511,14
2024-09-17 13:05:17.869,405.6209617578824,6
2024-09-17 13:05:17.879,405.6578740752741,5
2024-09-17 13:05:17.890,405.6398154529242,96
2024-09-17 13:05:17.923,405.6366858115362,997
2024-09-17 13:05:17.989,405.6347677318305,14
2024-09-17 13:05:18.117,405.57437023818017,11
2024-09-17 13:05:18.119,405.580613622056,997
2024-09-17 13:05:18.119,405.57153347401686,104
2024-09-17 13:05:18.135,405.5651472608118,996
2024-09-17 13:05:18.228,405.5676241326398,97
2024-09-17 13:05:18.253,405.57455979360606,995
2024-09-17 13:05:18.308,405.5730985354,8
2024-09-17 13:05:18.322,405.5686690805585,101
2024-09-17 13:05:18.444,405.5527441937919,1005
2024-09-17 13:05:18.514,405.5682661270845,1000
2024-09-17 13:05:18.647,405.6019103602628,1004
2024-09-17 13:05:18.692,405.5645735684441,105
2024-09-17 13:05:18.736,405.5806794857708,97
2024-09-17 13:05:18.834,405.5902052042873,13
2024-09-17 13:05:18.874,405.5734915459501,11
2024-09-17 13:05:18.920,405.5878418701572,9
2024-09-17 13:05:18.932,405.5667602311214,15
2024-09-17 13:05:19.015,405.5079977282339,1000
2024-09-17 13:05:19.098,,1000
2024-09-17 13:05:19.198,405.5359699961257,999
2024-09-17 13:05:19.287,405.522467729581,103
2024-09-17 13:05:19.338,405.5197421866689,8
2024-09-17 13:05:19.392,405.5487593432849,96
2024-09-17 13:05:19.411,405.5565386511906,10
2024-09-17 13:05:19.481,405.56911385691416,12
2024-09-17 13:05:19.613,405.5386285188632,6
2024-09-17 13:05:19.625,405.515183270041,10
2024-09-17 13:05:19.688,405.51478821955135,96
2024-09-17 13:05:19.863,405.5246990422293,7
2024-09-17 13:05:19.880,405.5232013588632,995
2024-09-17 13:05:19.910,405.5323515972209,1002
2024-09-17 13:05:19.937,405.5391649882632,98
2024-09-17 13:05:19.984,405.49950801501615,14
2024-09-17 13:05:19.986,405.5322392408608,1003
2024-09-17 13:05:20.000,405.57635171886034,1005
2024-09-17 13:05:20.013,405.54813763115743,998
2024-09-17 13:05:20.145,405.5439168920266,96
2024-09-17 13:05:20.161,405.5864101153735,96
2024-09-17 13:05:20.215,405.5715517577474,997
2024-09-17 13:05:20.250,405.56690080662855,10
2024-09-17 13:05:20.351,405.594584297417,998
2024-09-17 13:05:20.386,405.54128238043,11
2024-09-17 13:05:20.411,405.5645896408377,101
2024-09-17 13:05:20.412,405.5756994529364,13
2024-09-17 13:05:20.418,405.5890195209911,15
2024-09-17 13:05:20.433,405.5800103188364,1000
2024-09-17 13:05:20.462,405.5624782425856,1001
2024-09-17 13:05:20.626,405.5861122835154,98
2024-09-17 13:05:20.654,405.54454037632325,105
2024-09-17 13:05:20.731,405.5498629499542,97
2024-09-17 13:05:20.741,405.5535355088389,104
2024-09-17 13:05:20.835,405.5950787228023,95
2024-09-17 13:05:20.914,405.5363974582373,9
2024-09-17 13:05:21.021,405.5665322512436,8
2024-09-17 13:05:21.045,405.56273312653633,996
2024-09-17 13:05:21.120,405.5506230478606,96
2024-09-17 13:05:21.318,405.5581073953797,11
2024-09-17 13:05:21.323,405.5653954090979,101
2024-09-17 13:05:21.384,405.5566654653854,8
2024-09-17 13:05:21.464,405.56326184414286,1002
2024-09-17 13:05:21.475,405.55738542540166,104
2024-09-17 13:05:21.479,405.5960632969109,95
2024-09-17 13:05:21.509,405.5541428359162,14
2024-09-17 13:05:21.620,405.5560001294013,96
2024-09-17 13:05:21.684,405.5610002744445,14
2024-09-17 13:05:21.883,405.5634920903853,105
2024-09-17 13:05:21.883,405.5448524247931,10
2024-09-17 13:05:21.922,405.55209060428217,998
2024-09-17 13:05:21.992,405.5653262500098,998
2024-09-17 13:05:22.030,405.59626434678574,11
2024-09-17 13:05:22.066,405.5948324689322,1001
2024-09-17 13:05:22.067,405.5905280638418,1003
2024-09-17 13:05:22.069,405.5777988834424,11
2024-09-17 13:05:22.210,405.59885033187845,1000
2024-09-17 13:05:22.223,405.597915352898,6
2024-09-17 13:05:22.251,405.5720708350493,1004
2024-09-17 13:05:22.262,405.6039811861088,999
2024-09-17 13:05:22.275,405.5982137082608,997
2024-09-17 13:05:22.327,405.5989071141979,998
2024-09-17 13:05:22.415,40.56034022178732,97
2024-09-17 13:05:22.418,405.6002953387143,102
2024-09-17 13:05:22.507,405.5763461085712,96
2024-09-17 13:05:22.561,405.60380009142176,12
2024-09-17 13:05:22.574,405.5828401931132,99
2024-09-17 13:05:22.633,405.60110840478615,997
2024-09-17 13:05:22.635,405.5846206036076,998
2024-09-17 13:05:22.645,405.585259834753,995
2024-09-17 13:05:22.772,405.6009399967492,9
2024-09-17 13:05:22.780,405.60206656865927,996
2024-09-17 13:05:22.818,405.5906888325863,10
2024-09-17 13:05:22.823,405.5833957735081,1005
2024-09-17 13:05:22.824,405.6044762044046,105
2024-09-17 13:05:22.867,405.59346285488937,13
2024-09-17 13:05:22.889,405.5811821156558,105
2024-09-17 13:05:22.918,405.5867146741555,96
2024-09-17 13:05:22.954,405.5918536522307,995
2024-09-17 13:05:22.959,405.60511744019374,996
2024-09-17 13:05:22.988,405.60476406369526,14
2024-09-17 13:05:23.295,405.56266738734615,6
2024-09-17 13:05:23.761,405.5545719707417,998
2024-09-17 13:05:23.959,405.5626308757264,105
2024-09-17 13:05:24.013,405.5156299467893,9
2024-09-17 13:05:24.034,405.5258538883595,999
2024-09-17 13:05:24.095,405.5225835230562,1000
2024-09-17 13:05:24.105,405.531690979446,5
2024-09-17 13:05:24.114,405.5456101791349,101
2024-09-17 13:05:24.253,405.5596946117754,105
2024-09-17 13:05:24.294,405.56713379795065,9
2024-09-17 13:05:24.326,405.5458078909869,999
2024-09-17 13:05:24.330,405.5662004744331,96
2024-09-17 13:05:24.395,405.5688528165469,14
2024-09-17 13:05:24.416,405.5122136766364,100
2024-09-17 13:05:24.430,405.5383506035265,995
2024-09-17 13:05:24.433,405.5499067510946,1003
2024-09-17 13:05:24.466,405.5191905442562,998
2024-09-17 13:05:24.500,405.5444745179348,96
2024-09-17 13:05:24.503,405.57158516629744,1003
2024-09-17 13:05:24.525,405.56925462108336,99
2024-09-17 13:05:24.549,405.5778289648521,7
2024-09-17 13:05:24.550,405.5552476219976,1002
2024-09-17 13:05:24.555,405.5297513114865,104
2024-09-17 13:05:24.734,405.539298915572,995
2024-09-17 13:05:24.736,405.55071115312654,101
2024-09-17 13:05:24.759,405.54103909300494,95
2024-09-17 13:05:24.881,405.54570900853145,6
2024-09-17 13:05:24.937,405.5620588647421,11
2024-09-17 13:05:24.983,405.5140591896504,996
2024-09-17 13:05:25.014,405.57646473326986,1000
2024-09-17 13:05:25.030,405.5770011332956,1003
2024-09-17 13:05:25.051,405.5689587154666,1004
2024-09-17 13:05:25.085,405.5868235378622,99
2024-09-17 13:05:25.128,405.5000283284091,102
2024-09-17 13:05:25.151,405.5831791936098,13
2024-09-17 13:05:25.201,405.525220792496,1001
2024-09-17 13:05:25.235,405.5539081617791,1003
2024-09-17 13:05:25.257,405.5114082797372,8
2024-09-17 13:05:25.271,405.5341238342704,1003
2024-09-17 13:05:25.296,405.565253974493,999
2024-09-17 13:05:25.356,405.5202897376834,6
2024-09-17 13:05:25.391,405.502967917793,5
2024-09-17 13:05:25.396,405.5709692569913,998
2024-09-17 13:05:25.439,405.579002383214,997
2024-09-17 13:05:25.453,405.50566259946856,1002
2024-09-17 13:05:25.469,405.56127717708864,9
2024-09-17 13:05:25.490,405.52447777938295,15
2024-09-17 13:05:25.518,405.5485327536466,105
2024-09-17 13:05:25.583,405.54131834880553,13
2024-09-17 13:05:25.586,405.5886604014311,7
2024-09-17 13:05:25.627,405.56468633143976,11
2024-09-17 13:05:25.688,405.58038151588624,1002
2024-09-17 13:05:25.714,405.50412003284606,102
2024-09-17 13:05:25.719,405.48440668713175,6
2024-09-17 13:05:25.750,405.547239826568,995
2024-09-17 13:05:25.753,405.5832056281348,100
2024-09-17 13:05:25.778,405.5759338113012,999
2024-09-17 13:05:25.881,405.53362154261146,10
2024-09-17 13:05:26.011,-405.58734490564393,10
2024-09-17 13:05:26.063,405.5663971610524,14
2024-09-17 13:05:26.066,405.5820524717606,7
2024-09-17 13:05:26.100,405.5588478430604,995
2024-09-17 13:05:26.120,405.53122266467466,101
2024-09-17 13:05:26.121,405.5313797394605,13
2024-09-17 13:05:26.123,405.5613552127531,996
2024-09-17 13:05:26.128,405.575419076763,10
2024-09-17 13:05:26.169,405.5543699719525,999
2024-09-17 13:05:26.266,405.6104384549772,15
2024-09-17 13:05:26.359,405.5567703821469,9
2024-09-17 13:05:26.442,405.560657503382,8
2024-09-17 13:05:26.506,405.5599318816831,8
2024-09-17 13:05:26.509,405.6005866353639,13
2024-09-17 13:05:26.538,405.5556256950047,1005
2024-09-17 13:05:26.557,405.6213564805309,10
2024-09-17 13:05:26.694,405.6059708132912,96
2024-09-17 13:05:26.744,405.5574306675217,8
2024-09-17 13:05:26.835,405.6395144180151,1004
2024-09-17 13:05:26.874,405.5522050605864,13
2024-09-17 13:05:26.883,405.6200560641649,1004
2024-09-17 13:05:26.894,405.5613270405866,11
2024-09-17 13:05:26.906,405.5190714791457,998
2024-09-17 13:05:26.907,405.574055422108,8
2024-09-17 13:05:26.974,405.5549659941341,10
2024-09-17 13:05:26.982,405.5834059221766,5
2024-09-17 13:05:27.087,405.5902443341184,15
2024-09-17 13:05:27.108,405.6066848013409,12
2024-09-17 13:05:27.167,405.608904865192,1005
2024-09-17 13:05:27.196,405.6146453612047,998
2024-09-17 13:05:27.249,405.6296367056761,10
2024-09-17 13:05:27.266,405.5814420082023,104
2024-09-17 13:05:27.298,405.6299267779441,8
2024-09-17 13:05:27.378,405.6090351213345,105
2024-09-17 13:05:27.389,405.60589570025456,1005
2024-09-17 13:05:27.517,405.5750992038455,8
2024-09-17 13:05:27.549,405.5879517433288,1003
2024-09-17 13:05:27.659,405.57298036672057,998
2024-09-17 13:05:27.687,405.5742194439188,14
2024-09-17 13:05:27.723,405.6122976900478,98
2024-09-17 13:05:27.753,405.6089668427088,12
2024-09-17 13:05:27.764,405.5837211114916,13
2024-09-17 13:05:27.786,405.6327111814286,997
2024-09-17 13:05:27.814,405.6017964605285,11
2024-09-17 13:05:27.846,405.600910514936,997
2024-09-17 13:05:27.895,405.59088266468575,1004
2024-09-17 13:05:27.996,405.60670210825816,104
2024-09-17 13:05:28.095,405.5860383160541,996
2024-09-17 13:05:28.112,405.5213760462394,13
2024-09-17 13:05:28.154,405.5357944225188,1003
2024-09-17 13:05:28.189,405.58599034659136,12
2024-09-17 13:05:28.309,405.5891773073735,12
2024-09-17 13:05:28.329,405.53152073532686,98
2024-09-17 13:05:28.380,405.5273155448408,5
2024-09-17 13:05:28.431,405.51319491162593,12
2024-09-17 13:05:28.474,405.5224656764988,97
2024-09-17 13:05:28.476,405.5163899658728,997
2024-09-17 13:05:28.793,405.6009351563844,96
2024-09-17 13:05:28.813,405.5327339655032,1004
2024-09-17 13:05:28.856,405.5933162745533,7
2024-09-17 13:05:28.884,405.5539060005513,15
2024-09-17 13:05:28.932,405.5727614070933,10
2024-09-17 13:05:29.098,405.5127383168884,13
2024-09-17 13:05:29.101,405.6315314835534,103
2024-09-17 13:05:29.140,405.5908462576048,104
2024-09-17 13:05:29.162,405.55165826452486,999
2024-09-17 13:05:29.199,405.5414962512913,1000
2024-09-17 13:05:29.234,405.5464174056408,999
2024-09-17 13:05:29.298,405.641213572452,12
2024-09-17 13:05:29.441,405.5108265956096,999
2024-09-17 13:05:29.495,405.58183405515786,6
2024-09-17 13:05:29.501,405.4964133411197,13
2024-09-17 13:05:29.611,405.6446586627162,1002
2024-09-17 13:05:29.665,405.52297144616415,102
2024-09-17 13:05:29.672,405.5068289106174,99
2024-09-17 13:05:29.702,405.6382891457337,13
2024-09-17 13:05:29.851,405.54999801168304,999
2024-09-17 13:05:29.870,405.6042818384974,99
2024-09-17 13:05:29.903,405.5895514504175,998
2024-09-17 13:05:29.905,405.507489899566,996
2024-09-17 13:05:29.918,405.5190610497677,995
2024-09-17 13:05:29.932,405.4930909786086,11
2024-09-17 13:05:29.948,405.5326684886736,1004
2024-09-17 13:05:30.065,405.635147295311,99
2024-09-17 13:05:30.107,405.6539106531452,996
2024-09-17 13:05:30.136,405.6133537510138,98
2024-09-17 13:05:30.143,405.6351418126054,95
2024-09-17 13:05:30.145,405.658263576456,15
2024-09-17 13:05:30.197,405.6620042522709,998
2024-09-17 13:05:30.251,405.6101468787797,1005
2024-09-17 13:05:30.301,405.63629614503054,12
2024-09-17 13:05:30.305,405.6141600640132,1000
2024-09-17 13:05:30.311,405.6364886682154,103
2024-09-17 13:05:30.362,405.6071543503956,103
2024-09-17 13:05:30.403,405.67016490186086,11
2024-09-17 13:05:30.419,405.6744217460833,96
2024-09-17 13:05:30.471,405.642109459502,995
2024-09-17 13:05:30.518,405.6453704462013,102
2024-09-17 13:05:30.696,405.6150419826758,7
2024-09-17 13:05:30.712,405.6267429351738,1003
2024-09-17 13:05:30.798,405.6862167629266,105
2024-09-17 13:05:30.809,405.61752145912976,12
2024-09-17 13:05:30.932,405.6629998403979,105
2024-09-17 13:05:30.986,405.64430784934666,1005
2024-09-17 13:05:31.003,405.664261617059,98
2024-09-17 13:05:31.424,405.6405469941294,104
2024-09-17 13:05:31.432,405.6520693727618,101
2024-09-17 13:05:31.672,405.6564116569094,1001
2024-09-17 13:05:32.162,405.6680612616931,8
2024-09-17 13:05:32.252,405.6163276893296,100
2024-09-17 13:05:32.281,405.6565740554424,11
2024-09-17 13:05:32.340,405.66694471904754,97
2024-09-17 13:05:32.372,405.6434221720865,1002
2024-09-17 13:05:32.673,405.61832951445206,10
2024-09-17 13:05:32.716,405.61741739994056,1000
2024-09-17 13:05:32.978,405.6291637127988,101
2024-09-17 13:05:33.579,405.61332755907,1005
2024-09-17 13:05:34.509,405.6150626141105,14
2024-09-17 13:05:35.722,405.6151030909497,8
2024-09-17 13:05:35.889,405.6205460591928,104
2024-09-17 13:05:35.906,405.6021180217354,97
2024-09-17 13:05:36.030,405.6733669119164,997
2024-09-17 13:05:36.070,405.6327303348996,9
2024-09-17 13:05:36.072,405.652346660136,102
2024-09-17 13:05:36.117,405.6087654542142,5
2024-09-17 13:05:36.127,405.67589964709697,1000
2024-09-17 13:05:36.146,405.67377014412506,5
2024-09-17 13:05:36.146,405.68077531010914,103
2024-09-17 13:05:36.169,405.6725958651492,14
2024-09-17 13:05:36.178,405.6066950929469,101
2024-09-17 13:05:36.179,405.67185648624695,995
2024-09-17 13:05:36.209,405.6789791663701,5
2024-09-17 13:05:36.222,405.6128994271081,104
2024-09-17 13:05:36.226,405.5827423655556,995
2024-09-17 13:05:36.229,405.6765919541706,15
2024-09-17 13:05:36.246,405.6004875725863,1000
2024-09-17 13:05:36.292,405.6128261588451,998
2024-09-17 13:05:36.353,405.5958258085024,1005
2024-09-17 13:05:36.365,405.6215311947989,12
2024-09-17 13:05:36.476,405.644458369182,95
2024-09-17 13:05:36.536,405.5760675990195,995
2024-09-17 13:05:36.549,405.58265031909616,15
2024-09-17 13:05:36.627,405.5992566404258,997
2024-09-17 13:05:36.632,405.61367626196375,9
2024-09-17 13:05:36.655,405.6032728797976,99
2024-09-17 13:05:36.690,405.61823771043606,14
2024-09-17 13:05:36.706,405.5812438762805,100
2024-09-17 13:05:36.856,405.61392057092434,996
2024-09-17 13:05:36.908,405.5975765052959,1004
2024-09-17 13:05:36.953,405.58591128317977,97
2024-09-17 13:05:36.961,405.59331092949935,99
2024-09-17 13:05:37.045,405.65904141031297,1001
2024-09-17 13:05:37.053,405.6727916617239,6
2024-09-17 13:05:37.061,405.675395059706,11
2024-09-17 13:05:37.134,405.6628449683992,99
2024-09-17 13:05:37.145,405.64310200070815,14
2024-09-17 13:05:37.279,405.6523444550688,998
2024-09-17 13:05:37.318,405.6634784817508,104
2024-09-17 13:05:37.462,405.6720361560366,7
2024-09-17 13:05:37.494,405.6715453165829,7
2024-09-17 13:05:37.510,405.66666052370687,1003
2024-09-17 13:05:37.513,405.66931148292,5
2024-09-17 13:05:37.578,405.6574258650781,95
2024-09-17 13:05:37.587,405.68469612416345,101
2024-09-17 13:05:37.590,,15
2024-09-17 13:05:37.638,405.66883781692655,7
2024-09-17 13:05:37.823,405.6650301130203,1001
2024-09-17 13:05:37.829,405.6888100077681,5
2024-09-17 13:05:37.831,405.6485310909212,995
2024-09-17 13:05:37.993,405.6893476075784,5
2024-09-17 13:05:38.054,405.6668984219521,995
2024-09-17 13:05:38.117,405.6981161994471,8
2024-09-17 13:05:38.120,405.70464147942846,1004
2024-09-17 13:05:38.193,405.6634082205282,6
2024-09-17 13:05:38.236,405.660082673251,105
2024-09-17 13:05:38.286,-405.6781236004032,13
2024-09-17 13:05:38.302,405.6701081517015,6
2024-09-17 13:05:38.303,405.6643526740127,999
2024-09-17 13:05:38.318,405.6536310690592,997
2024-09-17 13:05:38.353,405.6668720491209,102
2024-09-17 13:05:38.523,405.6835825770236,100
2024-09-17 13:05:38.606,405.6737197264335,13
2024-09-17 13:05:38.679,405.6600663695732,100
2024-09-17 13:05:38.687,405.7053100345856,998
2024-09-17 13:05:38.706,405.6665472545691,6
2024-09-17 13:05:38.710,405.6556004764319,12
2024-09-17 13:05:38.714,405.6627144970447,995
2024-09-17 13:05:38.836,405.651584932639,9
2024-09-17 13:05:38.891,405.6698504227193,104
2024-09-17 13:05:39.031,405.6941596463183,12
2024-09-17 13:05:39.038,405.68855563720615,10
2024-09-17 13:05:39.089,405.7107614598163,11
2024-09-17 13:05:39.101,405.6681722780446,12
2024-09-17 13:05:39.267,405.7113626276423,997
2024-09-17 13:05:39.297,405.7051903609709,6
2024-09-17 13:05:39.308,405.6715510336764,96
2024-09-17 13:05:39.424,405.6839880568611,12
2024-09-17 13:05:39.439,405.6895470275928,1002
2024-09-17 13:05:39.492,405.6876704775073,13
2024-09-17 13:05:39.644,405.7026036385415,10
2024-09-17 13:05:39.738,405.6654167816598,999
2024-09-17 13:05:39.805,40.5703276256078,102
2024-09-17 13:05:39.840,405.7067026475231,999
2024-09-17 13:05:39.903,405.6814824448774,1002
2024-09-17 13:05:39.959,405.6890226427365,5
2024-09-17 13:05:40.073,405.6902361200185,1001
2024-09-17 13:05:40.073,405.6817599904038,100
2024-09-17 13:05:40.099,,96
2024-09-17 13:05:40.131,405.69074897599455,1004
2024-09-17 13:05:40.179,405.6800349324812,998
2024-09-17 13:05:40.216,405.70550798083633,999
2024-09-17 13:05:40.276,405.7068254232162,10
2024-09-17 13:05:40.314,405.7022933485019,11
2024-09-17 13:05:40.580,405.6837772574084,96
2024-09-17 13:05:40.585,405.7105073258152,103
2024-09-17 13:05:40.591,405.67270257599273,1002
2024-09-17 13:05:40.734,405.6727652649373,1003
2024-09-17 13:05:40.828,405.65930672483074,10
2024-09-17 13:05:40.834,405.673098224182,1002
2024-09-17 13:05:40.848,405.6792684156962,999
2024-09-17 13:05:40.938,405.6907428295948,1003
2024-09-17 13:05:40.946,405.65028489726615,15
2024-09-17 13:05:40.999,405.6491541329544,998
2024-09-17 13:05:41.003,,6
2024-09-17 13:05:41.023,405.6928431487402,1003
2024-09-17 13:05:41.067,405.6384001384456,1002
2024-09-17 13:05:41.154,405.70524988582406,7
2024-09-17 13:05:41.225,405.7334459814876,1000
2024-09-17 13:05:41.249,405.66936695907486,5
2024-09-17 13:05:41.276,405.734316483577,104
2024-09-17 13:05:41.341,405.6857673139118,997
2024-09-17 13:05:41.381,405.6837595235721,9
2024-09-17 13:05:41.436,405.6276490307947,103
2024-09-17 13:05:41.491,405.6578177237336,103
2024-09-17 13:05:41.499,405.73215990970937,11
2024-09-17 13:05:41.586,405.7321989234646,8
2024-09-17 13:05:41.586,405.70260868284527,8
2024-09-17 13:05:41.648,40.56922841295537,15
2024-09-17 13:05:41.660,405.6382129759732,1000
2024-09-17 13:05:41.661,405.71329792805216,98
2024-09-17 13:05:41.724,405.6614271793599,99
2024-09-17 13:05:41.738,405.628724310872,98
2024-09-17 13:05:41.787,405.6381952290652,101
2024-09-17 13:05:41.874,405.6796147563728,97
2024-09-17 13:05:41.894,405.6788356586415,105
2024-09-17 13:05:41.901,405.6165508858759,5
2024-09-17 13:05:41.923,405.73711204066734,96
2024-09-17 13:05:41.931,405.6796158057352,12
2024-09-17 13:05:41.974,405.7249424266569,5
2024-09-17 13:05:41.991,405.6163515236237,1000
2024-09-17 13:05:42.064,405.7300507329474,105
2024-09-17 13:05:42.091,405.7432899149857,103
2024-09-17 13:05:42.143,405.74807775326286,95
2024-09-17 13:05:42.199,405.7170870555475,102
2024-09-17 13:05:42.210,-405.7120384331023,10
2024-09-17 13:05:42.239,405.7483125681889,100
2024-09-17 13:05:42.322,405.7112231466469,12
2024-09-17 13:05:42.333,405.7040594680731,11
2024-09-17 13:05:42.357,405.7099387071072,998
2024-09-17 13:05:42.512,405.7129599050678,998
2024-09-17 13:05:42.561,405.7353352363804,100
2024-09-17 13:05:42.591,405.6916451875497,12
2024-09-17 13:05:42.629,405.7250829913916,999
2024-09-17 13:05:42.729,405.7117090252157,995
2024-09-17 13:05:42.749,405.7233678832853,105
2024-09-17 13:05:42.763,405.7222954893404,98
2024-09-17 13:05:42.838,405.7073538021962,11
2024-09-17 13:05:42.864,405.7117842003957,10
2024-09-17 13:05:42.914,405.7166725827272,15
2024-09-17 13:05:42.998,405.72240093508265,5
2024-09-17 13:05:43.071,405.73088851342425,1005
2024-09-17 13:05:43.126,405.7521983007375,95
2024-09-17 13:05:43.151,405.75053934049424,7
2024-09-17 13:05:43.182,405.7522048488744,5
2024-09-17 13:05:43.190,405.73405605912,997
2024-09-17 13:05:43.251,405.7763171428832,1001
2024-09-17 13:05:43.402,405.7470061569936,9
2024-09-17 13:05:43.407,405.7743503283916,996
2024-09-17 13:05:43.436,405.76502724980185,15
2024-09-17 13:05:43.629,405.7713691435894,8
2024-09-17 13:05:43.647,405.7337484827806,95
2024-09-17 13:05:43.788,405.7612806327893,104
2024-09-17 13:05:43.816,405.7457933578356,1003
2024-09-17 13:05:43.824,405.7681871955717,996
2024-09-17 13:05:43.830,405.7374045181615,1002
2024-09-17 13:05:43.854,405.7778603695113,95
2024-09-17 13:05:43.870,405.7647043545482,995
2024-09-17 13:05:43.872,405.7746174508265,999
2024-09-17 13:05:43.898,405.7765865730188,105
2024-09-17 13:05:43.927,405.7756974123424,96
2024-09-17 13:05:43.935,405.785775733944,1000
2024-09-17 13:05:43.950,405.7826550160126,98
2024-09-17 13:05:43.981,405.76825633377257,98
2024-09-17 13:05:44.161,405.7537351406723,97
2024-09-17 13:05:44.263,405.7527301412842,10
2024-09-17 13:05:44.343,405.744609951249,1003
2024-09-17 13:05:44.406,405.7453688485806,96
2024-09-17 13:05:44.441,405.7642914907396,1002
2024-09-17 13:05:44.489,405.7488971791827,96
2024-09-17 13:05:44.498,405.740371459814,995
2024-09-17 13:05:44.501,405.7541590582375,5
2024-09-17 13:05:44.522,405.76892467308494,999
2024-09-17 13:05:44.603,405.74013179024126,11
2024-09-17 13:05:44.632,405.7349608325803,5
2024-09-17 13:05:44.663,405.735960380619,97
2024-09-17 13:05:44.760,405.7538605211342,998
2024-09-17 13:05:44.773,405.7506288724965,97
2024-09-17 13:05:44.850,405.748352504598,104
2024-09-17 13:05:44.877,40.57628550601039,995
2024-09-17 13:05:44.907,405.75507568530014,1005
2024-09-17 13:05:44.944,405.746735501254,98
2024-09-17 13:05:45.135,405.7374421667202,101
2024-09-17 13:05:45.214,405.7673799105741,96
2024-09-17 13:05:45.231,405.7456954565532,96
2024-09-17 13:05:45.241,405.76959761615245,1005
2024-09-17 13:05:45.257,405.78254633056457,1003
2024-09-17 13:05:45.269,405.7849869053596,102
2024-09-17 13:05:45.280,40.57639975394327,998
2024-09-17 13:05:45.281,405.7488600212807,6
2024-09-17 13:05:45.302,405.7566390995386,104
2024-09-17 13:05:45.347,405.76116080011127,1003
2024-09-17 13:05:45.365,405.73348196070737,95
2024-09-17 13:05:45.416,405.75253971645657,11
2024-09-17 13:05:45.452,405.7503072404275,97
2024-09-17 13:05:45.453,405.77524997699504,9
2024-09-17 13:05:45.456,405.723700561073,95
2024-09-17 13:05:45.467,405.7543230504826,96
2024-09-17 13:05:45.528,405.7460373254915,104
2024-09-17 13:05:45.535,405.7573082502673,13
2024-09-17 13:05:45.576,405.73243689008217,100
2024-09-17 13:05:45.597,405.7334497323107,101
2024-09-17 13:05:45.618,405.7524037509893,1005
2024-09-17 13:05:45.664,405.7717492750293,99
2024-09-17 13:05:45.674,405.7676388424941,1000
2024-09-17 13:05:45.675,405.7623375394263,12
2024-09-17 13:05:45.713,405.7657348876885,103
2024-09-17 13:05:45.743,405.7223492292083,1002
2024-09-17 13:05:45.814,405.781426202533,97
2024-09-17 13:05:45.843,405.74443653204816,100
2024-09-17 13:05:45.946,405.7580719744445,995
2024-09-17 13:05:45.975,405.7255527948317,96
2024-09-17 13:05:46.499,405.74328490198974,1005
2024-09-17 13:05:46.693,405.73751378163104,102
2024-09-17 13:05:47.007,405.7306852250345,12
2024-09-17 13:05:47.030,405.7314050119201,102
2024-09-17 13:05:47.047,405.7020615630988,101
2024-09-17 13:05:47.096,405.7225464192293,1003
2024-09-17 13:05:47.219,405.71667290442576,99
2024-09-17 13:05:47.238,405.7125594572856,96
2024-09-17 13:05:47.272,405.72822950719615,9
2024-09-17 13:05:47.294,405.7318137241929,102
2024-09-17 13:05:47.338,405.73319395729936,13
2024-09-17 13:05:47.426,405.74408157568206,96
2024-09-17 13:05:47.452,405.72362785122704,9
2024-09-17 13:05:47.465,405.7187700921141,996
2024-09-17 13:05:47.480,405.7316753778468,103
2024-09-17 13:05:47.531,405.73219904535154,995
2024-09-17 13:05:47.606,405.7016169376571,11
2024-09-17 13:05:47.626,405.70471447338446,6
2024-09-17 13:05:47.628,405.7205059803265,12
2024-09-17 13:05:47.646,405.7304487105274,97
2024-09-17 13:05:47.660,405.7332164201917,15
2024-09-17 13:05:47.672,405.7312638942749,7
2024-09-17 13:05:47.690,405.7507375160465,97
2024-09-17 13:05:47.703,405.7041644161309,7
2024-09-17 13:05:47.731,405.7333490479762,9
2024-09-17 13:05:47.735,405.7374882073899,104
2024-09-17 13:05:47.790,405.714147160476,5
2024-09-17 13:05:47.825,405.7287002563544,996
2024-09-17 13:05:47.871,405.6977937574823,995
2024-09-17 13:05:47.900,405.7149407645354,97
2024-09-17 13:05:47.914,405.6908729351581,11
2024-09-17 13:05:48.135,405.7607347191712,95
2024-09-17 13:05:48.255,405.7660993799704,101
2024-09-17 13:05:48.285,405.7377926448656,8
2024-09-17 13:05:48.770,405.767304191117,1004
2024-09-17 13:05:49.023,405.734897737007,999
2024-09-17 13:05:49.119,405.77395433584246,104
2024-09-17 13:05:49.165,405.7740969196303,10
2024-09-17 13:05:49.340,405.71816916552746,104
2024-09-17 13:05:49.393,405.7143723874917,5
2024-09-17 13:05:49.430,405.7364007555461,1004
2024-09-17 13:05:49.468,405.7148086592797,999
2024-09-17 13:05:49.634,405.7564429670938,99
2024-09-17 13:05:49.672,405.7720539373775,7
2024-09-17 13:05:50.264,405.7369442301769,7
2024-09-17 13:05:50.421,405.69837433382673,102
2024-09-17 13:05:50.626,405.72671586546176,96
2024-09-17 13:05:50.867,405.718176814216,104
2024-09-17 13:05:50.908,405.7143511171851,102
2024-09-17 13:05:51.169,405.6957057222221,13
2024-09-17 13:05:51.775,405.7058570190603,995
2024-09-17 13:05:52.097,405.7464486509176,1002
2024-09-17 13:05:52.149,405.74844060143215,998
2024-09-17 13:05:52.261,405.69461953615775,1001
2024-09-17 13:05:52.361,405.7241267166463,999
2024-09-17 13:05:52.369,405.7106090499269,997
2024-09-17 13:05:52.370,405.738866558391,103
2024-09-17 13:05:52.424,405.7120633718747,13
2024-09-17 13:05:52.468,405.74961659236936,96
2024-09-17 13:05:52.507,405.7449562696933,9
2024-09-17 13:05:52.655,405.7098223585512,15
2024-09-17 13:05:52.666,405.7438160385401,996
2024-09-17 13:05:52.674,405.74132512962,10
2024-09-17 13:05:52.735,405.7110350153413,99
2024-09-17 13:05:52.766,405.7254590239412,102
2024-09-17 13:05:52.830,405.7134323513086,5
2024-09-17 13:05:52.942,405.7444539524425,1005
2024-09-17 13:05:53.260,405.7702490893305,997
2024-09-17 13:05:53.274,405.75924348751016,11
2024-09-17 13:05:53.418,405.75517627528194,14
2024-09-17 13:05:53.434,405.75006437440464,15
2024-09-17 13:05:53.436,405.7461636349508,1004
2024-09-17 13:05:53.723,405.76099112138826,105
2024-09-17 13:05:53.787,405.7332929819738,1003
2024-09-17 13:05:53.816,405.7498444522334,1001
2024-09-17 13:05:53.986,405.7595147468469,9
2024-09-17 13:05:54.132,405.7851366267666,104
2024-09-17 13:05:54.208,405.7301262840814,1005
2024-09-17 13:05:54.231,405.77659683225215,97
2024-09-17 13:05:54.232,405.7760290886972,1000
2024-09-17 13:05:54.250,405.7902409862453,999
2024-09-17 13:05:54.251,405.79029194700735,1001
2024-09-17 13:05:54.252,405.7858188289422,95
2024-09-17 13:05:54.405,405.7291556668797,102
2024-09-17 13:05:54.470,405.7507775618212,9
2024-09-17 13:05:54.486,405.76309398351054,98
2024-09-17 13:05:54.487,405.7582791814903,10
2024-09-17 13:05:54.509,405.7486735485403,995
2024-09-17 13:05:54.517,405.7771712955883,97
2024-09-17 13:05:54.519,405.77880840439,998
2024-09-17 13:05:54.555,405.79377621200194,1001
2024-09-17 13:05:54.599,405.7622677255893,100
2024-09-17 13:05:54.712,405.7780201805172,103
2024-09-17 13:05:54.734,405.7750231036106,1003
2024-09-17 13:05:54.854,405.7779332604304,9
2024-09-17 13:05:54.893,405.8032767168633,101
2024-09-17 13:05:54.932,405.7927038551766,13
2024-09-17 13:05:54.948,405.7826938234813,8
2024-09-17 13:05:54.968,405.7627696083613,998
2024-09-17 13:05:55.084,405.7290155586337,999
2024-09-17 13:05:55.143,405.74205034754686,96
2024-09-17 13:05:55.185,405.7492239554001,10
2024-09-17 13:05:55.282,405.7460190889876,96
2024-09-17 13:05:55.644,405.7522408090672,999
2024-09-17 13:05:55.658,405.74731341235616,999
2024-09-17 13:05:55.765,405.7325284848181,11
2024-09-17 13:05:55.770,405.7422819856528,100
2024-09-17 13:05:55.827,405.7418227895385,8
2024-09-17 13:05:55.927,405.75397428021904,5
2024-09-17 13:05:55.952,405.7263902297312,1000
2024-09-17 13:05:57.046,405.77784960567953,1003
2024-09-17 13:05:57.055,405.74425305214345,105
2024-09-17 13:05:57.072,405.7799048631858,103
2024-09-17 13:05:57.193,405.7540304875221,104
2024-09-17 13:05:57.290,405.7326581640614,1001
2024-09-17 13:05:57.368,405.7863070948734,1004
2024-09-17 13:05:57.434,405.76985344057977,101
2024-09-17 13:05:57.480,405.7602757256914,96
2024-09-17 13:05:57.527,405.77295790563767,1000
2024-09-17 13:05:57.581,405.732990885848,99
2024-09-17 13:05:57.784,405.7872647485361,1001
2024-09-17 13:05:57.841,405.7502810892223,1001
2024-09-17 13:05:57.935,405.7457688879376,1003
2024-09-17 13:05:57.943,405.7780102429168,13
2024-09-17 13:05:57.975,405.761737285082,98
2024-09-17 13:05:57.976,405.7955248978309,7
2024-09-17 13:05:57.995,405.747377503392,9
2024-09-17 13:05:58.015,405.7922774493243,101
2024-09-17 13:05:58.018,405.8614579985205,14
2024-09-17 13:05:58.168,405.792499885086,9
2024-09-17 13:05:58.181,405.84796133981627,995
2024-09-17 13:05:58.300,405.7223007083362,1003
2024-09-17 13:05:58.379,405.85477453494536,104
2024-09-17 13:05:58.437,405.73558472521984,12
2024-09-17 13:05:58.623,405.8196792635693,5
2024-09-17 13:05:58.627,405.8467967298981,13
2024-09-17 13:05:58.639,405.82408032084487,102
2024-09-17 13:05:58.651,405.8545330165406,9
2024-09-17 13:05:58.732,405.75512537883793,1003
2024-09-17 13:05:58.786,405.8142358657638,1003
2024-09-17 13:05:58.792,405.8527714921099,998
2024-09-17 13:05:58.803,405.7760708432595,96
2024-09-17 13:05:58.808,,1002
2024-09-17 13:05:58.850,405.8322724840111,5
2024-09-17 13:05:59.075,405.8062257836681,998
2024-09-17 13:05:59.076,405.7980243164653,1002
2024-09-17 13:05:59.118,405.8424450205098,100
2024-09-17 13:05:59.142,405.84946461702447,14
2024-09-17 13:05:59.221,405.81840351402974,995
2024-09-17 13:05:59.240,405.806898848558,15
2024-09-17 13:05:59.271,405.7991848581831,998
2024-09-17 13:05:59.279,405.8024290211167,99
2024-09-17 13:05:59.301,405.789203331512,1002
2024-09-17 13:05:59.332,405.8171205262449,1002
2024-09-17 13:05:59.379,405.8068716163569,95
2024-09-17 13:05:59.448,405.7861565637914,105
2024-09-17 13:05:59.591,405.7975280609476,7
2024-09-17 13:05:59.705,405.83895682801153,95
2024-09-17 13:05:59.739,405.8175620906924,12
2024-09-17 13:05:59.743,405.7852993448325,11
2024-09-17 13:05:59.805,405.8298766569378,6
2024-09-17 13:05:59.894,405.7851962756425,14
2024-09-17 13:05:59.900,405.8473604526376,15
2024-09-17 13:05:59.937,405.7866757679976,11
