Timestamp,Price,Size
2024-09-17 12:00:00.040,412.0246969432221,98
2024-09-17 12:00:00.061,412.011429717892,15
2024-09-17 12:00:00.062,412.012031839567,7
2024-09-17 12:00:00.125,411.997835444776,98
2024-09-17 12:00:00.554,41.20159313411332,1003
2024-09-17 12:00:00.720,411.9995594670257,1005
2024-09-17 12:00:00.955,412.0149112515163,6
2024-09-17 12:00:01.114,412.05972925200086,105
2024-09-17 12:00:01.119,-412.03570539711495,7
2024-09-17 12:00:01.218,412.07567554465015,1004
2024-09-17 12:00:01.304,412.05130351753104,8
2024-09-17 12:00:01.305,412.0614401884342,8
2024-09-17 12:00:01.324,412.0632558174476,12
2024-09-17 12:00:01.345,412.0599866463969,11
2024-09-17 12:00:01.453,412.0484422485218,104
2024-09-17 12:00:01.566,412.04153809262976,11
2024-09-17 12:00:01.717,412.0616841513,102
2024-09-17 12:00:01.735,412.0670796886812,95
2024-09-17 12:00:01.800,412.06259228668495,996
2024-09-17 12:00:01.852,412.0677796405628,999
2024-09-17 12:00:02.010,412.01449540577096,99
2024-09-17 12:00:02.133,412.0212831082598,999
2024-09-17 12:00:02.192,412.0096830589554,101
2024-09-17 12:00:02.201,412.0487244503528,997
2024-09-17 12:00:02.255,412.0040429803324,1000
2024-09-17 12:00:02.274,412.0226801838136,97
2024-09-17 12:00:02.311,412.0392717194568,996
2024-09-17 12:00:02.312,412.0306995762911,15
2024-09-17 12:00:02.360,412.0242936456355,1005
2024-09-17 12:00:02.396,412.03163361906,9
2024-09-17 12:00:02.412,412.0352268502768,97
2024-09-17 12:00:02.422,412.0465379646183,998
2024-09-17 12:00:02.443,412.0118836273015,104
2024-09-17 12:00:02.479,412.0337582606886,1005
2024-09-17 12:00:02.479,412.0065761350301,100
2024-09-17 12:00:02.576,412.0404752873128,15
2024-09-17 12:00:02.601,412.0361737971476,10
2024-09-17 12:00:02.765,412.0368865663262,7
2024-09-17 12:00:02.786,412.0445021571791,101
2024-09-17 12:00:02.815,412.063974473961,998
2024-09-17 12:00:02.861,412.0050337842283,10
2024-09-17 12:00:02.871,412.0085486524923,1004
2024-09-17 12:00:02.899,412.0321201425201,1001
2024-09-17 12:00:02.903,412.0473925460318,15
2024-09-17 12:00:02.919,412.0514181669869,1004
2024-09-17 12:00:02.946,412.0178243384095,102
2024-09-17 12:00:02.960,412.0498618362851,1000
2024-09-17 12:00:02.984,412.0252002787021,11
2024-09-17 12:00:03.131,-411.9913244176127,6
2024-09-17 12:00:03.144,411.96638365551166,97
2024-09-17 12:00:03.310,411.9971975487676,15
2024-09-17 12:00:03.370,411.9609510745236,14
2024-09-17 12:00:03.377,411.9644570278395,998
2024-09-17 12:00:03.412,-411.97530714708006,101
2024-09-17 12:00:03.536,411.970412761368,7
2024-09-17 12:00:03.614,411.97740559371607,95
2024-09-17 12:00:03.667,411.962088572329,995
2024-09-17 12:00:03.734,411.9758860273717,995
2024-09-17 12:00:03.764,411.98284074054857,104
2024-09-17 12:00:03.792,411.9456109116345,105
2024-09-17 12:00:03.806,,97
2024-09-17 12:00:03.809,411.9602904648413,96
2024-09-17 12:00:04.037,411.9810473547435,14
2024-09-17 12:00:04.126,411.96621663855177,1002
2024-09-17 12:00:04.176,411.9856419354148,95
2024-09-17 12:00:04.200,411.9382599951699,1002
2024-09-17 12:00:04.220,411.9817859414614,13
2024-09-17 12:00:04.233,411.98618185331935,997
2024-09-17 12:00:04.267,411.9511261155159,1000
2024-09-17 12:00:04.281,411.93976581353314,103
2024-09-17 12:00:04.402,411.9732541788136,1000
2024-09-17 12:00:04.573,411.994687908988,6
2024-09-17 12:00:04.576,411.9805980048304,1003
2024-09-17 12:00:04.704,411.9696360650898,95
2024-09-17 12:00:04.771,411.96079962061407,996
2024-09-17 12:00:04.777,411.98214917868046,105
2024-09-17 12:00:04.916,411.94907893847375,1000
2024-09-17 12:00:05.029,412.0174499278898,997
2024-09-17 12:00:05.173,-412.01708141582026,15
2024-09-17 12:00:05.316,412.0224974034406,1003
2024-09-17 12:00:05.428,412.0096735856606,999
2024-09-17 12:00:05.439,412.00058882062206,7
2024-09-17 12:00:05.577,411.99156507464585,102
2024-09-17 12:00:05.624,411.9954510266542,8
2024-09-17 12:00:05.722,411.9958599608248,997
2024-09-17 12:00:05.793,412.0198989527284,12
2024-09-17 12:00:06.040,412.0018271945873,998
2024-09-17 12:00:06.227,412.0180762926568,1004
2024-09-17 12:00:06.320,411.9904787958431,12
2024-09-17 12:00:06.374,412.0059453558104,97
2024-09-17 12:00:06.406,411.97270074211633,8
2024-09-17 12:00:06.548,411.988275486972,105
2024-09-17 12:00:06.791,411.9740561655802,10
2024-09-17 12:00:06.802,411.97403179122495,100
2024-09-17 12:00:06.824,411.98142394245536,12
2024-09-17 12:00:06.954,412.0003824616669,5
2024-09-17 12:00:06.980,411.9999130980868,11
2024-09-17 12:00:07.364,412.0025982780087,5
2024-09-17 12:00:08.430,412.0000484911413,14
2024-09-17 12:00:08.556,412.0018169710357,97
2024-09-17 12:00:08.763,411.9986272674377,101
2024-09-17 12:00:09.022,412.0401495695591,15
2024-09-17 12:00:09.045,412.0284486208346,996
2024-09-17 12:00:09.099,412.0285936829248,100
2024-09-17 12:00:09.105,412.0560876444213,15
2024-09-17 12:00:09.118,411.9884583161463,998
2024-09-17 12:00:09.147,41.20388724589392,102
2024-09-17 12:00:09.159,412.0494978056119,995
2024-09-17 12:00:09.169,412.02605694560833,104
2024-09-17 12:00:09.181,412.02780093273833,102
2024-09-17 12:00:09.253,412.03837487564704,97
2024-09-17 12:00:09.297,412.0148367677844,11
2024-09-17 12:00:09.313,412.05122626643407,97
2024-09-17 12:00:09.329,411.99271437723615,96
2024-09-17 12:00:09.334,412.02366003544944,9
2024-09-17 12:00:09.509,412.0543915889363,997
2024-09-17 12:00:09.509,412.0505003160251,14
2024-09-17 12:00:09.567,411.9937855516926,95
2024-09-17 12:00:09.600,412.0154428051739,99
2024-09-17 12:00:09.625,411.9898568323585,105
2024-09-17 12:00:09.719,412.0291422847907,1002
2024-09-17 12:00:09.729,411.9990030389874,14
2024-09-17 12:00:09.769,412.0478711988988,1005
2024-09-17 12:00:09.782,411.9830270941692,97
2024-09-17 12:00:09.801,412.020936385848,1005
2024-09-17 12:00:09.825,412.0343870394712,14
2024-09-17 12:00:09.890,41.20183658040284,1001
2024-09-17 12:00:09.894,412.0267115224704,1000
2024-09-17 12:00:09.959,412.0490177096693,96
2024-09-17 12:00:10.043,412.0297603232983,97
2024-09-17 12:00:10.947,-412.0388025958887,7
2024-09-17 12:00:11.017,412.0276554399097,13
2024-09-17 12:00:11.369,412.0257790630113,1004
2024-09-17 12:00:11.481,412.0280678490959,8
2024-09-17 12:00:11.556,412.0293381700944,1005
2024-09-17 12:00:11.568,412.0113705941458,105
2024-09-17 12:00:11.573,412.03282065505374,1002
2024-09-17 12:00:11.598,412.0297530308635,1004
2024-09-17 12:00:11.712,412.0289894586043,999
2024-09-17 12:00:12.218,412.0188985501173,996
2024-09-17 12:00:12.233,412.0603926635986,6
2024-09-17 12:00:12.279,412.03851348162254,15
2024-09-17 12:00:12.310,412.0431931891763,14
2024-09-17 12:00:12.376,412.0338602169822,96
2024-09-17 12:00:12.391,412.03381206805625,12
2024-09-17 12:00:12.432,412.0388637269644,995
2024-09-17 12:00:12.460,412.0388298872061,996
2024-09-17 12:00:12.469,412.03355849038576,998
2024-09-17 12:00:12.603,412.0605207614226,1001
2024-09-17 12:00:12.606,412.0400559363211,1005
2024-09-17 12:00:12.698,412.02005359650127,102
2024-09-17 12:00:12.746,412.0422760701185,9
2024-09-17 12:00:12.922,,1003
2024-09-17 12:00:12.924,412.0426392876512,7
2024-09-17 12:00:12.998,412.0545349537067,9
2024-09-17 12:00:13.172,412.018411592441,1000
2024-09-17 12:00:13.257,412.0611474296186,1002
2024-09-17 12:00:13.277,412.0533682493955,100
2024-09-17 12:00:13.283,412.03413832316016,5
2024-09-17 12:00:13.295,412.014471152918,96
2024-09-17 12:00:13.347,412.0590358498167,1002
2024-09-17 12:00:13.601,412.0581186033394,997
2024-09-17 12:00:13.603,412.0316901024249,1002
2024-09-17 12:00:13.666,412.0495188148917,7
2024-09-17 12:00:13.675,412.0228554879825,1002
2024-09-17 12:00:13.688,412.0527261951661,8
2024-09-17 12:00:13.692,412.0681143416121,996
2024-09-17 12:00:13.770,412.0557379047196,104
2024-09-17 12:00:13.799,412.0574636778153,99
2024-09-17 12:00:13.851,412.0493854506519,96
2024-09-17 12:00:13.888,412.0560725982093,13
2024-09-17 12:00:13.934,412.0580910161577,104
2024-09-17 12:00:13.997,412.0166692465353,98
2024-09-17 12:00:14.226,411.9963993875272,98
2024-09-17 12:00:14.503,412.0059201788326,102
2024-09-17 12:00:14.645,412.0259073613388,15
2024-09-17 12:00:14.796,412.00979551996176,10
2024-09-17 12:00:14.827,411.9799619141911,99
2024-09-17 12:00:14.972,411.9996795909165,13
2024-09-17 12:00:15.069,411.9749801181576,1002
2024-09-17 12:00:15.444,411.9723407550099,95
2024-09-17 12:00:15.696,411.9691187263566,1004
2024-09-17 12:00:16.546,411.99181575808416,6
2024-09-17 12:00:16.632,411.97788119741335,1001
2024-09-17 12:00:16.739,412.0013097035896,97
2024-09-17 12:00:16.805,411.98492554770127,1005
2024-09-17 12:00:16.844,411.983949864856,103
2024-09-17 12:00:17.018,412.0249590565094,103
2024-09-17 12:00:17.021,412.0228599114188,9
2024-09-17 12:00:17.096,412.0201944027326,14
2024-09-17 12:00:17.238,411.9915062607638,96
2024-09-17 12:00:17.253,412.00252139851,7
2024-09-17 12:00:17.291,411.9959386101792,999
2024-09-17 12:00:17.390,411.9876114578349,1002
2024-09-17 12:00:17.471,412.02784193701865,102
2024-09-17 12:00:17.485,-411.9635061188778,11
2024-09-17 12:00:17.500,411.99184533657296,15
2024-09-17 12:00:17.527,412.0054335862553,1002
2024-09-17 12:00:17.616,412.0005511251236,99
2024-09-17 12:00:17.657,411.98854601267794,999
2024-09-17 12:00:17.724,412.0269256761591,997
2024-09-17 12:00:17.793,411.9412273933074,103
2024-09-17 12:00:17.928,411.98070972724855,15
2024-09-17 12:00:17.993,411.9229272203024,8
2024-09-17 12:00:19.015,411.9504169045488,1000
2024-09-17 12:00:19.033,411.9485969890732,14
2024-09-17 12:00:19.060,411.9380794520859,1003
2024-09-17 12:00:19.162,411.9461585304141,1001
2024-09-17 12:00:19.175,411.9513245218002,102
2024-09-17 12:00:19.222,411.9529731382675,1003
2024-09-17 12:00:19.403,411.9449957080695,5
2024-09-17 12:00:19.556,411.9445048110724,103
2024-09-17 12:00:19.596,411.9224101031865,998
2024-09-17 12:00:19.628,411.92059135841777,12
2024-09-17 12:00:19.661,411.9544773243255,100
2024-09-17 12:00:19.887,411.9644433824368,8
2024-09-17 12:00:19.913,411.9081499188409,104
2024-09-17 12:00:19.940,411.9444982932269,5
2024-09-17 12:00:19.981,411.9363067170231,6
2024-09-17 12:00:20.077,411.9154581191174,103
2024-09-17 12:00:20.353,411.9066708527103,7
2024-09-17 12:00:20.626,411.8996888936836,97
2024-09-17 12:00:20.653,411.88578501895415,8
2024-09-17 12:00:20.657,411.9003622954272,1005
2024-09-17 12:00:20.798,411.9045429128184,999
2024-09-17 12:00:20.832,411.8961219078173,11
2024-09-17 12:00:20.835,411.88869204236414,9
2024-09-17 12:00:20.977,411.9041030075244,995
2024-09-17 12:00:20.981,411.9092288423277,1001
2024-09-17 12:00:21.067,411.9087650440237,10
2024-09-17 12:00:21.152,411.9055056543195,96
2024-09-17 12:00:21.197,411.8956943383517,996
2024-09-17 12:00:21.300,411.8795618833601,14
2024-09-17 12:00:21.317,411.9185617027919,6
2024-09-17 12:00:21.343,411.9123995122936,1005
2024-09-17 12:00:21.368,411.9034923733025,995
2024-09-17 12:00:21.394,411.91807120962926,995
2024-09-17 12:00:21.428,411.932735341873,9
2024-09-17 12:00:21.481,411.900054778805,11
2024-09-17 12:00:21.507,411.9033496834375,9
2024-09-17 12:00:21.534,411.8866253474919,998
2024-09-17 12:00:21.592,411.9130061846206,1000
2024-09-17 12:00:21.612,411.9046818807935,10
2024-09-17 12:00:21.744,411.8808919578047,5
2024-09-17 12:00:21.769,411.9018193975394,105
2024-09-17 12:00:21.861,411.8958403005613,96
2024-09-17 12:00:21.936,411.88712494077697,1002
2024-09-17 12:00:21.938,411.9000150168787,97
2024-09-17 12:00:21.980,411.8810542631877,8
2024-09-17 12:00:22.224,411.91952008540846,102
2024-09-17 12:00:22.464,411.9008371880777,11
2024-09-17 12:00:22.893,411.9017850607115,7
2024-09-17 12:00:23.079,411.9104837568855,11
2024-09-17 12:00:23.114,411.9003546997385,998
2024-09-17 12:00:23.130,411.8913409595938,996
2024-09-17 12:00:23.208,411.919042866659,95
2024-09-17 12:00:23.272,411.8895484011718,1004
2024-09-17 12:00:23.289,411.9105724266822,103
2024-09-17 12:00:23.335,-411.8434631371272,996
2024-09-17 12:00:23.364,411.8842672163132,995
2024-09-17 12:00:23.380,411.8150571446039,95
2024-09-17 12:00:23.459,411.8918267331427,1002
2024-09-17 12:00:23.575,411.893535743931,997
2024-09-17 12:00:23.690,411.82936155597713,6
2024-09-17 12:00:23.700,411.8795758295992,97
2024-09-17 12:00:23.742,411.90145209123216,1005
2024-09-17 12:00:23.753,411.9224855301858,9
2024-09-17 12:00:23.870,411.8979008772103,5
2024-09-17 12:00:24.011,411.7700003143694,12
2024-09-17 12:00:24.091,411.7803891293757,1005
2024-09-17 12:00:24.220,41.17438272576949,103
2024-09-17 12:00:24.272,411.81285063410286,15
2024-09-17 12:00:24.392,411.758682769204,997
2024-09-17 12:00:24.425,411.7364340944052,1001
2024-09-17 12:00:24.478,411.8085001733296,9
2024-09-17 12:00:24.515,411.8114577609726,998
2024-09-17 12:00:24.604,411.80160077323467,996
2024-09-17 12:00:24.612,411.7339461547696,11
2024-09-17 12:00:24.708,-411.7816856488722,1003
2024-09-17 12:00:24.751,411.76215859562393,101
2024-09-17 12:00:24.759,411.753781543727,5
2024-09-17 12:00:24.779,411.7714753801648,98
2024-09-17 12:00:24.783,411.7508937090519,96
2024-09-17 12:00:24.821,411.729259106882,1001
2024-09-17 12:00:24.868,411.7436123761487,15
2024-09-17 12:00:24.882,411.8047398771564,103
2024-09-17 12:00:24.935,411.7861683847903,97
2024-09-17 12:00:24.944,411.7694147494387,15
2024-09-17 12:00:24.947,411.7547602945551,5
2024-09-17 12:00:24.978,411.79054272486303,1004
2024-09-17 12:00:25.037,411.80134702223216,102
2024-09-17 12:00:25.051,411.7593792881387,7
2024-09-17 12:00:25.073,411.7574016764684,104
2024-09-17 12:00:25.088,411.7533695603423,1003
2024-09-17 12:00:25.105,411.769457416369,996
2024-09-17 12:00:25.121,411.7605322912016,96
2024-09-17 12:00:25.136,411.7630380236244,1004
2024-09-17 12:00:25.190,411.7909979715793,997
2024-09-17 12:00:25.215,411.7568787057908,13
2024-09-17 12:00:25.245,411.7703670212007,998
2024-09-17 12:00:25.280,411.7578470569402,13
2024-09-17 12:00:25.293,411.7845538646274,1000
2024-09-17 12:00:25.303,411.7443351756378,1003
2024-09-17 12:00:25.381,411.77862637749325,999
2024-09-17 12:00:25.407,411.7958084008948,996
2024-09-17 12:00:25.438,411.7755119979304,96
2024-09-17 12:00:25.444,411.740604533713,7
2024-09-17 12:00:25.463,411.7635636483003,7
2024-09-17 12:00:25.569,411.786872046971,104
2024-09-17 12:00:25.601,411.76308577613,8
2024-09-17 12:00:25.619,411.7821651599841,105
2024-09-17 12:00:25.669,411.7340408430081,97
2024-09-17 12:00:25.671,411.76390040783,11
2024-09-17 12:00:25.676,411.7799262366755,12
2024-09-17 12:00:25.683,411.7521471153074,1003
2024-09-17 12:00:25.700,411.78613425666464,6
2024-09-17 12:00:25.725,411.7316945968074,7
2024-09-17 12:00:25.772,411.7966015870157,1001
2024-09-17 12:00:25.830,411.7387898763049,99
2024-09-17 12:00:26.028,411.8054729787543,104
2024-09-17 12:00:26.098,411.8153586542836,5
2024-09-17 12:00:26.155,411.8201386824742,997
2024-09-17 12:00:26.160,411.8502721063009,101
2024-09-17 12:00:26.197,411.8225879180197,1000
2024-09-17 12:00:26.246,411.816761062521,996
2024-09-17 12:00:26.331,,6
2024-09-17 12:00:26.337,411.8263845913561,999
2024-09-17 12:00:26.430,411.8036810682559,7
2024-09-17 12:00:26.439,411.8161253412417,996
2024-09-17 12:00:26.475,411.8794546422279,95
2024-09-17 12:00:26.482,411.84127469778497,11
2024-09-17 12:00:26.498,411.8756592549544,12
2024-09-17 12:00:26.498,411.79146258680953,99
2024-09-17 12:00:26.585,411.8228318689282,1002
2024-09-17 12:00:26.600,411.8040555504194,14
2024-09-17 12:00:26.608,411.83508110363886,1000
2024-09-17 12:00:26.627,411.80666934488414,1001
2024-09-17 12:00:26.718,411.8336714554479,996
2024-09-17 12:00:26.760,411.8028361871866,1000
2024-09-17 12:00:26.783,411.842597152301,9
2024-09-17 12:00:26.815,411.7927231058763,9
2024-09-17 12:00:26.837,411.8546133837722,7
2024-09-17 12:00:26.902,411.8506352246319,1001
2024-09-17 12:00:26.930,411.85364474439984,96
2024-09-17 12:00:27.053,411.8893191908634,1000
2024-09-17 12:00:27.063,411.8899735117006,10
2024-09-17 12:00:27.088,411.8866508564523,102
2024-09-17 12:00:27.150,411.8656425016001,12
2024-09-17 12:00:27.217,411.8659178989496,98
2024-09-17 12:00:27.242,411.8797854417178,1005
2024-09-17 12:00:27.273,411.8992452390439,9
2024-09-17 12:00:27.298,411.8929047287228,10
2024-09-17 12:00:27.318,411.88582887369904,1001
2024-09-17 12:00:27.352,411.8279189960341,1002
2024-09-17 12:00:27.369,411.83751153049406,105
2024-09-17 12:00:27.395,411.8373580413647,10
2024-09-17 12:00:27.500,411.8754614527278,103
2024-09-17 12:00:27.540,411.85632938861295,1005
2024-09-17 12:00:27.545,411.89339179755694,96
2024-09-17 12:00:27.555,411.8791637882309,15
2024-09-17 12:00:27.605,411.8377930303088,1000
2024-09-17 12:00:27.681,411.8887172521785,96
2024-09-17 12:00:27.704,411.8541519711218,995
2024-09-17 12:00:27.705,411.8487765956315,6
2024-09-17 12:00:27.710,411.8756162802589,996
2024-09-17 12:00:27.765,411.88399946623065,996
2024-09-17 12:00:27.841,411.8542780483588,1003
2024-09-17 12:00:27.896,411.8776806236488,1000
2024-09-17 12:00:27.911,411.9080192097314,103
2024-09-17 12:00:27.911,411.8689656676887,8
2024-09-17 12:00:27.938,411.8976028141256,104
2024-09-17 12:00:27.982,411.90303800833607,1000
2024-09-17 12:00:28.021,411.72894656734434,1000
2024-09-17 12:00:28.051,411.7534091272901,996
2024-09-17 12:00:28.054,411.82011429736247,998
2024-09-17 12:00:28.117,411.7555115686773,1002
2024-09-17 12:00:28.126,411.79198085155446,7
2024-09-17 12:00:28.142,411.72966934384334,1000
2024-09-17 12:00:28.143,411.71643614098906,9
2024-09-17 12:00:28.176,411.76027562426094,104
2024-09-17 12:00:28.215,411.7843316883968,996
2024-09-17 12:00:28.234,411.8189731779239,102
2024-09-17 12:00:28.235,411.77764106136016,1000
2024-09-17 12:00:28.357,411.77103122856727,5
2024-09-17 12:00:28.373,411.738577265286,14
2024-09-17 12:00:28.487,411.7212297019808,13
2024-09-17 12:00:28.495,411.8209608564913,996
2024-09-17 12:00:28.513,411.7733263725251,12
2024-09-17 12:00:28.624,411.75824993728486,995
2024-09-17 12:00:28.676,411.77006964731737,7
2024-09-17 12:00:28.703,411.7742390413894,1000
2024-09-17 12:00:28.728,411.8032195103984,99
2024-09-17 12:00:28.738,411.7156186025195,996
2024-09-17 12:00:28.765,411.697565521429,6
2024-09-17 12:00:28.784,411.7539526230548,1003
2024-09-17 12:00:28.834,411.79205741783727,101
2024-09-17 12:00:28.891,411.77258474148834,9
2024-09-17 12:00:28.969,411.74017416393326,12
2024-09-17 12:00:28.987,411.76609397732057,999
2024-09-17 12:00:29.093,41.17692007511093,99
2024-09-17 12:00:29.176,411.71017508502,98
2024-09-17 12:00:29.239,411.71976641867786,105
2024-09-17 12:00:29.251,411.728436380528,15
2024-09-17 12:00:29.261,411.7276914472508,995
2024-09-17 12:00:29.293,411.7426079671637,14
2024-09-17 12:00:29.329,411.7197040863476,1005
2024-09-17 12:00:29.350,411.7327831773228,101
2024-09-17 12:00:29.364,411.73912870393536,997
2024-09-17 12:00:29.385,411.7193803145864,97
2024-09-17 12:00:29.398,411.69955305652456,13
2024-09-17 12:00:29.415,411.70092783754575,105
2024-09-17 12:00:29.450,411.7210312439935,9
2024-09-17 12:00:29.526,411.7284651666184,1005
2024-09-17 12:00:29.575,411.7395105405512,1001
2024-09-17 12:00:29.577,411.7496155150798,9
2024-09-17 12:00:29.634,411.71684528021416,101
2024-09-17 12:00:29.639,411.7371826621966,97
2024-09-17 12:00:29.653,411.7290796368612,96
2024-09-17 12:00:29.657,411.72982659875856,1004
2024-09-17 12:00:29.688,411.7004520396781,999
2024-09-17 12:00:29.706,411.7376566879828,995
2024-09-17 12:00:29.716,411.7026782032736,105
2024-09-17 12:00:29.792,411.7407247335362,996
2024-09-17 12:00:29.831,411.7118545477226,97
2024-09-17 12:00:29.867,411.7063029938295,12
2024-09-17 12:00:29.902,411.70868961077935,7
2024-09-17 12:00:29.972,411.7315215272848,1003
2024-09-17 12:00:29.997,411.73343637906896,6
2024-09-17 12:00:30.103,411.7516860581901,9
2024-09-17 12:00:30.195,411.7699796535124,7
2024-09-17 12:00:30.228,411.7211627866007,11
2024-09-17 12:00:30.249,411.83080235668007,105
2024-09-17 12:00:30.305,411.7245170053541,104
2024-09-17 12:00:30.317,411.8107747597416,104
2024-09-17 12:00:30.352,411.7947427578793,998
2024-09-17 12:00:30.360,411.8122489029543,11
2024-09-17 12:00:30.383,411.7301954139649,9
2024-09-17 12:00:30.408,411.7556375287595,5
2024-09-17 12:00:30.451,411.7804414570866,7
2024-09-17 12:00:30.500,411.7804958898175,997
2024-09-17 12:00:30.527,411.73656651291583,103
2024-09-17 12:00:30.537,411.7654086547332,105
2024-09-17 12:00:30.581,411.7540600744717,98
2024-09-17 12:00:30.595,411.766947775778,13
2024-09-17 12:00:30.639,411.7435732610352,105
2024-09-17 12:00:30.643,411.7464122264516,996
2024-09-17 12:00:30.685,411.8046474078688,95
2024-09-17 12:00:30.719,41.1754205347986,98
2024-09-17 12:00:30.725,411.7912817911077,6
2024-09-17 12:00:30.783,411.76089877783176,13
2024-09-17 12:00:30.803,411.7233341928812,5
2024-09-17 12:00:30.837,411.75108054803593,97
2024-09-17 12:00:30.896,411.797734367429,96
2024-09-17 12:00:30.936,411.72894744323,1001
2024-09-17 12:00:30.950,411.75152603171216,105
2024-09-17 12:00:30.999,411.8080471773794,1003
2024-09-17 12:00:31.011,411.8332989205877,101
2024-09-17 12:00:31.408,411.8347303023029,1005
2024-09-17 12:00:31.669,411.8292043180297,1005
2024-09-17 12:00:31.794,411.84650634996746,14
2024-09-17 12:00:32.002,411.840086606023,100
2024-09-17 12:00:32.024,411.8519439157313,14
2024-09-17 12:00:32.109,411.8295690928328,999
2024-09-17 12:00:32.257,411.8245126629529,998
2024-09-17 12:00:32.297,411.8610614923784,998
2024-09-17 12:00:32.363,411.8401581332193,8
2024-09-17 12:00:32.365,411.84121138837,96
2024-09-17 12:00:32.386,411.8436957324746,104
2024-09-17 12:00:32.439,411.83349395583696,6
2024-09-17 12:00:32.497,411.8128078249494,998
2024-09-17 12:00:32.502,411.8492798030566,997
2024-09-17 12:00:32.541,411.8689725833461,13
2024-09-17 12:00:32.687,411.8343324820912,1003
2024-09-17 12:00:32.687,411.7999698381767,8
2024-09-17 12:00:32.689,411.8393045561161,5
2024-09-17 12:00:32.748,411.8045113646299,1001
2024-09-17 12:00:32.820,411.8468169808525,12
2024-09-17 12:00:32.876,411.8472470765498,13
2024-09-17 12:00:32.892,411.84628464190433,1005
2024-09-17 12:00:32.947,,13
2024-09-17 12:00:32.982,411.8490500725939,1001
2024-09-17 12:00:33.077,411.74712714214536,996
2024-09-17 12:00:33.112,411.7717219340285,97
2024-09-17 12:00:33.127,411.7611964312507,13
2024-09-17 12:00:33.783,411.76108978150273,11
2024-09-17 12:00:33.902,411.7910128869602,14
2024-09-17 12:00:34.016,411.7341345421741,9
2024-09-17 12:00:34.020,411.7219738556598,1005
2024-09-17 12:00:34.086,411.7505062342007,1000
2024-09-17 12:00:34.166,411.7055426843423,996
2024-09-17 12:00:34.189,411.7173698628948,10
2024-09-17 12:00:34.203,411.7087675569601,11
2024-09-17 12:00:34.220,411.7647468417188,997
2024-09-17 12:00:34.249,411.7085281612472,12
2024-09-17 12:00:34.280,411.71558723482536,998
2024-09-17 12:00:34.309,411.7128472837393,12
2024-09-17 12:00:34.324,411.7372151714318,1003
2024-09-17 12:00:34.374,411.7269883153294,996
2024-09-17 12:00:34.393,411.76531706186125,1000
2024-09-17 12:00:34.402,411.717624024535,96
2024-09-17 12:00:34.407,411.7103185973902,14
2024-09-17 12:00:34.415,411.740966911376,995
2024-09-17 12:00:34.417,411.74088707840906,998
2024-09-17 12:00:34.438,411.7416929969945,97
2024-09-17 12:00:34.480,411.7122519094533,998
2024-09-17 12:00:34.560,411.7789392693225,15
2024-09-17 12:00:34.727,411.7243714433772,996
2024-09-17 12:00:34.787,411.7111371685066,95
2024-09-17 12:00:34.789,411.75517854209954,10
2024-09-17 12:00:34.796,411.7174505480422,1001
2024-09-17 12:00:34.808,411.71092505960746,99
2024-09-17 12:00:34.819,411.74080182804687,1002
2024-09-17 12:00:34.855,411.7401674118853,98
2024-09-17 12:00:34.860,411.746709978903,6
2024-09-17 12:00:34.998,411.7177542276696,998
2024-09-17 12:00:35.035,411.7599153752498,15
2024-09-17 12:00:35.060,411.7091747969228,6
2024-09-17 12:00:35.089,411.7878178456683,1002
2024-09-17 12:00:35.096,411.7859053389354,100
2024-09-17 12:00:35.113,411.78056678803176,105
2024-09-17 12:00:35.224,411.7247913002246,99
2024-09-17 12:00:35.226,411.6966100376958,96
2024-09-17 12:00:35.349,411.7356723502089,998
2024-09-17 12:00:35.423,411.74357726280806,999
2024-09-17 12:00:35.446,,97
2024-09-17 12:00:35.547,411.73658433243946,1005
2024-09-17 12:00:35.606,411.7604053353131,1000
2024-09-17 12:00:35.650,411.7260567628037,996
2024-09-17 12:00:35.662,411.7493404920817,1005
2024-09-17 12:00:35.697,411.7345324641782,1004
2024-09-17 12:00:35.733,411.7693317816007,999
2024-09-17 12:00:35.739,411.7569669999048,1002
2024-09-17 12:00:35.777,411.7462938742993,11
2024-09-17 12:00:35.792,411.71723947511686,1004
2024-09-17 12:00:35.825,411.7326848313864,12
2024-09-17 12:00:35.834,411.7463165230053,97
2024-09-17 12:00:35.846,411.7370116873314,6
2024-09-17 12:00:35.852,411.7104724180023,1004
2024-09-17 12:00:35.968,411.7139931353514,7
2024-09-17 12:00:36.016,411.84512324949134,1004
2024-09-17 12:00:36.023,411.80333213139824,9
2024-09-17 12:00:36.030,-411.8457271112888,1003
2024-09-17 12:00:36.049,411.8535620865237,15
2024-09-17 12:00:36.058,411.8072733114642,15
2024-09-17 12:00:36.176,,998
2024-09-17 12:00:36.205,411.84034138231016,105
2024-09-17 12:00:36.229,411.8392875637265,998
2024-09-17 12:00:36.265,411.8324119076945,100
2024-09-17 12:00:36.330,411.8468430277212,96
2024-09-17 12:00:36.340,411.8280999784959,995
2024-09-17 12:00:36.360,-411.8023650663467,103
2024-09-17 12:00:36.493,411.8441346674656,14
2024-09-17 12:00:36.526,411.836723481484,104
2024-09-17 12:00:36.560,411.83983582499314,997
2024-09-17 12:00:36.569,411.814360749712,101
2024-09-17 12:00:36.653,411.7851735204196,105
2024-09-17 12:00:36.657,411.8565840773457,1003
2024-09-17 12:00:36.694,411.81128852494254,99
2024-09-17 12:00:36.712,411.7843065952573,998
2024-09-17 12:00:36.755,411.79436109265896,1000
2024-09-17 12:00:36.807,411.7877801078713,1004
2024-09-17 12:00:36.866,411.79278419838585,1002
2024-09-17 12:00:36.887,411.79251399573184,10
2024-09-17 12:00:36.906,411.8099669908181,5
2024-09-17 12:00:36.916,411.8462895927357,998
2024-09-17 12:00:36.953,411.841402041677,99
2024-09-17 12:00:37.190,411.845099742076,103
2024-09-17 12:00:38.021,411.81555411347546,9
2024-09-17 12:00:38.147,411.7929247038746,6
2024-09-17 12:00:38.306,411.8398835401903,95
2024-09-17 12:00:38.316,411.785717978287,996
2024-09-17 12:00:38.412,411.82386520367015,98
2024-09-17 12:00:38.504,411.8265722175205,997
2024-09-17 12:00:38.537,411.8049124082194,103
2024-09-17 12:00:38.568,411.81269654130455,1002
2024-09-17 12:00:38.717,411.80048994832623,5
2024-09-17 12:00:38.735,411.7994013881329,9
2024-09-17 12:00:38.766,411.77713708687537,100
2024-09-17 12:00:39.008,411.7754631840706,95
2024-09-17 12:00:39.030,411.8001851706392,13
2024-09-17 12:00:39.040,411.8001441151544,11
2024-09-17 12:00:39.066,411.79925180600526,1005
2024-09-17 12:00:39.074,411.8090716301437,11
2024-09-17 12:00:39.101,411.81334609224217,11
2024-09-17 12:00:39.111,411.8284299871273,6
2024-09-17 12:00:39.192,411.79960459285707,100
2024-09-17 12:00:39.226,411.7815806430771,10
2024-09-17 12:00:39.266,411.8224601099441,102
2024-09-17 12:00:39.372,411.78210248575374,996
2024-09-17 12:00:39.390,411.7892902874252,998
2024-09-17 12:00:39.492,411.7772349165662,10
2024-09-17 12:00:39.505,411.77049839793006,103
2024-09-17 12:00:39.506,41.18092806830946,997
2024-09-17 12:00:39.583,411.7892354895751,95
2024-09-17 12:00:39.598,411.7989404605552,95
2024-09-17 12:00:39.650,411.77844915057415,104
2024-09-17 12:00:39.673,411.7699391434372,97
2024-09-17 12:00:39.796,411.801378424353,101
2024-09-17 12:00:39.841,411.7782280715566,96
2024-09-17 12:00:40.180,411.7532732981829,99
2024-09-17 12:00:40.194,411.74905818029055,97
2024-09-17 12:00:40.263,411.7636005847593,995
2024-09-17 12:00:40.375,411.7696475292968,101
2024-09-17 12:00:40.415,411.75020368584353,1003
2024-09-17 12:00:40.468,411.7680738199114,1005
2024-09-17 12:00:40.521,411.7508340824408,104
2024-09-17 12:00:40.861,411.78110290978594,101
2024-09-17 12:00:41.084,411.7275801365952,10
2024-09-17 12:00:41.144,411.7333441004114,103
2024-09-17 12:00:41.168,411.7770543126181,1002
2024-09-17 12:00:41.185,411.7981974997636,6
2024-09-17 12:00:41.269,411.71118862224085,1001
2024-09-17 12:00:41.299,411.7626290649323,104
2024-09-17 12:00:41.316,411.8000309206649,1005
2024-09-17 12:00:41.336,411.7878570440905,996
2024-09-17 12:00:41.467,411.7155384366137,13
2024-09-17 12:00:41.543,411.7097925584576,10
2024-09-17 12:00:41.607,411.7671584663421,13
2024-09-17 12:00:41.635,411.789904931545,12
2024-09-17 12:00:41.657,411.7430175060949,14
2024-09-17 12:00:41.694,411.706802343949,100
2024-09-17 12:00:41.717,411.7668054378177,103
2024-09-17 12:00:41.726,411.7984650561274,100
2024-09-17 12:00:41.832,411.80043105548566,10
2024-09-17 12:00:41.872,411.7695743716487,98
2024-09-17 12:00:41.892,411.8053752204042,15
2024-09-17 12:00:41.903,411.732421985277,10
2024-09-17 12:00:41.918,411.7246560309391,99
2024-09-17 12:00:41.924,411.7179067109621,997
2024-09-17 12:00:41.928,411.76630757161337,9
2024-09-17 12:00:41.961,411.7959070274114,97
2024-09-17 12:00:41.969,411.7959209493322,6
2024-09-17 12:00:41.987,411.7140308125151,15
2024-09-17 12:00:41.998,,1000
2024-09-17 12:00:42.028,411.6973812796485,1001
2024-09-17 12:00:42.050,411.7100415566634,996
2024-09-17 12:00:42.136,411.7135118944573,1000
2024-09-17 12:00:42.140,411.71992767383017,14
2024-09-17 12:00:42.168,411.7084124923519,101
2024-09-17 12:00:42.177,411.73158109141207,99
2024-09-17 12:00:42.377,411.7099032048537,15
2024-09-17 12:00:42.403,411.7110787104085,1001
2024-09-17 12:00:42.413,411.7311614318973,12
2024-09-17 12:00:42.415,411.7144582698615,1002
2024-09-17 12:00:42.456,,997
2024-09-17 12:00:42.491,411.7050815938354,1004
2024-09-17 12:00:42.502,411.6921090392536,101
2024-09-17 12:00:42.564,411.700883508768,15
2024-09-17 12:00:42.593,411.7110130368065,11
2024-09-17 12:00:42.658,411.74516526132174,1003
2024-09-17 12:00:42.883,411.71063991340645,1000
2024-09-17 12:00:42.972,411.7284296736044,999
2024-09-17 12:00:43.013,411.75200257401656,1004
2024-09-17 12:00:43.072,411.753552592734,97
2024-09-17 12:00:43.090,411.753647122593,12
2024-09-17 12:00:43.104,411.7523184266156,98
2024-09-17 12:00:43.118,411.7676635965065,97
2024-09-17 12:00:43.119,411.7600985003757,1001
2024-09-17 12:00:43.133,411.75877719293055,996
2024-09-17 12:00:43.182,,15
2024-09-17 12:00:43.223,411.7580291484216,97
2024-09-17 12:00:43.252,411.7406250303441,999
2024-09-17 12:00:43.299,411.7413112374719,103
2024-09-17 12:00:43.335,411.7575240991507,998
2024-09-17 12:00:43.347,411.7551553752557,97
2024-09-17 12:00:43.407,411.7220641757854,104
2024-09-17 12:00:43.440,411.76762763172985,996
2024-09-17 12:00:43.443,411.7673606768915,998
2024-09-17 12:00:43.447,411.75900492038704,1004
2024-09-17 12:00:43.509,411.7363388169922,1000
2024-09-17 12:00:43.565,411.7389505150909,1005
2024-09-17 12:00:43.615,411.7349614351346,8
2024-09-17 12:00:43.641,411.7712449588875,1005
2024-09-17 12:00:43.663,411.77661041904025,998
2024-09-17 12:00:43.685,411.71907047152735,101
2024-09-17 12:00:43.700,,1002
2024-09-17 12:00:43.731,411.75519080740185,105
2024-09-17 12:00:43.796,411.7515888732331,997
2024-09-17 12:00:43.808,411.7773392311845,7
2024-09-17 12:00:43.810,411.7314022341965,996
2024-09-17 12:00:44.065,411.745268192077,100
2024-09-17 12:00:44.274,411.7477027820911,5
2024-09-17 12:00:44.385,411.77064367517227,996
2024-09-17 12:00:44.614,411.77980123875847,7
2024-09-17 12:00:44.620,411.7693496582392,11
2024-09-17 12:00:44.697,411.75374560257154,7
2024-09-17 12:00:44.766,411.7649044372853,7
2024-09-17 12:00:44.799,411.760991427432,103
2024-09-17 12:00:44.803,411.7748230767716,98
2024-09-17 12:00:44.829,411.7426656422992,12
2024-09-17 12:00:44.945,411.75270680510266,101
2024-09-17 12:00:45.035,411.7931993992092,102
2024-09-17 12:00:45.041,411.800057092844,7
2024-09-17 12:00:45.061,411.6769244077506,14
2024-09-17 12:00:45.079,411.72610944014144,99
2024-09-17 12:00:45.121,411.7221816696698,998
2024-09-17 12:00:45.127,411.76721674408697,102
2024-09-17 12:00:45.127,411.70003424959896,5
2024-09-17 12:00:45.140,411.68508989575326,1003
2024-09-17 12:00:45.146,411.75022104273546,105
2024-09-17 12:00:45.146,411.7309879549145,995
2024-09-17 12:00:45.207,411.7106189265084,1005
2024-09-17 12:00:45.211,411.7673294895959,997
2024-09-17 12:00:45.246,411.698413801934,1001
2024-09-17 12:00:45.273,411.7813870190287,98
2024-09-17 12:00:45.324,411.776948696029,101
2024-09-17 12:00:45.332,411.7772610932418,96
2024-09-17 12:00:45.353,411.6848522194993,102
2024-09-17 12:00:45.377,411.7647864763475,7
2024-09-17 12:00:45.446,411.73582771545705,12
2024-09-17 12:00:45.458,411.7038492171361,101
2024-09-17 12:00:45.514,411.7466158653529,102
2024-09-17 12:00:45.543,411.7584854808504,103
2024-09-17 12:00:45.582,411.6927107866186,6
2024-09-17 12:00:45.637,411.7848172808016,1004
2024-09-17 12:00:45.656,411.7704505127817,105
2024-09-17 12:00:45.862,411.69183299431177,95
2024-09-17 12:00:45.911,411.7730623006864,997
2024-09-17 12:00:45.912,411.7069847124209,6
2024-09-17 12:00:46.022,411.65891606325806,96
2024-09-17 12:00:46.109,411.6991909196481,5
2024-09-17 12:00:46.168,411.6693794742452,7
2024-09-17 12:00:46.221,411.6750856727736,102
2024-09-17 12:00:46.303,411.7116400532159,9
2024-09-17 12:00:46.378,411.67179119094993,12
2024-09-17 12:00:46.508,411.6937764391985,99
2024-09-17 12:00:46.647,411.70696494528,996
2024-09-17 12:00:46.654,411.7020710787999,9
2024-09-17 12:00:46.679,411.7184424138804,1001
2024-09-17 12:00:46.760,411.7103102969013,98
2024-09-17 12:00:46.919,411.7070712077538,98
2024-09-17 12:00:47.012,411.62746987942256,11
2024-09-17 12:00:47.063,411.6483248975434,98
2024-09-17 12:00:47.136,411.6459584721477,15
2024-09-17 12:00:47.153,411.6407668652684,997
2024-09-17 12:00:47.204,411.6404846615383,12
2024-09-17 12:00:47.327,411.632186851804,10
2024-09-17 12:00:47.381,411.6175876208454,95
2024-09-17 12:00:47.399,411.6329400867369,105
2024-09-17 12:00:47.423,411.6280260169394,97
2024-09-17 12:00:47.472,411.62474264763694,97
2024-09-17 12:00:47.474,411.64039965345927,10
2024-09-17 12:00:47.478,411.6498764152993,997
2024-09-17 12:00:47.496,411.6470825794225,11
2024-09-17 12:00:47.528,411.669093298165,997
2024-09-17 12:00:47.537,411.6560977316875,8
2024-09-17 12:00:47.575,411.6288266596405,997
2024-09-17 12:00:47.609,411.6360486833101,1000
2024-09-17 12:00:47.670,411.64609596139576,97
2024-09-17 12:00:47.706,411.65788691993527,98
2024-09-17 12:00:47.709,411.6321679371529,5
2024-09-17 12:00:47.774,411.6666883102025,12
2024-09-17 12:00:47.874,411.6170296959295,995
2024-09-17 12:00:47.916,411.6260215126541,1002
2024-09-17 12:00:47.934,411.6469671019132,104
2024-09-17 12:00:48.058,411.6487447718823,6
2024-09-17 12:00:48.079,411.5784716055844,97
2024-09-17 12:00:48.144,411.549696491772,14
2024-09-17 12:00:48.149,411.5596894784359,1004
2024-09-17 12:00:48.223,411.6102636917762,10
2024-09-17 12:00:48.286,411.5661866286845,12
2024-09-17 12:00:48.354,411.5602731234848,10
2024-09-17 12:00:48.359,411.5541917633566,103
2024-09-17 12:00:48.425,411.54065827725816,103
2024-09-17 12:00:48.457,,1005
2024-09-17 12:00:48.508,411.54657255527417,105
2024-09-17 12:00:48.655,411.5720232620168,15
2024-09-17 12:00:48.657,411.5358780964396,1003
2024-09-17 12:00:48.709,411.587074948256,998
2024-09-17 12:00:48.771,411.6247240177781,995
2024-09-17 12:00:48.813,411.5429384570458,96
2024-09-17 12:00:48.814,411.5892602467839,8
2024-09-17 12:00:48.920,411.5383273908448,997
2024-09-17 12:00:48.929,411.6114768110284,95
2024-09-17 12:00:48.955,411.5691475255631,1001
2024-09-17 12:00:49.006,411.5329794701156,1005
2024-09-17 12:00:49.009,411.5154264313682,97
2024-09-17 12:00:49.021,411.5010216983271,996
2024-09-17 12:00:49.042,411.5145903492054,8
2024-09-17 12:00:49.239,411.52126044558406,7
2024-09-17 12:00:49.242,411.52987097471714,104
2024-09-17 12:00:49.290,411.5427066239228,9
2024-09-17 12:00:49.345,411.5275795312783,13
2024-09-17 12:00:49.437,411.4929074576369,98
2024-09-17 12:00:49.493,411.5398315207616,100
2024-09-17 12:00:49.504,411.5380077823468,95
2024-09-17 12:00:49.558,411.5412029751591,7
2024-09-17 12:00:49.564,411.5047410999599,96
2024-09-17 12:00:49.599,411.4934980846432,10
2024-09-17 12:00:49.647,411.53865540393576,9
2024-09-17 12:00:49.659,411.5166474566614,1001
2024-09-17 12:00:49.694,411.5274687929702,1003
2024-09-17 12:00:49.721,411.52658656418936,1005
2024-09-17 12:00:49.747,411.4967603692977,5
2024-09-17 12:00:49.774,411.4895275275575,999
2024-09-17 12:00:49.777,411.5222857554685,104
2024-09-17 12:00:49.827,411.5021482267221,13
2024-09-17 12:00:50.052,411.498209450098,1001
2024-09-17 12:00:50.064,411.5183115313762,6
2024-09-17 12:00:50.118,411.4917172202016,14
2024-09-17 12:00:50.137,411.509795141569,997
2024-09-17 12:00:50.160,411.43458670336014,997
2024-09-17 12:00:50.285,411.43921407121246,1000
2024-09-17 12:00:50.288,411.49545281110665,13
2024-09-17 12:00:50.339,411.4654113758356,997
2024-09-17 12:00:50.412,411.48412650367766,12
2024-09-17 12:00:50.420,411.4947648068954,5
2024-09-17 12:00:50.517,411.48264040921936,104
2024-09-17 12:00:50.537,411.5042525423826,1005
2024-09-17 12:00:50.539,411.4750431746836,104
2024-09-17 12:00:50.700,411.5150216763511,1003
2024-09-17 12:00:50.829,411.5117984165928,95
2024-09-17 12:00:50.835,411.5077999344669,997
2024-09-17 12:00:51.011,411.45055267888046,8
2024-09-17 12:00:51.263,411.4560051669323,97
2024-09-17 12:00:51.461,411.4380644725929,999
2024-09-17 12:00:51.631,411.444265162646,997
2024-09-17 12:00:52.140,411.5572102050379,97
2024-09-17 12:00:52.148,411.47481078866815,100
2024-09-17 12:00:52.180,411.56121549131694,15
2024-09-17 12:00:52.186,411.5747220020943,101
2024-09-17 12:00:52.263,411.50594675372975,996
2024-09-17 12:00:52.281,411.5402438007668,98
2024-09-17 12:00:52.319,411.5785297943329,5
2024-09-17 12:00:52.324,411.5741576071224,6
2024-09-17 12:00:52.388,411.5497299593087,15
2024-09-17 12:00:52.592,411.558074612784,103
2024-09-17 12:00:52.659,411.59122012064086,997
2024-09-17 12:00:52.674,411.49627801525367,1001
2024-09-17 12:00:52.719,411.5202901518285,103
2024-09-17 12:00:52.754,411.580268152808,101
2024-09-17 12:00:52.795,411.53848316546384,995
2024-09-17 12:00:52.813,411.52839740581743,102
2024-09-17 12:00:52.835,411.5139826090983,10
2024-09-17 12:00:52.839,411.57972817260224,104
2024-09-17 12:00:52.860,411.5183702996878,98
2024-09-17 12:00:53.009,411.5551256397309,13
2024-09-17 12:00:53.068,411.5832005982593,6
2024-09-17 12:00:53.170,41.1577070524921,104
2024-09-17 12:00:53.232,411.5597394891317,14
2024-09-17 12:00:53.236,411.5497201482396,97
2024-09-17 12:00:53.266,411.5926304745089,998
2024-09-17 12:00:53.521,-411.56694854742346,95
2024-09-17 12:00:53.704,411.5585576320671,95
2024-09-17 12:00:53.708,411.52408123039305,1004
2024-09-17 12:00:53.890,411.57724951231774,104
2024-09-17 12:00:53.940,411.5363735859218,1002
2024-09-17 12:00:53.962,411.5905018922111,5
2024-09-17 12:00:54.028,411.6017308525796,95
2024-09-17 12:00:54.036,411.60684718037743,100
2024-09-17 12:00:54.036,411.5943100974405,95
2024-09-17 12:00:54.047,411.6178895346216,95
2024-09-17 12:00:54.068,411.57587919317,102
2024-09-17 12:00:54.072,411.6290295976291,104
2024-09-17 12:00:54.110,411.6008993531426,1002
2024-09-17 12:00:54.168,411.6159119212927,99
2024-09-17 12:00:54.177,411.5896301249695,15
2024-09-17 12:00:54.233,411.5987233246726,96
2024-09-17 12:00:54.250,411.602502388847,1002
2024-09-17 12:00:54.309,411.59073485564255,14
2024-09-17 12:00:54.372,411.59951120026096,97
2024-09-17 12:00:54.382,411.59095110178976,12
2024-09-17 12:00:54.449,411.6041311410066,1001
2024-09-17 12:00:54.467,411.65874302505824,1003
2024-09-17 12:00:54.504,411.6239594260052,8
2024-09-17 12:00:54.564,411.6307880105141,997
2024-09-17 12:00:54.634,411.5849422440184,8
2024-09-17 12:00:54.674,411.5859482077689,14
2024-09-17 12:00:54.677,411.65489443580685,999
2024-09-17 12:00:54.687,411.6035876802146,999
2024-09-17 12:00:54.690,411.6099110336558,105
2024-09-17 12:00:54.706,411.6002007346604,98
2024-09-17 12:00:54.779,411.5732158357847,8
2024-09-17 12:00:54.883,411.6242486169117,99
2024-09-17 12:00:54.924,411.5886113652384,1001
2024-09-17 12:00:54.982,411.6209749331397,999
2024-09-17 12:00:55.048,411.6526914845796,8
2024-09-17 12:00:55.177,411.65855333326897,997
2024-09-17 12:00:55.265,411.66717296727217,996
2024-09-17 12:00:55.275,411.6159863048768,99
2024-09-17 12:00:55.318,411.61329740970126,98
2024-09-17 12:00:55.416,411.613459059528,11
2024-09-17 12:00:55.501,411.64982390345847,96
2024-09-17 12:00:55.542,411.65926499210025,102
2024-09-17 12:00:55.596,41.166844519145485,999
2024-09-17 12:00:55.671,411.67720507498177,8
2024-09-17 12:00:55.678,411.6710691937731,7
2024-09-17 12:00:55.681,411.6049289842669,1002
2024-09-17 12:00:56.002,411.6270859000429,99
2024-09-17 12:00:56.330,411.6334545435083,12
2024-09-17 12:00:56.414,411.64942021435536,95
2024-09-17 12:00:56.456,411.6325859455966,103
2024-09-17 12:00:56.512,411.64956519064975,96
2024-09-17 12:00:56.535,411.6161012700412,996
2024-09-17 12:00:56.550,411.6363142243064,13
2024-09-17 12:00:56.591,411.6417015922911,1004
2024-09-17 12:00:56.794,411.6252391665576,14
2024-09-17 12:00:57.075,411.6361754487637,102
2024-09-17 12:00:57.088,411.6496751215964,105
2024-09-17 12:00:57.142,411.6680577946864,105
2024-09-17 12:00:57.209,411.661498099267,99
2024-09-17 12:00:57.249,411.6458421458984,996
2024-09-17 12:00:57.346,411.6548133857609,996
2024-09-17 12:00:57.423,411.6631498280282,98
2024-09-17 12:00:57.475,411.6710442760838,98
2024-09-17 12:00:57.483,411.64417778401867,102
2024-09-17 12:00:57.658,411.6504284367872,103
2024-09-17 12:00:57.694,411.6560767658127,9
2024-09-17 12:00:57.772,411.656607741655,5
2024-09-17 12:00:57.841,411.6346381319561,1003
2024-09-17 12:00:57.845,411.6669544680436,100
2024-09-17 12:00:58.006,411.63916874473387,1003
2024-09-17 12:00:58.342,411.63911699077136,96
2024-09-17 12:00:58.372,411.6294440428353,8
2024-09-17 12:00:58.387,411.6364827056814,999
2024-09-17 12:00:58.408,411.6458279993406,12
2024-09-17 12:00:58.478,411.6188403250352,15
2024-09-17 12:00:58.481,411.62949295242055,14
2024-09-17 12:00:58.537,411.63238933765393,99
2024-09-17 12:00:58.657,411.64595182123367,105
2024-09-17 12:00:58.717,411.649216706236,7
2024-09-17 12:00:58.812,411.63581345935614,100
2024-09-17 12:00:58.853,411.6173991372967,98
2024-09-17 12:00:58.891,411.6203229155385,102
2024-09-17 12:00:58.904,411.64194057955393,14
2024-09-17 12:00:59.129,411.6375466911288,99
2024-09-17 12:00:59.148,411.62575546281727,1004
2024-09-17 12:00:59.189,411.6557145148921,102
2024-09-17 12:00:59.275,411.6510799500485,99
2024-09-17 12:00:59.300,411.61797172945006,1000
2024-09-17 12:00:59.309,411.6654147205431,9
2024-09-17 12:00:59.386,411.6431006856747,999
2024-09-17 12:00:59.566,411.6853402159176,99
2024-09-17 12:00:59.577,411.69372332299946,14
2024-09-17 12:00:59.665,411.6520093041296,98
2024-09-17 12:00:59.671,411.64416909364223,1000
2024-09-17 12:00:59.685,411.6298039367927,14
2024-09-17 12:00:59.696,411.6757982931932,1000
2024-09-17 12:00:59.723,411.6282555816602,12
2024-09-17 12:00:59.742,411.642002026697,104
2024-09-17 12:00:59.772,411.6509975869808,95
2024-09-17 12:00:59.774,411.6475246126408,104
