Timestamp,Price,Size
2024-09-17 11:06:00.028,413.5957418722817,1003
2024-09-17 11:06:00.072,413.59599722397394,105
2024-09-17 11:06:00.183,413.5946369758647,1002
2024-09-17 11:06:00.412,413.5975317409302,5
2024-09-17 11:06:00.514,413.5868762791183,96
2024-09-17 11:06:00.520,413.58339681555225,101
2024-09-17 11:06:00.573,413.5956374370024,1003
2024-09-17 11:06:00.678,413.5912725187879,996
2024-09-17 11:06:00.731,413.584417320176,995
2024-09-17 11:06:00.753,413.5838977856844,996
2024-09-17 11:06:01.078,413.6035980261757,98
2024-09-17 11:06:01.608,413.5843598970668,999
2024-09-17 11:06:02.241,413.6122498649676,95
2024-09-17 11:06:02.278,413.5918241146645,102
2024-09-17 11:06:02.320,413.5858533846905,98
2024-09-17 11:06:02.375,413.5973969245682,103
2024-09-17 11:06:02.400,413.6325939338367,12
2024-09-17 11:06:02.427,413.65781856869097,9
2024-09-17 11:06:02.463,413.59153890290656,999
2024-09-17 11:06:02.505,413.6255481897493,14
2024-09-17 11:06:02.528,413.6300759315948,98
2024-09-17 11:06:02.577,413.62929066549975,97
2024-09-17 11:06:02.743,413.5978100143476,14
2024-09-17 11:06:02.758,413.6355122019958,12
2024-09-17 11:06:02.828,413.58418693854,1000
2024-09-17 11:06:02.883,413.636054856551,1005
2024-09-17 11:06:02.961,413.5814753345529,97
2024-09-17 11:06:02.971,413.61841152200736,9
2024-09-17 11:06:03.055,413.644318681404,998
2024-09-17 11:06:03.190,413.61352911864446,11
2024-09-17 11:06:03.271,413.6304525027327,1005
2024-09-17 11:06:03.542,413.63237439129983,10
2024-09-17 11:06:03.613,413.6263773302229,8
2024-09-17 11:06:03.768,413.6149174973221,104
2024-09-17 11:06:03.853,413.632622203775,1000
2024-09-17 11:06:03.882,413.63060487510967,8
2024-09-17 11:06:03.914,413.61528467886495,102
2024-09-17 11:06:04.013,413.6944330033597,1004
2024-09-17 11:06:04.112,413.6587038525193,8
2024-09-17 11:06:04.173,413.6648656905502,99
2024-09-17 11:06:04.180,413.6543766081077,97
2024-09-17 11:06:04.212,413.6415888148937,102
2024-09-17 11:06:04.290,413.70869155804905,1004
2024-09-17 11:06:04.317,413.6915028102857,103
2024-09-17 11:06:04.452,413.6635958559616,1004
2024-09-17 11:06:04.470,413.66773834041743,98
2024-09-17 11:06:04.505,413.692578098543,1005
2024-09-17 11:06:04.557,413.6928668715845,5
2024-09-17 11:06:04.620,413.6575810852575,12
2024-09-17 11:06:04.641,413.6938263853738,5
2024-09-17 11:06:04.673,413.65018822209095,995
2024-09-17 11:06:04.760,413.63811110151215,14
2024-09-17 11:06:04.765,413.6645516019871,96
2024-09-17 11:06:04.854,413.6629069426705,7
2024-09-17 11:06:04.855,413.70839412496514,11
2024-09-17 11:06:04.859,413.6494996131265,8
2024-09-17 11:06:04.863,413.6928753754963,96
2024-09-17 11:06:04.874,413.6325388774157,15
2024-09-17 11:06:04.877,413.6779824092599,997
2024-09-17 11:06:04.889,413.65419556239794,998
2024-09-17 11:06:04.905,413.70428346421096,100
2024-09-17 11:06:04.925,413.6458657792956,1000
2024-09-17 11:06:04.935,413.7070626129008,996
2024-09-17 11:06:04.949,413.6896586861637,10
2024-09-17 11:06:04.964,413.7049998296396,1001
2024-09-17 11:06:05.870,413.7126297887668,1003
2024-09-17 11:06:05.892,413.7201523766829,10
2024-09-17 11:06:06.051,413.80550254885753,12
2024-09-17 11:06:06.091,413.7026214131237,1000
2024-09-17 11:06:06.095,413.76637448094334,99
2024-09-17 11:06:06.124,413.7337422188162,1004
2024-09-17 11:06:06.136,413.8082835615104,1002
2024-09-17 11:06:06.138,413.75629575710246,8
2024-09-17 11:06:06.148,413.71345435208985,98
2024-09-17 11:06:06.188,413.72802496934224,11
2024-09-17 11:06:06.319,413.7725477228219,99
2024-09-17 11:06:06.354,413.7653940754945,8
2024-09-17 11:06:06.401,413.7645101583324,7
2024-09-17 11:06:06.634,413.7479979197235,104
2024-09-17 11:06:06.694,413.78822698353,10
2024-09-17 11:06:06.751,413.6871940275835,6
2024-09-17 11:06:06.907,413.7003958383877,12
2024-09-17 11:06:06.912,413.7277857848303,995
2024-09-17 11:06:06.919,413.77520753193824,103
2024-09-17 11:06:06.925,413.7596450950337,996
2024-09-17 11:06:06.940,41.369999877592335,105
2024-09-17 11:06:06.970,413.7679169512584,996
2024-09-17 11:06:06.974,413.79409567327446,995
2024-09-17 11:06:07.518,413.7731604115476,995
2024-09-17 11:06:07.583,413.7672599689328,1000
2024-09-17 11:06:08.002,413.78431036717615,1000
2024-09-17 11:06:08.017,413.7933574864303,96
2024-09-17 11:06:08.135,413.7948045791112,1000
2024-09-17 11:06:08.225,413.7701626612224,104
2024-09-17 11:06:08.289,413.7892502956564,12
2024-09-17 11:06:08.326,413.7724187247149,1005
2024-09-17 11:06:08.368,413.7892911459986,11
2024-09-17 11:06:08.443,413.7691251047708,102
2024-09-17 11:06:08.526,413.79145944272807,102
2024-09-17 11:06:08.536,413.77738513102616,1002
2024-09-17 11:06:08.547,413.8143176848925,13
2024-09-17 11:06:08.608,413.8211080709603,100
2024-09-17 11:06:08.615,413.8117796662922,104
2024-09-17 11:06:08.656,413.8020852676761,96
2024-09-17 11:06:08.783,413.7794877511533,98
2024-09-17 11:06:08.839,413.7606433238462,1002
2024-09-17 11:06:08.877,413.78526809373926,996
2024-09-17 11:06:08.879,413.7802958064674,997
2024-09-17 11:06:08.915,413.8191717485902,102
2024-09-17 11:06:08.929,413.79094347104126,13
2024-09-17 11:06:09.097,413.7144596670484,999
2024-09-17 11:06:09.121,413.7298340203839,95
2024-09-17 11:06:09.166,413.6767807078078,101
2024-09-17 11:06:09.189,413.7168925101533,105
2024-09-17 11:06:09.246,413.70683087232845,998
2024-09-17 11:06:09.306,413.72373719622254,98
2024-09-17 11:06:09.350,413.716004955417,99
2024-09-17 11:06:09.359,413.7503920677871,1000
2024-09-17 11:06:09.362,413.7214313759732,12
2024-09-17 11:06:09.457,413.7189369052089,6
2024-09-17 11:06:09.480,413.7131834027575,1002
2024-09-17 11:06:09.505,413.6691018195521,1005
2024-09-17 11:06:09.531,413.7153470869696,998
2024-09-17 11:06:09.576,413.7708078438317,99
2024-09-17 11:06:09.582,413.7352871886575,1003
2024-09-17 11:06:09.592,413.7160511736346,1004
2024-09-17 11:06:09.617,413.73772319206415,105
2024-09-17 11:06:09.647,413.7348831484804,104
2024-09-17 11:06:09.657,413.7037979098479,1000
2024-09-17 11:06:09.702,,101
2024-09-17 11:06:09.704,413.67393932035407,14
2024-09-17 11:06:09.785,413.740145333798,102
2024-09-17 11:06:09.824,413.7323020472957,1001
2024-09-17 11:06:09.926,413.6513095471565,15
2024-09-17 11:06:10.122,413.6438360370259,996
2024-09-17 11:06:10.196,413.6297230749611,1001
2024-09-17 11:06:10.380,413.64580256014807,12
2024-09-17 11:06:10.432,413.63732914053793,100
2024-09-17 11:06:10.570,413.6277856277678,8
2024-09-17 11:06:10.729,413.6206831103234,6
2024-09-17 11:06:11.322,413.6390358568849,99
2024-09-17 11:06:13.002,413.6479568531189,101
2024-09-17 11:06:13.210,413.6201858233768,6
2024-09-17 11:06:13.242,413.629521470406,104
2024-09-17 11:06:13.483,413.64614401457806,1002
2024-09-17 11:06:13.527,413.6318846151164,1001
2024-09-17 11:06:14.024,413.64148038636057,100
2024-09-17 11:06:14.168,413.6757081174069,11
2024-09-17 11:06:14.188,413.65406338173113,99
2024-09-17 11:06:14.265,413.5774072442091,1001
2024-09-17 11:06:14.308,413.6387915626795,1000
2024-09-17 11:06:14.346,413.6562033196549,103
2024-09-17 11:06:14.354,413.5857758411097,103
2024-09-17 11:06:14.406,413.6335270564251,105
2024-09-17 11:06:14.426,413.5972469064217,12
2024-09-17 11:06:14.469,413.6257279507007,97
2024-09-17 11:06:14.513,413.6338873834543,12
2024-09-17 11:06:14.558,413.6858322728301,9
2024-09-17 11:06:14.597,413.6861937610792,104
2024-09-17 11:06:14.743,413.5869660384236,6
2024-09-17 11:06:14.748,413.6429442328257,9
2024-09-17 11:06:14.765,413.58759228456296,104
2024-09-17 11:06:14.849,413.61415259393794,995
2024-09-17 11:06:14.865,413.5947779203571,97
2024-09-17 11:06:14.931,413.5969405412053,6
2024-09-17 11:06:15.183,413.57950292840127,103
2024-09-17 11:06:15.208,413.5779691193042,1001
2024-09-17 11:06:15.222,413.6514233825423,100
2024-09-17 11:06:15.353,413.61654302167904,7
2024-09-17 11:06:15.580,413.6179513902976,104
2024-09-17 11:06:15.592,413.60449377608126,998
2024-09-17 11:06:15.749,413.6572116658124,8
2024-09-17 11:06:15.866,413.5695640170641,1000
2024-09-17 11:06:15.873,413.5834274457428,105
2024-09-17 11:06:15.884,413.666666165191,9
2024-09-17 11:06:16.162,413.66439781490527,104
2024-09-17 11:06:16.186,413.655336030764,104
2024-09-17 11:06:16.309,413.6706648194086,15
2024-09-17 11:06:16.326,413.6701658874331,1000
2024-09-17 11:06:16.379,413.63610630563255,97
2024-09-17 11:06:16.409,413.64346390801546,97
2024-09-17 11:06:16.456,413.667956076238,1002
2024-09-17 11:06:16.521,413.6538607992499,95
2024-09-17 11:06:16.573,413.6685102029632,1001
2024-09-17 11:06:16.604,413.6805752782729,1000
2024-09-17 11:06:16.624,413.6459614135029,1000
2024-09-17 11:06:16.669,413.6557851895976,104
2024-09-17 11:06:16.711,-413.6569086362609,1000
2024-09-17 11:06:16.745,413.65723321299527,103
2024-09-17 11:06:16.789,413.6373051845063,7
2024-09-17 11:06:16.804,413.6694327380909,10
2024-09-17 11:06:16.816,413.658955955748,1000
2024-09-17 11:06:16.868,413.678237052617,11
2024-09-17 11:06:16.904,413.65452597419096,5
2024-09-17 11:06:16.905,413.6664362822365,95
2024-09-17 11:06:16.911,413.7048185664496,1000
2024-09-17 11:06:16.995,413.6949444320587,7
2024-09-17 11:06:17.363,413.65421585037984,999
2024-09-17 11:06:17.400,413.681249804843,99
2024-09-17 11:06:17.446,413.6740540105335,999
2024-09-17 11:06:17.656,413.6749978935992,1003
2024-09-17 11:06:17.721,413.68287306200745,7
2024-09-17 11:06:18.047,413.64773263138176,1004
2024-09-17 11:06:18.057,413.6293558258374,101
2024-09-17 11:06:18.096,413.6698853898547,997
2024-09-17 11:06:18.117,413.68125987697385,100
2024-09-17 11:06:18.127,413.6539800608508,996
2024-09-17 11:06:18.345,413.69194185067255,101
2024-09-17 11:06:18.355,413.69301496954944,96
2024-09-17 11:06:18.401,413.6800224274769,999
2024-09-17 11:06:18.435,413.7115277902491,9
2024-09-17 11:06:18.511,,98
2024-09-17 11:06:18.563,413.6833183581434,15
2024-09-17 11:06:18.597,413.6517720305793,1002
2024-09-17 11:06:18.651,413.69832797368014,1000
2024-09-17 11:06:18.724,413.69956899843606,1000
2024-09-17 11:06:18.760,413.6602574456642,11
2024-09-17 11:06:18.775,413.6746277269934,15
2024-09-17 11:06:18.796,41.36924652759409,997
2024-09-17 11:06:18.812,413.7024029393036,998
2024-09-17 11:06:18.895,413.7078941444601,997
2024-09-17 11:06:18.954,413.624448078041,1000
2024-09-17 11:06:18.987,413.6354410228871,1001
2024-09-17 11:06:18.987,413.6522738110212,15
2024-09-17 11:06:19.064,413.6455615285765,11
2024-09-17 11:06:19.732,413.6322980012958,97
2024-09-17 11:06:19.986,413.62480622687815,10
2024-09-17 11:06:20.013,413.6825614610484,8
2024-09-17 11:06:20.027,413.7064534548604,997
2024-09-17 11:06:20.057,413.64648588448233,11
2024-09-17 11:06:20.245,413.6233810588768,1001
2024-09-17 11:06:20.248,413.645890991251,10
2024-09-17 11:06:20.335,413.62739518605287,95
2024-09-17 11:06:20.345,413.642551775729,1000
2024-09-17 11:06:20.543,413.66832118050456,15
2024-09-17 11:06:20.592,413.64044557318925,1002
2024-09-17 11:06:20.727,413.6433944332495,6
2024-09-17 11:06:20.741,413.6339533956952,999
2024-09-17 11:06:20.843,413.6532349922021,1000
2024-09-17 11:06:20.883,413.7192198086561,103
2024-09-17 11:06:20.893,413.6798026365842,9
2024-09-17 11:06:20.948,413.6362970536493,10
2024-09-17 11:06:20.961,413.7103645858405,8
2024-09-17 11:06:20.967,413.6526765465978,98
2024-09-17 11:06:20.974,413.6436274851326,1001
2024-09-17 11:06:21.023,413.75687906201097,14
2024-09-17 11:06:21.092,413.7481826053263,95
2024-09-17 11:06:21.098,41.37546733991195,105
2024-09-17 11:06:21.098,413.73887927385016,10
2024-09-17 11:06:21.100,413.7193931986332,104
2024-09-17 11:06:21.292,413.7448669234048,95
2024-09-17 11:06:21.300,413.7791394949687,102
2024-09-17 11:06:21.337,413.7322216304233,104
2024-09-17 11:06:21.352,413.7101691180516,998
2024-09-17 11:06:21.352,413.7676168721163,11
2024-09-17 11:06:21.429,413.7472481541131,8
2024-09-17 11:06:21.435,413.7783497292813,6
2024-09-17 11:06:21.443,413.7339005939671,105
2024-09-17 11:06:21.549,413.7097237604813,10
2024-09-17 11:06:21.600,413.72802581971166,5
2024-09-17 11:06:21.606,413.7568108997044,1002
2024-09-17 11:06:21.612,413.7678810714787,99
2024-09-17 11:06:21.728,413.7516817525102,97
2024-09-17 11:06:21.766,413.7552904037067,105
2024-09-17 11:06:21.793,413.7375082388574,6
2024-09-17 11:06:21.798,413.7632722015885,1002
2024-09-17 11:06:21.820,413.7511819848226,1002
2024-09-17 11:06:21.839,413.7742316664569,102
2024-09-17 11:06:21.848,413.7529236647059,998
2024-09-17 11:06:21.912,413.7301787657896,1005
2024-09-17 11:06:21.977,413.76887376185385,1005
2024-09-17 11:06:22.013,413.75338895957,103
2024-09-17 11:06:22.013,413.786765269883,96
2024-09-17 11:06:22.123,413.7277139235211,9
2024-09-17 11:06:22.137,413.7342623211475,102
2024-09-17 11:06:22.231,413.737057043652,998
2024-09-17 11:06:22.241,413.7510072083978,998
2024-09-17 11:06:22.262,413.75136151059695,97
2024-09-17 11:06:22.389,413.7966351070041,102
2024-09-17 11:06:22.401,413.7952764300101,102
2024-09-17 11:06:22.449,413.75655599619375,99
2024-09-17 11:06:22.467,413.78829477853856,97
2024-09-17 11:06:22.495,413.7575226729276,6
2024-09-17 11:06:22.638,413.7441301788903,97
2024-09-17 11:06:22.668,413.74896573134873,104
2024-09-17 11:06:22.761,413.77770410029575,5
2024-09-17 11:06:22.783,413.74871815736304,1005
2024-09-17 11:06:22.840,413.7516361147556,998
2024-09-17 11:06:22.875,413.78637380618414,1002
2024-09-17 11:06:22.887,413.8085712620717,98
2024-09-17 11:06:22.897,413.7572620714395,11
2024-09-17 11:06:23.027,413.7825270398769,105
2024-09-17 11:06:23.107,413.77585871628486,99
2024-09-17 11:06:23.205,413.7986666233013,9
2024-09-17 11:06:23.304,413.7976286582222,98
2024-09-17 11:06:23.363,413.81560594745474,5
2024-09-17 11:06:23.474,413.7684338735969,1003
2024-09-17 11:06:23.489,413.7833233277075,96
2024-09-17 11:06:23.530,413.7734951455617,14
2024-09-17 11:06:23.568,413.7745676109223,8
2024-09-17 11:06:23.609,413.7599865853293,104
2024-09-17 11:06:23.691,413.77794583588513,997
2024-09-17 11:06:23.714,413.77559999755215,6
2024-09-17 11:06:23.747,413.7573557330277,98
2024-09-17 11:06:23.848,413.8007840197612,95
2024-09-17 11:06:23.869,413.77530146024105,96
2024-09-17 11:06:23.957,413.7816987733346,96
2024-09-17 11:06:23.982,413.77830815882567,7
2024-09-17 11:06:24.003,413.77439365151287,998
2024-09-17 11:06:24.074,,1004
2024-09-17 11:06:24.103,413.7714223722868,995
2024-09-17 11:06:24.145,413.77329149928846,996
2024-09-17 11:06:24.151,413.74392842924505,9
2024-09-17 11:06:24.170,413.7793160955762,15
2024-09-17 11:06:24.212,-413.75045831314486,100
2024-09-17 11:06:24.243,413.7495077076453,1005
2024-09-17 11:06:24.675,413.7722338304702,100
2024-09-17 11:06:24.724,413.76602226726783,99
2024-09-17 11:06:24.815,413.7399753135202,12
2024-09-17 11:06:24.837,413.7382913686872,12
2024-09-17 11:06:24.994,413.7719739220601,101
2024-09-17 11:06:25.293,413.7258109002679,105
2024-09-17 11:06:25.665,413.7146613031316,6
2024-09-17 11:06:26.294,413.7241608549349,101
2024-09-17 11:06:26.859,413.7075234958151,1000
2024-09-17 11:06:26.988,413.714350360677,96
2024-09-17 11:06:27.090,413.7364637647508,105
2024-09-17 11:06:27.159,413.77454392437903,1005
2024-09-17 11:06:27.475,413.7449224030369,1003
2024-09-17 11:06:27.560,413.7334714460774,101
2024-09-17 11:06:27.564,413.75738810028224,11
2024-09-17 11:06:27.570,413.72055051731945,97
2024-09-17 11:06:27.588,413.7221271454778,10
2024-09-17 11:06:28.004,413.7691447900826,97
2024-09-17 11:06:28.021,413.74337812326354,7
2024-09-17 11:06:28.041,413.7360969695206,8
2024-09-17 11:06:28.186,413.7301585292458,11
2024-09-17 11:06:28.260,413.73965828217086,9
2024-09-17 11:06:28.293,413.7406515458009,99
2024-09-17 11:06:28.304,413.7326128161693,5
2024-09-17 11:06:28.348,413.744308319559,15
2024-09-17 11:06:28.392,413.7253915957509,14
2024-09-17 11:06:28.549,413.7376966651464,9
2024-09-17 11:06:28.764,413.7524159033208,95
2024-09-17 11:06:28.782,,999
2024-09-17 11:06:28.807,413.76505343708806,9
2024-09-17 11:06:28.830,413.7426808592503,103
2024-09-17 11:06:28.836,413.73055234668686,1001
2024-09-17 11:06:28.956,413.7445717780295,95
2024-09-17 11:06:28.982,-413.7403653480913,1003
2024-09-17 11:06:29.509,413.6907973798501,14
2024-09-17 11:06:29.576,413.69118506150375,998
2024-09-17 11:06:29.922,413.7076573581523,13
2024-09-17 11:06:30.112,413.6580464470288,97
2024-09-17 11:06:30.135,413.6460378186374,1003
2024-09-17 11:06:30.164,413.64940750245074,103
2024-09-17 11:06:30.287,413.6648895638344,996
2024-09-17 11:06:30.289,413.7042176243554,105
2024-09-17 11:06:30.446,413.68519250114304,1004
2024-09-17 11:06:30.686,413.7083806979148,1005
2024-09-17 11:06:30.693,413.6734360438143,8
2024-09-17 11:06:30.731,413.6719308923665,105
2024-09-17 11:06:31.091,413.75671968401656,6
2024-09-17 11:06:31.140,-413.756968133528,1002
2024-09-17 11:06:31.295,413.7457768328114,105
2024-09-17 11:06:31.360,413.7500589859884,12
2024-09-17 11:06:31.378,413.76875070148367,1000
2024-09-17 11:06:31.528,413.773803796239,103
2024-09-17 11:06:31.584,413.76726054930776,6
2024-09-17 11:06:31.642,413.7769978406269,7
2024-09-17 11:06:31.656,413.7746351486037,5
2024-09-17 11:06:31.684,413.7473561050216,98
2024-09-17 11:06:31.798,413.7377561378707,98
2024-09-17 11:06:31.894,41.37520832640696,10
2024-09-17 11:06:31.902,413.76463189120346,997
2024-09-17 11:06:31.936,413.72371018211794,1000
2024-09-17 11:06:31.971,413.73772097261633,12
2024-09-17 11:06:32.209,413.74446877115673,996
2024-09-17 11:06:32.958,413.7488335601436,95
2024-09-17 11:06:33.400,413.703602795678,101
2024-09-17 11:06:33.638,413.7361853137498,105
2024-09-17 11:06:33.731,413.7324496204847,104
2024-09-17 11:06:33.787,413.7426533727468,9
2024-09-17 11:06:33.875,413.72051676728825,11
2024-09-17 11:06:33.880,413.70166323866886,997
2024-09-17 11:06:36.086,413.6762932743829,1005
2024-09-17 11:06:36.093,413.7010595888053,12
2024-09-17 11:06:36.103,413.68429445799774,105
2024-09-17 11:06:36.207,413.6616068437291,15
2024-09-17 11:06:36.210,413.6612618071543,6
2024-09-17 11:06:36.337,413.7039780861616,1005
2024-09-17 11:06:36.370,413.7114465496096,15
2024-09-17 11:06:36.435,,105
2024-09-17 11:06:36.519,413.6783661221575,13
2024-09-17 11:06:36.587,413.7290092314825,97
2024-09-17 11:06:36.633,413.7078350456542,1000
2024-09-17 11:06:36.687,413.6908097931953,97
2024-09-17 11:06:36.687,413.6975578315929,103
2024-09-17 11:06:36.708,413.7126137060933,1005
2024-09-17 11:06:36.713,413.6764125822242,13
2024-09-17 11:06:36.721,413.6459343495857,11
2024-09-17 11:06:36.771,413.7338912352344,97
2024-09-17 11:06:36.832,413.64922370374,999
2024-09-17 11:06:36.897,413.66416635325584,102
2024-09-17 11:06:36.907,413.7273068458607,6
2024-09-17 11:06:36.931,413.7218739003226,1000
2024-09-17 11:06:36.934,413.6562715717963,96
2024-09-17 11:06:36.947,413.7146833554559,8
2024-09-17 11:06:36.990,413.6972166067157,102
2024-09-17 11:06:38.014,413.6831914324987,998
2024-09-17 11:06:38.140,413.6774837165677,101
2024-09-17 11:06:38.214,413.6820188542835,10
2024-09-17 11:06:38.572,413.6915765417685,104
2024-09-17 11:06:38.847,413.6803064840196,5
2024-09-17 11:06:39.012,413.7044353973952,103
2024-09-17 11:06:39.061,413.7369805075844,6
2024-09-17 11:06:39.109,413.6683802189416,5
2024-09-17 11:06:39.142,413.6979308927876,105
2024-09-17 11:06:39.181,413.674773574084,100
2024-09-17 11:06:39.227,413.7049784403952,15
2024-09-17 11:06:39.282,413.68197079531456,99
2024-09-17 11:06:39.341,413.7405878865332,6
2024-09-17 11:06:39.372,413.7000476320323,999
2024-09-17 11:06:39.379,413.7014508167346,100
2024-09-17 11:06:39.536,413.6721197813356,102
2024-09-17 11:06:39.536,413.7157055387034,7
2024-09-17 11:06:39.684,413.71877312356696,11
2024-09-17 11:06:39.712,413.70375916056815,97
2024-09-17 11:06:39.803,413.68914946144497,6
2024-09-17 11:06:39.945,413.7211038160132,1001
2024-09-17 11:06:39.959,413.7064309741737,1004
2024-09-17 11:06:39.964,413.6900964644802,15
2024-09-17 11:06:40.228,413.7241601600053,13
2024-09-17 11:06:40.314,413.73993229305,14
2024-09-17 11:06:40.339,413.7395565471984,99
2024-09-17 11:06:40.475,413.7275311894027,11
2024-09-17 11:06:40.567,413.7530651799341,998
2024-09-17 11:06:40.848,413.7431443886883,1001
2024-09-17 11:06:41.040,41.37116699229037,1000
2024-09-17 11:06:41.051,413.7157690371969,7
2024-09-17 11:06:41.102,413.68467177976186,15
2024-09-17 11:06:41.132,413.6437343264751,97
2024-09-17 11:06:41.185,413.6859064084382,9
2024-09-17 11:06:41.203,413.6728993404113,103
2024-09-17 11:06:41.243,413.71438638803096,97
2024-09-17 11:06:41.394,413.6900209219308,15
2024-09-17 11:06:41.402,413.6897573065897,997
2024-09-17 11:06:41.442,413.7476015189123,1000
2024-09-17 11:06:41.521,413.7025558148213,11
2024-09-17 11:06:41.530,413.70610190204206,995
2024-09-17 11:06:41.541,413.7522857052947,102
2024-09-17 11:06:41.594,413.6722587364614,103
2024-09-17 11:06:41.691,413.6494822235917,1001
2024-09-17 11:06:41.839,413.685424629748,999
2024-09-17 11:06:41.845,413.6794962949544,1000
2024-09-17 11:06:41.858,413.7180844551823,1003
2024-09-17 11:06:41.863,413.6854771450457,15
2024-09-17 11:06:41.873,413.76444744994166,96
2024-09-17 11:06:41.892,413.6970217171635,1004
2024-09-17 11:06:41.936,413.6869024457486,997
2024-09-17 11:06:41.955,413.7286608521088,12
2024-09-17 11:06:42.109,413.64043096770286,5
2024-09-17 11:06:42.271,413.6588712921316,8
2024-09-17 11:06:42.538,413.63962710140464,12
2024-09-17 11:06:42.939,413.6554177491314,13
2024-09-17 11:06:43.099,413.62788801864286,1003
2024-09-17 11:06:43.127,-413.66345040939575,8
2024-09-17 11:06:43.168,,96
2024-09-17 11:06:43.259,413.74144555703,995
2024-09-17 11:06:43.353,413.6663015773103,6
2024-09-17 11:06:43.363,413.7185631575456,996
2024-09-17 11:06:43.399,413.6419062124616,997
2024-09-17 11:06:43.511,413.7100609049479,10
2024-09-17 11:06:43.562,413.7513803442776,8
2024-09-17 11:06:43.619,413.759039200939,1003
2024-09-17 11:06:43.629,413.6402729357425,5
2024-09-17 11:06:43.632,413.6548002782522,1004
2024-09-17 11:06:43.693,413.7596799156748,6
2024-09-17 11:06:43.793,413.73519742042174,105
2024-09-17 11:06:43.803,413.6821648166136,105
2024-09-17 11:06:43.843,413.7175020457533,12
2024-09-17 11:06:43.863,413.6443900616126,14
2024-09-17 11:06:43.891,413.65004003756906,997
2024-09-17 11:06:43.926,413.7038010436284,10
2024-09-17 11:06:43.971,,1004
2024-09-17 11:06:44.118,413.7649408816908,5
2024-09-17 11:06:44.174,413.7636180358534,98
2024-09-17 11:06:44.192,413.7872282364333,1002
2024-09-17 11:06:44.218,413.7479787719193,1000
2024-09-17 11:06:44.238,413.7618387776875,95
2024-09-17 11:06:44.259,413.75717098451,999
2024-09-17 11:06:44.267,413.7783116425807,105
2024-09-17 11:06:44.343,413.7852938528768,1001
2024-09-17 11:06:44.392,413.78156009177854,1000
2024-09-17 11:06:44.431,413.7796053355773,11
2024-09-17 11:06:44.455,413.7694587733988,11
2024-09-17 11:06:44.455,413.78088493957546,9
2024-09-17 11:06:44.491,413.7722937393304,14
2024-09-17 11:06:44.638,413.776982234433,1001
2024-09-17 11:06:44.662,413.7713406467779,96
2024-09-17 11:06:44.685,413.7731537383119,10
2024-09-17 11:06:44.741,413.7756731894119,999
2024-09-17 11:06:44.757,413.7570437966152,9
2024-09-17 11:06:44.788,413.756775088385,97
2024-09-17 11:06:44.801,413.7670381295256,100
2024-09-17 11:06:44.849,413.78988261009806,6
2024-09-17 11:06:44.850,413.7782069609509,101
2024-09-17 11:06:44.893,413.7746655759676,10
2024-09-17 11:06:44.930,413.785544391883,1001
2024-09-17 11:06:44.933,413.7856887086896,9
2024-09-17 11:06:44.947,413.7640880802656,1000
2024-09-17 11:06:44.968,413.7820253030076,102
2024-09-17 11:06:45.099,413.7800114769142,1004
2024-09-17 11:06:45.196,413.7661638487984,104
2024-09-17 11:06:45.211,413.7657058570445,997
2024-09-17 11:06:45.268,413.7752485619047,10
2024-09-17 11:06:45.293,413.7623275856131,105
2024-09-17 11:06:45.304,413.7532610522897,12
2024-09-17 11:06:45.343,413.77735172762766,98
2024-09-17 11:06:45.391,413.7796980292203,100
2024-09-17 11:06:45.554,413.793778491682,103
2024-09-17 11:06:45.602,413.7777002511921,100
2024-09-17 11:06:45.716,413.7915421511458,102
2024-09-17 11:06:45.772,413.7788696523212,13
2024-09-17 11:06:45.830,413.7697858583597,8
2024-09-17 11:06:45.835,413.7588963268944,1000
2024-09-17 11:06:45.943,413.7806228026522,1002
2024-09-17 11:06:45.964,413.76913948814666,5
2024-09-17 11:06:45.975,413.7803513931352,12
2024-09-17 11:06:46.222,413.67481708826,96
2024-09-17 11:06:46.229,413.7236523569103,96
2024-09-17 11:06:46.255,413.6853900033183,1001
2024-09-17 11:06:46.350,413.7249776919969,100
2024-09-17 11:06:46.361,413.70326790098056,95
2024-09-17 11:06:46.389,413.73024652665816,96
2024-09-17 11:06:46.400,413.66999913913446,1002
2024-09-17 11:06:46.413,413.6815688059294,96
2024-09-17 11:06:46.458,41.3679648588985,101
2024-09-17 11:06:46.461,413.6914502583603,9
2024-09-17 11:06:46.496,413.6864182036471,12
2024-09-17 11:06:46.601,413.6509334451381,10
2024-09-17 11:06:46.605,413.7443675442663,8
2024-09-17 11:06:46.615,413.7003731603192,104
2024-09-17 11:06:46.673,413.7470784649532,102
2024-09-17 11:06:46.682,41.368677096141234,98
2024-09-17 11:06:46.732,413.7328352601948,6
2024-09-17 11:06:46.773,413.6670170182859,102
2024-09-17 11:06:46.841,413.7267312755692,997
2024-09-17 11:06:46.854,413.6557382617289,9
2024-09-17 11:06:46.870,413.7257036970964,6
2024-09-17 11:06:46.985,413.7334837357448,99
2024-09-17 11:06:47.000,413.70350547694414,100
2024-09-17 11:06:47.016,413.70954201320455,99
2024-09-17 11:06:47.161,413.7059782307785,14
2024-09-17 11:06:47.221,413.7082792639318,1000
2024-09-17 11:06:47.239,413.6627230638233,101
2024-09-17 11:06:47.261,413.6901853475589,995
2024-09-17 11:06:47.304,413.69494810871697,1000
2024-09-17 11:06:47.363,413.74266135775474,13
2024-09-17 11:06:47.363,413.6942330028124,998
2024-09-17 11:06:47.400,413.7050754559209,12
2024-09-17 11:06:47.422,413.7188319789977,8
2024-09-17 11:06:47.423,413.6981292972562,1001
2024-09-17 11:06:47.445,413.7064968193968,97
2024-09-17 11:06:47.512,413.70857330315096,97
2024-09-17 11:06:47.540,413.7299129442296,105
2024-09-17 11:06:47.576,413.7097863468092,997
2024-09-17 11:06:47.635,413.69983323784027,8
2024-09-17 11:06:47.674,413.70079115018007,1005
2024-09-17 11:06:47.724,413.7042315233604,1005
2024-09-17 11:06:47.738,413.7239474070863,13
2024-09-17 11:06:47.878,413.696068100037,12
2024-09-17 11:06:47.896,413.6696407609489,1004
2024-09-17 11:06:47.960,413.72093999870833,13
2024-09-17 11:06:47.973,413.6955917231932,12
2024-09-17 11:06:47.986,413.6986753711144,12
2024-09-17 11:06:48.084,413.6769316403291,996
2024-09-17 11:06:48.258,413.6955811492799,6
2024-09-17 11:06:48.540,413.70010678617535,995
2024-09-17 11:06:48.567,413.7291966087346,95
2024-09-17 11:06:48.646,413.6869510008593,102
2024-09-17 11:06:48.726,413.6821303609753,997
2024-09-17 11:06:48.749,413.68891733387113,1003
2024-09-17 11:06:48.781,413.693926623488,101
2024-09-17 11:06:48.849,413.69000258113766,1002
2024-09-17 11:06:48.857,413.67911496432447,999
2024-09-17 11:06:48.950,413.7165383706202,997
2024-09-17 11:06:48.998,413.693577506681,8
2024-09-17 11:06:50.211,413.72706983045686,1000
2024-09-17 11:06:50.325,413.7215712752429,101
2024-09-17 11:06:50.339,413.6807448407935,1004
2024-09-17 11:06:50.494,413.7264979970233,9
2024-09-17 11:06:50.618,413.7232726083865,13
2024-09-17 11:06:50.639,413.6853648822397,105
2024-09-17 11:06:50.770,413.7007146166935,1001
2024-09-17 11:06:50.772,413.716375037292,95
2024-09-17 11:06:50.850,413.7145672730116,11
2024-09-17 11:06:51.016,413.6883117037918,103
2024-09-17 11:06:51.128,413.6841752827756,6
2024-09-17 11:06:51.229,413.6873536070808,999
2024-09-17 11:06:51.344,413.6935738489046,998
2024-09-17 11:06:51.553,413.7100805765653,99
2024-09-17 11:06:51.755,413.6851127812037,11
2024-09-17 11:06:51.840,413.69082923085233,98
2024-09-17 11:06:51.973,413.68978048448815,101
2024-09-17 11:06:52.035,-413.8134769971337,6
2024-09-17 11:06:52.061,413.7595303353377,103
2024-09-17 11:06:52.067,413.7730550353608,997
2024-09-17 11:06:52.103,413.7505141239004,95
2024-09-17 11:06:52.233,413.8380375261736,5
2024-09-17 11:06:52.247,413.7494218172461,13
2024-09-17 11:06:52.344,413.7988054091496,96
2024-09-17 11:06:52.461,413.7697869844993,1005
2024-09-17 11:06:52.528,413.8276504361627,1002
2024-09-17 11:06:52.570,413.7594648564465,14
2024-09-17 11:06:52.670,413.7359211780867,1000
2024-09-17 11:06:52.722,413.7777414224024,97
2024-09-17 11:06:52.738,413.7883273752118,7
2024-09-17 11:06:52.792,413.78491320039456,1004
2024-09-17 11:06:52.872,413.79234207552014,105
2024-09-17 11:06:52.986,413.7894945684004,6
2024-09-17 11:06:55.155,413.8355157647788,12
2024-09-17 11:06:55.277,413.8473054624838,6
2024-09-17 11:06:55.445,413.8447602124674,104
2024-09-17 11:06:55.492,413.83662791616615,1000
2024-09-17 11:06:55.632,413.8579846963577,96
2024-09-17 11:06:55.644,413.8356511553951,99
2024-09-17 11:06:56.186,413.8520460938521,96
2024-09-17 11:06:56.427,413.8474164861418,10
2024-09-17 11:06:56.710,413.8254232787843,1004
2024-09-17 11:06:57.054,413.7700637610848,11
2024-09-17 11:06:57.070,413.8228067565125,14
2024-09-17 11:06:57.126,413.77474093501456,1000
2024-09-17 11:06:57.134,413.8198561805409,12
2024-09-17 11:06:57.138,413.80537902813046,6
2024-09-17 11:06:57.163,413.8219321834784,97
2024-09-17 11:06:57.212,413.85613768494255,96
2024-09-17 11:06:57.259,413.83066092122647,99
2024-09-17 11:06:57.289,413.7941001394528,104
2024-09-17 11:06:57.351,413.8478018566419,8
2024-09-17 11:06:57.358,413.8282606782203,996
2024-09-17 11:06:57.423,413.8172286612029,15
2024-09-17 11:06:57.434,413.78420689767154,13
2024-09-17 11:06:57.447,413.8489480249348,5
2024-09-17 11:06:57.573,413.7966458046163,101
2024-09-17 11:06:57.635,413.79083541306113,9
2024-09-17 11:06:57.683,413.7870519116632,13
2024-09-17 11:06:57.760,-413.78693433776107,5
2024-09-17 11:06:57.781,413.7744802604485,12
2024-09-17 11:06:57.805,413.8068578785023,997
2024-09-17 11:06:57.867,413.8410695737818,7
2024-09-17 11:06:57.876,413.7898175008406,995
2024-09-17 11:06:57.883,413.7890848612912,1000
2024-09-17 11:06:57.912,413.7786418507108,8
2024-09-17 11:06:57.935,413.8473807966374,5
2024-09-17 11:06:57.968,413.8031946599337,13
2024-09-17 11:06:57.975,413.7862789239664,97
2024-09-17 11:06:58.007,413.7826408198141,98
2024-09-17 11:06:58.023,413.763777588582,996
2024-09-17 11:06:58.046,413.8068151268214,997
2024-09-17 11:06:58.139,413.8208180466712,5
2024-09-17 11:06:58.150,413.80664325862665,7
2024-09-17 11:06:58.260,413.7970471311514,103
2024-09-17 11:06:58.274,413.78619707129474,15
2024-09-17 11:06:58.311,413.7922940362278,13
2024-09-17 11:06:58.328,413.8350297276316,98
2024-09-17 11:06:58.389,413.8153935834736,7
2024-09-17 11:06:58.474,413.8137486973714,998
2024-09-17 11:06:58.513,413.8131156812408,1002
2024-09-17 11:06:58.529,413.8082767918444,104
2024-09-17 11:06:58.537,413.7525339675132,95
2024-09-17 11:06:58.547,-413.8095440372267,103
2024-09-17 11:06:58.551,413.8141776429255,995
2024-09-17 11:06:58.809,413.80503510568514,100
2024-09-17 11:06:58.933,413.7948195184361,1003
2024-09-17 11:06:58.934,413.79900463860105,8
2024-09-17 11:06:58.966,413.8168538454001,97
2024-09-17 11:06:58.968,413.8214454270385,999
2024-09-17 11:06:58.995,413.8206714271466,9
2024-09-17 11:06:59.020,413.7223251400221,12
2024-09-17 11:06:59.058,413.7450042588909,8
2024-09-17 11:06:59.062,413.7540375527772,997
2024-09-17 11:06:59.105,413.7289670953837,102
2024-09-17 11:06:59.161,413.7174506962372,999
2024-09-17 11:06:59.254,413.76304514956246,7
2024-09-17 11:06:59.311,413.7424876548836,11
2024-09-17 11:06:59.331,413.7479945781803,12
2024-09-17 11:06:59.372,413.750740231459,999
2024-09-17 11:06:59.378,413.74119034066536,996
2024-09-17 11:06:59.461,413.7249422318341,1005
2024-09-17 11:06:59.487,413.74598636476543,1005
2024-09-17 11:06:59.492,413.7468804299919,12
2024-09-17 11:06:59.568,413.7507143207552,104
2024-09-17 11:06:59.602,413.75127157234687,9
2024-09-17 11:06:59.646,413.71354247567297,1003
2024-09-17 11:06:59.683,413.7074266881025,96
2024-09-17 11:06:59.704,413.7310473531002,98
2024-09-17 11:06:59.806,413.7524430783363,12
2024-09-17 11:06:59.936,413.7358963736433,15
