Timestamp,Price,Size
2024-09-19 11:46:00.003,421.4794734674566,101
2024-09-19 11:46:00.021,421.5116112603063,997
2024-09-19 11:46:00.022,421.5039743521458,14
2024-09-19 11:46:00.091,421.4780235193647,96
2024-09-19 11:46:00.132,421.4685390719336,1005
2024-09-19 11:46:00.233,421.5254504333628,15
2024-09-19 11:46:00.290,421.5110482703464,997
2024-09-19 11:46:00.359,421.4748767933107,103
2024-09-19 11:46:00.374,421.5137114988907,14
2024-09-19 11:46:00.419,421.5087278169863,1001
2024-09-19 11:46:00.511,421.5194064151093,1001
2024-09-19 11:46:00.585,421.4620109976981,101
2024-09-19 11:46:00.609,421.49186580794367,101
2024-09-19 11:46:00.616,421.4832235836592,104
2024-09-19 11:46:00.641,421.5222635227704,98
2024-09-19 11:46:00.741,421.4950515956581,13
2024-09-19 11:46:00.769,421.499036380153,104
2024-09-19 11:46:00.819,421.5022906796141,8
2024-09-19 11:46:00.831,421.4784625566764,1003
2024-09-19 11:46:00.850,421.4987657618523,102
2024-09-19 11:46:00.892,421.4811966993087,13
2024-09-19 11:46:00.906,421.5092365082685,6
2024-09-19 11:46:00.929,,1001
2024-09-19 11:46:00.940,421.4785576536698,14
2024-09-19 11:46:00.982,421.47331638838006,1003
2024-09-19 11:46:01.018,421.50928412856985,995
2024-09-19 11:46:01.048,421.52208100701137,98
2024-09-19 11:46:01.178,421.5425834648811,996
2024-09-19 11:46:01.190,421.5236839559582,10
2024-09-19 11:46:01.227,421.529776342438,12
2024-09-19 11:46:01.272,421.52130085517393,999
2024-09-19 11:46:01.380,421.5527073405639,6
2024-09-19 11:46:01.630,421.5111701823219,995
2024-09-19 11:46:01.637,421.51916052257474,1000
2024-09-19 11:46:01.646,421.5268323294565,7
2024-09-19 11:46:01.733,421.5132530296882,104
2024-09-19 11:46:01.737,421.5526503230709,103
2024-09-19 11:46:01.740,421.51299637131706,1002
2024-09-19 11:46:01.804,421.5120856588418,12
2024-09-19 11:46:01.830,421.5231075252712,101
2024-09-19 11:46:01.886,421.5256547246976,7
2024-09-19 11:46:01.912,421.5407944640709,1002
2024-09-19 11:46:01.919,421.5276740322706,14
2024-09-19 11:46:01.950,421.5556136268347,105
2024-09-19 11:46:02.027,421.534817126969,97
2024-09-19 11:46:02.088,421.53859364668494,7
2024-09-19 11:46:02.113,421.5574731592584,98
2024-09-19 11:46:02.148,421.5425179693218,98
2024-09-19 11:46:02.359,421.5319677888702,996
2024-09-19 11:46:02.401,421.5423731269581,98
2024-09-19 11:46:02.448,421.5166270780676,98
2024-09-19 11:46:02.463,421.5241287554412,1002
2024-09-19 11:46:02.492,421.5378599366221,99
2024-09-19 11:46:02.495,421.5431292571695,95
2024-09-19 11:46:02.501,421.5366072377646,7
2024-09-19 11:46:02.543,421.5332839949422,9
2024-09-19 11:46:02.775,421.5561043738321,104
2024-09-19 11:46:02.897,421.50343278198494,14
2024-09-19 11:46:02.914,421.53502125650016,1004
2024-09-19 11:46:02.929,421.5163969485325,103
2024-09-19 11:46:02.982,421.5379068813734,104
2024-09-19 11:46:02.984,421.5274794219285,98
2024-09-19 11:46:03.172,421.5416763679696,1003
2024-09-19 11:46:03.308,421.5514317916811,996
2024-09-19 11:46:03.332,421.5553377341319,12
2024-09-19 11:46:03.586,421.5489262406053,105
2024-09-19 11:46:03.843,421.5193846672351,8
2024-09-19 11:46:04.015,421.5791577436914,100
2024-09-19 11:46:04.027,421.57471400558944,13
2024-09-19 11:46:04.130,421.57334073229134,98
2024-09-19 11:46:04.215,421.576804568052,14
2024-09-19 11:46:04.233,421.5696914972654,7
2024-09-19 11:46:04.287,421.57677805777394,105
2024-09-19 11:46:04.332,421.5841200090324,13
2024-09-19 11:46:04.668,421.5635912491028,12
2024-09-19 11:46:04.687,421.5789351486345,15
2024-09-19 11:46:04.735,421.5749367611246,100
2024-09-19 11:46:04.892,421.5692129220094,10
2024-09-19 11:46:04.916,42.15802371480603,15
2024-09-19 11:46:05.060,421.6176715172165,9
2024-09-19 11:46:05.129,421.555319729072,6
2024-09-19 11:46:05.219,421.5982914026411,1001
2024-09-19 11:46:05.425,421.56773927355897,1000
2024-09-19 11:46:05.524,421.575443752296,995
2024-09-19 11:46:05.630,421.5777133927496,96
2024-09-19 11:46:05.879,421.5931789076548,98
2024-09-19 11:46:05.913,421.5936224387812,999
2024-09-19 11:46:05.941,421.5892201025384,1000
2024-09-19 11:46:05.952,421.6028882881227,102
2024-09-19 11:46:06.003,421.5651664359156,1000
2024-09-19 11:46:06.138,421.5575326720485,104
2024-09-19 11:46:06.145,421.6007552253101,6
2024-09-19 11:46:06.203,421.5145396396656,7
2024-09-19 11:46:06.253,421.5904547976125,11
2024-09-19 11:46:06.263,421.5537925199094,996
2024-09-19 11:46:06.325,421.6014107273701,102
2024-09-19 11:46:06.336,421.5944350811354,1003
2024-09-19 11:46:06.400,421.5761076929375,101
2024-09-19 11:46:06.408,421.6253689474595,8
2024-09-19 11:46:06.426,421.5371743229108,96
2024-09-19 11:46:06.527,421.59468105093,15
2024-09-19 11:46:06.601,421.6115309402429,12
2024-09-19 11:46:06.616,,1004
2024-09-19 11:46:06.814,421.5782125571457,6
2024-09-19 11:46:06.815,421.60747078050247,9
2024-09-19 11:46:06.893,421.53921502671847,997
2024-09-19 11:46:07.230,421.53174298636566,6
2024-09-19 11:46:07.354,421.51926841856135,10
2024-09-19 11:46:07.423,421.5122140414414,997
2024-09-19 11:46:07.679,421.5269169401832,1003
2024-09-19 11:46:07.721,421.5058073265067,1005
2024-09-19 11:46:07.901,421.5271932216221,6
2024-09-19 11:46:08.119,421.5084661082053,14
2024-09-19 11:46:08.178,421.5133166184304,103
2024-09-19 11:46:08.287,421.4473693386795,102
2024-09-19 11:46:08.433,421.4921909123802,105
2024-09-19 11:46:08.476,421.44188889209306,10
2024-09-19 11:46:08.600,421.5098874318794,998
2024-09-19 11:46:08.763,-421.435910351213,1004
2024-09-19 11:46:08.763,421.5072383851413,101
2024-09-19 11:46:08.798,421.5167589193976,15
2024-09-19 11:46:08.809,,1004
2024-09-19 11:46:08.831,421.4678125212181,99
2024-09-19 11:46:09.023,421.4729657439179,15
2024-09-19 11:46:09.146,421.4547625972161,11
2024-09-19 11:46:09.202,421.454594909687,102
2024-09-19 11:46:09.305,421.45478025332113,9
2024-09-19 11:46:09.370,421.5024293120224,105
2024-09-19 11:46:09.396,421.5026124336485,998
2024-09-19 11:46:09.418,421.44325739255765,999
2024-09-19 11:46:09.487,421.46187746746574,999
2024-09-19 11:46:09.611,421.49446877359264,99
2024-09-19 11:46:09.735,421.441203307485,1003
2024-09-19 11:46:09.797,,5
2024-09-19 11:46:09.856,421.4442319983852,1004
2024-09-19 11:46:09.870,421.5108840400319,98
2024-09-19 11:46:09.942,421.454445313528,1001
2024-09-19 11:46:09.979,421.43864833127503,15
2024-09-19 11:46:11.022,421.499407350758,9
2024-09-19 11:46:11.136,421.5046160271991,105
2024-09-19 11:46:11.162,421.47687108296935,104
2024-09-19 11:46:11.239,421.50487660624674,1000
2024-09-19 11:46:11.308,421.4486445529882,1001
2024-09-19 11:46:11.357,421.4709793268854,96
2024-09-19 11:46:11.458,421.4946285148194,996
2024-09-19 11:46:11.459,421.5023725576038,10
2024-09-19 11:46:11.459,421.4582371812628,997
2024-09-19 11:46:11.496,421.4692271346015,101
2024-09-19 11:46:11.556,421.45935116306345,1003
2024-09-19 11:46:11.559,421.4501089970405,12
2024-09-19 11:46:11.568,421.46678976816463,98
2024-09-19 11:46:11.582,421.4454667914167,1003
2024-09-19 11:46:11.707,421.49160399040665,10
2024-09-19 11:46:11.855,421.47379102794616,11
2024-09-19 11:46:11.859,421.499091262528,101
2024-09-19 11:46:11.904,421.4692954758942,13
2024-09-19 11:46:11.935,421.46855672369503,105
2024-09-19 11:46:11.936,421.43457621461647,1003
2024-09-19 11:46:11.956,421.4760892544192,14
2024-09-19 11:46:11.967,421.4979481999145,1003
2024-09-19 11:46:11.994,421.49981081941104,6
2024-09-19 11:46:11.995,421.4894447025578,1005
2024-09-19 11:46:12.009,421.4245398994029,103
2024-09-19 11:46:12.018,421.44406887837215,1000
2024-09-19 11:46:12.019,421.4530413041565,6
2024-09-19 11:46:12.155,421.4424674505667,1001
2024-09-19 11:46:12.211,421.4422817852121,997
2024-09-19 11:46:12.419,421.4397249108305,11
2024-09-19 11:46:12.559,421.4211340662395,997
2024-09-19 11:46:12.577,421.4163842879119,999
2024-09-19 11:46:12.631,421.440822166741,14
2024-09-19 11:46:12.779,421.3979728897741,7
2024-09-19 11:46:12.826,421.37994715184703,9
2024-09-19 11:46:12.826,421.38541394760847,998
2024-09-19 11:46:12.883,421.381106585968,105
2024-09-19 11:46:12.948,421.424394996869,12
2024-09-19 11:46:13.007,421.4125786341001,102
2024-09-19 11:46:13.217,421.4241111456042,995
2024-09-19 11:46:13.265,421.4372729300534,1005
2024-09-19 11:46:13.367,421.4133166693151,13
2024-09-19 11:46:13.493,421.4297060288135,14
2024-09-19 11:46:13.635,421.4397709281386,14
2024-09-19 11:46:13.714,421.4005544966141,103
2024-09-19 11:46:13.748,421.436211215296,1002
2024-09-19 11:46:13.800,421.443297476346,9
2024-09-19 11:46:13.801,421.4295955235408,101
2024-09-19 11:46:13.920,421.41850597367073,1005
2024-09-19 11:46:13.958,421.43171635250553,11
2024-09-19 11:46:14.021,421.43327013762575,1005
2024-09-19 11:46:14.067,421.4449865959233,999
2024-09-19 11:46:14.147,421.45217955569314,1000
2024-09-19 11:46:14.293,,997
2024-09-19 11:46:14.480,421.44577200890495,96
2024-09-19 11:46:14.549,421.4505344069598,12
2024-09-19 11:46:14.863,421.46729535525947,998
2024-09-19 11:46:14.864,421.44335569871487,13
2024-09-19 11:46:14.976,421.4415283203509,1004
2024-09-19 11:46:15.156,421.4112273030352,1001
2024-09-19 11:46:15.192,421.42103932100326,95
2024-09-19 11:46:15.203,421.424622353347,997
2024-09-19 11:46:15.338,421.3921833447166,1003
2024-09-19 11:46:15.453,421.4126086624271,995
2024-09-19 11:46:15.518,421.3872240621196,1001
2024-09-19 11:46:15.549,421.3948103394315,1002
2024-09-19 11:46:15.619,421.4372621760924,12
2024-09-19 11:46:15.626,421.4065269497412,14
2024-09-19 11:46:15.736,421.4174545916611,96
2024-09-19 11:46:15.756,421.42109083411134,1003
2024-09-19 11:46:15.762,421.4340864508741,5
2024-09-19 11:46:15.764,421.3981115347012,996
2024-09-19 11:46:15.891,421.4141617116231,101
2024-09-19 11:46:15.913,421.417383039621,96
2024-09-19 11:46:15.934,421.4104695642296,998
2024-09-19 11:46:15.989,421.4184307925984,6
2024-09-19 11:46:16.000,421.4121298750191,5
2024-09-19 11:46:16.146,421.3915859190142,1003
2024-09-19 11:46:16.934,421.3999638420185,999
2024-09-19 11:46:17.049,421.39022362753934,8
2024-09-19 11:46:17.051,421.3369720869224,101
2024-09-19 11:46:17.109,421.3522137366289,5
2024-09-19 11:46:17.190,421.3404552833276,6
2024-09-19 11:46:17.214,421.3700606406112,1004
2024-09-19 11:46:17.244,421.3109452603488,104
2024-09-19 11:46:17.268,421.3189254363164,7
2024-09-19 11:46:17.321,421.33014457744207,102
2024-09-19 11:46:17.344,421.3398998217061,998
2024-09-19 11:46:17.360,421.359798396678,15
2024-09-19 11:46:17.409,421.33396083882985,96
2024-09-19 11:46:17.422,421.3401672260829,5
2024-09-19 11:46:17.438,421.3284449200234,11
2024-09-19 11:46:17.498,421.3752164311129,1005
2024-09-19 11:46:17.559,421.3485162136764,999
2024-09-19 11:46:17.676,421.3287108349871,1004
2024-09-19 11:46:17.822,421.32186204571207,8
2024-09-19 11:46:17.828,421.3907942274677,104
2024-09-19 11:46:17.905,421.4062559382496,995
2024-09-19 11:46:17.953,421.3730092103016,102
2024-09-19 11:46:17.977,421.3415033697991,95
2024-09-19 11:46:18.004,421.31348331551305,15
2024-09-19 11:46:18.055,421.2980988647473,1002
2024-09-19 11:46:18.123,421.3191351970512,10
2024-09-19 11:46:18.386,421.2916680935414,999
2024-09-19 11:46:18.978,421.3322388763451,97
2024-09-19 11:46:19.041,421.3006041000084,102
2024-09-19 11:46:19.053,421.4018961217819,12
2024-09-19 11:46:19.056,421.31809811720376,997
2024-09-19 11:46:19.112,421.324760585168,999
2024-09-19 11:46:19.163,421.3290746305455,105
2024-09-19 11:46:19.193,421.35863879918594,10
2024-09-19 11:46:19.318,421.3140454070437,1002
2024-09-19 11:46:19.329,421.4174173959572,13
2024-09-19 11:46:19.333,421.3024958359546,1000
2024-09-19 11:46:19.348,421.32976467854434,6
2024-09-19 11:46:19.388,421.3675133346224,14
2024-09-19 11:46:19.410,421.295442765499,102
2024-09-19 11:46:19.469,421.29476386777446,12
2024-09-19 11:46:19.471,421.38114710027554,1002
2024-09-19 11:46:19.499,421.3769469028002,102
2024-09-19 11:46:19.553,421.3242684543061,1000
2024-09-19 11:46:19.560,421.313459568019,1001
2024-09-19 11:46:19.609,421.37030521460986,103
2024-09-19 11:46:19.656,421.2965376298593,104
2024-09-19 11:46:19.669,421.2855374803357,10
2024-09-19 11:46:19.688,421.36294354929424,97
2024-09-19 11:46:19.700,421.3763223243405,10
2024-09-19 11:46:19.702,421.3222738886452,1002
2024-09-19 11:46:19.726,421.3610512393179,8
2024-09-19 11:46:19.855,421.3398013621588,7
2024-09-19 11:46:19.862,421.2957317021121,13
2024-09-19 11:46:20.221,421.42925972202,1003
2024-09-19 11:46:20.285,421.4408547856122,1002
2024-09-19 11:46:20.467,421.45398127146433,8
2024-09-19 11:46:20.616,421.4462691659379,7
2024-09-19 11:46:20.745,421.43900220309786,996
2024-09-19 11:46:20.911,421.4460253925888,996
2024-09-19 11:46:20.954,421.4477644773266,102
2024-09-19 11:46:21.047,421.35180875917126,7
2024-09-19 11:46:21.082,421.3524226414016,103
2024-09-19 11:46:21.093,421.3882506394536,1001
2024-09-19 11:46:21.118,421.3602247339812,1004
2024-09-19 11:46:21.160,421.3528217943147,999
2024-09-19 11:46:21.168,421.4136632111815,95
2024-09-19 11:46:21.203,421.3639410376178,102
2024-09-19 11:46:21.223,421.35088190010015,999
2024-09-19 11:46:21.294,421.3248093156906,99
2024-09-19 11:46:21.379,421.3573557889418,104
2024-09-19 11:46:21.419,421.3480069623064,14
2024-09-19 11:46:21.524,421.4402844301233,105
2024-09-19 11:46:21.525,421.3528812508357,104
2024-09-19 11:46:21.561,421.34759607101125,1005
2024-09-19 11:46:21.613,421.3539408012355,996
2024-09-19 11:46:21.648,-421.42212056210576,9
2024-09-19 11:46:21.702,421.35055496419056,1004
2024-09-19 11:46:21.752,421.4114466171759,105
2024-09-19 11:46:21.859,421.3448046210811,8
2024-09-19 11:46:21.955,421.34346282253455,999
2024-09-19 11:46:21.985,421.3610793277986,97
2024-09-19 11:46:21.986,421.3588543311232,997
2024-09-19 11:46:21.993,421.3648832556056,1004
2024-09-19 11:46:22.023,421.391066097427,104
2024-09-19 11:46:22.039,421.389089465917,100
2024-09-19 11:46:22.174,421.394172184165,1003
2024-09-19 11:46:22.312,421.3824435633918,997
2024-09-19 11:46:22.336,421.3854903170838,95
2024-09-19 11:46:22.358,421.3762816495645,103
2024-09-19 11:46:22.372,421.3702728612394,103
2024-09-19 11:46:22.411,421.3678560978926,96
2024-09-19 11:46:22.439,421.3735817326856,11
2024-09-19 11:46:22.449,421.39008960679166,99
2024-09-19 11:46:22.511,421.3618966126694,999
2024-09-19 11:46:22.631,421.3945541922244,1002
2024-09-19 11:46:22.714,421.37673347997423,15
2024-09-19 11:46:22.716,421.3595910305795,996
2024-09-19 11:46:22.728,421.3745185376547,101
2024-09-19 11:46:22.794,421.4033835449526,97
2024-09-19 11:46:22.970,421.3379906042915,1005
2024-09-19 11:46:22.998,421.3880718462487,997
2024-09-19 11:46:23.086,421.44538043927207,15
2024-09-19 11:46:23.179,421.38983809657344,999
2024-09-19 11:46:23.195,421.4725611206391,1001
2024-09-19 11:46:23.220,421.3662176629811,998
2024-09-19 11:46:23.314,421.3508668555534,95
2024-09-19 11:46:23.353,421.3730189293855,105
2024-09-19 11:46:23.378,421.3912693068914,13
2024-09-19 11:46:23.474,421.4413098885556,96
2024-09-19 11:46:23.495,421.3900487886864,997
2024-09-19 11:46:23.502,421.3847777268677,96
2024-09-19 11:46:23.504,421.43842322629854,104
2024-09-19 11:46:23.514,421.39818134284735,98
2024-09-19 11:46:23.574,421.37432277361535,997
2024-09-19 11:46:23.601,421.43776143913607,1004
2024-09-19 11:46:23.607,421.45220174779774,997
2024-09-19 11:46:23.647,421.4179686296112,8
2024-09-19 11:46:23.648,421.3822678426006,96
2024-09-19 11:46:23.658,421.43460126609097,1002
2024-09-19 11:46:23.686,421.3742176758983,998
2024-09-19 11:46:23.731,421.4230759911961,97
2024-09-19 11:46:23.764,421.4370790682303,998
2024-09-19 11:46:24.185,421.4939507668767,997
2024-09-19 11:46:24.199,421.4823301130335,1005
2024-09-19 11:46:24.294,421.4767294568292,5
2024-09-19 11:46:24.358,421.4908777547528,10
2024-09-19 11:46:24.422,421.466038866767,1005
2024-09-19 11:46:24.741,421.4376415733908,9
2024-09-19 11:46:24.762,421.4975992575218,10
2024-09-19 11:46:24.836,421.4560981798919,997
2024-09-19 11:46:25.009,421.4263789387403,999
2024-09-19 11:46:25.131,421.39935698107183,1005
2024-09-19 11:46:25.135,421.44062681637934,13
2024-09-19 11:46:25.169,421.3841460993047,997
2024-09-19 11:46:25.263,421.39769417865415,96
2024-09-19 11:46:25.337,421.3834168706736,996
2024-09-19 11:46:25.361,421.3795304665251,10
2024-09-19 11:46:25.418,421.3605503719043,996
2024-09-19 11:46:25.481,421.39998671414486,102
2024-09-19 11:46:25.627,421.38483779000177,104
2024-09-19 11:46:25.699,421.3665607253103,1001
2024-09-19 11:46:25.723,421.3556273792137,14
2024-09-19 11:46:25.751,421.3764972267483,998
2024-09-19 11:46:25.782,421.4366813866003,95
2024-09-19 11:46:25.802,421.3974041995491,1005
2024-09-19 11:46:25.815,421.4356884439327,103
2024-09-19 11:46:25.832,421.37485538813536,1002
2024-09-19 11:46:25.862,421.39562585851377,98
2024-09-19 11:46:25.913,421.372937030511,12
2024-09-19 11:46:25.932,421.3822850846674,97
2024-09-19 11:46:25.953,421.41122188420377,7
2024-09-19 11:46:25.993,421.3942472293951,6
2024-09-19 11:46:26.008,421.303984894328,99
2024-09-19 11:46:26.015,421.3573790934898,1004
2024-09-19 11:46:26.030,421.3098182314426,102
2024-09-19 11:46:26.096,421.3270143365,100
2024-09-19 11:46:26.097,421.3287502768521,95
2024-09-19 11:46:26.125,421.3524344172383,15
2024-09-19 11:46:26.133,421.3449796167818,99
2024-09-19 11:46:26.231,421.31445303709967,1001
2024-09-19 11:46:26.233,421.33722667388514,12
2024-09-19 11:46:26.335,421.332613413872,103
2024-09-19 11:46:26.340,421.3593909708314,101
2024-09-19 11:46:26.345,421.34871926697,12
2024-09-19 11:46:26.374,421.37332074666926,11
2024-09-19 11:46:26.414,421.3298759770479,100
2024-09-19 11:46:26.564,421.353651843383,1003
2024-09-19 11:46:26.627,421.369293315726,98
2024-09-19 11:46:26.641,421.3344383540905,99
2024-09-19 11:46:26.695,421.3953942756805,96
2024-09-19 11:46:26.723,421.32576380198304,97
2024-09-19 11:46:26.737,421.34498604694295,15
2024-09-19 11:46:26.755,421.33467837511097,104
2024-09-19 11:46:26.875,421.33995492087297,997
2024-09-19 11:46:26.887,421.3310677168312,1000
2024-09-19 11:46:26.927,421.3595444467467,9
2024-09-19 11:46:26.951,421.36110354804384,1004
2024-09-19 11:46:26.977,421.3215407461856,1000
2024-09-19 11:46:26.996,421.3118469022737,105
2024-09-19 11:46:26.998,421.3402956329553,101
2024-09-19 11:46:27.034,421.3115371244265,11
2024-09-19 11:46:27.144,421.28291760803467,1003
2024-09-19 11:46:27.302,421.3297256130651,1000
2024-09-19 11:46:27.680,421.2874815249991,8
2024-09-19 11:46:27.884,421.3232282570028,6
2024-09-19 11:46:27.979,421.281686966011,12
2024-09-19 11:46:28.050,421.2440847432475,97
2024-09-19 11:46:28.087,421.2524477818601,11
2024-09-19 11:46:28.186,421.25686055436256,5
2024-09-19 11:46:28.207,421.26525799446944,11
2024-09-19 11:46:28.292,421.240768702245,102
2024-09-19 11:46:28.350,421.23763950621753,1002
2024-09-19 11:46:28.423,421.2578296339624,9
2024-09-19 11:46:28.592,421.2439715090709,97
2024-09-19 11:46:28.628,421.24503932578966,1002
2024-09-19 11:46:28.632,421.2878993396995,1005
2024-09-19 11:46:28.652,421.24378972815697,98
2024-09-19 11:46:28.758,421.2179360615934,95
2024-09-19 11:46:28.763,421.2504273498416,1000
2024-09-19 11:46:28.770,421.2537742892119,5
2024-09-19 11:46:28.781,421.2153542793211,101
2024-09-19 11:46:28.789,421.2368556234887,101
2024-09-19 11:46:28.818,421.28208622668336,100
2024-09-19 11:46:28.850,421.2979062343725,1004
2024-09-19 11:46:28.894,421.23129581558766,11
2024-09-19 11:46:28.940,421.2351591559548,100
2024-09-19 11:46:29.014,421.1948307412163,95
2024-09-19 11:46:29.075,421.133046816345,97
2024-09-19 11:46:29.082,421.2311595244207,7
2024-09-19 11:46:29.105,421.1880555373181,101
2024-09-19 11:46:29.206,421.1974225015897,105
2024-09-19 11:46:29.333,421.1434496243631,995
2024-09-19 11:46:29.432,421.22148116848285,103
2024-09-19 11:46:29.482,421.1329169753173,1004
2024-09-19 11:46:29.538,421.1277168323738,13
2024-09-19 11:46:29.634,,15
2024-09-19 11:46:29.643,421.2339324960413,96
2024-09-19 11:46:29.742,421.1271960588876,105
2024-09-19 11:46:29.879,421.13699066338086,9
2024-09-19 11:46:29.892,421.1936445521982,99
2024-09-19 11:46:29.947,421.1423734545432,8
2024-09-19 11:46:29.954,421.1121137093412,99
2024-09-19 11:46:29.972,421.1376828259504,15
2024-09-19 11:46:30.289,421.0769087454515,5
2024-09-19 11:46:30.373,421.0764104876925,13
2024-09-19 11:46:30.483,421.0804413123677,10
2024-09-19 11:46:30.489,421.075262544987,1002
2024-09-19 11:46:30.758,421.08340622348265,1003
2024-09-19 11:46:30.833,421.0671466179571,15
2024-09-19 11:46:31.034,421.0177618979093,102
2024-09-19 11:46:31.060,421.0069651020205,996
2024-09-19 11:46:31.061,421.0404806637359,101
2024-09-19 11:46:31.146,421.0592402464448,6
2024-09-19 11:46:31.213,421.0102332996791,6
2024-09-19 11:46:31.272,421.0226333455162,1005
2024-09-19 11:46:31.356,421.0063558419852,104
2024-09-19 11:46:31.412,420.9991238612843,104
2024-09-19 11:46:31.494,420.9906595219687,97
2024-09-19 11:46:31.507,421.0134130952249,995
2024-09-19 11:46:31.581,420.9986551643672,1000
2024-09-19 11:46:31.586,421.0255941987249,997
2024-09-19 11:46:31.621,421.00527265979184,98
2024-09-19 11:46:31.658,421.0142110713045,102
2024-09-19 11:46:31.682,420.9981901775362,98
2024-09-19 11:46:31.704,421.01559581493456,13
2024-09-19 11:46:31.930,421.0412345634376,999
2024-09-19 11:46:31.961,,11
2024-09-19 11:46:32.090,421.0105729206229,1000
2024-09-19 11:46:32.131,420.99777557763895,1004
2024-09-19 11:46:32.184,421.0371653665711,1001
2024-09-19 11:46:32.330,421.014684450946,997
2024-09-19 11:46:32.357,421.0205737755601,96
2024-09-19 11:46:32.411,421.023127143604,101
2024-09-19 11:46:32.446,421.0558946727185,13
2024-09-19 11:46:32.477,421.032792670312,10
2024-09-19 11:46:32.518,421.0486788607139,12
2024-09-19 11:46:32.518,421.02301490874856,98
2024-09-19 11:46:32.532,421.0118055275006,97
2024-09-19 11:46:32.542,42.10340759845234,996
2024-09-19 11:46:32.545,421.0015723486051,13
2024-09-19 11:46:32.601,421.0171218877149,100
2024-09-19 11:46:32.601,421.0394474891594,6
2024-09-19 11:46:32.674,421.04622626280775,95
2024-09-19 11:46:32.688,421.0110453735912,105
2024-09-19 11:46:32.747,421.0552015373335,99
2024-09-19 11:46:32.786,421.0399731403773,104
2024-09-19 11:46:32.838,421.0515393211441,998
2024-09-19 11:46:32.844,421.0058720417122,999
2024-09-19 11:46:32.846,421.0252942077397,1000
2024-09-19 11:46:33.029,420.9815708860486,998
2024-09-19 11:46:33.064,420.98913164795215,101
2024-09-19 11:46:33.186,421.0248738013344,1000
2024-09-19 11:46:33.485,420.9885578656831,103
2024-09-19 11:46:33.494,421.0115840962501,96
2024-09-19 11:46:33.527,420.98160121801095,100
2024-09-19 11:46:33.614,420.99293566483,1000
2024-09-19 11:46:33.628,420.9938320605392,1000
2024-09-19 11:46:33.685,420.9867561123581,997
2024-09-19 11:46:33.704,420.9860551128296,1004
2024-09-19 11:46:33.704,420.99365933528384,1004
2024-09-19 11:46:33.738,421.00678471517,6
2024-09-19 11:46:33.741,421.03276298693225,95
2024-09-19 11:46:33.775,420.976013293124,12
2024-09-19 11:46:33.883,421.0029728924636,8
2024-09-19 11:46:33.911,421.0207952233827,103
2024-09-19 11:46:33.994,421.0312996825217,97
2024-09-19 11:46:35.036,420.91657611473215,96
2024-09-19 11:46:35.123,420.9138167836284,100
2024-09-19 11:46:35.189,420.88747268956286,100
2024-09-19 11:46:35.273,420.9384847246109,100
2024-09-19 11:46:35.368,420.9759227657432,1005
2024-09-19 11:46:35.461,420.9074259534783,995
2024-09-19 11:46:35.763,420.9563566662184,8
2024-09-19 11:46:35.825,420.9608117985396,102
2024-09-19 11:46:35.847,420.9523133371338,1003
2024-09-19 11:46:35.858,420.9007179989097,96
2024-09-19 11:46:36.060,420.9150715726148,6
2024-09-19 11:46:36.098,420.9166972910855,99
2024-09-19 11:46:36.216,420.9399682513926,100
2024-09-19 11:46:36.256,420.9119087184978,100
2024-09-19 11:46:36.258,420.9358060987517,7
2024-09-19 11:46:36.517,42.09220813700951,96
2024-09-19 11:46:36.603,420.9208529940625,104
2024-09-19 11:46:36.726,420.90932024963337,998
2024-09-19 11:46:37.139,420.90234042372174,100
2024-09-19 11:46:37.315,420.8895325267794,99
2024-09-19 11:46:37.506,420.89092439911377,999
2024-09-19 11:46:37.586,420.902692810604,9
2024-09-19 11:46:37.689,420.8938353031469,101
2024-09-19 11:46:37.695,420.8992365098856,14
2024-09-19 11:46:37.889,420.90345777913,105
2024-09-19 11:46:37.909,420.904820841268,11
2024-09-19 11:46:37.999,420.901653656928,9
2024-09-19 11:46:38.051,420.9253223069172,105
2024-09-19 11:46:38.405,420.90316553281457,1001
2024-09-19 11:46:38.573,420.9246904108763,995
2024-09-19 11:46:38.578,420.9373639106184,13
2024-09-19 11:46:38.607,420.9167804675256,1003
2024-09-19 11:46:38.684,420.896890840468,6
2024-09-19 11:46:38.769,420.9107650513564,102
2024-09-19 11:46:38.845,420.9298403843028,1005
2024-09-19 11:46:38.886,420.9101910490612,5
2024-09-19 11:46:40.070,420.9375825714634,101
2024-09-19 11:46:40.085,420.9265935809616,103
2024-09-19 11:46:40.140,420.9562070191664,105
2024-09-19 11:46:40.149,420.92253758788206,1005
2024-09-19 11:46:40.177,420.95359691067966,101
2024-09-19 11:46:40.180,420.9195306637463,1004
2024-09-19 11:46:40.291,420.9237967140299,14
2024-09-19 11:46:40.305,420.9174519845448,1004
2024-09-19 11:46:40.362,420.92848535165626,9
2024-09-19 11:46:40.367,420.92850490296206,5
2024-09-19 11:46:40.383,420.92244468679337,1003
2024-09-19 11:46:40.391,420.9359377843648,13
2024-09-19 11:46:40.422,420.9471936003102,5
2024-09-19 11:46:40.611,420.9438299641235,100
2024-09-19 11:46:40.631,420.9553842060708,997
2024-09-19 11:46:40.649,420.9484076512693,103
2024-09-19 11:46:40.696,420.9198564379125,105
2024-09-19 11:46:40.804,420.9553520096831,998
2024-09-19 11:46:40.864,420.94069804973486,8
2024-09-19 11:46:40.907,420.9547333681116,100
2024-09-19 11:46:40.921,420.95260053010617,10
2024-09-19 11:46:40.943,420.9291646809678,105
2024-09-19 11:46:40.963,420.93815539687625,97
2024-09-19 11:46:40.973,420.9097929026455,8
2024-09-19 11:46:40.981,420.9320646667824,98
2024-09-19 11:46:40.981,420.9219298209324,1000
2024-09-19 11:46:41.033,420.93010307644505,995
2024-09-19 11:46:41.038,420.9460352504156,996
2024-09-19 11:46:41.084,420.92162869975033,11
2024-09-19 11:46:41.107,420.92529588393177,8
2024-09-19 11:46:41.133,420.889661896287,1002
2024-09-19 11:46:41.173,420.9489890170348,97
2024-09-19 11:46:41.205,420.9284198924357,997
2024-09-19 11:46:41.209,420.93907136795247,15
2024-09-19 11:46:41.212,420.9477722730441,10
2024-09-19 11:46:41.219,420.9184118671038,5
2024-09-19 11:46:41.390,420.916000678951,102
2024-09-19 11:46:41.664,420.8947681030319,997
2024-09-19 11:46:41.681,420.91462855331775,10
2024-09-19 11:46:41.836,420.87434392166136,98
2024-09-19 11:46:41.881,420.88659060739576,98
2024-09-19 11:46:41.907,420.8976032730495,10
2024-09-19 11:46:42.024,420.84500398415895,96
2024-09-19 11:46:42.111,420.86397104815296,6
2024-09-19 11:46:42.121,420.8559570860576,999
2024-09-19 11:46:42.208,420.8644004801288,996
2024-09-19 11:46:42.234,420.85602143761616,998
2024-09-19 11:46:42.371,420.917142087845,103
2024-09-19 11:46:42.436,420.85966435709486,997
2024-09-19 11:46:42.445,420.87839963260535,9
2024-09-19 11:46:42.518,420.8745656317051,1001
2024-09-19 11:46:42.522,420.8749471043199,97
2024-09-19 11:46:42.536,420.890311659551,100
2024-09-19 11:46:42.578,420.8633214172041,12
2024-09-19 11:46:42.582,420.8703020209856,11
2024-09-19 11:46:42.591,420.8835413060992,95
2024-09-19 11:46:42.619,420.8703422270564,15
2024-09-19 11:46:42.669,420.8623986984588,105
2024-09-19 11:46:42.671,420.8406083662986,1003
2024-09-19 11:46:42.672,420.8673157986313,1000
2024-09-19 11:46:42.746,420.91235837160485,998
2024-09-19 11:46:42.781,420.8623713220744,8
2024-09-19 11:46:42.795,420.8689342018195,97
2024-09-19 11:46:42.845,420.8523061519908,1000
2024-09-19 11:46:42.902,420.8874434857562,9
2024-09-19 11:46:42.981,420.8589633101012,1005
2024-09-19 11:46:42.995,420.84629431464674,1004
2024-09-19 11:46:42.998,420.8669939744233,8
2024-09-19 11:46:43.200,420.8961824936887,9
2024-09-19 11:46:43.223,420.908253108512,999
2024-09-19 11:46:43.225,420.93724168006463,95
2024-09-19 11:46:43.226,420.9181261402008,10
2024-09-19 11:46:43.229,420.9014263930631,1003
2024-09-19 11:46:43.339,420.9315000014774,1001
2024-09-19 11:46:43.341,420.90083059533697,96
2024-09-19 11:46:43.376,420.9267118707417,1001
2024-09-19 11:46:43.426,420.898735870553,996
2024-09-19 11:46:43.776,420.9153874308449,102
2024-09-19 11:46:44.105,420.8832975684933,6
2024-09-19 11:46:44.249,420.8904014179767,999
2024-09-19 11:46:44.266,420.8679468786279,998
2024-09-19 11:46:44.340,420.9071983255501,104
2024-09-19 11:46:44.467,420.88519116843605,995
2024-09-19 11:46:44.570,420.8813097845825,7
2024-09-19 11:46:44.678,420.8893797581098,97
2024-09-19 11:46:44.726,420.88682865544206,6
2024-09-19 11:46:44.740,420.8694126365926,1001
2024-09-19 11:46:44.801,420.908538442206,999
2024-09-19 11:46:44.887,420.8792711920212,15
2024-09-19 11:46:45.044,420.856015661979,1001
2024-09-19 11:46:45.046,420.8460777734393,99
2024-09-19 11:46:45.067,420.8294887093708,995
2024-09-19 11:46:45.085,420.86416812549646,1005
2024-09-19 11:46:45.124,420.8364502558493,15
2024-09-19 11:46:45.155,420.8636964252593,100
2024-09-19 11:46:45.171,420.8264629164755,10
2024-09-19 11:46:45.289,420.85868681093496,6
2024-09-19 11:46:45.290,420.838290229786,105
2024-09-19 11:46:45.373,420.85073702483777,1004
2024-09-19 11:46:45.428,420.82517831784367,12
2024-09-19 11:46:45.493,420.836573465959,104
2024-09-19 11:46:45.550,420.8600577073954,103
2024-09-19 11:46:45.620,420.8520874982063,1005
2024-09-19 11:46:45.751,420.8662348846119,95
2024-09-19 11:46:45.886,420.8334364120367,99
2024-09-19 11:46:45.900,420.8805990158053,96
2024-09-19 11:46:45.951,420.8548913318155,1000
2024-09-19 11:46:46.051,420.8262979129788,101
2024-09-19 11:46:46.105,420.85825381820825,14
2024-09-19 11:46:46.110,420.8348303993335,6
2024-09-19 11:46:46.167,420.8467703257709,100
2024-09-19 11:46:46.211,420.824423322197,103
2024-09-19 11:46:46.250,420.8226920381358,11
2024-09-19 11:46:46.264,420.84046460008335,1005
2024-09-19 11:46:46.338,420.8093127957594,98
2024-09-19 11:46:46.362,420.834677356259,1002
2024-09-19 11:46:46.435,420.8474600208874,99
2024-09-19 11:46:46.445,420.8419016046372,7
2024-09-19 11:46:46.487,420.8941001961253,95
2024-09-19 11:46:46.633,420.8291939116998,1001
2024-09-19 11:46:46.739,420.87374415525056,96
2024-09-19 11:46:46.766,420.8625659895378,96
2024-09-19 11:46:46.917,420.8482192756214,5
2024-09-19 11:46:47.116,420.8394596123202,105
2024-09-19 11:46:47.190,420.8745710179143,105
2024-09-19 11:46:47.301,420.84389948126335,101
2024-09-19 11:46:47.394,420.84699764709353,9
2024-09-19 11:46:47.542,420.859913480908,15
2024-09-19 11:46:47.804,420.8572622137365,12
2024-09-19 11:46:48.047,420.848597639856,9
2024-09-19 11:46:48.072,420.8293966851373,101
2024-09-19 11:46:48.076,420.83761907893296,100
2024-09-19 11:46:48.095,420.8656522376989,101
2024-09-19 11:46:48.114,420.82946862973057,8
2024-09-19 11:46:48.166,420.83928278849606,103
2024-09-19 11:46:48.208,420.85404753386473,105
2024-09-19 11:46:48.218,420.8397638909305,1002
2024-09-19 11:46:48.338,420.8382897903795,1005
2024-09-19 11:46:48.390,420.7932992573415,1004
2024-09-19 11:46:48.537,420.8193231743118,997
2024-09-19 11:46:48.615,420.85173809390335,8
2024-09-19 11:46:48.624,420.839182511012,1002
2024-09-19 11:46:48.661,420.82152785256034,10
2024-09-19 11:46:48.672,420.8372415968863,100
2024-09-19 11:46:48.697,420.8531818603573,8
2024-09-19 11:46:48.743,420.8458458380617,101
2024-09-19 11:46:48.752,420.8723898671464,8
2024-09-19 11:46:48.776,420.8481185940916,12
2024-09-19 11:46:48.780,420.8490273073774,12
2024-09-19 11:46:48.819,420.8092648466452,15
2024-09-19 11:46:48.898,420.8434134448577,98
2024-09-19 11:46:49.043,420.7778404160724,98
2024-09-19 11:46:49.197,420.7958780007169,102
2024-09-19 11:46:49.496,420.7885142278231,105
2024-09-19 11:46:49.570,420.77879157815175,1003
2024-09-19 11:46:49.715,420.7956448306152,1002
2024-09-19 11:46:49.759,420.75654564249794,99
2024-09-19 11:46:49.810,420.7850321698682,7
2024-09-19 11:46:49.869,420.7717401648633,12
2024-09-19 11:46:49.876,420.7831754309768,997
2024-09-19 11:46:49.965,420.7759571231188,98
2024-09-19 11:46:50.291,420.7825796378567,1004
2024-09-19 11:46:50.320,420.7646281879423,1004
2024-09-19 11:46:50.331,420.77543659899226,104
2024-09-19 11:46:50.343,420.78946731458615,995
2024-09-19 11:46:50.370,420.734417232832,1002
2024-09-19 11:46:50.371,420.67334065900167,998
2024-09-19 11:46:50.372,420.7123549249935,996
2024-09-19 11:46:50.420,420.74976550442847,11
2024-09-19 11:46:50.520,420.7945789241833,95
2024-09-19 11:46:50.525,420.7694232010782,101
2024-09-19 11:46:50.605,420.7792150933513,995
2024-09-19 11:46:50.684,420.7103991634937,997
2024-09-19 11:46:50.689,420.7799786202527,12
2024-09-19 11:46:50.711,420.7763750201312,14
2024-09-19 11:46:50.736,420.74463181579983,998
2024-09-19 11:46:50.739,420.7407344894369,96
2024-09-19 11:46:50.773,420.7305925085894,997
2024-09-19 11:46:50.814,420.7866569346255,100
2024-09-19 11:46:50.838,420.7904586356004,998
2024-09-19 11:46:50.845,420.6929307910499,95
2024-09-19 11:46:50.880,420.79196194580936,104
2024-09-19 11:46:50.886,420.7237278475168,105
2024-09-19 11:46:50.928,420.72027457010944,6
2024-09-19 11:46:51.539,420.6900548208578,95
2024-09-19 11:46:52.118,420.65448001256175,95
2024-09-19 11:46:52.210,420.6634953951606,1002
2024-09-19 11:46:52.215,420.66314158159474,96
2024-09-19 11:46:52.357,420.6717429560098,1003
2024-09-19 11:46:52.386,420.6665413438206,97
2024-09-19 11:46:52.479,420.661812752271,996
2024-09-19 11:46:52.519,420.6423112328388,1000
2024-09-19 11:46:52.582,420.666226557768,1001
2024-09-19 11:46:52.716,420.664269631936,5
2024-09-19 11:46:52.732,420.6487271781155,6
2024-09-19 11:46:52.736,420.669323642989,100
2024-09-19 11:46:52.750,420.67717572363455,104
2024-09-19 11:46:52.773,420.6578990195652,13
2024-09-19 11:46:52.873,420.6733102876039,15
2024-09-19 11:46:52.992,420.6639030712568,5
2024-09-19 11:46:53.105,420.6671216882524,5
2024-09-19 11:46:53.125,420.667226319966,1004
2024-09-19 11:46:53.267,420.7328240528908,1000
2024-09-19 11:46:53.336,420.7018795745111,11
2024-09-19 11:46:53.343,420.6828324496159,13
2024-09-19 11:46:53.389,420.7129190211388,999
2024-09-19 11:46:53.396,420.6578311286514,9
2024-09-19 11:46:53.525,420.68043738419885,9
2024-09-19 11:46:53.526,420.6683733080672,998
2024-09-19 11:46:53.568,420.6933977918648,15
2024-09-19 11:46:53.611,420.6711829085336,997
2024-09-19 11:46:53.665,420.67188602490967,13
2024-09-19 11:46:53.715,420.68281638244633,97
2024-09-19 11:46:53.767,420.6732206930527,8
2024-09-19 11:46:53.768,420.6965277141644,9
2024-09-19 11:46:53.802,42.06678295424748,1000
2024-09-19 11:46:53.845,420.66508079487744,1002
2024-09-19 11:46:53.851,420.7061274938909,14
2024-09-19 11:46:53.891,420.6912087901957,6
2024-09-19 11:46:53.920,420.6704613570834,14
2024-09-19 11:46:53.953,420.6577980108146,1000
2024-09-19 11:46:54.034,420.66644938470114,99
2024-09-19 11:46:54.084,420.6449880257913,15
2024-09-19 11:46:54.583,420.6860157331724,1000
2024-09-19 11:46:54.667,420.6297237915721,1001
2024-09-19 11:46:54.743,420.6507166941628,5
2024-09-19 11:46:54.774,420.6979540444331,8
2024-09-19 11:46:54.812,420.6661298764191,1003
2024-09-19 11:46:54.915,420.65762239033535,96
2024-09-19 11:46:55.003,420.819087092712,13
2024-09-19 11:46:55.051,420.7669696227286,13
2024-09-19 11:46:55.066,420.7641039972209,995
2024-09-19 11:46:55.077,420.6748212468391,98
2024-09-19 11:46:55.086,420.7914781533131,11
2024-09-19 11:46:55.115,420.81681735568776,997
2024-09-19 11:46:55.136,420.73983228893286,1002
2024-09-19 11:46:55.181,420.79792191307234,96
2024-09-19 11:46:55.199,420.7707990698592,6
2024-09-19 11:46:55.246,420.783001981288,101
2024-09-19 11:46:55.246,420.7959139534959,13
2024-09-19 11:46:55.254,420.77294177199343,101
2024-09-19 11:46:55.279,420.6690264415707,5
2024-09-19 11:46:55.302,420.8057188705981,99
2024-09-19 11:46:55.334,420.8064593695327,97
2024-09-19 11:46:55.433,420.7734753291341,96
2024-09-19 11:46:55.443,420.6947543991777,6
2024-09-19 11:46:55.449,420.6748188816324,104
2024-09-19 11:46:55.486,420.6873255458918,1003
2024-09-19 11:46:55.586,420.77605750976136,10
2024-09-19 11:46:55.658,420.68014241462384,12
2024-09-19 11:46:55.668,420.7114050618008,999
2024-09-19 11:46:55.749,420.800426823401,996
2024-09-19 11:46:55.801,420.7693900319987,1005
2024-09-19 11:46:55.928,420.7073413776912,1003
2024-09-19 11:46:55.929,420.7014349390069,995
2024-09-19 11:46:55.977,420.78054013795696,1004
2024-09-19 11:46:55.988,420.80433181905727,1000
2024-09-19 11:46:55.989,420.7978939350913,99
2024-09-19 11:46:56.008,420.769063354446,10
2024-09-19 11:46:56.060,420.6881950044615,99
2024-09-19 11:46:56.062,420.6957210734471,998
2024-09-19 11:46:56.119,420.75591827484,998
2024-09-19 11:46:56.192,420.8244879744325,11
2024-09-19 11:46:56.268,420.7967829688859,1003
2024-09-19 11:46:56.286,420.78564286687015,101
2024-09-19 11:46:56.320,420.7704922552412,104
2024-09-19 11:46:56.351,42.07612247019592,1005
2024-09-19 11:46:56.453,420.8068664730167,97
2024-09-19 11:46:56.461,420.80128105591217,1003
2024-09-19 11:46:56.497,420.783192867447,97
2024-09-19 11:46:56.559,420.7653033486693,100
2024-09-19 11:46:56.667,420.7602083965714,15
2024-09-19 11:46:56.712,420.7721980276744,12
2024-09-19 11:46:56.731,420.6716674718512,101
2024-09-19 11:46:56.750,420.7723588176693,99
2024-09-19 11:46:56.755,420.7520667723885,10
2024-09-19 11:46:56.757,420.75342720517136,8
2024-09-19 11:46:56.808,420.6427234355477,98
2024-09-19 11:46:56.831,420.6461411488573,8
2024-09-19 11:46:56.875,420.76636244291626,12
2024-09-19 11:46:56.916,420.80038939969234,7
2024-09-19 11:46:56.957,420.7037553930132,998
2024-09-19 11:46:56.981,420.7851202607496,8
2024-09-19 11:46:57.178,420.6603559546174,1003
2024-09-19 11:46:57.204,420.6703755025597,103
2024-09-19 11:46:57.282,420.6707235371128,10
2024-09-19 11:46:57.330,420.6598814592965,5
2024-09-19 11:46:57.386,420.626384703306,5
2024-09-19 11:46:57.400,420.6453884366489,8
2024-09-19 11:46:57.684,420.645067127993,996
2024-09-19 11:46:57.953,420.673390874221,5
2024-09-19 11:46:57.962,420.62925429267057,1001
2024-09-19 11:46:58.146,420.6719805288408,1003
2024-09-19 11:46:58.166,420.6648134314661,5
2024-09-19 11:46:58.299,420.6549508301495,12
2024-09-19 11:46:58.398,420.67374877338426,996
2024-09-19 11:46:58.405,420.66048543450046,15
2024-09-19 11:46:58.416,420.6562781127722,999
2024-09-19 11:46:58.458,420.6694805468848,1002
2024-09-19 11:46:58.529,420.6545615648808,12
2024-09-19 11:46:58.546,420.6601159949233,98
2024-09-19 11:46:58.547,420.6439212278812,1000
2024-09-19 11:46:58.581,420.6615605258783,101
2024-09-19 11:46:58.594,420.642771568477,995
2024-09-19 11:46:58.670,420.6559919363748,11
2024-09-19 11:46:58.710,420.6689897082937,101
2024-09-19 11:46:58.736,-420.6486053964596,104
2024-09-19 11:46:58.743,420.6649871729237,13
2024-09-19 11:46:58.785,420.6437304248041,97
2024-09-19 11:46:58.902,420.6612979950237,1004
2024-09-19 11:46:58.931,420.6511586355465,12
2024-09-19 11:46:58.961,420.6366136592871,1003
2024-09-19 11:46:59.039,420.62481997412704,97
2024-09-19 11:46:59.388,420.60650788041687,10
2024-09-19 11:46:59.406,420.64678194450113,7
2024-09-19 11:46:59.419,420.6376065618565,95
2024-09-19 11:46:59.446,420.6752072861596,999
2024-09-19 11:46:59.532,420.6128825012864,97
2024-09-19 11:46:59.680,420.6199252965729,104
2024-09-19 11:46:59.776,42.06211311778157,97
2024-09-19 11:46:59.866,420.6062644846204,105
