Timestamp,Price,Size
2024-09-20 15:28:00.148,428.4425757734709,9
2024-09-20 15:28:00.318,428.46364401395726,1000
2024-09-20 15:28:00.362,428.4377058783955,8
2024-09-20 15:28:00.556,428.4424496026325,102
2024-09-20 15:28:00.888,428.4469459853783,1000
2024-09-20 15:28:01.076,428.4786501682637,13
2024-09-20 15:28:01.460,428.5133428301871,105
2024-09-20 15:28:01.518,428.46963368829074,9
2024-09-20 15:28:01.784,428.4906398636374,9
2024-09-20 15:28:01.874,428.4925790900322,96
2024-09-20 15:28:01.918,,98
2024-09-20 15:28:02.050,428.528718983698,1005
2024-09-20 15:28:02.429,428.5280889836993,13
2024-09-20 15:28:02.435,428.5308801210565,12
2024-09-20 15:28:03.035,428.5217528633847,995
2024-09-20 15:28:03.045,428.5164835228924,105
2024-09-20 15:28:03.050,428.5307036180287,5
2024-09-20 15:28:03.128,428.5267780701376,96
2024-09-20 15:28:03.217,428.5172263120977,98
2024-09-20 15:28:03.248,428.5018514271849,10
2024-09-20 15:28:03.255,428.52954896399774,999
2024-09-20 15:28:03.354,428.4813465408103,13
2024-09-20 15:28:03.366,428.4747566946072,14
2024-09-20 15:28:03.407,428.5296066136365,6
2024-09-20 15:28:03.543,428.5239178963664,104
2024-09-20 15:28:03.557,428.4884850859641,95
2024-09-20 15:28:03.567,428.4846626398215,1004
2024-09-20 15:28:03.600,428.5415719769697,101
2024-09-20 15:28:03.681,428.5023904252906,14
2024-09-20 15:28:03.696,428.5161962389925,10
2024-09-20 15:28:03.725,428.4976948792573,1005
2024-09-20 15:28:03.751,428.53410579890937,95
2024-09-20 15:28:03.800,428.49973033393786,10
2024-09-20 15:28:03.809,428.545508847195,11
2024-09-20 15:28:03.822,428.48201716861774,98
2024-09-20 15:28:03.933,428.5446458351647,103
2024-09-20 15:28:03.971,428.531762683064,97
2024-09-20 15:28:04.005,428.4591852325089,15
2024-09-20 15:28:04.102,428.46562431024944,104
2024-09-20 15:28:04.352,428.4489967788753,1002
2024-09-20 15:28:04.357,428.459277617607,1003
2024-09-20 15:28:04.428,428.4585284813884,1003
2024-09-20 15:28:04.627,428.4625868735058,997
2024-09-20 15:28:04.683,428.46377985462726,104
2024-09-20 15:28:04.685,428.4818133925572,12
2024-09-20 15:28:04.729,428.4775880809461,998
2024-09-20 15:28:04.731,428.4836701896416,96
2024-09-20 15:28:04.751,428.4671413815839,9
2024-09-20 15:28:04.775,428.49331875752927,11
2024-09-20 15:28:04.802,428.50207904337697,998
2024-09-20 15:28:04.824,428.4634038020219,15
2024-09-20 15:28:05.203,428.43079352393846,104
2024-09-20 15:28:05.243,428.4371319947636,5
2024-09-20 15:28:05.411,428.4331106040287,6
2024-09-20 15:28:05.424,428.4403811671367,96
2024-09-20 15:28:06.285,428.39226240614977,98
2024-09-20 15:28:06.413,428.42762362585006,99
2024-09-20 15:28:06.828,428.4064236877824,11
2024-09-20 15:28:07.056,428.3882764203922,102
2024-09-20 15:28:07.222,428.3754086662549,100
2024-09-20 15:28:07.270,428.3798395223503,11
2024-09-20 15:28:07.313,428.40435659302295,13
2024-09-20 15:28:07.410,42.83938413951665,1004
2024-09-20 15:28:07.473,428.3877790552076,104
2024-09-20 15:28:07.513,-428.39709956123056,13
2024-09-20 15:28:08.260,428.4252724039532,99
2024-09-20 15:28:08.289,428.3968598934616,998
2024-09-20 15:28:08.399,428.40802720681336,15
2024-09-20 15:28:08.472,428.4098565157942,12
2024-09-20 15:28:08.678,428.4016994777082,11
2024-09-20 15:28:09.031,428.368178419322,995
2024-09-20 15:28:09.102,428.37639446546285,1003
2024-09-20 15:28:09.159,428.3510584324812,10
2024-09-20 15:28:09.204,428.372925326278,997
2024-09-20 15:28:09.209,428.35234055588825,1003
2024-09-20 15:28:09.210,428.37563335920544,14
2024-09-20 15:28:09.282,428.3741761627619,103
2024-09-20 15:28:09.313,428.357525895166,1001
2024-09-20 15:28:09.513,428.3603268957278,104
2024-09-20 15:28:09.645,428.3481645453524,6
2024-09-20 15:28:09.820,428.3519403713124,999
2024-09-20 15:28:09.822,428.3656288169191,14
2024-09-20 15:28:09.837,428.34271781818666,5
2024-09-20 15:28:09.853,428.34808267217966,99
2024-09-20 15:28:09.885,428.3729994772642,1003
2024-09-20 15:28:09.968,428.34798682489264,104
2024-09-20 15:28:10.139,428.43416819226513,5
2024-09-20 15:28:10.157,428.4496355477891,103
2024-09-20 15:28:10.212,428.4353872965108,101
2024-09-20 15:28:10.299,428.4317256773017,1005
2024-09-20 15:28:10.319,428.4521260260952,1001
2024-09-20 15:28:10.430,428.3790858491285,1003
2024-09-20 15:28:10.483,428.39546961678445,5
2024-09-20 15:28:10.579,428.4505229034223,95
2024-09-20 15:28:10.605,428.3972715512545,98
2024-09-20 15:28:10.697,428.43015841869504,98
2024-09-20 15:28:10.713,428.3998327187231,102
2024-09-20 15:28:10.805,428.38817046058034,996
2024-09-20 15:28:10.955,428.37475164838514,997
2024-09-20 15:28:10.962,428.3957533471164,103
2024-09-20 15:28:11.158,428.4075153764916,1001
2024-09-20 15:28:11.162,428.4365738390512,1001
2024-09-20 15:28:11.201,428.4628747961965,105
2024-09-20 15:28:11.389,428.43860795729694,1002
2024-09-20 15:28:11.412,42.84478459410938,1001
2024-09-20 15:28:11.514,428.4034296113604,8
2024-09-20 15:28:11.623,42.841011540538375,96
2024-09-20 15:28:11.879,428.39694084348776,15
2024-09-20 15:28:11.906,428.3999945751672,99
2024-09-20 15:28:11.951,428.3982200105705,98
2024-09-20 15:28:12.266,424.5278160358782,1002
2024-09-20 15:28:13.023,428.4761212432288,7
2024-09-20 15:28:13.243,428.4573481910283,999
2024-09-20 15:28:13.314,428.4642812672768,12
2024-09-20 15:28:13.347,428.4412543183648,9
2024-09-20 15:28:13.390,428.4490077374641,1001
2024-09-20 15:28:13.475,428.4727360772264,101
2024-09-20 15:28:13.544,428.4133984583224,99
2024-09-20 15:28:13.581,428.4185842301405,105
2024-09-20 15:28:13.639,428.4590219748298,13
2024-09-20 15:28:13.790,428.4555482318292,98
2024-09-20 15:28:13.798,428.4538178804292,999
2024-09-20 15:28:13.984,428.4840296976351,96
2024-09-20 15:28:13.987,428.4643453520206,14
2024-09-20 15:28:14.164,428.5006838621993,99
2024-09-20 15:28:14.210,428.4732578456615,1002
2024-09-20 15:28:14.219,428.4676137704672,100
2024-09-20 15:28:14.246,428.4684016476106,97
2024-09-20 15:28:14.368,428.4604995086443,1000
2024-09-20 15:28:14.376,428.4334120242916,7
2024-09-20 15:28:14.523,-428.47822111918776,5
2024-09-20 15:28:14.628,428.4774387540222,10
2024-09-20 15:28:14.638,,99
2024-09-20 15:28:14.712,428.4760794392976,98
2024-09-20 15:28:14.859,428.4534304438813,11
2024-09-20 15:28:14.889,428.4568991393266,1004
2024-09-20 15:28:15.213,428.4608914024099,999
2024-09-20 15:28:15.214,424.3147641385914,95
2024-09-20 15:28:15.237,428.4533305077533,103
2024-09-20 15:28:15.255,428.4515628522572,95
2024-09-20 15:28:15.280,428.439699129612,1004
2024-09-20 15:28:15.459,428.4372383899858,11
2024-09-20 15:28:15.531,428.43838508952393,14
2024-09-20 15:28:15.756,428.4497831221021,9
2024-09-20 15:28:15.803,428.4514232343063,999
2024-09-20 15:28:15.967,428.45353765670086,13
2024-09-20 15:28:16.023,428.4242145764133,1004
2024-09-20 15:28:16.175,428.42737844746006,6
2024-09-20 15:28:16.276,428.4219624532273,97
2024-09-20 15:28:16.341,428.4260359502399,998
2024-09-20 15:28:16.431,428.4311236139846,5
2024-09-20 15:28:16.669,428.4319668365597,105
2024-09-20 15:28:16.827,428.426095011352,1003
2024-09-20 15:28:16.874,428.4230715821106,1003
2024-09-20 15:28:16.961,428.4273253393235,97
2024-09-20 15:28:17.007,428.4249948784964,11
2024-09-20 15:28:17.034,428.4159192875522,97
2024-09-20 15:28:17.202,428.4192488293551,998
2024-09-20 15:28:17.314,428.41121350007455,101
2024-09-20 15:28:17.323,428.4087652795421,105
2024-09-20 15:28:17.324,428.4374175534691,101
2024-09-20 15:28:17.326,428.3981978994097,8
2024-09-20 15:28:17.358,428.4370206626727,6
2024-09-20 15:28:17.369,428.4238647986028,996
2024-09-20 15:28:17.408,428.393274950598,96
2024-09-20 15:28:17.526,428.4267102022605,1001
2024-09-20 15:28:17.567,428.4236578481213,1005
2024-09-20 15:28:17.593,428.3879676472036,12
2024-09-20 15:28:17.660,428.408410770696,995
2024-09-20 15:28:17.815,428.4157944348312,8
2024-09-20 15:28:17.860,428.418823231079,12
2024-09-20 15:28:17.861,428.3983670356268,96
2024-09-20 15:28:17.882,428.3836350846268,12
2024-09-20 15:28:17.919,428.3970061988044,12
2024-09-20 15:28:17.956,428.4150103216526,15
2024-09-20 15:28:17.974,428.3991154452491,9
2024-09-20 15:28:18.014,428.44851368297975,95
2024-09-20 15:28:18.127,428.4353648471951,101
2024-09-20 15:28:18.441,428.4460819819437,101
2024-09-20 15:28:18.508,428.4273939170316,102
2024-09-20 15:28:18.568,428.43463063193553,9
2024-09-20 15:28:18.944,428.4301820330988,95
2024-09-20 15:28:18.968,428.44530221256935,100
2024-09-20 15:28:19.232,428.4596331196488,1000
2024-09-20 15:28:19.300,428.4553960100748,99
2024-09-20 15:28:19.343,428.431187089141,996
2024-09-20 15:28:19.394,428.4607780616576,5
2024-09-20 15:28:19.485,428.442957231281,1000
2024-09-20 15:28:19.729,428.4248357494448,5
2024-09-20 15:28:19.799,428.4243739383304,1003
2024-09-20 15:28:19.919,428.4523827669372,100
2024-09-20 15:28:20.012,428.3966864853305,103
2024-09-20 15:28:20.020,428.4619346199547,95
2024-09-20 15:28:20.030,428.3999765226936,1001
2024-09-20 15:28:20.031,428.4118303552005,103
2024-09-20 15:28:20.044,428.3974310172326,8
2024-09-20 15:28:20.057,428.44334177332695,10
2024-09-20 15:28:20.063,428.3974754450609,95
2024-09-20 15:28:20.102,428.4302273166843,96
2024-09-20 15:28:20.137,428.40331204434233,96
2024-09-20 15:28:20.153,428.4106535729838,1001
2024-09-20 15:28:20.168,428.4400864151124,9
2024-09-20 15:28:20.283,,9
2024-09-20 15:28:20.333,428.44355644771525,13
2024-09-20 15:28:20.399,428.468494479566,6
2024-09-20 15:28:20.438,428.4215880118682,5
2024-09-20 15:28:20.486,428.3990506546197,105
2024-09-20 15:28:20.567,428.4217377179887,996
2024-09-20 15:28:20.571,428.4244701772388,105
2024-09-20 15:28:20.696,428.4135943929553,5
2024-09-20 15:28:20.721,428.4191368400676,995
2024-09-20 15:28:20.739,428.4150823406461,12
2024-09-20 15:28:20.746,428.398812479838,5
2024-09-20 15:28:20.833,428.4439625200184,5
2024-09-20 15:28:20.885,428.45728682825177,102
2024-09-20 15:28:20.923,428.4219671154557,104
2024-09-20 15:28:20.927,428.41905393538,1004
2024-09-20 15:28:20.943,428.42447469543714,9
2024-09-20 15:28:20.973,428.4230646176724,8
2024-09-20 15:28:20.995,428.42631839863486,999
2024-09-20 15:28:21.375,428.4087181973389,1004
2024-09-20 15:28:21.394,428.4266746236892,14
2024-09-20 15:28:21.961,428.421978694644,104
2024-09-20 15:28:22.077,428.44176372117073,996
2024-09-20 15:28:22.102,428.4256653012274,100
2024-09-20 15:28:22.165,428.42862873189154,998
2024-09-20 15:28:22.400,428.4207980277544,998
2024-09-20 15:28:22.438,428.4311347490671,105
2024-09-20 15:28:22.514,428.4379548820698,1005
2024-09-20 15:28:22.627,428.4577293888917,996
2024-09-20 15:28:22.923,428.4411886386417,997
2024-09-20 15:28:22.943,428.4618723993376,997
2024-09-20 15:28:22.970,428.4280722277296,105
2024-09-20 15:28:23.011,428.4607883710017,10
2024-09-20 15:28:23.054,428.3700385791085,999
2024-09-20 15:28:23.110,428.35174221168256,10
2024-09-20 15:28:23.137,428.3864169051102,998
2024-09-20 15:28:23.145,428.44470777175707,14
2024-09-20 15:28:23.166,-428.38953702840365,101
2024-09-20 15:28:23.187,428.3547555968572,100
2024-09-20 15:28:23.266,428.3462224474724,97
2024-09-20 15:28:23.331,428.3377257095875,7
2024-09-20 15:28:23.339,428.37862536613073,104
2024-09-20 15:28:23.346,428.4240375094169,996
2024-09-20 15:28:23.397,428.46470847572806,99
2024-09-20 15:28:23.442,428.37788013491627,100
2024-09-20 15:28:23.633,428.3632637331969,98
2024-09-20 15:28:23.707,428.44383526695503,1003
2024-09-20 15:28:23.724,428.3713849153403,6
2024-09-20 15:28:23.746,428.40339451807694,12
2024-09-20 15:28:23.755,428.3758536312425,995
2024-09-20 15:28:23.813,428.4464219518326,1004
2024-09-20 15:28:23.869,428.38650151163387,104
2024-09-20 15:28:23.874,428.36739367997416,998
2024-09-20 15:28:23.973,428.4708081319398,105
2024-09-20 15:28:24.161,428.39351500773057,97
2024-09-20 15:28:24.193,428.36274890293294,9
2024-09-20 15:28:24.659,428.3778109195634,1005
2024-09-20 15:28:24.672,428.4116325302432,15
2024-09-20 15:28:24.689,428.3877127621606,95
2024-09-20 15:28:24.750,428.4280652654501,102
2024-09-20 15:28:24.769,424.47043358147545,5
2024-09-20 15:28:24.919,428.3662159264663,102
2024-09-20 15:28:24.956,428.38210043743805,98
2024-09-20 15:28:25.025,428.3849818577666,9
2024-09-20 15:28:25.078,428.37034686675423,995
2024-09-20 15:28:25.160,428.38878156264377,10
2024-09-20 15:28:25.170,428.4009875624176,995
2024-09-20 15:28:25.214,428.4127363426442,1000
2024-09-20 15:28:25.232,428.4094658992668,996
2024-09-20 15:28:25.454,428.4207911400389,9
2024-09-20 15:28:25.552,428.4383949277494,9
2024-09-20 15:28:25.710,424.4388467730018,7
2024-09-20 15:28:25.736,428.4487078842235,999
2024-09-20 15:28:25.935,428.38929307177006,13
2024-09-20 15:28:25.947,428.4355796511505,100
2024-09-20 15:28:26.077,428.383951267738,12
2024-09-20 15:28:26.180,428.3804211115455,11
2024-09-20 15:28:26.266,428.39454701953287,997
2024-09-20 15:28:26.279,428.38638653966206,998
2024-09-20 15:28:26.439,428.38872725666056,995
2024-09-20 15:28:26.467,428.3957275398747,13
2024-09-20 15:28:26.488,,10
2024-09-20 15:28:26.520,428.3951302171676,7
2024-09-20 15:28:26.535,428.3799525951858,1004
2024-09-20 15:28:26.572,428.3964778750164,1005
2024-09-20 15:28:26.691,428.4096328012219,7
2024-09-20 15:28:26.917,428.3882506488435,97
2024-09-20 15:28:27.221,42.838314402177126,1002
2024-09-20 15:28:27.285,428.3721204921477,6
2024-09-20 15:28:27.403,428.3821336786906,995
2024-09-20 15:28:27.561,428.3707503206777,1002
2024-09-20 15:28:27.686,428.3703178199942,1004
2024-09-20 15:28:27.927,428.3784133424075,11
2024-09-20 15:28:27.942,428.4098109503637,995
2024-09-20 15:28:28.038,428.3593023012649,9
2024-09-20 15:28:28.079,428.36754983014833,95
2024-09-20 15:28:28.086,428.4268656537427,12
2024-09-20 15:28:28.116,428.384620123929,6
2024-09-20 15:28:28.122,428.42715796528825,9
2024-09-20 15:28:28.125,428.41868726069407,105
2024-09-20 15:28:28.131,428.4063397580099,10
2024-09-20 15:28:28.199,428.3343896820501,103
2024-09-20 15:28:28.238,428.3278701452614,1004
2024-09-20 15:28:28.239,428.3695442413657,97
2024-09-20 15:28:28.299,428.3946135319087,10
2024-09-20 15:28:28.336,428.3778858221248,6
2024-09-20 15:28:28.337,428.3972638044917,9
2024-09-20 15:28:28.361,428.3963231826274,1000
2024-09-20 15:28:28.404,428.4211417514095,102
2024-09-20 15:28:28.455,428.429306036616,104
2024-09-20 15:28:28.478,428.4034199814723,96
2024-09-20 15:28:28.556,428.42680525901056,1005
2024-09-20 15:28:28.600,428.42887913059417,100
2024-09-20 15:28:28.716,428.4299009366917,97
2024-09-20 15:28:28.824,428.3573688013367,14
2024-09-20 15:28:28.850,-424.5434316770185,99
2024-09-20 15:28:28.864,428.4242708217216,5
2024-09-20 15:28:28.899,428.41032822368015,999
2024-09-20 15:28:28.946,428.3418841271554,9
2024-09-20 15:28:28.948,428.3761863805978,6
2024-09-20 15:28:28.954,428.37119266442335,996
2024-09-20 15:28:28.985,428.42117488432825,5
2024-09-20 15:28:29.066,428.3317277013946,8
2024-09-20 15:28:29.095,428.3527837521045,997
2024-09-20 15:28:29.220,428.401725515129,98
2024-09-20 15:28:29.222,428.4168715266957,100
2024-09-20 15:28:29.446,428.4279718654294,105
2024-09-20 15:28:29.506,428.37236796095976,997
2024-09-20 15:28:29.568,428.3766831546372,1000
2024-09-20 15:28:29.647,428.40053303028986,999
2024-09-20 15:28:29.677,428.3402859307333,103
2024-09-20 15:28:29.713,428.3455583608021,15
2024-09-20 15:28:29.817,428.36414627862,1005
2024-09-20 15:28:29.953,428.3958828788501,1002
2024-09-20 15:28:30.093,428.4770068989263,15
2024-09-20 15:28:30.103,428.4676889576405,13
2024-09-20 15:28:30.131,428.4528084502092,102
2024-09-20 15:28:30.133,428.46356020300107,10
2024-09-20 15:28:30.163,428.4526891356897,101
2024-09-20 15:28:30.220,428.45191101901554,7
2024-09-20 15:28:30.227,428.49295492882334,999
2024-09-20 15:28:30.307,42.84758354582834,999
2024-09-20 15:28:30.331,428.4573344447134,15
2024-09-20 15:28:30.411,428.4319593588514,5
2024-09-20 15:28:30.437,428.4619250608269,1005
2024-09-20 15:28:30.643,428.45768824255066,15
2024-09-20 15:28:30.683,428.46022034758056,9
2024-09-20 15:28:30.683,428.45639033217225,104
2024-09-20 15:28:30.710,428.455440689821,8
2024-09-20 15:28:30.775,428.4502492699395,8
2024-09-20 15:28:30.801,428.4566027056006,15
2024-09-20 15:28:30.813,428.4616861539392,1001
2024-09-20 15:28:30.822,428.4541414757179,1001
2024-09-20 15:28:30.864,428.44485948449767,7
2024-09-20 15:28:30.935,428.4984065033784,999
2024-09-20 15:28:30.972,428.46948575748246,1004
2024-09-20 15:28:30.986,428.45504195911,997
2024-09-20 15:28:32.070,428.4947330779005,1004
2024-09-20 15:28:32.099,428.47896496797154,104
2024-09-20 15:28:32.099,428.5242324934233,98
2024-09-20 15:28:32.105,428.4749979222859,995
2024-09-20 15:28:32.167,428.47008540573273,1003
2024-09-20 15:28:32.186,428.5007068941287,1001
2024-09-20 15:28:32.211,428.523423663775,105
2024-09-20 15:28:32.356,428.47898304656417,997
2024-09-20 15:28:32.528,428.5019778282592,5
2024-09-20 15:28:32.529,428.4933767015914,104
2024-09-20 15:28:32.535,428.5132928180723,98
2024-09-20 15:28:32.547,428.5308678558926,996
2024-09-20 15:28:32.590,428.49421599187167,100
2024-09-20 15:28:32.591,428.502589415951,15
2024-09-20 15:28:32.640,42.85082634394125,13
2024-09-20 15:28:32.654,428.4851000160589,1001
2024-09-20 15:28:32.697,428.5075327122825,997
2024-09-20 15:28:32.709,428.4828314724549,105
2024-09-20 15:28:32.716,428.51108400925295,1000
2024-09-20 15:28:32.815,428.48452244471633,998
2024-09-20 15:28:32.905,,7
2024-09-20 15:28:32.919,428.4944588348874,8
2024-09-20 15:28:32.941,428.4986154717309,12
2024-09-20 15:28:32.950,428.4732248408076,998
2024-09-20 15:28:32.968,428.4902435376709,95
2024-09-20 15:28:33.083,428.537069055866,95
2024-09-20 15:28:33.267,428.55477116079726,99
2024-09-20 15:28:33.456,428.5352474758557,11
2024-09-20 15:28:33.526,428.530400758548,102
2024-09-20 15:28:33.566,428.5174831269622,995
2024-09-20 15:28:33.569,428.525676690124,1005
2024-09-20 15:28:33.570,428.4990718799184,1002
2024-09-20 15:28:33.579,428.5477638549281,1000
2024-09-20 15:28:33.590,428.5361910477595,95
2024-09-20 15:28:33.640,428.5286622721575,998
2024-09-20 15:28:33.645,428.5070385654611,1001
2024-09-20 15:28:33.701,428.5431569311632,104
2024-09-20 15:28:33.737,428.5770329206948,11
2024-09-20 15:28:33.855,428.527259235617,103
2024-09-20 15:28:33.856,-428.54416983367753,103
2024-09-20 15:28:33.900,428.5560773133176,1003
2024-09-20 15:28:33.924,428.5943071884261,998
2024-09-20 15:28:33.936,428.4973209005622,96
2024-09-20 15:28:33.953,428.5434146401577,105
2024-09-20 15:28:33.959,428.5177546039414,98
2024-09-20 15:28:33.968,428.509131254464,103
2024-09-20 15:28:34.215,428.55368336167766,1001
2024-09-20 15:28:34.304,428.556539264224,13
2024-09-20 15:28:34.327,428.5561650366977,99
2024-09-20 15:28:34.352,428.5489725381679,15
2024-09-20 15:28:34.398,428.58430919652886,1001
2024-09-20 15:28:34.526,428.5898066719094,1002
2024-09-20 15:28:34.618,428.5549524627852,1000
2024-09-20 15:28:34.679,428.5570354076261,11
2024-09-20 15:28:34.882,428.53628083547375,105
2024-09-20 15:28:34.933,428.5589425882008,95
2024-09-20 15:28:35.025,428.55516905523535,101
2024-09-20 15:28:35.149,428.5849262278274,99
2024-09-20 15:28:35.152,428.5306701394793,1000
2024-09-20 15:28:35.214,428.5229804464177,999
2024-09-20 15:28:35.269,428.4884222243261,100
2024-09-20 15:28:35.312,428.5402240036189,99
2024-09-20 15:28:35.315,428.5533217005732,5
2024-09-20 15:28:35.327,428.5018206101465,999
2024-09-20 15:28:35.361,428.5172407147974,101
2024-09-20 15:28:35.470,428.5835794478718,7
2024-09-20 15:28:35.509,428.5918758349755,999
2024-09-20 15:28:35.533,428.5138934925324,11
2024-09-20 15:28:35.592,428.54442158980913,996
2024-09-20 15:28:35.616,428.50149415914905,8
2024-09-20 15:28:35.658,42.85575813751208,104
2024-09-20 15:28:35.698,428.5205855071949,102
2024-09-20 15:28:35.707,428.5059953514501,14
2024-09-20 15:28:35.776,428.4955157477563,1003
2024-09-20 15:28:35.786,428.516244449012,15
2024-09-20 15:28:35.826,,8
2024-09-20 15:28:35.873,428.5364106210493,103
2024-09-20 15:28:35.916,428.4971748362827,15
2024-09-20 15:28:35.917,428.5189338899602,97
2024-09-20 15:28:35.955,428.5280119622472,1000
2024-09-20 15:28:36.004,428.5094602744375,999
2024-09-20 15:28:36.010,428.4842348824593,7
2024-09-20 15:28:36.016,428.4739857029524,7
2024-09-20 15:28:36.045,428.4800389567313,14
2024-09-20 15:28:36.066,428.4830802667549,1004
2024-09-20 15:28:36.140,428.4961933942819,999
2024-09-20 15:28:36.255,428.4886289372076,99
2024-09-20 15:28:36.266,428.5021678765544,1001
2024-09-20 15:28:36.300,428.493122747748,95
2024-09-20 15:28:36.384,428.4854827654835,95
2024-09-20 15:28:36.392,428.4899015856289,14
2024-09-20 15:28:36.402,428.5196119176271,95
2024-09-20 15:28:36.407,-428.50164514543695,96
2024-09-20 15:28:36.435,428.4960596555365,9
2024-09-20 15:28:36.463,428.513546513228,5
2024-09-20 15:28:36.522,428.4873239973316,105
2024-09-20 15:28:36.522,428.5092706537801,8
2024-09-20 15:28:36.554,428.5222006377133,12
2024-09-20 15:28:36.565,428.5036080915148,103
2024-09-20 15:28:36.585,428.5033261055838,101
2024-09-20 15:28:36.600,428.51833795182574,1002
2024-09-20 15:28:36.626,428.5138939141201,6
2024-09-20 15:28:36.630,428.4872161456783,98
2024-09-20 15:28:36.634,428.5061156428797,6
2024-09-20 15:28:36.687,428.4990300871019,998
2024-09-20 15:28:36.757,428.48410620013874,102
2024-09-20 15:28:36.799,428.4944650257103,997
2024-09-20 15:28:36.956,428.5125121592612,6
2024-09-20 15:28:36.957,428.5054375586302,13
2024-09-20 15:28:36.957,428.5130118845515,9
2024-09-20 15:28:37.089,428.46478579437473,10
2024-09-20 15:28:37.151,428.4605780137799,105
2024-09-20 15:28:37.167,428.52706064164335,995
2024-09-20 15:28:37.248,428.4661711425782,1000
2024-09-20 15:28:37.281,428.48082480541615,11
2024-09-20 15:28:37.287,428.4714480833905,100
2024-09-20 15:28:37.334,428.4638380063552,99
2024-09-20 15:28:37.349,428.4762033430956,7
2024-09-20 15:28:37.443,428.47840615612114,999
2024-09-20 15:28:37.487,428.48138502629615,995
2024-09-20 15:28:37.535,428.4701759074705,96
2024-09-20 15:28:37.646,428.4682604041273,97
2024-09-20 15:28:37.670,428.4748972629008,996
2024-09-20 15:28:37.686,428.4805702146913,1004
2024-09-20 15:28:37.689,428.46668622238326,103
2024-09-20 15:28:37.708,428.49398059113,6
2024-09-20 15:28:37.743,428.4699627247979,99
2024-09-20 15:28:37.748,428.4786299896973,102
2024-09-20 15:28:37.785,428.4946810403573,95
2024-09-20 15:28:37.900,428.5233489230397,1001
2024-09-20 15:28:37.914,428.51444371038895,98
2024-09-20 15:28:37.977,428.4612111255267,105
2024-09-20 15:28:37.993,428.5046680679511,99
2024-09-20 15:28:38.053,,998
2024-09-20 15:28:39.085,428.5283925107285,99
2024-09-20 15:28:39.222,428.5253461045391,10
2024-09-20 15:28:39.467,428.53539688450144,100
2024-09-20 15:28:39.812,428.5443735399368,11
2024-09-20 15:28:40.097,428.47526340332047,6
2024-09-20 15:28:40.112,428.4996036140933,14
2024-09-20 15:28:40.127,428.501328876872,6
2024-09-20 15:28:40.234,428.5051030600352,995
2024-09-20 15:28:40.323,428.47265224799975,995
2024-09-20 15:28:40.376,428.50781313166175,97
2024-09-20 15:28:40.601,428.5012409648503,103
2024-09-20 15:28:40.872,428.477968780642,104
2024-09-20 15:28:40.894,428.529367414908,5
2024-09-20 15:28:40.917,428.4922195649237,101
2024-09-20 15:28:41.336,428.515256873984,995
2024-09-20 15:28:41.603,428.5286349746789,999
2024-09-20 15:28:41.940,428.540374303518,105
2024-09-20 15:28:42.172,428.5073925767838,997
2024-09-20 15:28:42.203,428.4999502713199,95
2024-09-20 15:28:42.225,428.49713062294654,999
2024-09-20 15:28:42.628,428.5397649528986,104
2024-09-20 15:28:42.641,428.53068615240574,101
2024-09-20 15:28:42.821,428.4817611075032,996
2024-09-20 15:28:42.822,428.52088036038793,997
2024-09-20 15:28:43.001,428.5179650044089,14
2024-09-20 15:28:43.005,428.53639169862,998
2024-09-20 15:28:43.198,428.4788985752993,8
2024-09-20 15:28:43.229,428.49945568305736,103
2024-09-20 15:28:43.269,428.4748413998906,995
2024-09-20 15:28:43.276,428.5091036370464,999
2024-09-20 15:28:43.290,428.53363204054256,8
2024-09-20 15:28:43.357,428.4943030263202,95
2024-09-20 15:28:43.369,428.48353013818746,102
2024-09-20 15:28:43.553,428.53675512812055,103
2024-09-20 15:28:43.614,428.4997037665948,105
2024-09-20 15:28:43.625,428.5323459285501,100
2024-09-20 15:28:43.655,428.53123945249854,1000
2024-09-20 15:28:43.672,428.49053132544566,11
2024-09-20 15:28:43.692,428.4957959430992,10
2024-09-20 15:28:43.704,428.5040549306949,7
2024-09-20 15:28:43.741,428.50899905884495,103
2024-09-20 15:28:43.767,428.53290502214224,996
2024-09-20 15:28:43.813,42.85243500239808,7
2024-09-20 15:28:43.879,428.501618317476,104
2024-09-20 15:28:43.914,428.4843200748216,105
2024-09-20 15:28:43.962,428.5207606016112,9
2024-09-20 15:28:43.991,428.5350279450834,6
2024-09-20 15:28:43.996,428.4973029842272,96
2024-09-20 15:28:44.040,428.53195521267736,1005
2024-09-20 15:28:44.116,428.4857669498548,103
2024-09-20 15:28:44.141,428.51125008961617,1000
2024-09-20 15:28:44.144,428.4691844670372,104
2024-09-20 15:28:44.152,428.4583126213058,9
2024-09-20 15:28:44.225,428.4775000059654,100
2024-09-20 15:28:44.291,428.499655863323,996
2024-09-20 15:28:44.392,428.488176805451,99
2024-09-20 15:28:44.591,428.5282413359376,8
2024-09-20 15:28:44.757,428.4784484659471,8
2024-09-20 15:28:44.843,428.471547054068,7
2024-09-20 15:28:45.813,428.4554336147235,5
2024-09-20 15:28:45.910,428.458579851049,998
2024-09-20 15:28:46.004,428.4814503391162,101
2024-09-20 15:28:46.075,428.4711513445096,14
2024-09-20 15:28:46.112,428.4611388127532,11
2024-09-20 15:28:46.132,428.5160657401592,5
2024-09-20 15:28:46.145,428.4499213619245,101
2024-09-20 15:28:46.156,428.4812339782818,998
2024-09-20 15:28:46.173,428.4672534871496,14
2024-09-20 15:28:46.239,428.44166989987343,104
2024-09-20 15:28:46.243,428.4915902660218,1000
2024-09-20 15:28:46.296,428.4822218660351,104
2024-09-20 15:28:46.323,428.51262555612806,1002
2024-09-20 15:28:46.340,428.4843998269051,997
2024-09-20 15:28:46.371,428.5005505009737,11
2024-09-20 15:28:46.393,428.5075167450301,97
2024-09-20 15:28:46.497,428.4608751884431,5
2024-09-20 15:28:46.540,428.48800738374985,7
2024-09-20 15:28:46.584,428.4646083088349,1003
2024-09-20 15:28:46.590,428.46516894375407,1003
2024-09-20 15:28:46.709,428.4725876268332,1002
2024-09-20 15:28:46.723,428.4921899340196,104
2024-09-20 15:28:46.793,428.47728898655214,103
2024-09-20 15:28:46.846,428.50488977479296,102
2024-09-20 15:28:46.897,428.4535897410481,101
2024-09-20 15:28:47.023,428.4241612328254,13
2024-09-20 15:28:47.025,428.4302130603386,102
2024-09-20 15:28:47.052,428.4413461222387,95
2024-09-20 15:28:47.088,428.4409394568405,97
2024-09-20 15:28:47.185,,100
2024-09-20 15:28:47.211,428.4239669895287,104
2024-09-20 15:28:47.330,428.4002505070101,8
2024-09-20 15:28:47.343,428.4302144505172,11
2024-09-20 15:28:47.347,428.4531935183341,13
2024-09-20 15:28:47.352,428.4502144973632,96
2024-09-20 15:28:47.362,428.4692799960903,6
2024-09-20 15:28:47.373,428.4043929488532,999
2024-09-20 15:28:47.380,428.4542775681983,98
2024-09-20 15:28:47.382,428.46507694122215,10
2024-09-20 15:28:47.386,428.4209199962818,97
2024-09-20 15:28:47.433,428.3832461480763,999
2024-09-20 15:28:47.445,428.4013566777065,1001
2024-09-20 15:28:47.446,428.444609945716,1002
2024-09-20 15:28:47.456,428.4100721593792,105
2024-09-20 15:28:47.488,428.4219856322727,1000
2024-09-20 15:28:47.541,428.4310733060064,100
2024-09-20 15:28:47.555,428.4475312223565,1005
2024-09-20 15:28:47.631,428.4558680851665,997
2024-09-20 15:28:47.647,428.4598827886559,14
2024-09-20 15:28:47.687,428.45114863991,11
2024-09-20 15:28:47.721,428.44000174509046,996
2024-09-20 15:28:47.742,428.43798932404025,98
2024-09-20 15:28:47.801,428.4088994134781,7
2024-09-20 15:28:47.810,428.4185178387477,97
2024-09-20 15:28:47.930,428.45126017055776,7
2024-09-20 15:28:48.001,428.4322820379513,10
2024-09-20 15:28:48.159,428.49852273460857,102
2024-09-20 15:28:48.161,428.4792548093884,97
2024-09-20 15:28:48.366,428.5019811816453,102
2024-09-20 15:28:48.397,428.4680383872941,102
2024-09-20 15:28:48.477,428.4817385338996,996
2024-09-20 15:28:48.513,-428.4702736435866,102
2024-09-20 15:28:48.628,428.4180869364753,96
2024-09-20 15:28:48.650,428.4658092615578,12
2024-09-20 15:28:48.651,428.4765183035807,99
2024-09-20 15:28:48.660,428.4798502704023,8
2024-09-20 15:28:48.715,428.49074904884594,9
2024-09-20 15:28:48.787,428.4452210234104,998
2024-09-20 15:28:48.812,428.4736346146527,99
2024-09-20 15:28:48.824,428.4430529093099,102
2024-09-20 15:28:48.867,428.4963109636449,1004
2024-09-20 15:28:49.067,428.3867324581915,1003
2024-09-20 15:28:49.069,428.47190773624,998
2024-09-20 15:28:49.088,428.4092760872328,1001
2024-09-20 15:28:49.099,428.4103244054326,13
2024-09-20 15:28:49.099,428.5061751618138,996
2024-09-20 15:28:49.113,428.4414898999607,96
2024-09-20 15:28:49.126,428.4012658259251,10
2024-09-20 15:28:49.148,428.3751855574212,98
2024-09-20 15:28:49.159,428.3894975220296,12
2024-09-20 15:28:49.162,428.5174272691561,96
2024-09-20 15:28:49.264,428.48086480254335,103
2024-09-20 15:28:49.317,428.4149261255227,8
2024-09-20 15:28:49.320,428.5298099483181,9
2024-09-20 15:28:49.457,428.4667041148175,995
2024-09-20 15:28:49.529,428.47751823667153,99
2024-09-20 15:28:49.587,428.48835199333615,104
2024-09-20 15:28:49.642,428.40908771437785,1005
2024-09-20 15:28:49.678,428.4227799962749,1003
2024-09-20 15:28:49.689,428.5213819712394,102
2024-09-20 15:28:49.833,428.49006516587656,100
2024-09-20 15:28:49.975,428.48716416385497,13
2024-09-20 15:28:49.983,428.51428968876365,996
2024-09-20 15:28:50.035,428.356377099007,102
2024-09-20 15:28:50.098,428.3473560526919,1004
2024-09-20 15:28:50.191,428.3707778132241,1000
2024-09-20 15:28:50.582,,104
2024-09-20 15:28:50.625,428.36820501765095,1001
2024-09-20 15:28:50.780,428.37763061319686,13
2024-09-20 15:28:50.790,428.38641709372087,98
2024-09-20 15:28:51.222,428.30478416530246,1005
2024-09-20 15:28:51.303,428.3377776414388,103
2024-09-20 15:28:51.316,428.3003795069138,7
2024-09-20 15:28:51.470,428.3258719879111,105
2024-09-20 15:28:51.942,428.29323346107935,14
2024-09-20 15:28:52.553,428.3046501473833,99
2024-09-20 15:28:52.841,428.29815378319694,8
2024-09-20 15:28:52.898,428.3206422274112,101
2024-09-20 15:28:53.143,428.3325420021864,103
2024-09-20 15:28:53.161,428.32679872711225,998
2024-09-20 15:28:53.816,428.3230230313795,105
2024-09-20 15:28:54.104,428.2936489530648,1004
2024-09-20 15:28:54.407,428.3238081742393,10
2024-09-20 15:28:54.481,428.26178945223705,7
2024-09-20 15:28:54.572,428.335973168671,11
2024-09-20 15:28:54.927,428.31412264807,104
2024-09-20 15:28:54.990,428.25821224925295,997
2024-09-20 15:28:55.049,428.1702107200079,995
2024-09-20 15:28:55.060,-428.19276911104856,99
2024-09-20 15:28:55.174,428.1466041075,1005
2024-09-20 15:28:55.201,428.246815500953,1002
2024-09-20 15:28:55.242,428.17354466693376,97
2024-09-20 15:28:55.288,428.204408827952,10
2024-09-20 15:28:55.298,428.1797928134292,997
2024-09-20 15:28:55.349,428.1548833573788,102
2024-09-20 15:28:55.353,428.182759945894,1000
2024-09-20 15:28:55.422,428.2225919022909,1003
2024-09-20 15:28:55.459,428.18257132388425,101
2024-09-20 15:28:55.535,428.1701676180412,98
2024-09-20 15:28:55.545,428.193355676825,1002
2024-09-20 15:28:55.548,428.2519982009123,100
2024-09-20 15:28:55.604,428.27545531663753,97
2024-09-20 15:28:55.608,428.1893217617597,1005
2024-09-20 15:28:55.643,428.17997733412176,9
2024-09-20 15:28:55.678,428.2319288915052,6
2024-09-20 15:28:55.696,428.25998624380566,97
2024-09-20 15:28:55.711,428.1533837428513,104
2024-09-20 15:28:55.727,428.2284510891153,9
2024-09-20 15:28:55.778,428.2013581904184,6
2024-09-20 15:28:55.790,428.12367791730776,13
2024-09-20 15:28:55.797,428.17406336879657,7
2024-09-20 15:28:55.805,428.1880904646347,998
2024-09-20 15:28:55.816,428.203113737285,100
2024-09-20 15:28:55.872,428.1888523669471,8
2024-09-20 15:28:55.915,428.1555294987013,996
2024-09-20 15:28:55.920,428.1822604018605,997
2024-09-20 15:28:55.937,428.1983501447213,9
2024-09-20 15:28:56.190,428.0940187980916,100
2024-09-20 15:28:56.196,428.12206178514975,101
2024-09-20 15:28:56.234,428.1095478694328,100
2024-09-20 15:28:56.287,428.0704304051461,13
2024-09-20 15:28:56.424,428.0485802572911,996
2024-09-20 15:28:56.574,428.0948120588221,7
2024-09-20 15:28:56.606,428.0955562906213,103
2024-09-20 15:28:56.665,428.0409514640071,10
2024-09-20 15:28:56.987,428.1225737712022,998
2024-09-20 15:28:57.273,428.03563208233146,997
2024-09-20 15:28:57.313,428.06347983010704,98
2024-09-20 15:28:57.510,428.0385402768383,1003
2024-09-20 15:28:57.636,428.0459605383675,105
2024-09-20 15:28:57.910,428.04737398829263,98
2024-09-20 15:28:58.024,428.09033156350273,8
2024-09-20 15:28:58.028,428.0164983888917,1000
2024-09-20 15:28:58.121,428.1084435154924,996
2024-09-20 15:28:58.121,428.1124339920305,1004
2024-09-20 15:28:58.128,428.0252311788024,996
2024-09-20 15:28:58.184,428.0969005594286,1001
2024-09-20 15:28:58.229,428.1034821786873,996
2024-09-20 15:28:58.239,428.0097804098949,13
2024-09-20 15:28:58.258,428.10575744084014,105
2024-09-20 15:28:58.268,428.0955456716086,997
2024-09-20 15:28:58.300,428.0981348415705,996
2024-09-20 15:28:58.364,428.11242361620856,9
2024-09-20 15:28:58.378,428.1151297991649,101
2024-09-20 15:28:58.516,428.0388759584611,5
2024-09-20 15:28:58.550,428.114142734792,999
2024-09-20 15:28:58.569,428.0909814920652,13
2024-09-20 15:28:58.622,428.1113753033239,996
2024-09-20 15:28:58.622,428.03087427795606,104
2024-09-20 15:28:58.637,428.0627069190162,98
2024-09-20 15:28:58.676,428.0814559623153,1004
2024-09-20 15:28:58.701,428.09079313211606,1001
2024-09-20 15:28:58.723,,1001
2024-09-20 15:28:58.788,428.0610196507054,15
2024-09-20 15:28:58.813,428.0443008984299,997
2024-09-20 15:28:58.839,428.09716982983736,1001
2024-09-20 15:28:58.853,428.09735429063306,97
2024-09-20 15:28:58.915,428.113436534633,13
2024-09-20 15:28:58.937,428.0218934841132,95
2024-09-20 15:28:58.938,-428.1147378191927,11
2024-09-20 15:28:58.992,428.0797325645324,101
2024-09-20 15:28:59.002,428.0932586876772,11
2024-09-20 15:28:59.806,428.1084092729663,1002
2024-09-20 15:28:59.869,428.11844489349073,95
