Timestamp,Price,Size
2024-09-20 13:43:00.079,431.3364038553486,1001
2024-09-20 13:43:01.040,431.2506940859747,1000
2024-09-20 13:43:01.042,431.3326942075215,1005
2024-09-20 13:43:01.062,431.2860371796144,995
2024-09-20 13:43:01.064,431.3313762800474,14
2024-09-20 13:43:01.084,431.3524441414305,104
2024-09-20 13:43:01.161,431.338725620454,1004
2024-09-20 13:43:01.195,431.342785891277,995
2024-09-20 13:43:01.246,431.3201621924663,11
2024-09-20 13:43:01.251,431.2864159829306,14
2024-09-20 13:43:01.284,431.3070293330308,9
2024-09-20 13:43:01.302,431.3085502660873,15
2024-09-20 13:43:01.315,431.2833100485007,9
2024-09-20 13:43:01.477,431.3515941217727,996
2024-09-20 13:43:01.487,431.35909696568535,98
2024-09-20 13:43:01.547,431.2504199937002,96
2024-09-20 13:43:01.604,431.3546635490369,95
2024-09-20 13:43:01.611,431.3111085066648,10
2024-09-20 13:43:01.641,431.2901129611921,11
2024-09-20 13:43:01.649,431.3501193028984,98
2024-09-20 13:43:01.664,431.2932151907644,97
2024-09-20 13:43:01.682,431.27744985348033,10
2024-09-20 13:43:01.711,431.2574807542951,1001
2024-09-20 13:43:01.726,431.3204962299732,104
2024-09-20 13:43:01.743,431.3618182538586,98
2024-09-20 13:43:01.764,431.2356237123199,14
2024-09-20 13:43:01.798,431.2937281535153,1005
2024-09-20 13:43:01.825,431.3148446078425,5
2024-09-20 13:43:01.838,431.33517807964495,997
2024-09-20 13:43:01.843,431.30142035769455,101
2024-09-20 13:43:01.885,431.3311325833979,101
2024-09-20 13:43:02.114,,105
2024-09-20 13:43:02.281,431.27221104636,10
2024-09-20 13:43:02.311,431.2736597360033,95
2024-09-20 13:43:02.320,431.25256152119647,995
2024-09-20 13:43:02.494,431.2560893749061,1003
2024-09-20 13:43:02.516,431.2454319477823,98
2024-09-20 13:43:02.663,431.26657749507547,12
2024-09-20 13:43:02.748,431.2645928831305,99
2024-09-20 13:43:02.908,431.2651163014612,996
2024-09-20 13:43:03.029,431.2832899707288,1001
2024-09-20 13:43:03.055,431.2719995566813,103
2024-09-20 13:43:03.130,431.2726946290245,1003
2024-09-20 13:43:03.272,431.2841078120446,1002
2024-09-20 13:43:04.006,431.3623891921805,99
2024-09-20 13:43:04.068,431.3368115542373,1005
2024-09-20 13:43:04.124,431.3025902721864,999
2024-09-20 13:43:04.138,431.3558693517016,1000
2024-09-20 13:43:04.152,431.4330730989157,15
2024-09-20 13:43:04.212,431.4470082333576,12
2024-09-20 13:43:04.222,431.4158837927455,996
2024-09-20 13:43:04.253,431.44046862668193,12
2024-09-20 13:43:04.288,431.4493652989528,997
2024-09-20 13:43:04.314,431.4439335762216,96
2024-09-20 13:43:04.344,431.4093858118154,95
2024-09-20 13:43:04.390,431.394318083477,999
2024-09-20 13:43:04.494,431.3518283939173,1005
2024-09-20 13:43:04.574,431.35999685057664,1005
2024-09-20 13:43:04.584,431.3667736738903,1005
2024-09-20 13:43:04.637,431.2879953332248,10
2024-09-20 13:43:04.640,431.2803269487366,9
2024-09-20 13:43:04.691,431.3207164074229,1005
2024-09-20 13:43:04.709,431.4456070982376,15
2024-09-20 13:43:04.745,431.28546902186974,14
2024-09-20 13:43:04.809,431.3604901064325,102
2024-09-20 13:43:04.816,431.4266834437388,11
2024-09-20 13:43:05.021,431.4170704072261,1003
2024-09-20 13:43:05.024,431.43660538143257,1005
2024-09-20 13:43:05.046,431.4022033995367,105
2024-09-20 13:43:05.063,431.3964262999454,96
2024-09-20 13:43:05.075,431.4083410733609,13
2024-09-20 13:43:05.089,431.4459627135896,5
2024-09-20 13:43:05.178,431.4244961029971,11
2024-09-20 13:43:05.182,431.4313886115303,95
2024-09-20 13:43:05.192,431.4390644054163,11
2024-09-20 13:43:05.238,431.4218296782017,1005
2024-09-20 13:43:05.280,431.4199885672511,15
2024-09-20 13:43:05.301,431.40124486712847,103
2024-09-20 13:43:05.423,431.3929443755102,9
2024-09-20 13:43:05.436,431.3912989219132,1001
2024-09-20 13:43:05.451,431.40067195804073,5
2024-09-20 13:43:05.457,431.4015761279856,5
2024-09-20 13:43:05.685,431.4296492931924,105
2024-09-20 13:43:05.771,431.4301136841618,15
2024-09-20 13:43:05.988,431.448348445365,103
2024-09-20 13:43:05.989,431.4135264564072,1005
2024-09-20 13:43:05.989,431.436630093213,13
2024-09-20 13:43:06.082,431.43178310371263,11
2024-09-20 13:43:06.156,431.4171677043759,996
2024-09-20 13:43:06.198,431.3832551803639,9
2024-09-20 13:43:06.225,431.4334637904218,11
2024-09-20 13:43:06.226,431.4251735426637,101
2024-09-20 13:43:06.336,431.414833025297,104
2024-09-20 13:43:06.395,431.4167678133988,10
2024-09-20 13:43:06.451,431.4142992278852,6
2024-09-20 13:43:06.500,431.4220855172164,97
2024-09-20 13:43:06.515,431.3928719026631,6
2024-09-20 13:43:06.526,431.3711718592692,95
2024-09-20 13:43:06.541,431.4104959641688,99
2024-09-20 13:43:06.568,-431.4387818836325,1004
2024-09-20 13:43:06.580,431.43916892530353,7
2024-09-20 13:43:06.688,431.3913413920512,105
2024-09-20 13:43:06.706,431.4262862876396,5
2024-09-20 13:43:06.729,431.4351484037014,1000
2024-09-20 13:43:06.738,431.4469613981985,9
2024-09-20 13:43:06.766,431.4170992793728,14
2024-09-20 13:43:06.796,431.3775402914436,100
2024-09-20 13:43:06.848,431.40729665150775,997
2024-09-20 13:43:06.852,431.381602520204,98
2024-09-20 13:43:06.863,431.4236117340053,104
2024-09-20 13:43:06.935,431.3834558976645,1000
2024-09-20 13:43:06.946,431.4411964554214,99
2024-09-20 13:43:06.947,431.40618102147687,99
2024-09-20 13:43:06.972,431.3849978798624,15
2024-09-20 13:43:08.158,431.3084785278996,10
2024-09-20 13:43:08.236,431.3653060832749,7
2024-09-20 13:43:08.347,431.3749175652327,13
2024-09-20 13:43:08.501,431.3543432289339,1005
2024-09-20 13:43:08.551,431.35680245770936,9
2024-09-20 13:43:08.596,431.33952856157657,12
2024-09-20 13:43:08.721,431.3682952286546,15
2024-09-20 13:43:08.722,431.3230645233486,999
2024-09-20 13:43:08.737,431.3430311874743,96
2024-09-20 13:43:08.811,431.3125936170607,1005
2024-09-20 13:43:08.997,431.3743480132029,1003
2024-09-20 13:43:09.106,431.3193506993656,14
2024-09-20 13:43:09.203,431.32738780593417,95
2024-09-20 13:43:09.353,431.3313709339794,104
2024-09-20 13:43:09.437,431.3318064136851,104
2024-09-20 13:43:09.622,431.2991386323741,101
2024-09-20 13:43:09.664,431.3147240649421,999
2024-09-20 13:43:09.809,431.32222379279307,11
2024-09-20 13:43:09.916,431.3298556366454,1000
2024-09-20 13:43:09.926,431.3277554037949,1005
2024-09-20 13:43:09.973,431.3419658597697,12
2024-09-20 13:43:09.990,431.3507247235642,100
2024-09-20 13:43:10.024,431.3242920893865,101
2024-09-20 13:43:10.035,431.3124345104612,105
2024-09-20 13:43:10.075,431.3169825773729,996
2024-09-20 13:43:10.226,431.3030955017787,99
2024-09-20 13:43:10.292,431.3044166675475,7
2024-09-20 13:43:10.300,431.3161936912147,15
2024-09-20 13:43:10.475,431.3333811668252,97
2024-09-20 13:43:10.892,431.30934331983593,999
2024-09-20 13:43:10.956,431.31126542951074,1003
2024-09-20 13:43:11.055,431.3370875804405,1005
2024-09-20 13:43:11.741,431.3393944567922,99
2024-09-20 13:43:12.024,431.3433248526163,6
2024-09-20 13:43:12.060,431.36092505359744,105
2024-09-20 13:43:12.069,431.3583269578457,102
2024-09-20 13:43:12.191,431.35967399556966,999
2024-09-20 13:43:12.337,431.3759780610517,996
2024-09-20 13:43:12.358,431.3703252622371,12
2024-09-20 13:43:12.402,431.3610848901477,6
2024-09-20 13:43:12.463,431.362472024156,95
2024-09-20 13:43:12.466,431.3589163388595,100
2024-09-20 13:43:12.507,431.3534613972196,12
2024-09-20 13:43:12.513,431.3723470374857,1002
2024-09-20 13:43:12.693,431.3454402745296,96
2024-09-20 13:43:12.735,431.340085542494,1005
2024-09-20 13:43:12.870,431.3522262188904,100
2024-09-20 13:43:13.089,431.3022085956567,6
2024-09-20 13:43:13.108,431.3160036300196,10
2024-09-20 13:43:13.119,431.2784381196439,5
2024-09-20 13:43:13.128,431.2932764288512,1003
2024-09-20 13:43:13.155,431.28914489327866,997
2024-09-20 13:43:13.180,431.3617562666693,96
2024-09-20 13:43:13.182,431.2930132639871,6
2024-09-20 13:43:13.189,431.22448451126,99
2024-09-20 13:43:13.215,431.341478306281,104
2024-09-20 13:43:13.223,431.3189633029124,99
2024-09-20 13:43:13.251,431.30831003040106,12
2024-09-20 13:43:13.308,431.3089236781791,96
2024-09-20 13:43:13.326,431.2873242509768,95
2024-09-20 13:43:13.346,431.3512863438973,999
2024-09-20 13:43:13.382,431.2272140866238,11
2024-09-20 13:43:13.387,431.2401811589661,5
2024-09-20 13:43:13.450,431.2075152407622,995
2024-09-20 13:43:13.458,431.2453554438813,7
2024-09-20 13:43:13.552,431.30456572839967,6
2024-09-20 13:43:13.606,431.3051387425624,1000
2024-09-20 13:43:13.650,431.2859108074932,995
2024-09-20 13:43:13.667,431.3121117975372,5
2024-09-20 13:43:13.731,431.2834883667328,12
2024-09-20 13:43:13.731,431.30792962942,1005
2024-09-20 13:43:13.815,431.35389046853606,1001
2024-09-20 13:43:13.884,431.3473409262644,96
2024-09-20 13:43:13.915,431.3140885491197,103
2024-09-20 13:43:13.916,431.3011705471224,102
2024-09-20 13:43:13.997,431.31306334648445,999
2024-09-20 13:43:14.015,431.1817793352854,1000
2024-09-20 13:43:14.028,431.1970260344457,996
2024-09-20 13:43:14.365,431.2016653084885,97
2024-09-20 13:43:14.614,431.1906948762258,11
2024-09-20 13:43:15.092,431.20860849480135,10
2024-09-20 13:43:15.097,431.1756504539098,1003
2024-09-20 13:43:15.112,-431.2017707331452,100
2024-09-20 13:43:15.114,431.1747106481751,11
2024-09-20 13:43:15.199,431.1779333256538,99
2024-09-20 13:43:15.230,431.2051463239847,14
2024-09-20 13:43:15.248,431.16661670124506,999
2024-09-20 13:43:15.278,431.1921234630372,1005
2024-09-20 13:43:15.409,431.16411091289865,10
2024-09-20 13:43:15.415,43.115028689805634,7
2024-09-20 13:43:15.489,431.15901321940646,996
2024-09-20 13:43:15.581,431.2046150469016,1003
2024-09-20 13:43:15.589,43.11699896799151,9
2024-09-20 13:43:15.594,431.1700162564373,15
2024-09-20 13:43:15.676,431.1819249888311,8
2024-09-20 13:43:15.721,431.2122678869484,15
2024-09-20 13:43:15.757,431.1695870640689,105
2024-09-20 13:43:15.775,431.1682468072594,97
2024-09-20 13:43:15.806,431.217106038804,104
2024-09-20 13:43:15.842,431.2234267460093,1002
2024-09-20 13:43:15.864,431.1626296812939,95
2024-09-20 13:43:15.892,431.1758243613687,1001
2024-09-20 13:43:15.900,431.1857917838205,998
2024-09-20 13:43:15.900,431.1916643805391,8
2024-09-20 13:43:15.901,431.1520782156432,13
2024-09-20 13:43:15.952,431.1753806499498,995
2024-09-20 13:43:16.020,431.1653571907568,996
2024-09-20 13:43:16.034,431.20885898133895,1005
2024-09-20 13:43:16.075,431.1632642365447,98
2024-09-20 13:43:16.140,431.1628188204402,12
2024-09-20 13:43:16.155,431.1869602729116,8
2024-09-20 13:43:16.175,431.2180757859489,95
2024-09-20 13:43:16.185,431.1546375823053,9
2024-09-20 13:43:16.244,431.224410002798,7
2024-09-20 13:43:16.254,431.1982596568108,8
2024-09-20 13:43:16.291,431.1809617588558,1000
2024-09-20 13:43:16.383,431.2157700591093,102
2024-09-20 13:43:16.461,431.13410084398055,98
2024-09-20 13:43:16.510,431.1631578855285,5
2024-09-20 13:43:16.664,431.1664961420591,6
2024-09-20 13:43:16.696,431.1532936055809,9
2024-09-20 13:43:16.719,431.1661966324455,998
2024-09-20 13:43:16.883,431.19541084534006,1002
2024-09-20 13:43:16.974,431.2143644104571,104
2024-09-20 13:43:17.050,431.14492808309416,105
2024-09-20 13:43:17.052,431.1044537984576,999
2024-09-20 13:43:17.066,431.1567374608685,12
2024-09-20 13:43:17.102,431.11947668436017,15
2024-09-20 13:43:17.127,431.1131113500389,13
2024-09-20 13:43:17.143,431.1828210808228,102
2024-09-20 13:43:17.183,431.1415810557792,11
2024-09-20 13:43:17.234,431.12715869445657,996
2024-09-20 13:43:17.267,431.18563307088425,95
2024-09-20 13:43:17.429,431.135009874368,15
2024-09-20 13:43:17.465,431.1071022550159,99
2024-09-20 13:43:17.483,431.14971675076674,995
2024-09-20 13:43:17.491,431.1252046871789,97
2024-09-20 13:43:17.502,431.13165393693015,14
2024-09-20 13:43:17.614,431.1748324660555,14
2024-09-20 13:43:17.793,431.12532917348864,14
2024-09-20 13:43:17.846,431.1179095341018,14
2024-09-20 13:43:17.996,431.1327816919296,103
2024-09-20 13:43:18.021,431.09648735070255,9
2024-09-20 13:43:18.240,431.1647731397143,97
2024-09-20 13:43:18.312,431.17393301406014,98
2024-09-20 13:43:18.360,431.1524000241478,997
2024-09-20 13:43:18.385,431.1518066153755,97
2024-09-20 13:43:18.435,431.17245445236887,105
2024-09-20 13:43:18.444,431.0581748835302,995
2024-09-20 13:43:18.454,431.1533399037864,98
2024-09-20 13:43:18.463,431.1640346715917,98
2024-09-20 13:43:18.515,431.06115521572247,12
2024-09-20 13:43:18.557,431.17345832996057,15
2024-09-20 13:43:18.608,431.1662198928236,999
2024-09-20 13:43:18.627,431.1725534093376,98
2024-09-20 13:43:18.668,431.1328571374799,1001
2024-09-20 13:43:18.710,431.0733218297992,1002
2024-09-20 13:43:18.717,431.14833306914494,105
2024-09-20 13:43:18.752,431.1716241560049,101
2024-09-20 13:43:18.759,431.1493169727646,1004
2024-09-20 13:43:18.770,431.1544107953232,996
2024-09-20 13:43:18.949,431.1532652307925,995
2024-09-20 13:43:19.009,431.0316846547309,10
2024-09-20 13:43:19.010,431.0443435095508,100
2024-09-20 13:43:19.013,431.0449293787544,999
2024-09-20 13:43:19.068,431.0343099624157,98
2024-09-20 13:43:19.175,431.032799147908,95
2024-09-20 13:43:19.197,-431.0241925859816,1003
2024-09-20 13:43:19.205,430.97551913006754,11
2024-09-20 13:43:19.226,431.0295712137066,14
2024-09-20 13:43:19.239,431.0343911460039,1000
2024-09-20 13:43:19.273,431.0501137908252,1001
2024-09-20 13:43:19.362,431.0050505550216,6
2024-09-20 13:43:19.373,431.00998481944,100
2024-09-20 13:43:19.419,431.0495914519673,8
2024-09-20 13:43:19.484,431.009854273501,98
2024-09-20 13:43:19.484,431.0317523439404,1001
2024-09-20 13:43:19.492,431.0204790577556,1001
2024-09-20 13:43:19.508,431.0358594048427,996
2024-09-20 13:43:19.522,431.0307677966872,1005
2024-09-20 13:43:19.561,431.0321528377968,1001
2024-09-20 13:43:19.606,431.0167062176338,8
2024-09-20 13:43:19.625,431.0275601965285,6
2024-09-20 13:43:19.777,431.0488374776682,101
2024-09-20 13:43:19.796,430.9972982125626,97
2024-09-20 13:43:19.820,431.0240033776676,1004
2024-09-20 13:43:19.863,431.02776890201176,8
2024-09-20 13:43:19.908,431.0343041249217,12
2024-09-20 13:43:19.971,431.0126007653029,95
2024-09-20 13:43:19.978,430.9954120057477,12
2024-09-20 13:43:20.050,430.9835699351826,12
2024-09-20 13:43:20.160,430.9811448335032,1000
2024-09-20 13:43:20.349,430.9763802561942,95
2024-09-20 13:43:20.390,430.9781779500793,100
2024-09-20 13:43:20.481,430.9830111798189,14
2024-09-20 13:43:20.624,430.9798262096604,13
2024-09-20 13:43:20.638,430.9680145510944,998
2024-09-20 13:43:20.685,430.98692573053904,100
2024-09-20 13:43:20.707,430.97023244493647,1002
2024-09-20 13:43:20.773,431.0011939478022,95
2024-09-20 13:43:20.904,430.99552031783537,1001
2024-09-20 13:43:20.942,430.9979103033027,1003
2024-09-20 13:43:21.044,430.95110849817786,105
2024-09-20 13:43:21.341,430.9613366575844,104
2024-09-20 13:43:21.418,430.97950152097366,101
2024-09-20 13:43:21.422,430.9522608015801,95
2024-09-20 13:43:21.598,430.97431201762015,105
2024-09-20 13:43:21.644,430.9529625041114,15
2024-09-20 13:43:21.954,430.9827755072281,996
2024-09-20 13:43:22.025,43.09172909918181,96
2024-09-20 13:43:22.075,430.9621593183002,103
2024-09-20 13:43:22.152,430.9687641609145,999
2024-09-20 13:43:22.181,430.9513046352323,12
2024-09-20 13:43:22.191,430.9688868818085,7
2024-09-20 13:43:22.233,430.9781362749936,997
2024-09-20 13:43:22.233,430.94464976611386,5
2024-09-20 13:43:22.260,430.9335578062628,13
2024-09-20 13:43:22.323,-430.9617993349975,1001
2024-09-20 13:43:22.407,430.9591180553357,12
2024-09-20 13:43:22.425,430.9515020828022,13
2024-09-20 13:43:22.461,,11
2024-09-20 13:43:22.528,430.9490498373623,1002
2024-09-20 13:43:22.555,430.9550458806893,1003
2024-09-20 13:43:22.563,430.9490839757108,12
2024-09-20 13:43:22.602,430.9567987610065,98
2024-09-20 13:43:22.681,430.93885549912005,1000
2024-09-20 13:43:22.732,430.9405542219261,10
2024-09-20 13:43:22.745,430.9512769939627,9
2024-09-20 13:43:22.787,430.9707050816223,103
2024-09-20 13:43:22.789,430.9524046348408,102
2024-09-20 13:43:22.812,430.933460289342,1001
2024-09-20 13:43:22.889,430.9451025272285,102
2024-09-20 13:43:22.970,430.9243446043867,6
2024-09-20 13:43:23.048,431.02227439843546,102
2024-09-20 13:43:23.108,430.9799477752096,8
2024-09-20 13:43:23.288,431.0131675628196,11
2024-09-20 13:43:23.319,43.09886838870637,102
2024-09-20 13:43:23.548,431.0090324506549,10
2024-09-20 13:43:23.591,431.01854093167617,104
2024-09-20 13:43:23.602,43.09944104437011,1004
2024-09-20 13:43:24.030,430.9477002538532,98
2024-09-20 13:43:24.142,430.96034194284726,100
2024-09-20 13:43:24.150,430.8872293741118,13
2024-09-20 13:43:24.223,430.91389547042667,97
2024-09-20 13:43:24.230,430.9770566783187,12
2024-09-20 13:43:24.254,430.8854205236435,1001
2024-09-20 13:43:24.263,430.95710918220135,996
2024-09-20 13:43:24.340,,95
2024-09-20 13:43:24.379,430.9769691697175,104
2024-09-20 13:43:24.403,430.9606440161722,102
2024-09-20 13:43:24.435,430.9816797814138,99
2024-09-20 13:43:24.443,430.9249873671379,100
2024-09-20 13:43:24.443,430.9434599660888,7
2024-09-20 13:43:24.487,430.90166114743386,6
2024-09-20 13:43:24.490,430.95373645529554,1003
2024-09-20 13:43:24.539,430.93721543317486,98
2024-09-20 13:43:24.546,430.97107574302873,997
2024-09-20 13:43:24.565,430.9155804236223,101
2024-09-20 13:43:24.648,430.9058831825917,100
2024-09-20 13:43:24.693,430.9881295733567,104
2024-09-20 13:43:24.702,430.9714671935319,1005
2024-09-20 13:43:24.717,430.9771971275602,999
2024-09-20 13:43:24.768,430.9719059468442,98
2024-09-20 13:43:24.797,-430.91628541434335,100
2024-09-20 13:43:24.823,430.881185223525,102
2024-09-20 13:43:24.930,,995
2024-09-20 13:43:24.941,430.9660496117274,995
2024-09-20 13:43:24.993,430.8873053680516,13
2024-09-20 13:43:25.169,431.0564420093388,999
2024-09-20 13:43:25.193,431.0676808466888,102
2024-09-20 13:43:25.206,431.0447755872789,12
2024-09-20 13:43:25.246,431.0427702742557,13
2024-09-20 13:43:25.340,431.06279556796505,98
2024-09-20 13:43:25.343,431.0102510858187,99
2024-09-20 13:43:25.459,431.0605894561815,7
2024-09-20 13:43:25.494,431.058178953403,9
2024-09-20 13:43:25.612,431.08171853419685,98
2024-09-20 13:43:25.685,430.95706609136033,10
2024-09-20 13:43:25.729,431.0512914622933,5
2024-09-20 13:43:25.821,431.04102327008536,15
2024-09-20 13:43:25.876,431.020047407054,8
2024-09-20 13:43:25.895,431.0310849814641,13
2024-09-20 13:43:25.897,431.0549775759686,999
2024-09-20 13:43:25.902,431.0360717347151,1003
2024-09-20 13:43:25.938,431.06018983453407,104
2024-09-20 13:43:25.951,431.06823770206296,9
2024-09-20 13:43:25.957,431.0469220720409,99
2024-09-20 13:43:25.982,431.0428396572323,997
2024-09-20 13:43:25.983,431.0411786640829,102
2024-09-20 13:43:26.131,431.0586156176354,99
2024-09-20 13:43:26.231,431.05195056081016,6
2024-09-20 13:43:26.797,431.0831193028206,13
2024-09-20 13:43:26.799,431.0677730704145,13
2024-09-20 13:43:26.996,431.0537556598764,1003
2024-09-20 13:43:27.116,431.0446798046985,12
2024-09-20 13:43:27.270,431.02774048766537,1001
2024-09-20 13:43:27.438,431.0127210509333,10
2024-09-20 13:43:27.523,431.0567192738158,7
2024-09-20 13:43:27.583,431.04834446284656,8
2024-09-20 13:43:27.669,431.0333829015669,102
2024-09-20 13:43:27.855,431.0326788297522,11
2024-09-20 13:43:28.041,431.0755445080301,102
2024-09-20 13:43:28.216,431.0670102204705,14
2024-09-20 13:43:28.326,431.0201959055579,1002
2024-09-20 13:43:28.449,431.0522473624545,1004
2024-09-20 13:43:28.505,431.0290000876794,13
2024-09-20 13:43:28.708,431.0616093183449,6
2024-09-20 13:43:28.730,431.0714868854344,11
2024-09-20 13:43:28.792,431.0150220383349,5
2024-09-20 13:43:28.812,431.0632962093855,6
2024-09-20 13:43:28.823,-431.0398525804704,7
2024-09-20 13:43:28.843,431.0532282642102,14
2024-09-20 13:43:28.846,431.0233509959638,1001
2024-09-20 13:43:28.896,431.0730422757296,8
2024-09-20 13:43:29.254,431.06939057046895,100
2024-09-20 13:43:29.291,431.0881124102218,96
2024-09-20 13:43:29.682,431.0870396618855,96
2024-09-20 13:43:29.864,431.08022332873503,100
2024-09-20 13:43:30.020,431.1428639882242,997
2024-09-20 13:43:30.043,431.1353276557075,1002
2024-09-20 13:43:30.189,431.1338258403009,996
2024-09-20 13:43:30.249,431.1208312349356,95
2024-09-20 13:43:30.312,431.1034548892379,995
2024-09-20 13:43:30.612,431.1482459112484,97
2024-09-20 13:43:30.632,431.167700335875,7
2024-09-20 13:43:30.652,431.1130993445748,998
2024-09-20 13:43:30.665,431.1173596721002,10
2024-09-20 13:43:30.762,431.1715206616216,1002
2024-09-20 13:43:30.800,431.1434465193356,7
2024-09-20 13:43:30.853,431.092707160612,97
2024-09-20 13:43:30.859,431.1451024650906,96
2024-09-20 13:43:30.895,431.1852477272434,6
2024-09-20 13:43:30.913,431.1415214218115,12
2024-09-20 13:43:31.124,431.1487763185413,6
2024-09-20 13:43:31.127,431.18271120858543,1005
2024-09-20 13:43:31.161,431.1301072196981,11
2024-09-20 13:43:31.182,431.1377847629497,5
2024-09-20 13:43:31.190,431.1521688714931,101
2024-09-20 13:43:31.370,431.1500415157827,1005
2024-09-20 13:43:31.374,431.1259959812609,14
2024-09-20 13:43:31.486,431.1524411741504,13
2024-09-20 13:43:31.516,431.1800640139234,1001
2024-09-20 13:43:31.581,431.142754495071,96
2024-09-20 13:43:31.770,431.136402818078,105
2024-09-20 13:43:31.779,431.1478009544501,999
2024-09-20 13:43:31.854,431.1267920521156,95
2024-09-20 13:43:32.037,431.198815510345,97
2024-09-20 13:43:32.099,431.1755865846105,996
2024-09-20 13:43:32.103,431.18731010650725,98
2024-09-20 13:43:32.247,431.18517058080334,1005
2024-09-20 13:43:32.275,431.1776030319398,104
2024-09-20 13:43:32.311,,1001
2024-09-20 13:43:32.763,431.1859651918411,15
2024-09-20 13:43:32.790,431.1938682230335,1000
2024-09-20 13:43:33.013,431.1605149530965,13
2024-09-20 13:43:33.063,431.12637083258056,995
2024-09-20 13:43:33.104,431.1352085260414,98
2024-09-20 13:43:33.214,431.2417449844477,5
2024-09-20 13:43:33.277,431.2171697877964,99
2024-09-20 13:43:33.352,431.19152856444543,998
2024-09-20 13:43:33.453,431.199692843386,1001
2024-09-20 13:43:33.527,431.1874168866949,105
2024-09-20 13:43:33.619,431.21739372274425,100
2024-09-20 13:43:33.689,431.1342989224083,996
2024-09-20 13:43:33.698,431.1319010416912,9
2024-09-20 13:43:33.757,431.2257492567588,9
2024-09-20 13:43:33.804,431.2014168633249,6
2024-09-20 13:43:33.812,431.188331533894,998
2024-09-20 13:43:33.846,431.1775594784224,13
2024-09-20 13:43:33.870,431.17510567984414,99
2024-09-20 13:43:33.896,431.1575010276805,8
2024-09-20 13:43:33.976,431.16110866838994,1004
2024-09-20 13:43:33.993,431.169633585995,10
2024-09-20 13:43:33.996,431.1315464316021,100
2024-09-20 13:43:34.193,431.2123735591696,9
2024-09-20 13:43:34.268,431.21962985754254,999
2024-09-20 13:43:34.279,431.2197216685087,15
2024-09-20 13:43:34.315,431.21622413390514,101
2024-09-20 13:43:34.322,431.2197530472439,7
2024-09-20 13:43:34.434,431.2415396179569,97
2024-09-20 13:43:34.645,431.2391578731008,998
2024-09-20 13:43:34.677,431.2218624708433,6
2024-09-20 13:43:34.712,431.22428231223023,1003
2024-09-20 13:43:34.719,431.2181215857483,97
2024-09-20 13:43:34.851,43.12138393256506,1000
2024-09-20 13:43:34.858,431.2401133798104,98
2024-09-20 13:43:34.898,431.2223499625259,10
2024-09-20 13:43:34.917,431.23699120881713,6
2024-09-20 13:43:34.967,431.20737944413054,11
2024-09-20 13:43:35.008,431.2711900702692,1004
2024-09-20 13:43:35.014,431.2083273831258,102
2024-09-20 13:43:35.039,431.20632885481393,10
2024-09-20 13:43:35.124,431.2211481152039,1001
2024-09-20 13:43:35.148,431.2134120865994,997
2024-09-20 13:43:35.212,431.2401495812867,999
2024-09-20 13:43:35.303,431.2397111590855,100
2024-09-20 13:43:35.343,431.2726549215168,15
2024-09-20 13:43:35.405,431.2835537280166,9
2024-09-20 13:43:35.412,431.2789843210424,7
2024-09-20 13:43:35.420,431.2510191661245,95
2024-09-20 13:43:35.436,431.2605681001985,9
2024-09-20 13:43:35.474,431.2347630258762,101
2024-09-20 13:43:35.494,-431.2338586199282,12
2024-09-20 13:43:35.505,431.27008764370345,996
2024-09-20 13:43:35.522,431.2828549153992,100
2024-09-20 13:43:35.562,431.2794704707623,100
2024-09-20 13:43:35.655,431.2261262347312,102
2024-09-20 13:43:35.659,431.22805360926907,1004
2024-09-20 13:43:35.700,431.1946387610929,999
2024-09-20 13:43:35.750,431.2253930020496,97
2024-09-20 13:43:35.780,431.2299914252954,99
2024-09-20 13:43:35.810,431.2814838680296,104
2024-09-20 13:43:35.866,431.2666649462963,100
2024-09-20 13:43:35.873,431.25934182635774,12
2024-09-20 13:43:35.881,431.2022855792345,10
2024-09-20 13:43:35.911,431.28861370526704,97
2024-09-20 13:43:35.948,431.2704543975232,14
2024-09-20 13:43:35.958,431.2533192866464,12
2024-09-20 13:43:35.970,431.2822591625553,105
2024-09-20 13:43:36.093,431.3158102296768,1001
2024-09-20 13:43:36.221,431.286529157208,10
2024-09-20 13:43:36.337,431.3148849817546,995
2024-09-20 13:43:36.402,431.2751273331012,1004
2024-09-20 13:43:36.442,431.3027962315667,15
2024-09-20 13:43:36.517,431.3147827148464,5
2024-09-20 13:43:36.533,431.28457471922326,996
2024-09-20 13:43:36.558,431.2931428212397,1001
2024-09-20 13:43:36.585,431.2814671734548,997
2024-09-20 13:43:36.615,-431.2908424383592,6
2024-09-20 13:43:36.624,431.3037205249423,104
2024-09-20 13:43:36.646,431.28573474315607,7
2024-09-20 13:43:36.664,431.32467982785823,98
2024-09-20 13:43:36.834,431.26494130607335,97
2024-09-20 13:43:36.985,431.2777301927235,14
2024-09-20 13:43:37.006,431.2757909090849,1000
2024-09-20 13:43:37.115,431.2919815931398,1002
2024-09-20 13:43:37.118,431.3261397057133,5
2024-09-20 13:43:37.221,431.313219444536,998
2024-09-20 13:43:37.225,431.3147179927933,1003
2024-09-20 13:43:37.236,431.2988288819571,95
2024-09-20 13:43:37.307,431.3094184659549,8
2024-09-20 13:43:37.470,431.2931603299738,96
2024-09-20 13:43:37.471,431.3064391748847,9
2024-09-20 13:43:37.543,431.3108740121513,97
2024-09-20 13:43:37.552,431.3065527903947,996
2024-09-20 13:43:37.570,431.3294062678648,10
2024-09-20 13:43:37.582,,1003
2024-09-20 13:43:37.610,431.2948994405788,1004
2024-09-20 13:43:37.614,431.2928760435882,1004
2024-09-20 13:43:37.695,431.300308580928,8
2024-09-20 13:43:37.702,431.2979766660812,996
2024-09-20 13:43:37.896,431.2856740172808,995
2024-09-20 13:43:37.909,431.2827923614048,101
2024-09-20 13:43:38.010,431.33500476645503,1002
2024-09-20 13:43:38.031,431.34424891472287,98
2024-09-20 13:43:38.106,431.333702810123,1003
2024-09-20 13:43:38.249,431.3105357016798,8
2024-09-20 13:43:38.298,431.33438352009495,105
2024-09-20 13:43:38.323,431.3222041824865,10
2024-09-20 13:43:38.383,431.3306428188501,997
2024-09-20 13:43:38.384,431.32653867328406,9
2024-09-20 13:43:38.496,431.3361847528299,100
2024-09-20 13:43:38.554,431.3333547617519,1005
2024-09-20 13:43:38.771,431.31460882316816,997
2024-09-20 13:43:38.775,431.31928350332703,5
2024-09-20 13:43:38.926,431.30787164556097,95
2024-09-20 13:43:38.957,431.3379512532959,95
2024-09-20 13:43:38.971,431.3151530887961,95
2024-09-20 13:43:39.092,431.2948399220676,10
2024-09-20 13:43:39.145,-431.2542822854826,1003
2024-09-20 13:43:39.354,431.266063443853,11
2024-09-20 13:43:39.361,431.26005377983466,1005
2024-09-20 13:43:39.565,431.2541850933695,999
2024-09-20 13:43:39.662,431.313633311484,6
2024-09-20 13:43:39.674,431.25858051752834,14
2024-09-20 13:43:39.699,431.2483327203405,997
2024-09-20 13:43:39.704,431.3160964803846,15
2024-09-20 13:43:39.745,431.3302433878259,998
2024-09-20 13:43:39.803,431.2427669185892,1001
2024-09-20 13:43:39.824,431.2495615629632,105
2024-09-20 13:43:39.840,431.2734207956455,7
2024-09-20 13:43:39.916,431.3026215775151,1000
2024-09-20 13:43:39.982,431.26797270888034,1001
2024-09-20 13:43:40.173,431.1961036506373,98
2024-09-20 13:43:40.439,431.20447002676286,10
2024-09-20 13:43:40.459,431.1962714302124,102
2024-09-20 13:43:40.548,431.2002860587437,96
2024-09-20 13:43:40.570,431.2105856798594,1000
2024-09-20 13:43:40.684,431.26528728918953,1001
2024-09-20 13:43:40.684,431.2441215634051,1002
2024-09-20 13:43:40.903,431.2145381463598,1004
2024-09-20 13:43:40.950,431.2150603462263,1005
2024-09-20 13:43:41.082,431.1892798999222,99
2024-09-20 13:43:41.117,431.1763173528461,12
2024-09-20 13:43:41.154,431.1988584039115,8
2024-09-20 13:43:41.166,431.1717551883207,7
2024-09-20 13:43:41.175,431.1934283813506,97
2024-09-20 13:43:41.340,431.1813179739996,11
2024-09-20 13:43:41.341,431.2135227135845,95
2024-09-20 13:43:41.388,431.1795565362332,7
2024-09-20 13:43:41.405,431.1735994107029,1003
2024-09-20 13:43:41.435,431.1839024852853,11
2024-09-20 13:43:41.547,431.1852722341344,99
2024-09-20 13:43:41.548,-43.11752009485388,1003
2024-09-20 13:43:41.735,431.1607015304161,95
2024-09-20 13:43:41.817,431.18724011865766,101
2024-09-20 13:43:41.848,431.1707712850738,996
2024-09-20 13:43:42.172,431.1654246436248,6
2024-09-20 13:43:42.225,431.1263323137589,1002
2024-09-20 13:43:42.293,431.1449819174512,104
2024-09-20 13:43:42.787,-431.1490668034197,102
2024-09-20 13:43:42.843,431.13003234059386,96
2024-09-20 13:43:43.047,431.1259465073911,1000
2024-09-20 13:43:43.143,431.1420762391017,9
2024-09-20 13:43:43.207,431.07429212564,8
2024-09-20 13:43:43.472,431.1127589587455,999
2024-09-20 13:43:43.479,431.0834878000831,5
2024-09-20 13:43:43.558,431.1337365468419,5
2024-09-20 13:43:43.593,431.1507716880713,10
2024-09-20 13:43:43.640,431.13340257721,996
2024-09-20 13:43:43.727,431.1379820677563,97
2024-09-20 13:43:43.773,431.14354244194186,1003
2024-09-20 13:43:43.850,431.1475239220508,98
2024-09-20 13:43:43.930,431.1108015598052,997
2024-09-20 13:43:43.930,431.0897574620856,10
2024-09-20 13:43:43.931,431.1343502537418,8
2024-09-20 13:43:43.959,431.1324343806747,1000
2024-09-20 13:43:43.970,431.1322563741553,15
2024-09-20 13:43:44.138,431.04395649113735,6
2024-09-20 13:43:44.353,431.0286033467468,99
2024-09-20 13:43:44.355,431.06316844810885,98
2024-09-20 13:43:44.377,431.0623051185407,6
2024-09-20 13:43:44.421,431.06137393548187,8
2024-09-20 13:43:44.670,431.0537678610771,998
2024-09-20 13:43:44.850,431.05145288682274,998
2024-09-20 13:43:44.985,431.02349201138014,1000
2024-09-20 13:43:45.003,431.001738630345,9
2024-09-20 13:43:45.005,431.019613504815,13
2024-09-20 13:43:45.116,430.9956751642085,5
2024-09-20 13:43:45.131,431.0161430949075,7
2024-09-20 13:43:45.207,430.9997735522661,999
2024-09-20 13:43:45.241,431.0249766571528,102
2024-09-20 13:43:45.338,430.99646689536166,103
2024-09-20 13:43:45.343,430.9768294077964,101
2024-09-20 13:43:45.412,43.0987565790096,1003
2024-09-20 13:43:45.435,430.9833186423302,6
2024-09-20 13:43:45.442,431.0022530836988,14
2024-09-20 13:43:45.496,430.9779117179719,1005
2024-09-20 13:43:45.521,430.9909706025336,100
2024-09-20 13:43:45.544,430.9938554462111,104
2024-09-20 13:43:45.554,430.9948018147762,95
2024-09-20 13:43:45.568,430.99429721522296,9
2024-09-20 13:43:45.708,431.00122398524286,8
2024-09-20 13:43:45.843,431.003932359631,1001
2024-09-20 13:43:45.857,431.0365263065962,95
2024-09-20 13:43:45.907,431.0089509119984,102
2024-09-20 13:43:45.985,431.00898043619344,1000
2024-09-20 13:43:46.040,431.0244652326333,10
2024-09-20 13:43:46.121,431.0138051585104,105
2024-09-20 13:43:46.216,431.0322837013151,1001
2024-09-20 13:43:46.224,431.0295552974971,103
2024-09-20 13:43:46.357,431.0489623529252,1003
2024-09-20 13:43:46.484,431.0524903829734,996
2024-09-20 13:43:46.728,431.0340870221347,995
2024-09-20 13:43:47.040,431.129384077714,5
2024-09-20 13:43:47.052,431.1545361264027,1002
2024-09-20 13:43:47.091,431.09447277338006,101
2024-09-20 13:43:47.097,431.081067823322,14
2024-09-20 13:43:47.123,431.1591902218746,5
2024-09-20 13:43:47.124,431.0898474219553,996
2024-09-20 13:43:47.125,431.11223078811497,96
2024-09-20 13:43:47.136,431.1489848870372,1001
2024-09-20 13:43:47.285,431.0521584432221,995
2024-09-20 13:43:47.326,431.06819664381936,997
2024-09-20 13:43:47.337,431.096145077592,98
2024-09-20 13:43:47.339,431.0806027871234,1000
2024-09-20 13:43:47.340,431.0696376738215,998
2024-09-20 13:43:47.356,431.0916838320891,101
2024-09-20 13:43:47.437,431.1554088645624,98
2024-09-20 13:43:47.488,431.1570687189944,104
2024-09-20 13:43:47.526,431.0888613608445,103
2024-09-20 13:43:47.543,431.15025078536473,1005
2024-09-20 13:43:47.635,431.08125248354486,9
2024-09-20 13:43:47.723,431.0736944110671,1002
2024-09-20 13:43:47.757,431.0517728311636,99
2024-09-20 13:43:47.772,431.05936739841536,103
2024-09-20 13:43:47.826,431.1169037860695,10
2024-09-20 13:43:47.831,431.11872299088265,1001
2024-09-20 13:43:47.839,431.1135971441597,98
2024-09-20 13:43:47.840,431.1448214928194,98
2024-09-20 13:43:47.863,431.09431714360426,11
2024-09-20 13:43:47.870,431.05935341414994,999
2024-09-20 13:43:47.922,431.09737520473817,9
2024-09-20 13:43:47.969,431.08153110381727,9
2024-09-20 13:43:48.144,431.2725108756856,10
2024-09-20 13:43:48.166,431.26942388752366,995
2024-09-20 13:43:48.228,431.2105461808632,997
2024-09-20 13:43:48.253,431.2111059888629,14
2024-09-20 13:43:48.256,431.26399541485,12
2024-09-20 13:43:48.280,431.1919075382206,12
2024-09-20 13:43:48.314,431.27919477978,105
2024-09-20 13:43:48.346,431.2237979889173,95
2024-09-20 13:43:48.422,431.2963466526279,98
2024-09-20 13:43:48.455,431.212831595378,996
2024-09-20 13:43:48.464,431.1998176297613,100
2024-09-20 13:43:48.501,431.3026732832807,99
2024-09-20 13:43:48.521,431.2794925261464,999
2024-09-20 13:43:48.531,431.2754839009575,995
2024-09-20 13:43:48.544,431.1849366800834,11
2024-09-20 13:43:48.602,431.2827069784217,1002
2024-09-20 13:43:48.691,431.17905670892975,95
2024-09-20 13:43:48.721,431.1674112568501,100
2024-09-20 13:43:48.745,431.1948284135928,103
2024-09-20 13:43:48.772,431.2353237445299,997
2024-09-20 13:43:48.779,431.181200958536,96
2024-09-20 13:43:48.786,431.2488165647732,104
2024-09-20 13:43:48.811,431.2457007055204,97
2024-09-20 13:43:48.907,431.2197985434317,1005
2024-09-20 13:43:49.015,431.3128531099719,101
2024-09-20 13:43:49.053,431.3926213177043,997
2024-09-20 13:43:49.121,431.3694166700151,12
2024-09-20 13:43:49.124,431.3071176746128,103
2024-09-20 13:43:49.160,431.3012656219737,1001
2024-09-20 13:43:49.175,431.3331788963339,1003
2024-09-20 13:43:49.196,431.29379690140985,105
2024-09-20 13:43:49.252,431.4159455036971,103
2024-09-20 13:43:49.259,431.3774570266812,100
2024-09-20 13:43:49.267,431.3089015756258,99
2024-09-20 13:43:49.385,431.3564659305463,5
2024-09-20 13:43:49.403,431.3928959793951,8
2024-09-20 13:43:49.427,431.389776618029,103
2024-09-20 13:43:49.494,431.3186816182403,1002
2024-09-20 13:43:49.584,431.3121801166138,98
2024-09-20 13:43:49.603,431.3494227749367,95
2024-09-20 13:43:49.617,431.38883075596334,8
2024-09-20 13:43:49.633,431.3876288418635,103
2024-09-20 13:43:49.644,-431.40591724296974,7
2024-09-20 13:43:49.760,431.2841362212287,14
2024-09-20 13:43:49.809,431.3249874201248,100
2024-09-20 13:43:49.822,431.3719813222283,8
2024-09-20 13:43:49.824,431.3050473241518,99
2024-09-20 13:43:49.927,431.3062100904049,6
2024-09-20 13:43:49.945,431.3398282086626,9
2024-09-20 13:43:50.014,431.3660400736829,100
2024-09-20 13:43:50.157,431.3773978871519,15
2024-09-20 13:43:50.181,431.3337909715743,1000
2024-09-20 13:43:50.233,431.3718603838564,997
2024-09-20 13:43:50.283,431.3157218431861,6
2024-09-20 13:43:50.799,431.3675229104456,98
2024-09-20 13:43:50.823,431.34475740886336,996
2024-09-20 13:43:51.027,431.298117830134,98
2024-09-20 13:43:51.073,431.28564208677335,14
2024-09-20 13:43:51.177,431.29397235808494,95
2024-09-20 13:43:51.225,431.3110212872099,96
2024-09-20 13:43:51.361,431.268092959488,98
2024-09-20 13:43:51.420,431.296010932763,1002
2024-09-20 13:43:51.561,431.2889733959352,9
2024-09-20 13:43:51.569,431.29223611536514,100
2024-09-20 13:43:51.681,431.28778163373,101
2024-09-20 13:43:51.790,431.2895281702212,98
2024-09-20 13:43:51.847,431.2731530037657,5
2024-09-20 13:43:52.152,431.27392471483967,101
2024-09-20 13:43:52.241,431.2673924173535,1004
2024-09-20 13:43:52.295,431.2777016906888,1003
2024-09-20 13:43:52.458,431.2721106261938,105
2024-09-20 13:43:52.515,431.2516557554612,1003
2024-09-20 13:43:52.535,431.2776759275671,15
2024-09-20 13:43:52.609,431.2547560571185,1000
2024-09-20 13:43:52.612,431.2873541352485,98
2024-09-20 13:43:52.617,431.2612332491221,97
2024-09-20 13:43:52.624,431.2383944316794,1003
2024-09-20 13:43:52.667,431.2804071546536,104
2024-09-20 13:43:52.700,431.27273416643726,5
2024-09-20 13:43:52.705,431.2602009106464,99
2024-09-20 13:43:52.721,431.2827342422603,14
2024-09-20 13:43:52.879,431.2609618067126,1002
2024-09-20 13:43:52.888,431.2455102659808,11
2024-09-20 13:43:52.995,431.2707832933156,101
2024-09-20 13:43:53.789,431.23889186513736,10
2024-09-20 13:43:54.112,431.2435885889472,10
2024-09-20 13:43:54.510,431.2505702442582,996
2024-09-20 13:43:55.009,431.25362028757706,12
2024-09-20 13:43:55.058,431.29048091396544,13
2024-09-20 13:43:55.111,431.3017171681924,1004
2024-09-20 13:43:55.116,431.3150352958655,9
2024-09-20 13:43:55.118,431.2387903801864,15
2024-09-20 13:43:55.188,431.2351090549393,15
2024-09-20 13:43:55.213,431.3044120292692,998
2024-09-20 13:43:55.215,431.2806124104732,997
2024-09-20 13:43:55.240,431.2745215858373,96
2024-09-20 13:43:55.264,431.2545217206913,996
2024-09-20 13:43:55.315,431.2910399032171,6
2024-09-20 13:43:55.342,431.3130942543761,101
2024-09-20 13:43:55.362,431.281230865274,999
2024-09-20 13:43:55.463,431.25284733595294,11
2024-09-20 13:43:55.521,431.3133778576429,997
2024-09-20 13:43:55.521,431.2399347294636,998
2024-09-20 13:43:55.522,431.2900205121106,995
2024-09-20 13:43:55.595,431.2707181674074,102
2024-09-20 13:43:55.596,431.27818654110433,97
2024-09-20 13:43:55.610,431.2705760413296,98
2024-09-20 13:43:55.643,431.3014103730139,11
2024-09-20 13:43:55.736,431.3170690760924,12
2024-09-20 13:43:55.775,431.3072689673094,1005
2024-09-20 13:43:55.859,431.2620536827637,14
2024-09-20 13:43:55.896,431.3166706053886,1005
2024-09-20 13:43:55.987,431.31382887496414,995
2024-09-20 13:43:56.003,431.2882257854932,8
2024-09-20 13:43:56.012,431.2995867103186,996
2024-09-20 13:43:56.059,431.295292935869,1004
2024-09-20 13:43:56.078,431.2943536284789,98
2024-09-20 13:43:56.118,431.31235276044345,5
2024-09-20 13:43:56.295,431.30729970392,95
2024-09-20 13:43:56.319,431.3145897806184,996
2024-09-20 13:43:56.371,431.2947635811065,9
2024-09-20 13:43:56.416,431.3307330382199,997
2024-09-20 13:43:56.442,431.2949715754783,103
2024-09-20 13:43:56.459,431.2905435873198,9
2024-09-20 13:43:56.473,431.2978017111906,103
2024-09-20 13:43:56.483,431.3103949388968,11
2024-09-20 13:43:56.516,431.2881293604572,98
2024-09-20 13:43:56.528,431.3032280667995,7
2024-09-20 13:43:56.562,431.2871096504797,15
2024-09-20 13:43:56.649,431.3237494793405,999
2024-09-20 13:43:56.745,431.299902111095,96
2024-09-20 13:43:56.755,431.2932885560172,95
2024-09-20 13:43:56.811,431.285661481368,1005
2024-09-20 13:43:56.817,431.3180786924011,1002
2024-09-20 13:43:56.974,431.2944934553688,5
2024-09-20 13:43:56.991,431.2999333816784,5
2024-09-20 13:43:57.036,431.2742305025121,105
2024-09-20 13:43:57.041,431.2952676988359,1004
2024-09-20 13:43:57.057,431.29246394011847,5
2024-09-20 13:43:57.191,431.3058656898599,100
2024-09-20 13:43:57.315,431.3094830194762,12
2024-09-20 13:43:57.610,431.291549100928,104
2024-09-20 13:43:57.701,431.29251222496265,9
2024-09-20 13:43:57.840,431.2812175078959,996
2024-09-20 13:43:57.914,431.3026141774068,95
2024-09-20 13:43:58.092,431.3383495941995,1001
2024-09-20 13:43:58.176,431.35831547106886,1000
2024-09-20 13:43:58.281,-431.3244198614882,103
2024-09-20 13:43:58.357,431.3468428010739,101
2024-09-20 13:43:58.375,431.33863952077786,1001
2024-09-20 13:43:58.391,431.3079412784854,7
2024-09-20 13:43:58.401,431.3502556601732,1003
2024-09-20 13:43:58.452,431.3348249621673,103
2024-09-20 13:43:58.484,431.3417062701543,14
2024-09-20 13:43:58.504,431.3229284946014,1004
2024-09-20 13:43:58.516,431.3306217336968,12
2024-09-20 13:43:58.527,431.3159758654932,101
2024-09-20 13:43:58.591,431.3214953906975,1000
2024-09-20 13:43:58.612,431.36226473283136,102
2024-09-20 13:43:58.676,431.3388036917789,8
2024-09-20 13:43:58.681,431.31444424942254,1001
2024-09-20 13:43:58.691,43.13353451737794,104
2024-09-20 13:43:58.692,431.3316530096648,995
2024-09-20 13:43:58.707,431.3182303548744,15
2024-09-20 13:43:58.786,431.3442091878149,1001
2024-09-20 13:43:58.809,431.3384771939957,11
2024-09-20 13:43:58.843,431.3386486739871,102
2024-09-20 13:43:58.869,431.3340994142082,998
2024-09-20 13:43:59.024,431.3600826151399,96
2024-09-20 13:43:59.042,431.3686747338633,996
2024-09-20 13:43:59.073,431.3399217409448,99
2024-09-20 13:43:59.084,431.36384937035774,13
2024-09-20 13:43:59.156,431.35042028189,105
2024-09-20 13:43:59.158,431.371120647548,1005
2024-09-20 13:43:59.333,431.39875275082346,7
2024-09-20 13:43:59.368,431.3709367096666,996
2024-09-20 13:43:59.369,431.355937369463,10
2024-09-20 13:43:59.426,431.36839365262,96
2024-09-20 13:43:59.447,431.3754812091102,105
2024-09-20 13:43:59.510,431.35494029947006,96
2024-09-20 13:43:59.696,431.39755295725007,1000
2024-09-20 13:43:59.734,431.3754692794273,15
2024-09-20 13:43:59.755,431.35179167522944,102
2024-09-20 13:43:59.760,431.3684341166767,10
2024-09-20 13:43:59.764,431.3704501764119,100
2024-09-20 13:43:59.842,431.3636018323548,997
2024-09-20 13:43:59.858,431.3719531786399,995
2024-09-20 13:43:59.923,431.3531953080649,997
