Timestamp,Price,Size
2024-09-19 10:14:00.037,418.0713525376414,996
2024-09-19 10:14:00.135,418.0945900510916,100
2024-09-19 10:14:00.271,418.1135782797,12
2024-09-19 10:14:00.277,418.0558510954467,97
2024-09-19 10:14:00.335,418.0857748019209,1002
2024-09-19 10:14:00.343,418.0875661274391,13
2024-09-19 10:14:00.431,418.0963364774084,1000
2024-09-19 10:14:00.435,418.0631974476447,1001
2024-09-19 10:14:00.567,418.0798106892446,7
2024-09-19 10:14:00.697,418.0507153688359,102
2024-09-19 10:14:00.702,418.0810232794934,100
2024-09-19 10:14:00.712,418.0842697852684,12
2024-09-19 10:14:00.721,418.1006005238248,98
2024-09-19 10:14:00.743,418.0755201735291,102
2024-09-19 10:14:00.839,418.0532436199532,12
2024-09-19 10:14:00.847,418.0667723017979,99
2024-09-19 10:14:00.980,418.1010358860714,98
2024-09-19 10:14:01.112,418.0618382343657,1000
2024-09-19 10:14:01.199,418.04503692289614,1002
2024-09-19 10:14:01.247,418.0560410780384,103
2024-09-19 10:14:01.549,418.0498260563975,101
2024-09-19 10:14:01.752,418.0511378971256,100
2024-09-19 10:14:01.890,418.0454728166051,995
2024-09-19 10:14:02.079,418.18956548785246,995
2024-09-19 10:14:02.182,418.10235711821787,998
2024-09-19 10:14:02.208,418.0641368795788,1001
2024-09-19 10:14:02.222,418.05826912268816,7
2024-09-19 10:14:02.272,418.0959618803427,11
2024-09-19 10:14:02.355,418.18623510294975,11
2024-09-19 10:14:02.436,418.0829260447667,1005
2024-09-19 10:14:02.714,418.16552008502754,100
2024-09-19 10:14:02.720,418.1091674953766,11
2024-09-19 10:14:02.800,418.10822021948616,10
2024-09-19 10:14:02.858,418.19643021335446,996
2024-09-19 10:14:02.908,418.1288854814017,11
2024-09-19 10:14:02.909,418.0944574661059,6
2024-09-19 10:14:02.982,418.0490022842696,995
2024-09-19 10:14:03.027,418.20825972417055,14
2024-09-19 10:14:03.057,418.1795890235974,1000
2024-09-19 10:14:03.080,418.2002247760989,1005
2024-09-19 10:14:03.133,418.2212084551298,12
2024-09-19 10:14:03.169,418.20307371190313,95
2024-09-19 10:14:03.171,418.22018525915206,7
2024-09-19 10:14:03.195,418.18356835774233,997
2024-09-19 10:14:03.201,418.2345310681334,103
2024-09-19 10:14:03.213,418.1878676013276,99
2024-09-19 10:14:03.254,418.2266823035414,1003
2024-09-19 10:14:03.280,418.21103347238335,99
2024-09-19 10:14:03.339,418.2150902802495,10
2024-09-19 10:14:03.379,418.19439625918375,995
2024-09-19 10:14:03.394,418.20033787500114,1001
2024-09-19 10:14:03.484,418.21716521823447,10
2024-09-19 10:14:03.584,418.2097892659543,998
2024-09-19 10:14:03.594,418.22582266687454,96
2024-09-19 10:14:03.620,418.2095219888743,1003
2024-09-19 10:14:03.625,418.19875450386337,1004
2024-09-19 10:14:03.638,418.2405911302499,102
2024-09-19 10:14:03.684,,95
2024-09-19 10:14:03.718,418.20829302729294,97
2024-09-19 10:14:03.747,418.1980978440149,105
2024-09-19 10:14:03.751,418.2273032647285,104
2024-09-19 10:14:03.751,418.1827658342353,999
2024-09-19 10:14:03.853,418.19178730116334,995
2024-09-19 10:14:04.022,418.2788327494608,1000
2024-09-19 10:14:04.143,418.240129145795,997
2024-09-19 10:14:04.202,418.2425508316215,102
2024-09-19 10:14:04.206,418.30749483957226,995
2024-09-19 10:14:04.235,418.2415899034832,11
2024-09-19 10:14:04.253,418.2238737627433,5
2024-09-19 10:14:04.374,418.2927272952168,102
2024-09-19 10:14:04.414,418.240683995205,6
2024-09-19 10:14:04.436,418.2323460086587,1001
2024-09-19 10:14:04.440,418.2876733774912,5
2024-09-19 10:14:04.440,418.24652045070167,104
2024-09-19 10:14:04.487,41.82793303793167,102
2024-09-19 10:14:04.524,418.2942268975639,7
2024-09-19 10:14:04.529,418.2302485269339,96
2024-09-19 10:14:04.530,418.2328574811459,1002
2024-09-19 10:14:04.530,418.22016922182473,11
2024-09-19 10:14:04.616,418.2383450499954,995
2024-09-19 10:14:04.621,418.2642335526321,10
2024-09-19 10:14:04.678,-418.2556125993484,995
2024-09-19 10:14:04.710,418.2838166980288,95
2024-09-19 10:14:04.780,418.2014711450857,1000
2024-09-19 10:14:04.823,418.2333506919736,103
2024-09-19 10:14:04.918,418.28121634715234,104
2024-09-19 10:14:04.979,418.2465822636712,101
2024-09-19 10:14:05.590,418.3109034392322,104
2024-09-19 10:14:05.738,418.2976214283106,105
2024-09-19 10:14:05.930,418.30290501444654,995
2024-09-19 10:14:05.936,418.2719757374057,98
2024-09-19 10:14:06.012,418.2444605280344,11
2024-09-19 10:14:06.021,418.2660522187551,96
2024-09-19 10:14:06.026,418.2473807141026,97
2024-09-19 10:14:06.204,418.20418367447513,1003
2024-09-19 10:14:06.233,418.2548950640183,1002
2024-09-19 10:14:06.338,418.1994785752728,8
2024-09-19 10:14:06.382,418.2300296154428,96
2024-09-19 10:14:06.419,418.2512456400794,99
2024-09-19 10:14:06.461,418.2243492359184,996
2024-09-19 10:14:06.542,418.2316974452232,100
2024-09-19 10:14:06.552,418.24544877402457,995
2024-09-19 10:14:06.613,418.21320116339547,6
2024-09-19 10:14:06.648,418.2277001049574,104
2024-09-19 10:14:06.728,418.2178226428863,13
2024-09-19 10:14:06.731,418.2175183565759,10
2024-09-19 10:14:06.783,418.25113669506726,98
2024-09-19 10:14:06.869,418.2264301622097,998
2024-09-19 10:14:06.876,418.23134899996006,8
2024-09-19 10:14:06.884,418.22786974039417,101
2024-09-19 10:14:06.957,418.2033429873798,14
2024-09-19 10:14:06.995,418.2676631551519,1002
2024-09-19 10:14:07.084,418.288182416775,13
2024-09-19 10:14:07.104,418.2793143219912,1004
2024-09-19 10:14:07.208,418.25943927577407,96
2024-09-19 10:14:07.260,418.263967169973,97
2024-09-19 10:14:07.306,418.2821165885896,1001
2024-09-19 10:14:07.658,418.2966813800184,96
2024-09-19 10:14:07.712,418.25933012522177,8
2024-09-19 10:14:07.716,418.27019123203456,12
2024-09-19 10:14:07.806,418.2698247855461,1003
2024-09-19 10:14:07.808,418.283657346887,7
2024-09-19 10:14:08.003,,96
2024-09-19 10:14:08.017,418.340468152023,99
2024-09-19 10:14:08.026,418.3284461813713,104
2024-09-19 10:14:08.034,418.3244516623351,14
2024-09-19 10:14:08.187,418.26024140707307,97
2024-09-19 10:14:08.253,418.260768920373,5
2024-09-19 10:14:08.297,418.2920549820039,6
2024-09-19 10:14:08.306,418.31719934937,1001
2024-09-19 10:14:08.339,418.2504944941642,999
2024-09-19 10:14:08.340,418.29911167370886,102
2024-09-19 10:14:08.372,418.3196957718209,103
2024-09-19 10:14:08.388,418.3121351842785,8
2024-09-19 10:14:08.510,418.3466485734445,99
2024-09-19 10:14:08.615,418.3031701056171,9
2024-09-19 10:14:08.639,418.35157561047936,95
2024-09-19 10:14:08.650,418.3074878143868,15
2024-09-19 10:14:08.678,418.24377727083566,7
2024-09-19 10:14:08.683,418.3330110071293,1004
2024-09-19 10:14:08.762,418.32036937996537,1002
2024-09-19 10:14:08.780,418.2643400835341,1001
2024-09-19 10:14:08.800,418.29644082902496,1004
2024-09-19 10:14:08.852,418.3127300887225,12
2024-09-19 10:14:08.990,418.3323002807802,100
2024-09-19 10:14:09.015,418.3268250849826,13
2024-09-19 10:14:09.077,418.3368418335238,996
2024-09-19 10:14:09.086,418.3330201619598,11
2024-09-19 10:14:09.116,418.3335775395052,100
2024-09-19 10:14:09.144,418.32923598579856,100
2024-09-19 10:14:09.151,418.3447104437655,1001
2024-09-19 10:14:09.469,418.3339393731901,9
2024-09-19 10:14:09.475,418.3184684309984,101
2024-09-19 10:14:09.545,418.3286316835981,103
2024-09-19 10:14:09.569,418.3269487786554,100
2024-09-19 10:14:09.633,418.3184972098265,101
2024-09-19 10:14:09.769,418.3393495676879,100
2024-09-19 10:14:09.792,418.3377802654362,1001
2024-09-19 10:14:10.015,418.37151760961393,97
2024-09-19 10:14:10.036,418.368149676754,1004
2024-09-19 10:14:10.164,418.373533079808,997
2024-09-19 10:14:10.421,418.3688661428864,1001
2024-09-19 10:14:10.482,418.36526755480384,101
2024-09-19 10:14:10.730,418.3592196362321,15
2024-09-19 10:14:10.737,418.374968370806,104
2024-09-19 10:14:11.318,418.3308353948594,997
2024-09-19 10:14:11.840,418.34693713066144,95
2024-09-19 10:14:11.953,418.3256805910163,102
2024-09-19 10:14:12.126,418.3522171425728,995
2024-09-19 10:14:12.207,418.3173316692773,105
2024-09-19 10:14:12.381,418.32301307900144,103
2024-09-19 10:14:12.671,41.83298031011104,100
2024-09-19 10:14:12.704,418.33319503152967,100
2024-09-19 10:14:12.754,418.3253588517828,101
2024-09-19 10:14:12.794,418.32776930510175,999
2024-09-19 10:14:12.921,418.3347647083039,15
2024-09-19 10:14:12.928,418.3263999773823,1005
2024-09-19 10:14:13.200,418.355035550516,9
2024-09-19 10:14:13.227,418.356377151233,995
2024-09-19 10:14:13.275,418.3423612525184,105
2024-09-19 10:14:13.394,418.36098690789294,996
2024-09-19 10:14:13.448,418.3474140450506,996
2024-09-19 10:14:13.686,418.3512294677586,105
2024-09-19 10:14:15.001,418.3413443242698,1001
2024-09-19 10:14:15.019,418.3260940125131,999
2024-09-19 10:14:15.075,418.3553920903405,999
2024-09-19 10:14:15.102,418.330608988746,8
2024-09-19 10:14:15.166,418.3270466990782,97
2024-09-19 10:14:15.170,418.3485148834299,7
2024-09-19 10:14:15.251,418.3137935175186,13
2024-09-19 10:14:15.285,418.3648963524093,12
2024-09-19 10:14:15.318,418.3582936056473,10
2024-09-19 10:14:15.354,418.3339897552618,98
2024-09-19 10:14:15.617,418.35121705759394,5
2024-09-19 10:14:15.620,418.3767998812423,6
2024-09-19 10:14:15.627,418.3468050439405,1001
2024-09-19 10:14:15.660,418.3525804376368,9
2024-09-19 10:14:15.704,,98
2024-09-19 10:14:15.809,418.3448302153783,13
2024-09-19 10:14:15.831,418.3144938147479,13
2024-09-19 10:14:15.856,418.349633193287,11
2024-09-19 10:14:15.996,418.3433025288424,1001
2024-09-19 10:14:16.060,418.3391041091753,95
2024-09-19 10:14:16.136,418.3182962948492,12
2024-09-19 10:14:16.145,418.3453256393533,1000
2024-09-19 10:14:16.157,418.31996696609394,8
2024-09-19 10:14:16.213,418.3418996095133,8
2024-09-19 10:14:16.272,418.31494620597846,1002
2024-09-19 10:14:16.339,418.3505455119919,95
2024-09-19 10:14:16.619,418.3286823112501,1002
2024-09-19 10:14:16.662,418.3189320664163,101
2024-09-19 10:14:16.850,418.3553735672646,13
2024-09-19 10:14:17.014,418.24653866231904,1001
2024-09-19 10:14:17.080,418.272535951302,11
2024-09-19 10:14:17.451,418.29130679635824,997
2024-09-19 10:14:17.562,418.2504855731226,997
2024-09-19 10:14:17.588,,7
2024-09-19 10:14:17.739,418.272040137244,6
2024-09-19 10:14:17.778,418.2771244839171,13
2024-09-19 10:14:17.839,418.2747505236091,8
2024-09-19 10:14:17.876,418.2995449743063,5
2024-09-19 10:14:17.912,418.2526922339095,10
2024-09-19 10:14:17.953,418.3103737816993,997
2024-09-19 10:14:18.014,418.2467817257303,99
2024-09-19 10:14:18.150,-418.2255102362775,1002
2024-09-19 10:14:18.240,418.2684577038163,6
2024-09-19 10:14:18.292,418.2724895621794,103
2024-09-19 10:14:18.324,418.23263412281096,1003
2024-09-19 10:14:18.405,418.2683131241867,102
2024-09-19 10:14:18.410,418.26877941328667,999
2024-09-19 10:14:18.551,418.2560857879176,13
2024-09-19 10:14:18.596,418.2727917376141,103
2024-09-19 10:14:18.611,418.2652271989286,102
2024-09-19 10:14:18.613,418.27520653362507,9
2024-09-19 10:14:18.767,418.2559295925887,97
2024-09-19 10:14:18.835,418.2736710151648,1003
2024-09-19 10:14:18.858,418.2310572707751,100
2024-09-19 10:14:18.922,418.2462956034283,1000
2024-09-19 10:14:19.001,418.24596945285856,98
2024-09-19 10:14:19.033,418.2214957773394,13
2024-09-19 10:14:19.060,418.2026795910981,12
2024-09-19 10:14:19.100,418.2172151269489,8
2024-09-19 10:14:19.125,418.25578745480567,1005
2024-09-19 10:14:19.264,418.23344234843233,8
2024-09-19 10:14:19.325,418.227792135765,104
2024-09-19 10:14:19.365,418.2310477450173,9
2024-09-19 10:14:19.510,418.2335572481184,8
2024-09-19 10:14:19.862,418.2387717080863,996
2024-09-19 10:14:19.878,418.2282744693836,996
2024-09-19 10:14:19.916,418.2388285031543,11
2024-09-19 10:14:19.944,418.2312280853943,12
2024-09-19 10:14:20.069,418.2434024716597,997
2024-09-19 10:14:20.155,418.28183486094326,99
2024-09-19 10:14:20.178,418.20435023903536,998
2024-09-19 10:14:20.370,418.21090494716384,1002
2024-09-19 10:14:20.397,,100
2024-09-19 10:14:20.518,418.2904474810208,102
2024-09-19 10:14:20.621,418.2024766464562,95
2024-09-19 10:14:20.621,418.2272218711036,97
2024-09-19 10:14:20.639,418.2578596112222,11
2024-09-19 10:14:20.640,,11
2024-09-19 10:14:20.750,418.2480918987795,10
2024-09-19 10:14:20.797,418.2783962961931,1000
2024-09-19 10:14:21.115,418.2388141828304,99
2024-09-19 10:14:21.413,418.2222485137402,15
2024-09-19 10:14:21.770,418.235347411744,998
2024-09-19 10:14:21.804,418.23877094522334,95
2024-09-19 10:14:22.032,418.26491604475046,104
2024-09-19 10:14:22.134,418.3121106913727,1002
2024-09-19 10:14:22.180,418.2360986061807,14
2024-09-19 10:14:22.296,-418.2844287058475,96
2024-09-19 10:14:22.358,418.3248433747268,14
2024-09-19 10:14:22.412,418.26460980831575,103
2024-09-19 10:14:22.448,418.33456517930745,102
2024-09-19 10:14:22.529,418.3093864803469,14
2024-09-19 10:14:22.628,418.3040439184618,97
2024-09-19 10:14:22.685,418.3119049706647,103
2024-09-19 10:14:22.694,418.3104724482535,15
2024-09-19 10:14:22.750,418.3083397106369,999
2024-09-19 10:14:22.969,418.3077282421007,102
2024-09-19 10:14:23.017,418.3024196572232,14
2024-09-19 10:14:23.026,418.32868694458136,100
2024-09-19 10:14:23.134,418.3222317962943,98
2024-09-19 10:14:23.138,418.3036745679908,13
2024-09-19 10:14:23.141,418.31716929280753,1002
2024-09-19 10:14:23.181,418.3259577588015,1002
2024-09-19 10:14:23.183,418.3245317160309,99
2024-09-19 10:14:23.219,418.35110711482935,103
2024-09-19 10:14:23.244,418.31664305268185,103
2024-09-19 10:14:23.299,418.3307256813992,100
2024-09-19 10:14:23.346,418.3599085256258,997
2024-09-19 10:14:23.354,418.2990419628359,104
2024-09-19 10:14:23.413,418.3357102900284,1003
2024-09-19 10:14:23.414,418.3404180097975,95
2024-09-19 10:14:23.456,418.3153779316371,12
2024-09-19 10:14:23.499,418.35120344706127,998
2024-09-19 10:14:23.528,418.319226919208,100
2024-09-19 10:14:23.591,418.3402923777465,95
2024-09-19 10:14:23.696,418.33116388285424,100
2024-09-19 10:14:23.730,-418.3251985202611,999
2024-09-19 10:14:23.774,418.3286514365242,998
2024-09-19 10:14:23.840,418.3491792120887,103
2024-09-19 10:14:23.898,418.3581787674497,96
2024-09-19 10:14:23.961,418.3445775671964,14
2024-09-19 10:14:23.973,418.3554013801962,1001
2024-09-19 10:14:24.021,418.3154328030632,8
2024-09-19 10:14:24.089,418.3000315329773,7
2024-09-19 10:14:24.228,418.2740439139191,10
2024-09-19 10:14:24.230,418.3172795667789,999
2024-09-19 10:14:24.269,418.2976999375264,1000
2024-09-19 10:14:24.280,418.27995008843294,7
2024-09-19 10:14:24.409,418.3016677376406,11
2024-09-19 10:14:24.423,418.2861896908053,11
2024-09-19 10:14:24.673,-418.2994135392081,12
2024-09-19 10:14:24.725,418.3062889480984,102
2024-09-19 10:14:24.856,418.31004550961023,5
2024-09-19 10:14:24.856,418.3178124462132,102
2024-09-19 10:14:25.116,418.3475227935584,1004
2024-09-19 10:14:25.195,418.3234857137916,1004
2024-09-19 10:14:25.199,418.36521893879575,12
2024-09-19 10:14:25.209,,99
2024-09-19 10:14:25.432,418.3247248396569,10
2024-09-19 10:14:25.630,418.32122117177806,998
2024-09-19 10:14:25.707,418.32494701648784,999
2024-09-19 10:14:25.758,418.320533198454,5
2024-09-19 10:14:25.804,418.3581103015456,95
2024-09-19 10:14:25.852,418.33391070656586,103
2024-09-19 10:14:25.870,418.35162004964405,6
2024-09-19 10:14:25.955,418.3307651542985,12
2024-09-19 10:14:25.998,418.35841215358016,12
2024-09-19 10:14:26.067,418.3367112202133,13
2024-09-19 10:14:26.192,418.3692780222872,105
2024-09-19 10:14:26.316,418.3804681545379,96
2024-09-19 10:14:26.375,418.3385131407247,103
2024-09-19 10:14:26.545,418.34486007275314,1004
2024-09-19 10:14:26.566,418.3611523950982,1004
2024-09-19 10:14:26.594,418.35949756719504,102
2024-09-19 10:14:26.855,418.35111492216,999
2024-09-19 10:14:26.897,418.35203312375086,999
2024-09-19 10:14:26.925,418.3468512400331,998
2024-09-19 10:14:26.972,418.3615674572056,9
2024-09-19 10:14:27.014,418.3741380911253,1003
2024-09-19 10:14:27.074,418.3685453463249,1005
2024-09-19 10:14:27.120,418.3639450319922,98
2024-09-19 10:14:27.178,418.373757713643,11
2024-09-19 10:14:27.222,418.3841608977989,105
2024-09-19 10:14:27.292,418.3842473713308,997
2024-09-19 10:14:27.347,418.3612894563639,997
2024-09-19 10:14:27.368,418.3755736168122,1002
2024-09-19 10:14:27.369,418.3482594946794,7
2024-09-19 10:14:27.388,418.3469725685406,98
2024-09-19 10:14:27.449,418.38993007842913,996
2024-09-19 10:14:27.516,418.37936404257096,104
2024-09-19 10:14:27.551,,104
2024-09-19 10:14:27.583,418.3846507506437,97
2024-09-19 10:14:27.591,418.3469885709037,99
2024-09-19 10:14:27.695,418.3683826538724,11
2024-09-19 10:14:27.719,418.38176003021823,10
2024-09-19 10:14:27.761,418.4057031616358,7
2024-09-19 10:14:27.778,418.35071795165726,15
2024-09-19 10:14:27.867,418.3618605998027,998
2024-09-19 10:14:27.869,418.38603854935656,8
2024-09-19 10:14:27.945,418.3771926644839,997
2024-09-19 10:14:28.037,418.3444718765948,15
2024-09-19 10:14:28.103,418.3848649695258,96
2024-09-19 10:14:28.116,418.3127638122611,995
2024-09-19 10:14:28.142,418.3160064751037,98
2024-09-19 10:14:28.192,418.3255227600757,999
2024-09-19 10:14:28.284,418.36333276635486,5
2024-09-19 10:14:28.315,418.292102849304,105
2024-09-19 10:14:28.333,418.3728695802122,998
2024-09-19 10:14:28.336,418.3081251240394,997
2024-09-19 10:14:28.381,418.2744828193042,7
2024-09-19 10:14:28.389,418.3210074429685,97
2024-09-19 10:14:28.427,418.3177496761882,1005
2024-09-19 10:14:28.467,418.2686819090751,995
2024-09-19 10:14:28.523,418.3174460373808,100
2024-09-19 10:14:28.586,418.3373761272508,97
2024-09-19 10:14:28.609,-418.320818210252,1005
2024-09-19 10:14:28.661,418.3087514647213,103
2024-09-19 10:14:28.675,418.2805579174015,101
2024-09-19 10:14:28.718,418.3327836574706,103
2024-09-19 10:14:28.737,418.3391447054508,11
2024-09-19 10:14:28.783,418.3833556943429,11
2024-09-19 10:14:28.809,418.34147940990727,97
2024-09-19 10:14:28.835,418.3276195476589,997
2024-09-19 10:14:28.896,418.263928506901,997
2024-09-19 10:14:28.896,418.3357536615202,8
2024-09-19 10:14:28.966,418.32309860027726,1002
2024-09-19 10:14:29.074,418.2720904458277,95
2024-09-19 10:14:29.135,418.2286835843017,11
2024-09-19 10:14:29.171,418.2382757361263,1004
2024-09-19 10:14:29.272,418.2862025359924,996
2024-09-19 10:14:29.285,418.2709627445356,997
2024-09-19 10:14:29.337,418.2477555728512,7
2024-09-19 10:14:29.341,41.82576944275857,102
2024-09-19 10:14:29.386,418.2714856689648,103
2024-09-19 10:14:29.497,418.27150451782586,13
2024-09-19 10:14:29.513,418.2212603933644,995
2024-09-19 10:14:29.526,418.24213338724,1005
2024-09-19 10:14:29.550,418.28212027313407,15
2024-09-19 10:14:29.559,418.2335781959444,9
2024-09-19 10:14:29.623,418.2330461766115,13
2024-09-19 10:14:29.655,418.2290009959596,96
2024-09-19 10:14:29.795,418.2646458238564,1004
2024-09-19 10:14:29.810,418.27810230187015,5
2024-09-19 10:14:29.836,418.2724371084975,1005
2024-09-19 10:14:29.863,418.2365787252493,997
2024-09-19 10:14:29.883,418.2644649249194,6
2024-09-19 10:14:29.895,418.2861864813308,8
2024-09-19 10:14:30.061,418.28988153907824,12
2024-09-19 10:14:30.081,418.2408840496046,99
2024-09-19 10:14:30.083,418.2336520601329,12
2024-09-19 10:14:30.102,418.2797569962867,996
2024-09-19 10:14:30.128,418.300104460941,104
2024-09-19 10:14:30.217,418.28006332049296,1004
2024-09-19 10:14:30.234,418.26252738903617,105
2024-09-19 10:14:30.424,418.2731207864843,1005
2024-09-19 10:14:30.450,418.2276819258237,1003
2024-09-19 10:14:30.474,418.2285030065778,100
2024-09-19 10:14:30.570,418.2980028591855,97
2024-09-19 10:14:30.631,418.2544616528738,13
2024-09-19 10:14:30.666,418.2554523850725,1003
2024-09-19 10:14:30.705,418.2357930580813,100
2024-09-19 10:14:30.716,418.2359694116234,1002
2024-09-19 10:14:30.746,418.2269143820843,14
2024-09-19 10:14:30.772,418.3127139874989,8
2024-09-19 10:14:30.797,418.2388132244497,997
2024-09-19 10:14:30.987,418.207869144323,99
2024-09-19 10:14:31.010,418.3016807876174,998
2024-09-19 10:14:31.047,418.267049127069,1005
2024-09-19 10:14:31.252,418.30880862416245,96
2024-09-19 10:14:31.304,418.3185515434228,102
2024-09-19 10:14:31.321,418.30456204741927,101
2024-09-19 10:14:31.523,418.3124448856605,6
2024-09-19 10:14:31.633,418.2985638009573,100
2024-09-19 10:14:31.648,418.333230811766,5
2024-09-19 10:14:31.818,418.3039166682176,11
2024-09-19 10:14:31.900,418.2909626911332,7
2024-09-19 10:14:31.902,418.2725160463589,105
2024-09-19 10:14:31.952,418.29709784156046,997
2024-09-19 10:14:31.985,418.3206434098416,103
2024-09-19 10:14:32.077,418.2673250236307,7
2024-09-19 10:14:32.129,418.2102794326208,96
2024-09-19 10:14:32.206,418.29517366355856,8
2024-09-19 10:14:32.211,418.20177248161406,998
2024-09-19 10:14:32.230,418.27517439257593,8
2024-09-19 10:14:32.246,418.22354712092834,105
2024-09-19 10:14:32.392,418.2055669147114,998
2024-09-19 10:14:32.399,418.2036571883929,95
2024-09-19 10:14:32.403,418.2630511565247,996
2024-09-19 10:14:32.479,418.2704106115548,1001
2024-09-19 10:14:32.618,418.2773858407564,100
2024-09-19 10:14:32.639,418.2744929180984,14
2024-09-19 10:14:32.678,418.2307160040731,100
2024-09-19 10:14:32.695,418.2597912435986,6
2024-09-19 10:14:32.696,41.82707591977591,103
2024-09-19 10:14:32.803,418.2572406450881,9
2024-09-19 10:14:32.865,418.26059598675454,10
2024-09-19 10:14:32.987,418.2180403540424,1002
2024-09-19 10:14:33.048,418.1872870671868,14
2024-09-19 10:14:33.106,418.1895523630134,105
2024-09-19 10:14:33.111,418.1702328576274,102
2024-09-19 10:14:33.213,418.18165394000897,100
2024-09-19 10:14:33.333,418.18823981497815,11
2024-09-19 10:14:33.488,418.1640627394402,105
2024-09-19 10:14:33.666,418.1919530220623,104
2024-09-19 10:14:33.795,418.1906093147414,6
2024-09-19 10:14:33.807,418.18261239509656,1005
2024-09-19 10:14:33.962,418.1917543041284,5
2024-09-19 10:14:34.051,418.1906333462728,1002
2024-09-19 10:14:34.065,418.1977599697024,1005
2024-09-19 10:14:34.066,418.1684609969737,97
2024-09-19 10:14:34.116,418.1981608490752,96
2024-09-19 10:14:34.152,418.1575562324152,996
2024-09-19 10:14:34.191,418.1757911581491,105
2024-09-19 10:14:34.194,418.18033325826406,104
2024-09-19 10:14:34.204,418.1827115481455,998
2024-09-19 10:14:34.205,-418.1738383927562,11
2024-09-19 10:14:34.374,418.16340009661246,101
2024-09-19 10:14:34.383,418.1740038503218,13
2024-09-19 10:14:34.399,418.18129089715154,998
2024-09-19 10:14:34.423,418.1841170646248,999
2024-09-19 10:14:34.423,418.154403679105,1003
2024-09-19 10:14:34.430,418.1819294294522,95
2024-09-19 10:14:34.474,418.19306154870833,996
2024-09-19 10:14:34.558,418.1985113044451,6
2024-09-19 10:14:34.596,418.19533402638007,13
2024-09-19 10:14:34.629,418.1557447055085,99
2024-09-19 10:14:34.639,418.1857907432975,5
2024-09-19 10:14:34.654,418.1982559933585,997
2024-09-19 10:14:34.656,418.1548150629397,7
2024-09-19 10:14:34.673,418.1610992390013,14
2024-09-19 10:14:34.805,418.1549077816062,95
2024-09-19 10:14:34.814,418.19296413689216,8
2024-09-19 10:14:34.832,418.1851078745839,96
2024-09-19 10:14:34.850,418.18666774362816,995
2024-09-19 10:14:34.901,418.2094287893999,104
2024-09-19 10:14:34.991,418.1851516958058,95
2024-09-19 10:14:35.077,418.18720398567234,12
2024-09-19 10:14:35.082,418.1809049866749,101
2024-09-19 10:14:35.111,418.18356643775513,13
2024-09-19 10:14:35.154,418.152580606798,998
2024-09-19 10:14:35.193,418.1704175592956,5
2024-09-19 10:14:35.279,418.1679459156756,104
2024-09-19 10:14:35.372,418.186559710346,13
2024-09-19 10:14:35.461,418.1843712460853,100
2024-09-19 10:14:35.526,418.1724795020778,1003
2024-09-19 10:14:35.536,418.1797940557885,9
2024-09-19 10:14:35.608,418.1749592907976,95
2024-09-19 10:14:35.660,418.1772999624295,99
2024-09-19 10:14:35.741,418.1942090016509,997
2024-09-19 10:14:35.854,418.167346588382,1004
2024-09-19 10:14:35.874,418.1907322698728,98
2024-09-19 10:14:35.889,418.1832327277196,15
2024-09-19 10:14:35.911,418.1767720498541,102
2024-09-19 10:14:35.945,418.1863812613213,103
2024-09-19 10:14:35.947,418.17720878271234,14
2024-09-19 10:14:35.954,418.182236610742,999
2024-09-19 10:14:35.959,418.1734348843776,1005
2024-09-19 10:14:36.009,418.1789619230842,10
2024-09-19 10:14:36.019,418.17434284479697,104
2024-09-19 10:14:36.035,418.14816373701854,1000
2024-09-19 10:14:36.036,418.156144416025,1002
2024-09-19 10:14:36.076,418.1956824812255,995
2024-09-19 10:14:36.107,418.14664553463126,5
2024-09-19 10:14:36.255,418.1553493026788,1004
2024-09-19 10:14:36.282,418.1524566203725,1003
2024-09-19 10:14:36.287,418.1703719556713,1002
2024-09-19 10:14:36.370,418.1773590186074,998
2024-09-19 10:14:36.379,418.1993797540082,7
2024-09-19 10:14:36.393,418.1515636659755,7
2024-09-19 10:14:36.482,418.15680778590365,1005
2024-09-19 10:14:36.534,418.15796107545737,95
2024-09-19 10:14:36.699,418.1373325363849,1000
2024-09-19 10:14:36.770,,998
2024-09-19 10:14:36.777,418.1825835181499,98
2024-09-19 10:14:36.793,418.1750521091844,95
2024-09-19 10:14:36.817,418.1659453539368,996
2024-09-19 10:14:36.823,418.1698983012374,1000
2024-09-19 10:14:36.842,418.18940111738937,99
2024-09-19 10:14:36.923,418.1495478629921,1003
2024-09-19 10:14:36.929,418.1839898811637,995
2024-09-19 10:14:36.937,418.1606913352745,999
2024-09-19 10:14:36.954,418.1613612778802,104
2024-09-19 10:14:37.015,418.1759366401992,11
2024-09-19 10:14:37.062,418.170773753197,104
2024-09-19 10:14:37.218,418.1520173773977,998
2024-09-19 10:14:37.316,418.1779782647851,97
2024-09-19 10:14:37.423,418.14905476879153,995
2024-09-19 10:14:37.426,418.1353441733171,5
2024-09-19 10:14:37.485,418.14827724892746,103
2024-09-19 10:14:37.531,418.1207742634402,1003
2024-09-19 10:14:37.660,418.1441420008186,1003
2024-09-19 10:14:37.696,418.16446162723565,7
2024-09-19 10:14:37.711,418.1755722311448,105
2024-09-19 10:14:37.800,418.1344600194904,105
2024-09-19 10:14:37.849,418.1502882711378,14
2024-09-19 10:14:37.970,418.1840477733349,1000
2024-09-19 10:14:38.013,418.1088436355688,13
2024-09-19 10:14:38.043,418.1474018530269,97
2024-09-19 10:14:38.048,41.81045026304808,12
2024-09-19 10:14:38.128,418.1134607817736,105
2024-09-19 10:14:38.144,418.2005443492741,103
2024-09-19 10:14:38.156,418.1125303264945,103
2024-09-19 10:14:38.158,418.2355341909661,6
2024-09-19 10:14:38.167,418.1782975144655,995
2024-09-19 10:14:38.198,418.2243570041226,101
2024-09-19 10:14:38.239,418.1780430626735,104
2024-09-19 10:14:38.245,418.1119452978509,104
2024-09-19 10:14:38.318,418.1054191021895,1001
2024-09-19 10:14:38.351,418.1872287677235,995
2024-09-19 10:14:38.382,418.0917879359434,1004
2024-09-19 10:14:38.384,418.2154841455575,1005
2024-09-19 10:14:38.453,418.2032758079238,104
2024-09-19 10:14:38.533,418.2170961276523,11
2024-09-19 10:14:38.582,418.20625894999415,11
2024-09-19 10:14:38.589,418.0949967205708,96
2024-09-19 10:14:38.606,418.21922035112925,15
2024-09-19 10:14:38.607,418.1008477143472,995
2024-09-19 10:14:38.649,41.81202835756511,998
2024-09-19 10:14:38.689,418.2224208031769,1005
2024-09-19 10:14:38.734,418.129265098264,10
2024-09-19 10:14:38.751,418.1178683491389,998
2024-09-19 10:14:38.846,418.1778473741833,14
2024-09-19 10:14:38.900,418.20260665356966,999
2024-09-19 10:14:38.919,418.1201497266856,98
2024-09-19 10:14:38.980,418.21568356234064,11
2024-09-19 10:14:39.069,418.1418489130898,98
2024-09-19 10:14:39.078,418.2011529612347,1000
2024-09-19 10:14:39.086,418.24386735535865,13
2024-09-19 10:14:39.093,418.1987026372247,996
2024-09-19 10:14:39.111,418.136039442059,10
2024-09-19 10:14:39.127,418.1746702422764,15
2024-09-19 10:14:39.228,418.2339814798264,12
2024-09-19 10:14:39.252,418.1962440998039,105
2024-09-19 10:14:39.347,418.1905578072035,1003
2024-09-19 10:14:39.350,418.1762763886079,97
2024-09-19 10:14:39.370,418.16486240571686,15
2024-09-19 10:14:39.382,418.1949056173903,1002
2024-09-19 10:14:39.396,418.1460461584103,1003
2024-09-19 10:14:39.443,418.2000570140259,11
2024-09-19 10:14:39.465,418.2443726520772,14
2024-09-19 10:14:39.467,418.234928368608,10
2024-09-19 10:14:39.505,418.1944062901532,1004
2024-09-19 10:14:39.544,418.20518155178297,14
2024-09-19 10:14:39.545,418.1792777489344,6
2024-09-19 10:14:39.554,418.2220294164741,102
2024-09-19 10:14:39.573,418.1803820588576,12
2024-09-19 10:14:39.607,418.1487625682517,98
2024-09-19 10:14:39.615,418.2350172296044,1002
2024-09-19 10:14:39.635,418.2462617256166,1001
2024-09-19 10:14:39.655,418.1877658410543,98
2024-09-19 10:14:39.738,418.23768067680464,996
2024-09-19 10:14:39.889,418.1789912192991,996
2024-09-19 10:14:39.922,418.2175337037785,1002
2024-09-19 10:14:40.018,418.1781897946893,997
2024-09-19 10:14:40.033,418.14080383327376,103
2024-09-19 10:14:40.044,418.1784063413664,6
2024-09-19 10:14:40.046,418.1636829533032,1000
2024-09-19 10:14:40.129,418.1866400729645,997
2024-09-19 10:14:40.146,418.1741094189877,102
2024-09-19 10:14:40.224,418.1506639442443,96
2024-09-19 10:14:40.323,418.17893059177817,14
2024-09-19 10:14:40.414,418.15354915984193,998
2024-09-19 10:14:40.418,418.1817690002402,1000
2024-09-19 10:14:40.445,418.178449881808,1005
2024-09-19 10:14:40.452,418.18035283435984,10
2024-09-19 10:14:40.477,418.17567703658034,99
2024-09-19 10:14:40.506,418.16184625388473,14
2024-09-19 10:14:40.517,418.1723494041684,15
2024-09-19 10:14:40.523,418.1676802556876,9
2024-09-19 10:14:40.533,418.1573742743044,9
2024-09-19 10:14:40.572,418.18908334013815,104
2024-09-19 10:14:40.736,418.1417167415599,7
2024-09-19 10:14:40.751,418.158540449168,15
2024-09-19 10:14:40.799,418.1616914532225,9
2024-09-19 10:14:40.839,418.1628263319394,1002
2024-09-19 10:14:40.890,418.1775288941764,6
2024-09-19 10:14:40.937,418.1661014013571,13
2024-09-19 10:14:40.940,418.1753083054201,1001
2024-09-19 10:14:40.960,418.1746076742507,13
2024-09-19 10:14:40.993,418.1389854316242,8
2024-09-19 10:14:41.028,418.2244101464406,96
2024-09-19 10:14:41.042,418.2072770687622,997
2024-09-19 10:14:41.143,418.19946986131527,995
2024-09-19 10:14:41.166,418.2003678267618,9
2024-09-19 10:14:41.176,418.2123715396297,104
2024-09-19 10:14:41.197,418.17434812676623,8
2024-09-19 10:14:41.260,418.21620040377,12
2024-09-19 10:14:41.378,418.2035014032578,995
2024-09-19 10:14:41.403,418.194405283124,96
2024-09-19 10:14:41.456,418.20273216593154,99
2024-09-19 10:14:41.476,418.2227179927934,105
2024-09-19 10:14:41.501,418.1916787146211,100
2024-09-19 10:14:41.564,418.21568896479545,96
2024-09-19 10:14:41.595,418.1990180412938,11
2024-09-19 10:14:41.616,418.1709195047607,999
2024-09-19 10:14:41.654,418.19914503385496,103
2024-09-19 10:14:41.661,418.1919901893408,8
2024-09-19 10:14:41.736,418.1972116487057,97
2024-09-19 10:14:41.765,418.1948263839379,9
2024-09-19 10:14:41.957,418.2091258156089,999
2024-09-19 10:14:42.066,418.1844614151358,103
2024-09-19 10:14:42.077,418.0999063836907,101
2024-09-19 10:14:42.100,418.1427476174058,1005
2024-09-19 10:14:42.139,418.1340857520463,103
2024-09-19 10:14:42.153,418.0936793603749,998
2024-09-19 10:14:42.173,418.1328786653044,1005
2024-09-19 10:14:42.217,418.1494537159255,101
2024-09-19 10:14:42.290,418.1404743069992,12
2024-09-19 10:14:42.295,418.1672810993666,12
2024-09-19 10:14:42.361,418.13701073554125,1005
2024-09-19 10:14:42.377,418.1837917453246,1001
2024-09-19 10:14:42.420,418.1395824830813,101
2024-09-19 10:14:42.460,418.12772402509927,101
2024-09-19 10:14:42.525,418.1360488310146,6
2024-09-19 10:14:42.543,418.1592504679584,102
2024-09-19 10:14:42.558,418.12132229473866,996
2024-09-19 10:14:42.592,418.19566138408015,10
2024-09-19 10:14:42.652,418.12835470952206,998
2024-09-19 10:14:42.667,418.1886162880141,95
2024-09-19 10:14:42.749,418.1347236438699,104
2024-09-19 10:14:42.761,418.06988257741614,1000
2024-09-19 10:14:42.762,418.1362259401557,1004
2024-09-19 10:14:42.776,418.1347179237002,101
2024-09-19 10:14:42.844,418.1750517017799,11
2024-09-19 10:14:42.847,418.12537695076304,15
2024-09-19 10:14:42.848,418.1165576299925,98
2024-09-19 10:14:42.907,418.18627945431126,14
2024-09-19 10:14:42.980,418.1710882058621,1000
2024-09-19 10:14:42.990,418.143937144241,98
2024-09-19 10:14:43.076,418.0624279524417,102
2024-09-19 10:14:43.080,418.0877667667969,99
2024-09-19 10:14:43.459,418.1142557158775,13
2024-09-19 10:14:43.471,418.1230073735723,101
2024-09-19 10:14:43.613,418.08918604917903,13
2024-09-19 10:14:43.636,418.0763719102794,100
2024-09-19 10:14:43.639,418.1059822438096,10
2024-09-19 10:14:43.754,418.0857726313946,98
2024-09-19 10:14:43.756,418.1068062955263,12
2024-09-19 10:14:43.863,418.11038654528943,1000
2024-09-19 10:14:43.984,418.1106832893947,1000
2024-09-19 10:14:44.018,418.0010224145628,95
2024-09-19 10:14:44.088,418.1185697510113,998
2024-09-19 10:14:44.103,418.03733917131336,14
2024-09-19 10:14:44.263,418.0633613811084,999
2024-09-19 10:14:44.279,418.0858924251913,1002
2024-09-19 10:14:44.321,418.12217612106406,12
2024-09-19 10:14:44.332,418.107968164269,1001
2024-09-19 10:14:44.357,418.00239529751735,14
2024-09-19 10:14:44.437,418.0594596563403,99
2024-09-19 10:14:44.477,418.0562345011814,13
2024-09-19 10:14:44.580,418.0467096246501,12
2024-09-19 10:14:44.719,417.99837475608985,1000
2024-09-19 10:14:44.720,418.0981145238798,100
2024-09-19 10:14:44.831,418.0947176606156,5
2024-09-19 10:14:44.858,418.01423336081615,9
2024-09-19 10:14:44.925,418.10497475136737,7
2024-09-19 10:14:44.971,,104
2024-09-19 10:14:44.992,418.0665533954931,1000
2024-09-19 10:14:45.028,417.9433283673587,999
2024-09-19 10:14:45.149,417.9887333736093,102
2024-09-19 10:14:45.275,417.9877809747287,99
2024-09-19 10:14:45.280,417.9862265141804,1002
2024-09-19 10:14:45.555,418.014139579304,7
2024-09-19 10:14:45.594,417.9449604845485,12
2024-09-19 10:14:45.657,417.9573076792181,13
2024-09-19 10:14:45.725,417.9352993498478,5
2024-09-19 10:14:45.730,417.9803438239496,105
2024-09-19 10:14:45.819,417.9802427458831,1003
2024-09-19 10:14:45.832,417.9524356569716,998
2024-09-19 10:14:45.860,417.9466020866521,998
2024-09-19 10:14:45.886,417.9563240825743,8
2024-09-19 10:14:45.890,417.9554496370977,98
2024-09-19 10:14:46.545,417.9391344586392,105
2024-09-19 10:14:46.815,417.9514987821993,97
2024-09-19 10:14:46.953,417.920896297954,5
2024-09-19 10:14:47.001,417.96215743216624,14
2024-09-19 10:14:47.089,417.95259553886143,10
2024-09-19 10:14:47.158,417.964447990469,999
2024-09-19 10:14:47.169,417.9520879844874,996
2024-09-19 10:14:47.191,417.9393868511749,1004
2024-09-19 10:14:47.253,417.9107744333002,9
2024-09-19 10:14:47.277,417.9278873798506,998
2024-09-19 10:14:47.282,417.9497517292845,5
2024-09-19 10:14:47.309,417.94349528233977,96
2024-09-19 10:14:47.355,-417.96469369362455,13
2024-09-19 10:14:47.393,417.9720613569492,105
2024-09-19 10:14:47.540,417.9810871966587,998
2024-09-19 10:14:47.559,417.9781107772565,999
2024-09-19 10:14:47.697,417.9583384689125,5
2024-09-19 10:14:47.731,417.9652246334198,102
2024-09-19 10:14:47.776,417.9530177565945,1003
2024-09-19 10:14:47.994,417.9592091689121,997
2024-09-19 10:14:48.130,417.9826110791236,999
2024-09-19 10:14:48.190,417.9826164409318,96
2024-09-19 10:14:48.260,417.9959565953202,7
2024-09-19 10:14:48.352,417.99343957822447,95
2024-09-19 10:14:48.563,417.9760798197115,100
2024-09-19 10:14:48.691,417.985134182626,997
2024-09-19 10:14:48.868,418.0000492385783,105
2024-09-19 10:14:48.953,417.9911863045245,103
2024-09-19 10:14:49.061,417.9939391462061,1005
2024-09-19 10:14:49.079,417.9932204870844,15
2024-09-19 10:14:49.180,417.966213192714,101
2024-09-19 10:14:49.299,417.9681668042778,6
2024-09-19 10:14:49.330,417.95093975854064,13
2024-09-19 10:14:49.439,41.79830437647533,99
2024-09-19 10:14:49.447,417.9444952650477,100
2024-09-19 10:14:49.469,417.9860887185067,14
2024-09-19 10:14:49.528,417.98685857787706,998
2024-09-19 10:14:49.685,417.941041335552,96
2024-09-19 10:14:49.705,417.9766807649972,95
2024-09-19 10:14:49.773,417.9851344564269,95
2024-09-19 10:14:49.870,417.96387268882177,8
2024-09-19 10:14:49.897,417.9835595015858,97
2024-09-19 10:14:49.914,417.9774007588321,95
2024-09-19 10:14:50.103,417.9264060768537,101
2024-09-19 10:14:50.160,417.9248591000147,8
2024-09-19 10:14:50.300,417.9166511870696,8
2024-09-19 10:14:50.305,417.9126481115193,996
2024-09-19 10:14:50.624,417.922804434249,103
2024-09-19 10:14:50.904,417.9139315108469,99
2024-09-19 10:14:51.046,417.9256606769224,6
2024-09-19 10:14:51.048,417.91587708566567,998
2024-09-19 10:14:51.090,417.9078020325719,1002
2024-09-19 10:14:51.118,417.9257993899405,5
2024-09-19 10:14:51.153,417.88255507175086,104
2024-09-19 10:14:51.215,417.9572644747825,97
2024-09-19 10:14:51.358,417.9123990869844,995
2024-09-19 10:14:51.377,417.8906129938489,102
2024-09-19 10:14:51.383,417.89189235784494,7
2024-09-19 10:14:51.387,417.9024930938821,1005
2024-09-19 10:14:51.487,417.9078191130646,95
2024-09-19 10:14:51.505,417.89299423468026,14
2024-09-19 10:14:51.544,417.95318244269487,14
2024-09-19 10:14:51.619,417.90436146199744,8
2024-09-19 10:14:51.622,417.8820556157612,101
2024-09-19 10:14:51.686,417.93626098314974,10
2024-09-19 10:14:51.695,417.9345845267912,12
2024-09-19 10:14:51.714,417.8950666107722,15
2024-09-19 10:14:51.755,417.9241824149751,995
2024-09-19 10:14:51.796,417.8742062577713,104
2024-09-19 10:14:51.845,417.9400308640501,98
2024-09-19 10:14:51.860,417.9310227896246,96
2024-09-19 10:14:51.870,417.89193310562,95
2024-09-19 10:14:51.901,417.9078040673248,1004
2024-09-19 10:14:51.903,417.9446242171908,998
2024-09-19 10:14:51.956,417.9237857684963,6
2024-09-19 10:14:51.979,417.8971986526187,995
2024-09-19 10:14:52.009,417.9342193528344,102
2024-09-19 10:14:52.049,417.8960488653378,10
2024-09-19 10:14:52.059,417.8688222074748,95
2024-09-19 10:14:52.061,417.9388953825707,96
2024-09-19 10:14:52.062,417.9471462336614,1001
2024-09-19 10:14:52.085,417.8387095297825,1003
2024-09-19 10:14:52.240,417.93926094767824,10
2024-09-19 10:14:52.240,417.8883160704799,101
2024-09-19 10:14:52.289,417.92883608644456,99
2024-09-19 10:14:52.351,417.9263172521101,1002
2024-09-19 10:14:52.353,417.83316782188456,104
2024-09-19 10:14:52.392,417.8428041624082,99
2024-09-19 10:14:52.423,-417.8560004462209,995
2024-09-19 10:14:52.440,417.8448523201279,1005
2024-09-19 10:14:52.462,417.90458747664553,104
2024-09-19 10:14:52.469,417.9366007686381,12
2024-09-19 10:14:52.476,417.8523301668818,10
2024-09-19 10:14:52.493,417.9097939906136,7
2024-09-19 10:14:52.504,417.87977102586206,1005
2024-09-19 10:14:52.511,417.863193855047,10
2024-09-19 10:14:52.598,417.8646272236232,11
2024-09-19 10:14:52.615,,8
2024-09-19 10:14:52.679,417.8631275375569,96
2024-09-19 10:14:52.846,417.86285989170767,104
2024-09-19 10:14:52.851,417.9414567795563,101
2024-09-19 10:14:52.875,417.92921268967706,96
2024-09-19 10:14:52.970,417.8502256268391,105
2024-09-19 10:14:52.994,417.8635522548383,999
2024-09-19 10:14:52.999,417.9282241976029,7
2024-09-19 10:14:53.038,417.9135200304541,104
2024-09-19 10:14:53.062,417.9831147337124,999
2024-09-19 10:14:53.149,417.9127172633322,997
2024-09-19 10:14:53.159,417.92333318813417,13
2024-09-19 10:14:53.189,417.9595071272425,7
2024-09-19 10:14:53.214,417.94052611178535,6
2024-09-19 10:14:53.232,417.94200349429,11
2024-09-19 10:14:53.267,417.9094716982288,98
2024-09-19 10:14:53.353,417.87828985295687,1005
2024-09-19 10:14:53.374,417.9186509721762,95
2024-09-19 10:14:53.379,417.9006332564644,997
2024-09-19 10:14:53.386,417.8749958714986,103
2024-09-19 10:14:53.395,417.9379977318476,999
2024-09-19 10:14:53.423,417.9466697752442,105
2024-09-19 10:14:53.431,417.8744443591458,12
2024-09-19 10:14:53.511,417.9468666872468,103
2024-09-19 10:14:53.610,417.8947949770172,1003
2024-09-19 10:14:53.633,417.9033533209095,12
2024-09-19 10:14:53.638,417.8822546928288,101
2024-09-19 10:14:53.655,417.8802483199621,15
2024-09-19 10:14:53.716,417.942514428905,104
2024-09-19 10:14:53.728,417.9278873466301,1002
2024-09-19 10:14:53.756,417.9821618439743,102
2024-09-19 10:14:53.867,417.954901263239,5
2024-09-19 10:14:53.991,417.9297569478968,995
2024-09-19 10:14:54.024,417.9178088679257,13
2024-09-19 10:14:54.031,417.92587937535137,999
2024-09-19 10:14:54.040,417.9094917088043,1004
2024-09-19 10:14:54.187,417.9238388432948,1003
2024-09-19 10:14:54.269,417.9843100044222,1004
2024-09-19 10:14:54.390,418.01664076547655,95
2024-09-19 10:14:54.402,417.9775046387627,1000
2024-09-19 10:14:54.483,417.9886329830464,99
2024-09-19 10:14:54.494,417.9131154730247,6
2024-09-19 10:14:54.545,418.0114577548192,99
2024-09-19 10:14:54.568,417.9127792402068,998
2024-09-19 10:14:54.664,417.9043932214347,96
2024-09-19 10:14:54.726,417.94520290611695,7
2024-09-19 10:14:54.767,417.9355455031306,105
2024-09-19 10:14:54.829,417.93078350286805,13
2024-09-19 10:14:54.833,417.91982647389386,995
2024-09-19 10:14:54.911,,7
2024-09-19 10:14:54.978,417.9525356296245,105
2024-09-19 10:14:55.000,418.0251971417426,5
2024-09-19 10:14:55.015,418.126168350652,996
2024-09-19 10:14:55.018,418.0539751644084,100
2024-09-19 10:14:55.142,418.024108090596,98
2024-09-19 10:14:55.149,418.04198897020456,9
2024-09-19 10:14:55.195,418.1017818441587,1005
2024-09-19 10:14:55.402,418.0346424156356,13
2024-09-19 10:14:55.438,418.0281153112414,99
2024-09-19 10:14:55.533,418.04330845276303,996
2024-09-19 10:14:55.635,418.0473058931756,96
2024-09-19 10:14:55.660,418.0306686898198,100
2024-09-19 10:14:55.668,418.04580770940487,102
2024-09-19 10:14:55.724,418.094469410002,1003
2024-09-19 10:14:55.746,418.1217942793013,1000
2024-09-19 10:14:55.769,418.1231372480964,14
2024-09-19 10:14:55.795,418.0328976559803,8
2024-09-19 10:14:55.861,418.0386067852398,5
2024-09-19 10:14:55.864,418.1057766658831,6
2024-09-19 10:14:55.875,418.0290612771112,999
2024-09-19 10:14:55.881,418.034263841228,996
2024-09-19 10:14:55.906,418.0155992857852,995
2024-09-19 10:14:55.994,418.0359450981707,102
2024-09-19 10:14:56.022,418.0973390400965,6
2024-09-19 10:14:56.098,418.0701998200641,95
2024-09-19 10:14:56.234,418.15090947784967,102
2024-09-19 10:14:56.236,418.1647208990986,8
2024-09-19 10:14:56.292,418.1163261468377,1004
2024-09-19 10:14:56.432,418.1086124779552,1000
2024-09-19 10:14:56.472,418.1343434998132,998
2024-09-19 10:14:56.474,418.1528416356033,15
2024-09-19 10:14:56.515,418.1662900433318,997
2024-09-19 10:14:56.519,418.0972678827327,10
2024-09-19 10:14:56.604,418.12462055969,7
2024-09-19 10:14:56.637,418.14405155892825,100
2024-09-19 10:14:56.676,418.1450444534682,14
2024-09-19 10:14:56.700,418.1056204507772,6
2024-09-19 10:14:56.705,418.1126651449653,10
2024-09-19 10:14:56.707,,11
2024-09-19 10:14:56.763,418.1248307988848,10
2024-09-19 10:14:56.767,418.112721118535,95
2024-09-19 10:14:56.797,418.1376335914211,7
2024-09-19 10:14:56.855,418.14011224083,95
2024-09-19 10:14:56.868,418.0767880614159,1004
2024-09-19 10:14:56.878,418.0979978824862,14
2024-09-19 10:14:56.907,418.1079785652733,996
2024-09-19 10:14:57.001,418.1869500509844,998
2024-09-19 10:14:57.026,418.1612055588144,1003
2024-09-19 10:14:57.152,418.1842818620754,999
2024-09-19 10:14:57.201,418.165664235243,101
2024-09-19 10:14:57.529,418.1649514987124,7
2024-09-19 10:14:57.553,418.1676995047401,97
2024-09-19 10:14:57.591,418.1586459934336,7
2024-09-19 10:14:57.712,418.1770676144051,5
2024-09-19 10:14:57.864,418.1577308879745,15
2024-09-19 10:14:58.074,41.81840594416576,6
2024-09-19 10:14:58.259,418.1915118921901,1001
2024-09-19 10:14:58.323,418.2120508390372,8
2024-09-19 10:14:58.485,418.1967783161581,996
2024-09-19 10:14:58.496,418.1800635882362,6
2024-09-19 10:14:58.508,418.18274679659777,14
2024-09-19 10:14:58.540,418.1687582546687,996
2024-09-19 10:14:58.595,418.1781228463536,1001
2024-09-19 10:14:58.630,418.17849330162176,1005
2024-09-19 10:14:58.653,418.1889189085448,8
2024-09-19 10:14:58.697,418.18029247903024,998
2024-09-19 10:14:58.698,418.1857238403372,1000
2024-09-19 10:14:58.815,418.1759117148848,99
2024-09-19 10:14:58.871,418.1784021672418,103
2024-09-19 10:14:58.905,418.1996238612589,11
2024-09-19 10:14:58.930,418.1774542713767,97
2024-09-19 10:14:59.075,418.1900772253888,11
2024-09-19 10:14:59.114,418.17744277781753,96
2024-09-19 10:14:59.129,418.1727865649475,12
2024-09-19 10:14:59.139,418.1444908944767,11
2024-09-19 10:14:59.145,418.18704808301305,14
2024-09-19 10:14:59.167,418.1951040426981,10
2024-09-19 10:14:59.174,418.2331061274151,104
2024-09-19 10:14:59.184,418.2054241707543,1001
2024-09-19 10:14:59.208,418.1611253046174,8
2024-09-19 10:14:59.252,418.1477831607333,101
2024-09-19 10:14:59.287,418.2185656064135,101
2024-09-19 10:14:59.301,418.1413039626088,14
2024-09-19 10:14:59.301,418.20231800355634,1002
2024-09-19 10:14:59.308,418.1744819340733,14
2024-09-19 10:14:59.322,418.231771125556,1001
2024-09-19 10:14:59.326,418.1998302380551,1004
2024-09-19 10:14:59.345,418.16070341084907,1002
2024-09-19 10:14:59.432,418.154280199818,101
2024-09-19 10:14:59.485,418.1736867033867,105
2024-09-19 10:14:59.497,418.2412512099137,996
2024-09-19 10:14:59.535,418.18451474560686,100
2024-09-19 10:14:59.557,418.1597093019193,100
2024-09-19 10:14:59.596,418.1203381492497,5
2024-09-19 10:14:59.685,418.171109409268,15
2024-09-19 10:14:59.771,418.14020457598014,999
2024-09-19 10:14:59.851,418.1615353487085,96
2024-09-19 10:14:59.853,418.15596749500247,100
2024-09-19 10:14:59.897,418.1539348609656,11
2024-09-19 10:14:59.913,418.207641335395,1004
