Timestamp,Price,Size
2024-09-16 15:39:00.413,416.6420094269642,997
2024-09-16 15:39:00.503,416.6425104475896,99
2024-09-16 15:39:00.573,416.644316133636,105
2024-09-16 15:39:00.829,416.6340139025407,101
2024-09-16 15:39:00.970,416.6349069696422,1000
2024-09-16 15:39:01.634,416.6256374515707,996
2024-09-16 15:39:02.014,416.6472741024469,102
2024-09-16 15:39:02.040,416.60922629553846,10
2024-09-16 15:39:02.076,416.6934609151418,9
2024-09-16 15:39:02.109,416.68406968019735,96
2024-09-16 15:39:02.114,416.65498990410265,997
2024-09-16 15:39:02.129,416.64725261388406,1004
2024-09-16 15:39:02.178,416.6594881809451,995
2024-09-16 15:39:02.186,416.6740380934265,12
2024-09-16 15:39:02.255,416.6724867664497,14
2024-09-16 15:39:02.279,416.68351216425367,1005
2024-09-16 15:39:02.340,416.67650354862695,99
2024-09-16 15:39:02.359,416.7014450386702,996
2024-09-16 15:39:02.374,41.66765120401868,5
2024-09-16 15:39:02.393,416.6307120573328,1001
2024-09-16 15:39:02.550,416.6295455614807,5
2024-09-16 15:39:02.594,416.6899898549007,5
2024-09-16 15:39:02.643,416.6181885202585,101
2024-09-16 15:39:02.663,416.61238693523103,104
2024-09-16 15:39:02.667,416.699345965238,14
2024-09-16 15:39:02.733,416.623777446216,995
2024-09-16 15:39:02.760,416.6253932575521,9
2024-09-16 15:39:02.806,416.6290127805441,998
2024-09-16 15:39:02.818,416.6239989734565,6
2024-09-16 15:39:02.847,416.6342490272142,9
2024-09-16 15:39:02.850,416.64316836686936,14
2024-09-16 15:39:02.883,416.6319082672243,96
2024-09-16 15:39:02.978,416.6472704290195,97
2024-09-16 15:39:02.986,416.6398281897176,97
2024-09-16 15:39:03.006,416.6425597861671,997
2024-09-16 15:39:03.022,416.64798250800845,102
2024-09-16 15:39:03.045,416.6767660882292,97
2024-09-16 15:39:03.182,416.6668298896938,11
2024-09-16 15:39:03.258,416.6765148786131,999
2024-09-16 15:39:03.260,416.67710531552,96
2024-09-16 15:39:03.300,416.6575696844103,105
2024-09-16 15:39:03.366,416.647327560878,996
2024-09-16 15:39:03.375,416.6641508884903,998
2024-09-16 15:39:03.470,416.634534684243,10
2024-09-16 15:39:03.572,416.6635978262576,99
2024-09-16 15:39:03.604,-416.6436969907696,5
2024-09-16 15:39:03.640,416.67053910500994,12
2024-09-16 15:39:03.671,416.6520705452022,8
2024-09-16 15:39:03.679,,996
2024-09-16 15:39:03.690,416.6536190396809,8
2024-09-16 15:39:03.732,416.6416733587629,99
2024-09-16 15:39:03.762,416.6368748484295,1003
2024-09-16 15:39:03.768,416.65493302799104,96
2024-09-16 15:39:03.786,416.658039133214,997
2024-09-16 15:39:03.939,416.6570462737037,1002
2024-09-16 15:39:03.949,416.6510751099015,1001
2024-09-16 15:39:04.050,416.7024368198717,95
2024-09-16 15:39:04.217,416.68467471260215,11
2024-09-16 15:39:04.255,416.6778982413645,995
2024-09-16 15:39:04.402,416.6628545047696,996
2024-09-16 15:39:04.504,,999
2024-09-16 15:39:04.599,416.6846741854907,1004
2024-09-16 15:39:04.689,416.668096758198,5
2024-09-16 15:39:06.053,416.7126882670621,1000
2024-09-16 15:39:06.076,416.723615388482,103
2024-09-16 15:39:06.077,416.7180184472949,1000
2024-09-16 15:39:06.086,416.7520507379165,995
2024-09-16 15:39:06.139,416.7482674909235,15
2024-09-16 15:39:06.144,416.7325266763425,101
2024-09-16 15:39:06.225,416.7286315520855,998
2024-09-16 15:39:06.237,416.7372783745752,97
2024-09-16 15:39:06.259,416.7242607910807,9
2024-09-16 15:39:06.366,416.677459092556,1001
2024-09-16 15:39:06.379,416.6756888162136,100
2024-09-16 15:39:06.466,416.7228402724441,97
2024-09-16 15:39:06.511,416.7390963322197,5
2024-09-16 15:39:06.530,416.6580395066386,9
2024-09-16 15:39:06.534,416.7279314087199,1000
2024-09-16 15:39:06.571,416.6732992492456,1001
2024-09-16 15:39:06.587,416.7078522210426,1001
2024-09-16 15:39:06.599,416.7021110611455,15
2024-09-16 15:39:06.718,416.6588362992396,99
2024-09-16 15:39:06.730,416.7367727659711,8
2024-09-16 15:39:06.746,416.770905036594,12
2024-09-16 15:39:06.789,416.6717197791556,97
2024-09-16 15:39:06.840,416.6890148959442,5
2024-09-16 15:39:06.843,416.7236685829216,96
2024-09-16 15:39:06.878,416.7806270524426,13
2024-09-16 15:39:06.885,416.71107056885705,997
2024-09-16 15:39:06.889,416.6727188456618,9
2024-09-16 15:39:06.926,416.74255275944273,1004
2024-09-16 15:39:07.413,416.7254042241874,997
2024-09-16 15:39:07.431,416.7210341120571,103
2024-09-16 15:39:07.846,416.70568405484926,7
2024-09-16 15:39:08.048,416.7079829545624,7
2024-09-16 15:39:08.078,416.6998270636436,15
2024-09-16 15:39:08.081,,1003
2024-09-16 15:39:08.138,416.6758375471924,1005
2024-09-16 15:39:08.150,,12
2024-09-16 15:39:08.176,416.6836780198611,11
2024-09-16 15:39:08.194,416.6426820858989,104
2024-09-16 15:39:08.290,416.6549448282622,998
2024-09-16 15:39:08.300,416.67875136180976,5
2024-09-16 15:39:08.340,416.7031589446576,5
2024-09-16 15:39:08.353,41.665098567163895,100
2024-09-16 15:39:08.400,416.70334205112914,13
2024-09-16 15:39:08.491,416.66815903969547,998
2024-09-16 15:39:08.515,416.6529195720034,10
2024-09-16 15:39:08.553,416.6859175179996,104
2024-09-16 15:39:08.620,416.68656369941937,996
2024-09-16 15:39:08.623,416.6845924500083,1002
2024-09-16 15:39:08.778,416.7082645031696,97
2024-09-16 15:39:08.783,416.6867279114714,6
2024-09-16 15:39:08.822,416.7046931364415,15
2024-09-16 15:39:08.857,416.6587810456329,105
2024-09-16 15:39:08.867,416.71014558065474,1002
2024-09-16 15:39:08.876,416.7184372347071,998
2024-09-16 15:39:08.910,416.7168330958762,998
2024-09-16 15:39:08.917,416.6667443217453,999
2024-09-16 15:39:08.995,416.72209504634907,10
2024-09-16 15:39:09.749,416.7096451018045,1002
2024-09-16 15:39:09.862,416.7001171307263,5
2024-09-16 15:39:09.930,416.7126814480919,98
2024-09-16 15:39:10.010,416.67601217211006,6
2024-09-16 15:39:10.033,416.6852780648,97
2024-09-16 15:39:10.039,416.6628923905068,102
2024-09-16 15:39:10.152,,7
2024-09-16 15:39:10.177,416.6968279616744,9
2024-09-16 15:39:10.201,416.6819565805704,8
2024-09-16 15:39:10.202,416.6441475269726,1004
2024-09-16 15:39:10.318,416.6695889045658,100
2024-09-16 15:39:10.333,416.654319846072,13
2024-09-16 15:39:10.397,416.6469929150983,11
2024-09-16 15:39:10.414,416.6689529082044,1004
2024-09-16 15:39:10.418,416.6558558251127,102
2024-09-16 15:39:10.434,416.6845562401225,96
2024-09-16 15:39:10.495,416.7042000593256,100
2024-09-16 15:39:10.500,416.678037282238,13
2024-09-16 15:39:10.504,416.6696573920205,102
2024-09-16 15:39:10.526,416.6937223521051,101
2024-09-16 15:39:10.551,416.6739326489368,1000
2024-09-16 15:39:10.603,416.6697768903939,5
2024-09-16 15:39:10.612,-416.6264693632919,998
2024-09-16 15:39:10.683,416.6599524660685,103
2024-09-16 15:39:10.720,416.6217408967982,104
2024-09-16 15:39:10.725,416.66872850196086,15
2024-09-16 15:39:10.732,416.6361002578015,996
2024-09-16 15:39:10.774,416.6769215173695,9
2024-09-16 15:39:10.887,416.6493190402329,1002
2024-09-16 15:39:10.937,416.6653866008235,997
2024-09-16 15:39:11.211,416.6429608224652,1001
2024-09-16 15:39:11.532,417.4430545637823,12
2024-09-16 15:39:11.650,416.6647957467205,95
2024-09-16 15:39:11.727,416.65613654085314,103
2024-09-16 15:39:11.865,416.6336912515417,6
2024-09-16 15:39:12.008,416.5812262709781,101
2024-09-16 15:39:12.026,416.6189732628936,15
2024-09-16 15:39:12.034,416.6652380875392,996
2024-09-16 15:39:12.069,416.64491974222113,15
2024-09-16 15:39:12.179,416.61738474150206,8
2024-09-16 15:39:12.230,416.5802457779904,15
2024-09-16 15:39:12.298,416.6402387246375,12
2024-09-16 15:39:12.328,416.5495741641191,100
2024-09-16 15:39:12.336,416.6069191961936,1002
2024-09-16 15:39:12.349,416.5443773988976,102
2024-09-16 15:39:12.371,416.67232088014975,11
2024-09-16 15:39:12.373,416.6644972484809,99
2024-09-16 15:39:12.448,416.628388176352,96
2024-09-16 15:39:12.452,416.5472751890045,11
2024-09-16 15:39:12.618,416.532645204905,1004
2024-09-16 15:39:12.619,416.63184999228565,14
2024-09-16 15:39:12.622,416.5856706479689,997
2024-09-16 15:39:12.628,416.5505831314754,97
2024-09-16 15:39:12.659,416.62221465339735,104
2024-09-16 15:39:12.677,416.5648294765334,10
2024-09-16 15:39:12.774,416.6180842834986,98
2024-09-16 15:39:12.813,416.6156703918436,1004
2024-09-16 15:39:12.858,416.6193781480736,100
2024-09-16 15:39:12.864,416.5476687605938,100
2024-09-16 15:39:12.902,416.54594335945126,12
2024-09-16 15:39:12.929,416.5596383146271,996
2024-09-16 15:39:12.956,416.5768940567069,12
2024-09-16 15:39:12.974,416.5335994366331,8
2024-09-16 15:39:13.036,416.60357080657167,8
2024-09-16 15:39:13.050,416.5220875517586,103
2024-09-16 15:39:13.068,416.61791306800336,998
2024-09-16 15:39:13.134,416.589137053267,1000
2024-09-16 15:39:13.173,416.6305462088779,104
2024-09-16 15:39:13.196,416.6072900824014,96
2024-09-16 15:39:13.288,416.63641942217606,1001
2024-09-16 15:39:13.307,416.5966372127401,98
2024-09-16 15:39:13.317,416.5405998089937,12
2024-09-16 15:39:13.354,416.5676481014704,97
2024-09-16 15:39:13.428,416.55026708984064,8
2024-09-16 15:39:13.459,416.6011511616512,1005
2024-09-16 15:39:13.471,416.6095370189647,14
2024-09-16 15:39:13.549,416.6017753365613,9
2024-09-16 15:39:13.564,416.6117960001547,8
2024-09-16 15:39:13.589,416.5231450421294,100
2024-09-16 15:39:13.590,416.62400142372206,100
2024-09-16 15:39:13.627,416.6192628565333,103
2024-09-16 15:39:13.745,416.6155789326125,101
2024-09-16 15:39:13.749,416.527745152555,11
2024-09-16 15:39:13.760,416.63632518738297,12
2024-09-16 15:39:13.762,416.5512188529022,99
2024-09-16 15:39:13.859,416.6278806071865,15
2024-09-16 15:39:13.882,416.6337872963828,13
2024-09-16 15:39:13.900,416.5992260321956,99
2024-09-16 15:39:13.904,416.59768188922834,103
2024-09-16 15:39:13.974,416.629912674836,10
2024-09-16 15:39:14.064,416.700050515891,103
2024-09-16 15:39:14.085,416.6106967524759,995
2024-09-16 15:39:14.132,416.6900332313203,8
2024-09-16 15:39:14.149,416.6836520895328,13
2024-09-16 15:39:14.162,416.62493506790594,1000
2024-09-16 15:39:14.236,416.7173500821305,97
2024-09-16 15:39:14.257,416.67300215495777,995
2024-09-16 15:39:14.281,416.7314509128944,998
2024-09-16 15:39:14.346,416.6976149814558,98
2024-09-16 15:39:14.350,416.6882530834345,997
2024-09-16 15:39:14.352,416.68417274859,1005
2024-09-16 15:39:14.392,416.6892508244785,97
2024-09-16 15:39:14.423,416.7452963972629,996
2024-09-16 15:39:14.464,416.6919139434295,98
2024-09-16 15:39:14.543,416.674658070095,996
2024-09-16 15:39:14.626,416.6704040097146,14
2024-09-16 15:39:14.657,416.6631175778524,999
2024-09-16 15:39:14.716,416.7019526311564,1002
2024-09-16 15:39:14.750,416.6309141205658,12
2024-09-16 15:39:14.785,416.7119676454465,10
2024-09-16 15:39:14.815,416.7258928261953,98
2024-09-16 15:39:14.846,416.6774555123998,104
2024-09-16 15:39:14.877,416.7000080103239,13
2024-09-16 15:39:14.885,416.6697845376272,13
2024-09-16 15:39:14.893,416.6414318719018,998
2024-09-16 15:39:14.950,416.7180412489697,1005
2024-09-16 15:39:14.978,416.6869915671601,12
2024-09-16 15:39:15.060,41.675187528470026,998
2024-09-16 15:39:15.165,416.750421186112,104
2024-09-16 15:39:15.193,416.745632819022,996
2024-09-16 15:39:15.194,416.7633951311977,1002
2024-09-16 15:39:15.350,416.7326230037194,998
2024-09-16 15:39:15.411,416.77101703434784,99
2024-09-16 15:39:15.485,416.7905874378953,100
2024-09-16 15:39:15.542,416.80533882278615,96
2024-09-16 15:39:15.608,416.7892075283388,997
2024-09-16 15:39:15.612,416.7552069933648,1004
2024-09-16 15:39:15.686,416.7843447449519,105
2024-09-16 15:39:15.753,416.76308684989584,1002
2024-09-16 15:39:15.779,416.774225613733,98
2024-09-16 15:39:15.833,416.7882787062732,98
2024-09-16 15:39:15.876,416.7498134870121,11
2024-09-16 15:39:15.906,-416.7542629178597,103
2024-09-16 15:39:15.914,416.7915896889356,1000
2024-09-16 15:39:15.971,416.77491001496657,995
2024-09-16 15:39:16.043,416.7633875230144,11
2024-09-16 15:39:16.098,416.748094613748,98
2024-09-16 15:39:16.250,416.7598728573857,102
2024-09-16 15:39:16.315,416.7559486213031,1004
2024-09-16 15:39:16.318,417.335771088736,100
2024-09-16 15:39:16.577,416.755159444543,13
2024-09-16 15:39:16.803,416.7489796971287,1005
2024-09-16 15:39:16.858,416.7389890642692,1001
2024-09-16 15:39:16.881,416.75997228656905,101
2024-09-16 15:39:17.046,416.7560097601428,99
2024-09-16 15:39:17.125,416.74401594038926,102
2024-09-16 15:39:17.145,416.721874580018,104
2024-09-16 15:39:17.189,416.73518031438965,1002
2024-09-16 15:39:17.257,416.7510674885909,1003
2024-09-16 15:39:17.307,416.7417759092328,104
2024-09-16 15:39:17.399,416.7468110602136,1004
2024-09-16 15:39:17.415,416.75945504204407,97
2024-09-16 15:39:17.434,416.7398638743561,996
2024-09-16 15:39:17.468,416.74940556013297,96
2024-09-16 15:39:17.474,416.7540745697813,104
2024-09-16 15:39:17.618,416.74649589679706,13
2024-09-16 15:39:17.668,416.7547344380381,1002
2024-09-16 15:39:17.742,416.7361232201248,999
2024-09-16 15:39:17.786,416.7347404968067,100
2024-09-16 15:39:17.834,416.7489379072889,8
2024-09-16 15:39:17.844,416.7530741634595,1005
2024-09-16 15:39:17.864,416.7406189627786,5
2024-09-16 15:39:17.872,,998
2024-09-16 15:39:17.969,416.732673636946,8
2024-09-16 15:39:17.999,416.7378577846132,999
2024-09-16 15:39:18.031,416.712353139097,98
2024-09-16 15:39:18.074,416.7588766615339,8
2024-09-16 15:39:18.220,416.7348016905936,1004
2024-09-16 15:39:18.221,416.7432535209488,6
2024-09-16 15:39:18.263,416.74634607525087,14
2024-09-16 15:39:18.308,416.7372887410519,15
2024-09-16 15:39:18.321,416.7327354033538,100
2024-09-16 15:39:18.350,416.7809796343262,9
2024-09-16 15:39:18.365,416.7588321212637,104
2024-09-16 15:39:18.496,416.7505068358797,15
2024-09-16 15:39:18.507,416.7460238845607,1002
2024-09-16 15:39:18.613,416.72599903268537,12
2024-09-16 15:39:19.107,416.73418177869735,15
2024-09-16 15:39:19.204,416.6804096788771,995
2024-09-16 15:39:19.206,416.6877286052272,1001
2024-09-16 15:39:19.229,416.7727889291875,1001
2024-09-16 15:39:19.294,416.7288584688096,1004
2024-09-16 15:39:19.327,416.7517948854488,5
2024-09-16 15:39:19.352,416.6809550252714,99
2024-09-16 15:39:19.472,416.7133747968023,104
2024-09-16 15:39:19.524,416.6969256480416,1002
2024-09-16 15:39:19.537,416.7385606127113,5
2024-09-16 15:39:19.560,416.6962750347106,100
2024-09-16 15:39:19.794,416.7279264867594,1002
2024-09-16 15:39:19.827,416.6964064280663,1002
2024-09-16 15:39:19.846,416.6836194062092,11
2024-09-16 15:39:19.906,416.71897866129353,1003
2024-09-16 15:39:19.918,416.7256156322155,97
2024-09-16 15:39:19.918,416.7124898361766,105
2024-09-16 15:39:20.050,416.8136753233935,5
2024-09-16 15:39:20.120,416.8028509037628,97
2024-09-16 15:39:20.265,416.7765756651872,95
2024-09-16 15:39:20.320,-416.8001309948292,100
2024-09-16 15:39:20.383,416.7983976003236,1003
2024-09-16 15:39:20.401,416.7677437358349,8
2024-09-16 15:39:20.404,416.8083055680252,1001
2024-09-16 15:39:20.419,416.794966382026,5
2024-09-16 15:39:20.434,416.8087027000992,103
2024-09-16 15:39:20.478,416.8033766115018,13
2024-09-16 15:39:20.514,416.7980395650891,10
2024-09-16 15:39:20.698,416.8200694278361,101
2024-09-16 15:39:20.714,416.8118855308221,100
2024-09-16 15:39:20.786,416.79463675153113,996
2024-09-16 15:39:20.799,417.4027739959295,12
2024-09-16 15:39:20.891,416.7949698419104,999
2024-09-16 15:39:20.979,416.78857082086336,13
2024-09-16 15:39:21.017,416.8063429766073,995
2024-09-16 15:39:21.021,-416.8036281766859,1000
2024-09-16 15:39:21.058,416.77757142335713,10
2024-09-16 15:39:21.070,416.8124730887939,13
2024-09-16 15:39:21.103,416.81061418713375,999
2024-09-16 15:39:21.263,416.8220542773864,996
2024-09-16 15:39:21.297,416.8025523742965,1005
2024-09-16 15:39:21.309,416.81610169706033,996
2024-09-16 15:39:21.336,416.7879090156637,12
2024-09-16 15:39:21.342,416.7914044778766,6
2024-09-16 15:39:21.368,416.7927867473731,996
2024-09-16 15:39:21.371,416.7921238318516,998
2024-09-16 15:39:21.501,416.822169664097,97
2024-09-16 15:39:21.511,416.8050490643951,999
2024-09-16 15:39:21.578,416.8212657897515,996
2024-09-16 15:39:21.592,416.7880422243426,7
2024-09-16 15:39:21.647,416.7849848328381,1003
2024-09-16 15:39:21.655,416.8422933909506,105
2024-09-16 15:39:21.743,416.83779625334233,8
2024-09-16 15:39:21.759,416.7992799515856,1002
2024-09-16 15:39:21.797,416.7918388311665,1004
2024-09-16 15:39:21.862,416.82447580683584,995
2024-09-16 15:39:21.914,416.8078482076288,1000
2024-09-16 15:39:21.963,416.7902156265419,11
2024-09-16 15:39:23.054,416.8567454315009,5
2024-09-16 15:39:23.059,416.9205717156715,1003
2024-09-16 15:39:23.074,416.8636806420442,1000
2024-09-16 15:39:23.084,,1000
2024-09-16 15:39:23.109,416.8581056136844,105
2024-09-16 15:39:23.254,416.8712799456097,6
2024-09-16 15:39:23.403,416.9198461324244,1004
2024-09-16 15:39:23.409,416.91284160485066,1002
2024-09-16 15:39:23.430,416.861107362201,998
2024-09-16 15:39:23.431,416.9087549499304,14
2024-09-16 15:39:23.514,416.9023012086727,1001
2024-09-16 15:39:23.600,416.9315962964965,102
2024-09-16 15:39:23.632,416.9016518779487,995
2024-09-16 15:39:23.636,416.9302851825592,99
2024-09-16 15:39:23.653,416.9331641851132,97
2024-09-16 15:39:23.746,416.8809450559952,97
2024-09-16 15:39:23.758,416.9221703262499,95
2024-09-16 15:39:23.762,416.863513546662,1001
2024-09-16 15:39:23.813,416.9383534731621,9
2024-09-16 15:39:23.838,416.85650662204216,1001
2024-09-16 15:39:23.839,416.9308033479906,101
2024-09-16 15:39:23.966,416.93813666034754,999
2024-09-16 15:39:24.041,416.9574549097466,96
2024-09-16 15:39:24.064,416.95294847852233,96
2024-09-16 15:39:24.096,416.9378947410963,95
2024-09-16 15:39:24.163,416.939927301736,995
2024-09-16 15:39:24.228,416.9222969185125,1005
2024-09-16 15:39:24.302,416.9471412349678,101
2024-09-16 15:39:24.339,416.9319491005672,1001
2024-09-16 15:39:24.471,416.91677127443137,8
2024-09-16 15:39:24.579,416.92804524362975,7
2024-09-16 15:39:24.631,416.90656964777634,104
2024-09-16 15:39:24.656,416.9459844701423,11
2024-09-16 15:39:24.759,416.951075921537,9
2024-09-16 15:39:24.932,416.9298771761258,101
2024-09-16 15:39:24.963,416.9364928341116,99
2024-09-16 15:39:25.006,416.9588299613395,997
2024-09-16 15:39:25.082,416.8857262969256,6
2024-09-16 15:39:25.114,416.95763152613375,1003
2024-09-16 15:39:25.141,416.9413025858358,8
2024-09-16 15:39:25.150,416.9586042905347,6
2024-09-16 15:39:25.180,416.9413120172812,99
2024-09-16 15:39:25.208,416.9562777444105,1004
2024-09-16 15:39:25.247,416.9215948688948,1000
2024-09-16 15:39:25.309,416.9493359395967,105
2024-09-16 15:39:25.314,416.8545621802611,15
2024-09-16 15:39:25.382,416.9022416390624,1003
2024-09-16 15:39:25.411,416.9572762528432,11
2024-09-16 15:39:25.418,416.8659243351422,103
2024-09-16 15:39:25.426,416.87169663497286,1002
2024-09-16 15:39:25.450,416.9456526316478,96
2024-09-16 15:39:25.455,416.94321569715146,1003
2024-09-16 15:39:25.471,416.8999184088741,99
2024-09-16 15:39:25.478,416.92557958073513,997
2024-09-16 15:39:25.521,416.8976556137203,105
2024-09-16 15:39:25.550,416.9305552239927,102
2024-09-16 15:39:25.598,416.9511228642744,100
2024-09-16 15:39:25.689,416.9447583286601,95
2024-09-16 15:39:25.693,416.8647801205966,996
2024-09-16 15:39:25.709,416.9579346978852,1005
2024-09-16 15:39:25.740,416.9479506903923,100
2024-09-16 15:39:25.745,416.9006257257829,13
2024-09-16 15:39:25.747,416.9364138721685,996
2024-09-16 15:39:25.749,416.9297885170396,95
2024-09-16 15:39:25.800,416.96958520598326,11
2024-09-16 15:39:25.910,416.9462714664918,8
2024-09-16 15:39:25.993,417.6334413990387,10
2024-09-16 15:39:26.242,416.9218441736593,995
2024-09-16 15:39:27.177,416.9526909089968,997
2024-09-16 15:39:27.231,416.93490862127726,1004
2024-09-16 15:39:27.366,416.9531130029041,13
2024-09-16 15:39:27.403,416.9648144592755,5
2024-09-16 15:39:27.455,416.9618457770142,105
2024-09-16 15:39:27.476,416.9781026457061,96
2024-09-16 15:39:27.526,416.96448684434296,11
2024-09-16 15:39:27.550,417.5165870285659,995
2024-09-16 15:39:27.563,416.9254527656761,1002
2024-09-16 15:39:27.612,416.9411048936436,1005
2024-09-16 15:39:27.616,416.97421355178506,999
2024-09-16 15:39:27.769,416.93188449518647,1004
2024-09-16 15:39:27.815,416.9388299020205,997
2024-09-16 15:39:27.875,416.9290951858134,995
2024-09-16 15:39:27.903,416.9404510883462,998
2024-09-16 15:39:27.983,416.9709561181555,102
2024-09-16 15:39:28.238,416.99634226924,101
2024-09-16 15:39:28.252,416.9911149901201,102
2024-09-16 15:39:28.317,416.9993770435448,12
2024-09-16 15:39:28.325,416.99774273287056,97
2024-09-16 15:39:28.328,417.0465573281797,8
2024-09-16 15:39:28.365,416.9795137633871,8
2024-09-16 15:39:28.383,416.97531392522137,8
2024-09-16 15:39:28.384,417.0368519859233,1005
2024-09-16 15:39:28.679,417.0071896526064,12
2024-09-16 15:39:28.681,416.9862024746113,14
2024-09-16 15:39:28.734,417.0130531685387,9
2024-09-16 15:39:28.751,416.9900867627608,105
2024-09-16 15:39:28.753,416.9826423856316,998
2024-09-16 15:39:28.770,416.9937882210702,103
2024-09-16 15:39:28.782,417.00463992539295,13
2024-09-16 15:39:28.788,417.017465430085,104
2024-09-16 15:39:28.850,416.9801855653243,997
2024-09-16 15:39:28.862,416.9623784388813,104
2024-09-16 15:39:28.946,417.0149001309809,1004
2024-09-16 15:39:29.027,417.03327418851376,1004
2024-09-16 15:39:29.116,417.0536338528231,98
2024-09-16 15:39:29.210,417.0443345740324,996
2024-09-16 15:39:29.251,417.05520085625136,103
2024-09-16 15:39:29.301,417.05562688767753,1002
2024-09-16 15:39:29.361,417.0419277669947,1000
2024-09-16 15:39:29.382,417.0307701877852,1004
2024-09-16 15:39:29.432,417.3854257353968,996
2024-09-16 15:39:29.546,417.0526776215635,105
2024-09-16 15:39:29.556,417.0568498201119,8
2024-09-16 15:39:29.715,417.04497410893816,95
2024-09-16 15:39:29.740,417.0563447262709,14
2024-09-16 15:39:29.744,417.0537519281144,101
2024-09-16 15:39:29.794,417.02730121282303,1002
2024-09-16 15:39:29.809,417.06318187902224,998
2024-09-16 15:39:29.813,417.0508562009445,6
2024-09-16 15:39:29.830,,104
2024-09-16 15:39:29.835,417.0449604565708,1002
2024-09-16 15:39:29.869,417.0357863577608,105
2024-09-16 15:39:29.900,417.02885009941,1005
2024-09-16 15:39:29.927,417.042828957138,14
2024-09-16 15:39:29.939,417.05093383692224,1001
2024-09-16 15:39:30.494,417.067407456202,7
2024-09-16 15:39:30.566,417.087328262037,11
2024-09-16 15:39:30.766,417.0843642523794,998
2024-09-16 15:39:30.920,417.08841077015575,104
2024-09-16 15:39:31.012,417.0679249437877,101
2024-09-16 15:39:31.074,417.05996709284864,997
2024-09-16 15:39:31.076,417.0436205034459,8
2024-09-16 15:39:31.077,417.0395411762528,97
2024-09-16 15:39:31.083,417.0323274361113,102
2024-09-16 15:39:31.088,417.0661703210845,101
2024-09-16 15:39:31.192,417.0780027524769,1001
2024-09-16 15:39:31.194,417.1065165685994,95
2024-09-16 15:39:31.234,417.0708350691412,104
2024-09-16 15:39:31.237,417.0892161763355,14
2024-09-16 15:39:31.313,417.06507046217695,996
2024-09-16 15:39:31.345,417.0585842881058,15
2024-09-16 15:39:31.376,417.0536985629202,104
2024-09-16 15:39:31.413,417.09199919104486,998
2024-09-16 15:39:31.451,417.0624011330656,1000
2024-09-16 15:39:31.501,417.11660772991337,6
2024-09-16 15:39:31.508,417.0407444297767,1004
2024-09-16 15:39:31.535,417.0919837309651,9
2024-09-16 15:39:31.581,417.0921383560835,100
2024-09-16 15:39:31.591,417.0793401574605,13
2024-09-16 15:39:31.641,417.07710513206194,15
2024-09-16 15:39:31.698,417.0246728338372,14
2024-09-16 15:39:31.727,417.0954758479593,99
2024-09-16 15:39:31.810,417.0656838051524,1000
2024-09-16 15:39:31.893,417.1016247455958,100
2024-09-16 15:39:31.932,417.0326541893996,1001
2024-09-16 15:39:32.036,417.05694068007176,1004
2024-09-16 15:39:32.059,417.121971877684,5
2024-09-16 15:39:32.072,417.0635293675601,96
2024-09-16 15:39:32.184,417.0867805624941,1002
2024-09-16 15:39:32.224,417.1248637556687,13
2024-09-16 15:39:32.248,417.0546262221447,1004
2024-09-16 15:39:32.280,417.0543652169765,1000
2024-09-16 15:39:32.316,417.05436619214896,1000
2024-09-16 15:39:32.332,417.0423990990572,98
2024-09-16 15:39:32.426,417.104861307511,104
2024-09-16 15:39:32.449,417.1260055674607,995
2024-09-16 15:39:32.490,417.1049596626033,11
2024-09-16 15:39:32.504,417.05763286526326,101
2024-09-16 15:39:32.518,417.0795158703655,10
2024-09-16 15:39:32.615,417.12087802238887,1003
2024-09-16 15:39:32.642,417.03978062822216,13
2024-09-16 15:39:32.758,417.102496650355,95
2024-09-16 15:39:32.776,417.1033908848645,15
2024-09-16 15:39:32.781,417.1306403207472,13
2024-09-16 15:39:32.857,417.07037600321087,14
2024-09-16 15:39:32.925,417.12357577247246,6
2024-09-16 15:39:33.074,417.229266894353,97
2024-09-16 15:39:33.093,417.17904298636233,97
2024-09-16 15:39:33.146,417.11457976618215,999
2024-09-16 15:39:33.194,417.1820566489147,102
2024-09-16 15:39:33.241,417.1285639820858,96
2024-09-16 15:39:33.244,417.15165536554906,103
2024-09-16 15:39:33.281,417.17493514884313,1000
2024-09-16 15:39:33.306,417.132613651848,102
2024-09-16 15:39:33.342,417.1357340295794,13
2024-09-16 15:39:33.436,417.20542011137326,13
2024-09-16 15:39:33.467,417.18377315206993,6
2024-09-16 15:39:33.676,417.1493684726141,7
2024-09-16 15:39:33.732,417.1971823022597,1001
2024-09-16 15:39:33.898,417.1190439609588,1001
2024-09-16 15:39:33.955,417.13882126591926,999
2024-09-16 15:39:33.964,417.2281443390806,995
2024-09-16 15:39:33.982,417.2383307236016,998
2024-09-16 15:39:34.039,417.1730030713361,998
2024-09-16 15:39:34.312,417.1765657447196,96
2024-09-16 15:39:34.861,417.1769250082014,100
2024-09-16 15:39:34.973,417.1552172118522,998
2024-09-16 15:39:35.868,417.13758831098,999
2024-09-16 15:39:36.005,417.1426974554936,98
2024-09-16 15:39:36.122,417.1773475876172,1003
2024-09-16 15:39:36.224,417.1549472984079,9
2024-09-16 15:39:36.300,417.1720995986119,102
2024-09-16 15:39:36.534,417.1542208932019,12
2024-09-16 15:39:36.884,417.14823655647695,104
2024-09-16 15:39:37.125,417.1711144899653,100
2024-09-16 15:39:37.820,417.1882366694942,14
2024-09-16 15:39:37.940,417.353304529572,13
2024-09-16 15:39:38.007,417.2704262355712,95
2024-09-16 15:39:38.032,417.2450697722176,12
2024-09-16 15:39:38.105,417.23816717029615,999
2024-09-16 15:39:38.269,417.2853247660766,999
2024-09-16 15:39:38.277,417.2472000698185,996
2024-09-16 15:39:38.397,417.2881564149291,7
2024-09-16 15:39:38.435,417.237033239747,97
2024-09-16 15:39:38.598,417.2485073843509,999
2024-09-16 15:39:38.634,417.27740940501855,998
2024-09-16 15:39:38.637,417.2872398358847,998
2024-09-16 15:39:38.658,417.2062994941396,105
2024-09-16 15:39:38.799,417.2593544478028,103
2024-09-16 15:39:38.820,417.24228026242974,1004
2024-09-16 15:39:38.957,417.2272506309625,1004
2024-09-16 15:39:38.989,417.2823791963567,98
2024-09-16 15:39:38.991,417.2695459839584,104
2024-09-16 15:39:39.057,417.2911737460804,6
2024-09-16 15:39:39.089,417.30658314203794,11
2024-09-16 15:39:39.134,417.304727515843,7
2024-09-16 15:39:39.152,417.31823677419,101
2024-09-16 15:39:39.201,417.3223807093585,996
2024-09-16 15:39:39.233,417.3339384655171,995
2024-09-16 15:39:39.236,417.3229164185052,996
2024-09-16 15:39:39.270,417.3175168134223,102
2024-09-16 15:39:39.310,417.29051708146784,1002
2024-09-16 15:39:39.320,417.2972339652477,98
2024-09-16 15:39:39.376,417.3268509976891,996
2024-09-16 15:39:39.483,417.3237007101998,1001
2024-09-16 15:39:39.495,417.3010316723219,997
2024-09-16 15:39:39.545,417.30797462691874,999
2024-09-16 15:39:39.611,417.2824380112491,6
2024-09-16 15:39:39.617,417.3197486299025,1005
2024-09-16 15:39:39.636,417.3209471600353,100
2024-09-16 15:39:39.694,417.2902187906677,8
2024-09-16 15:39:39.695,417.3176213673652,10
2024-09-16 15:39:39.712,417.2837820176832,998
2024-09-16 15:39:39.727,417.3144674600228,15
2024-09-16 15:39:39.739,417.2973579028015,97
2024-09-16 15:39:39.742,417.3010541859206,101
2024-09-16 15:39:39.764,,5
2024-09-16 15:39:39.854,417.3152520082908,10
2024-09-16 15:39:39.873,417.3064882515487,1000
2024-09-16 15:39:39.898,417.30756933257146,101
2024-09-16 15:39:39.934,417.32676318242005,102
2024-09-16 15:39:39.954,417.2967071223893,15
2024-09-16 15:39:40.038,417.2983651953866,998
2024-09-16 15:39:40.044,417.30683185661496,1003
2024-09-16 15:39:40.055,417.3059835957168,1004
2024-09-16 15:39:40.070,417.3223085022738,9
2024-09-16 15:39:40.121,417.29623252421055,102
2024-09-16 15:39:40.147,417.239303189899,99
2024-09-16 15:39:40.211,417.3044728062338,1002
2024-09-16 15:39:40.216,417.2533171816668,99
2024-09-16 15:39:40.257,417.2694251589122,6
2024-09-16 15:39:40.276,417.2693274332081,97
2024-09-16 15:39:40.281,417.2678216538722,14
2024-09-16 15:39:40.464,417.27503323708754,1003
2024-09-16 15:39:40.476,417.2947936575725,5
2024-09-16 15:39:40.540,417.2533292339675,11
2024-09-16 15:39:40.548,417.282612477342,97
2024-09-16 15:39:40.597,417.3003217786825,14
2024-09-16 15:39:40.719,417.2660383473098,96
2024-09-16 15:39:40.727,417.300791654503,8
2024-09-16 15:39:40.737,417.2561223666445,996
2024-09-16 15:39:40.756,417.2924067078711,14
2024-09-16 15:39:40.780,417.2468888634463,15
2024-09-16 15:39:40.906,417.2915786253864,1000
2024-09-16 15:39:40.927,417.3110338369857,7
2024-09-16 15:39:41.054,417.2090978110382,995
2024-09-16 15:39:41.074,417.248651506252,101
2024-09-16 15:39:41.139,417.1883551047418,5
2024-09-16 15:39:41.146,417.17893176623727,101
2024-09-16 15:39:41.194,417.2093933879683,100
2024-09-16 15:39:41.244,417.23238471618384,95
2024-09-16 15:39:41.255,417.2723759084553,7
2024-09-16 15:39:41.264,417.2071980048913,995
2024-09-16 15:39:41.286,417.2363456898384,1002
2024-09-16 15:39:41.335,417.2065941125661,95
2024-09-16 15:39:41.351,417.2522110886157,14
2024-09-16 15:39:41.399,417.20058334369975,10
2024-09-16 15:39:41.482,417.2160647297829,999
2024-09-16 15:39:41.493,417.2321290955732,97
2024-09-16 15:39:41.519,417.2173538478587,5
2024-09-16 15:39:41.631,417.1928540878024,104
2024-09-16 15:39:41.693,417.23008961160974,95
2024-09-16 15:39:41.803,417.20345558202274,999
2024-09-16 15:39:41.841,417.2001256905701,15
2024-09-16 15:39:41.880,417.21142035700217,98
2024-09-16 15:39:41.927,417.2579127317133,12
2024-09-16 15:39:41.945,417.2031405952664,98
2024-09-16 15:39:41.955,417.2164520345168,997
2024-09-16 15:39:42.075,417.18957459744536,15
2024-09-16 15:39:42.654,417.2820612639471,11
2024-09-16 15:39:42.901,417.17057745166153,998
2024-09-16 15:39:43.361,417.1309914685892,997
2024-09-16 15:39:43.371,417.1275384384384,15
2024-09-16 15:39:43.376,417.1252966690038,15
2024-09-16 15:39:43.458,417.1424391243624,15
2024-09-16 15:39:43.473,417.1346329897187,101
2024-09-16 15:39:43.505,417.13332776623247,11
2024-09-16 15:39:43.516,417.13587726731794,1000
2024-09-16 15:39:43.545,417.15741310577306,102
2024-09-16 15:39:43.700,417.14471330185967,95
2024-09-16 15:39:43.865,417.1374095197597,9
2024-09-16 15:39:44.060,417.1627343760951,1000
2024-09-16 15:39:44.130,417.1621075515182,96
2024-09-16 15:39:44.583,417.155155699984,1002
2024-09-16 15:39:44.615,417.1546563889526,105
2024-09-16 15:39:44.783,417.14187023613727,1002
2024-09-16 15:39:44.805,417.1613457540558,102
2024-09-16 15:39:45.019,417.2416302571414,7
2024-09-16 15:39:45.036,417.1986266965432,1001
2024-09-16 15:39:45.061,417.18357728917056,15
2024-09-16 15:39:45.123,417.1767164351588,999
2024-09-16 15:39:45.145,417.23891974540015,1000
2024-09-16 15:39:45.194,417.2431421508027,13
2024-09-16 15:39:45.349,417.1939677931553,995
2024-09-16 15:39:45.364,417.23475678452047,96
2024-09-16 15:39:45.477,417.2002521528212,103
2024-09-16 15:39:45.556,417.1704492102937,996
2024-09-16 15:39:45.587,417.2270612849591,996
2024-09-16 15:39:45.600,417.2258375163562,101
2024-09-16 15:39:45.637,417.2524659645256,96
2024-09-16 15:39:45.656,417.2460301565906,12
2024-09-16 15:39:45.702,417.2011680235204,1004
2024-09-16 15:39:45.712,417.18047486481737,996
2024-09-16 15:39:45.723,417.1792077120152,101
2024-09-16 15:39:45.751,417.2468661673418,98
2024-09-16 15:39:45.774,417.2254910616908,105
2024-09-16 15:39:45.804,417.2384576877158,105
2024-09-16 15:39:45.957,417.2215529556494,6
2024-09-16 15:39:46.002,417.1480449866302,1001
2024-09-16 15:39:46.013,417.13290993325785,1000
2024-09-16 15:39:46.036,417.1160010905736,105
2024-09-16 15:39:46.040,417.1685518520014,6
2024-09-16 15:39:46.068,417.1507016686825,13
2024-09-16 15:39:46.102,-417.1540091670307,14
2024-09-16 15:39:46.140,417.1194947962392,999
2024-09-16 15:39:46.220,417.1647284896083,6
2024-09-16 15:39:46.238,417.13919111204376,97
2024-09-16 15:39:46.309,417.1476192389014,1000
2024-09-16 15:39:46.343,417.1544149824958,5
2024-09-16 15:39:46.361,417.1446340586092,1001
2024-09-16 15:39:46.406,417.1739397650956,10
2024-09-16 15:39:46.432,417.13191535827264,96
2024-09-16 15:39:46.449,417.16272382208143,102
2024-09-16 15:39:46.589,417.13853406433947,7
2024-09-16 15:39:46.665,417.14953243759095,101
2024-09-16 15:39:46.685,417.1325768239931,101
2024-09-16 15:39:46.700,417.14089602119753,997
2024-09-16 15:39:46.769,417.17284340756567,100
2024-09-16 15:39:46.893,417.1365352252808,11
2024-09-16 15:39:46.904,417.142009171161,103
2024-09-16 15:39:46.924,417.1606445284679,999
2024-09-16 15:39:47.756,417.143548219336,9
2024-09-16 15:39:47.955,417.1346407429874,95
2024-09-16 15:39:48.120,417.0996781171503,997
2024-09-16 15:39:48.200,417.0713230099892,1002
2024-09-16 15:39:48.215,417.1084338038256,103
2024-09-16 15:39:48.238,417.142917377797,1000
2024-09-16 15:39:48.360,417.1124497475118,1004
2024-09-16 15:39:48.424,417.1137574166396,104
2024-09-16 15:39:48.511,417.1005410586957,97
2024-09-16 15:39:48.512,417.1155242769982,11
2024-09-16 15:39:48.522,417.1068476385185,6
2024-09-16 15:39:48.590,417.0865902587862,10
2024-09-16 15:39:48.617,417.0862243409115,97
2024-09-16 15:39:48.660,417.0715403312134,97
2024-09-16 15:39:48.723,417.09826349622494,9
2024-09-16 15:39:48.803,417.1031935402781,101
2024-09-16 15:39:49.016,417.0986588700702,98
2024-09-16 15:39:49.070,417.0895319716838,15
2024-09-16 15:39:49.104,417.1007672598557,1003
2024-09-16 15:39:49.126,417.1353043231285,5
2024-09-16 15:39:49.144,417.11785284165626,9
2024-09-16 15:39:49.149,417.1152576944972,14
2024-09-16 15:39:49.325,417.09078208495055,97
2024-09-16 15:39:49.350,417.09618621890615,97
2024-09-16 15:39:49.399,417.0763974948645,999
2024-09-16 15:39:49.407,417.1291423306209,999
2024-09-16 15:39:49.425,417.0646366444663,96
2024-09-16 15:39:49.469,417.0650576628989,5
2024-09-16 15:39:49.502,417.1158469289445,1002
2024-09-16 15:39:49.522,417.0681132003869,1002
2024-09-16 15:39:49.527,417.0729174206127,100
2024-09-16 15:39:49.529,417.082520698509,6
2024-09-16 15:39:49.613,417.1377302805754,996
2024-09-16 15:39:49.628,417.06328303876654,1001
2024-09-16 15:39:49.644,417.1258735293848,999
2024-09-16 15:39:49.726,417.1028729437459,7
2024-09-16 15:39:49.737,417.1308845554788,996
2024-09-16 15:39:49.750,417.1068575082062,1000
2024-09-16 15:39:49.827,417.06737744537793,1002
2024-09-16 15:39:49.846,417.0692873296273,7
2024-09-16 15:39:49.866,417.1006903818591,996
2024-09-16 15:39:49.891,417.0942227378282,1001
2024-09-16 15:39:49.932,417.09874448378,998
2024-09-16 15:39:49.940,417.063618887177,997
2024-09-16 15:39:50.017,417.1185523181257,96
2024-09-16 15:39:50.049,417.1210527661309,11
2024-09-16 15:39:50.064,41.71056311516696,995
2024-09-16 15:39:50.114,-417.1132166083295,7
2024-09-16 15:39:50.131,417.1123618620348,7
2024-09-16 15:39:50.142,417.11388006428126,5
2024-09-16 15:39:50.227,417.104610142678,14
2024-09-16 15:39:50.374,417.1127730468266,15
2024-09-16 15:39:50.424,417.0983651274952,999
2024-09-16 15:39:50.428,,96
2024-09-16 15:39:50.486,417.11861110606543,13
2024-09-16 15:39:50.610,417.1464092673421,9
2024-09-16 15:39:50.692,-417.1292738242385,999
2024-09-16 15:39:50.842,-417.1399143209664,14
2024-09-16 15:39:50.856,417.1176878313053,8
2024-09-16 15:39:50.857,417.09123896506753,1001
2024-09-16 15:39:50.933,417.1347972687519,13
2024-09-16 15:39:51.084,417.1558372511798,99
2024-09-16 15:39:51.102,417.2679764675467,97
2024-09-16 15:39:51.129,417.13833390956864,14
2024-09-16 15:39:51.208,417.0908915172644,104
2024-09-16 15:39:51.215,417.13155864109376,1000
2024-09-16 15:39:51.237,417.2231932864879,105
2024-09-16 15:39:51.284,417.2319419878359,13
2024-09-16 15:39:51.331,417.1086127099569,15
2024-09-16 15:39:51.342,417.2128356687418,6
2024-09-16 15:39:51.348,417.1847599673074,1001
2024-09-16 15:39:51.373,417.1163600953317,15
2024-09-16 15:39:51.393,417.2614907189236,105
2024-09-16 15:39:51.441,417.1915951017122,10
2024-09-16 15:39:51.466,417.2149825746704,998
2024-09-16 15:39:51.479,417.2100867403669,997
2024-09-16 15:39:51.514,417.1127050169408,101
2024-09-16 15:39:51.521,417.1352378381857,1004
2024-09-16 15:39:51.668,417.11680595333365,103
2024-09-16 15:39:51.690,417.2676980458443,997
2024-09-16 15:39:51.694,417.1041686660951,99
2024-09-16 15:39:51.737,417.1304306237077,9
2024-09-16 15:39:51.741,417.2069063355621,1002
2024-09-16 15:39:51.757,417.2412694062484,7
2024-09-16 15:39:51.793,417.191257569401,103
2024-09-16 15:39:51.842,417.1723669123412,995
2024-09-16 15:39:51.842,417.1504674414845,11
2024-09-16 15:39:51.944,417.1992879541576,12
2024-09-16 15:39:51.983,417.15617547601306,100
2024-09-16 15:39:52.412,417.2766901406347,998
2024-09-16 15:39:52.440,417.2913915637466,1001
2024-09-16 15:39:52.444,417.2554879263308,12
2024-09-16 15:39:52.468,417.2868513688905,103
2024-09-16 15:39:52.501,417.2982634531493,1000
2024-09-16 15:39:52.538,417.2631472509683,10
2024-09-16 15:39:52.695,417.2949188479719,11
2024-09-16 15:39:52.995,417.27632372543377,103
2024-09-16 15:39:53.058,417.2782523816384,14
2024-09-16 15:39:53.069,417.3015452985218,5
2024-09-16 15:39:53.097,417.26681682673,95
2024-09-16 15:39:53.124,417.2628858030907,10
2024-09-16 15:39:53.231,417.2800804744234,98
2024-09-16 15:39:53.290,417.3136303598779,995
2024-09-16 15:39:53.323,417.2721701385848,995
2024-09-16 15:39:53.334,417.2680788406808,998
2024-09-16 15:39:53.357,417.2670222355833,103
2024-09-16 15:39:53.407,417.2736696522907,997
2024-09-16 15:39:53.460,417.28504070592425,13
2024-09-16 15:39:53.461,417.2827297656494,10
2024-09-16 15:39:53.466,417.2882156570489,102
2024-09-16 15:39:53.557,417.2878084814191,6
2024-09-16 15:39:53.593,417.2850524744093,101
2024-09-16 15:39:53.606,417.2268370635039,98
2024-09-16 15:39:53.683,417.2704802070926,997
2024-09-16 15:39:53.687,417.2474725192275,7
2024-09-16 15:39:53.715,417.2578947887969,9
2024-09-16 15:39:53.736,417.2405136472273,15
2024-09-16 15:39:53.898,417.2812965552522,999
2024-09-16 15:39:53.980,417.2368537196431,996
2024-09-16 15:39:53.998,417.2802715624872,5
2024-09-16 15:39:54.022,417.218188747557,99
2024-09-16 15:39:54.102,417.2355705445758,100
2024-09-16 15:39:54.294,417.2254522797736,97
2024-09-16 15:39:54.791,417.23277354886727,1000
2024-09-16 15:39:54.792,417.2300326055809,998
2024-09-16 15:39:54.943,417.22943028646927,15
2024-09-16 15:39:55.104,417.1951888145269,11
2024-09-16 15:39:55.332,417.18131633086097,1004
2024-09-16 15:39:55.373,417.201119690816,97
2024-09-16 15:39:55.473,417.19849285732727,104
2024-09-16 15:39:55.529,417.20751360631874,6
2024-09-16 15:39:55.633,417.206075834372,9
2024-09-16 15:39:55.635,417.2088211064734,14
2024-09-16 15:39:55.889,417.19653509005,996
2024-09-16 15:39:56.323,417.20383357870975,15
2024-09-16 15:39:56.491,417.189749535812,15
2024-09-16 15:39:56.567,417.2145068237693,13
2024-09-16 15:39:56.714,417.1864359794517,1004
2024-09-16 15:39:57.095,417.1582067660037,97
2024-09-16 15:39:57.159,417.2311227000163,14
2024-09-16 15:39:57.162,417.16547914796325,102
2024-09-16 15:39:57.180,417.2251327660789,11
2024-09-16 15:39:57.237,417.2258060895344,15
2024-09-16 15:39:57.260,417.1989415356268,997
2024-09-16 15:39:57.262,417.178915219762,97
2024-09-16 15:39:57.404,417.22041149607327,99
2024-09-16 15:39:57.470,417.2189336586544,996
2024-09-16 15:39:57.554,417.1835758086074,997
2024-09-16 15:39:57.601,417.1600924554991,15
2024-09-16 15:39:57.623,417.146087207988,995
2024-09-16 15:39:57.683,417.2123882449585,5
2024-09-16 15:39:57.706,417.190289947384,103
2024-09-16 15:39:57.741,417.1699191864512,97
2024-09-16 15:39:57.787,417.1676286282035,12
2024-09-16 15:39:57.832,417.2242741489741,15
2024-09-16 15:39:57.893,417.1816480037262,15
2024-09-16 15:39:57.988,417.2154424492055,96
2024-09-16 15:39:58.029,41.716359062699006,6
2024-09-16 15:39:58.387,417.15377277022367,5
2024-09-16 15:39:58.446,417.1677641111459,995
2024-09-16 15:39:58.505,417.1807348041741,1002
2024-09-16 15:39:58.532,417.1650888609195,995
2024-09-16 15:39:58.535,417.1628644342909,15
2024-09-16 15:39:58.987,417.1473250103534,10
2024-09-16 15:39:59.020,417.1575447993206,105
2024-09-16 15:39:59.251,417.1668637550162,998
2024-09-16 15:39:59.286,417.15580813707066,102
2024-09-16 15:39:59.421,417.1583597103623,95
2024-09-16 15:39:59.421,41.71397664758498,1001
2024-09-16 15:39:59.512,417.1330228650175,997
2024-09-16 15:39:59.524,417.1752322080346,105
2024-09-16 15:39:59.637,417.1639357470192,1005
2024-09-16 15:39:59.650,417.15929678439215,1002
2024-09-16 15:39:59.663,417.1638942943858,6
2024-09-16 15:39:59.709,417.1518254751933,13
2024-09-16 15:39:59.906,417.164309973415,8
2024-09-16 15:39:59.979,417.16585578259367,999
