Timestamp,Price,Size
2024-09-16 15:01:00.001,416.20638145584815,99
2024-09-16 15:01:00.029,416.2295557374836,13
2024-09-16 15:01:00.114,416.2887311703341,100
2024-09-16 15:01:00.251,416.2229066400501,1000
2024-09-16 15:01:00.254,418.4836655286628,997
2024-09-16 15:01:00.264,416.2211121682446,15
2024-09-16 15:01:00.304,416.2248951754293,6
2024-09-16 15:01:00.346,416.2720989448084,5
2024-09-16 15:01:00.361,416.2158571185784,99
2024-09-16 15:01:00.376,416.276604988322,15
2024-09-16 15:01:00.421,416.2561833894206,12
2024-09-16 15:01:00.447,416.2106180959842,95
2024-09-16 15:01:00.501,416.2466598617712,6
2024-09-16 15:01:00.519,416.23284980448784,8
2024-09-16 15:01:00.545,416.2321961225026,96
2024-09-16 15:01:00.648,416.2268858170011,9
2024-09-16 15:01:00.666,416.21648295724856,1000
2024-09-16 15:01:00.671,416.2327998038856,99
2024-09-16 15:01:00.686,416.23247397643456,1000
2024-09-16 15:01:00.705,416.2677822736511,6
2024-09-16 15:01:00.721,416.2205896119556,6
2024-09-16 15:01:00.770,416.2435127479417,101
2024-09-16 15:01:00.912,416.2235905664136,14
2024-09-16 15:01:00.948,416.28063526809535,14
2024-09-16 15:01:00.991,416.2520528260126,996
2024-09-16 15:01:01.038,,14
2024-09-16 15:01:01.058,416.2842262957623,1000
2024-09-16 15:01:01.065,416.28479365513954,998
2024-09-16 15:01:01.072,416.28420084342815,1004
2024-09-16 15:01:01.094,416.3117050021274,11
2024-09-16 15:01:01.159,416.25620380092585,8
2024-09-16 15:01:01.252,416.28995680232345,995
2024-09-16 15:01:01.273,416.2757577197904,999
2024-09-16 15:01:01.295,416.3073307681556,5
2024-09-16 15:01:01.321,416.30939943019257,102
2024-09-16 15:01:01.438,416.3158326305431,100
2024-09-16 15:01:01.446,416.2535955929772,1003
2024-09-16 15:01:01.469,416.3015219341915,7
2024-09-16 15:01:01.514,416.3004675411062,105
2024-09-16 15:01:01.554,416.2581623737226,103
2024-09-16 15:01:01.593,416.2796058060361,103
2024-09-16 15:01:01.598,416.2677858232223,9
2024-09-16 15:01:01.640,416.2629888452192,5
2024-09-16 15:01:01.670,416.2548802109101,100
2024-09-16 15:01:01.719,416.2683604170568,13
2024-09-16 15:01:01.747,416.3011039360835,7
2024-09-16 15:01:01.773,416.32566164437793,1003
2024-09-16 15:01:01.851,416.3036130738962,999
2024-09-16 15:01:01.884,416.2552654525843,995
2024-09-16 15:01:01.887,416.2456127285841,1004
2024-09-16 15:01:01.893,416.2999777103654,5
2024-09-16 15:01:01.915,416.3069055547253,14
2024-09-16 15:01:01.926,416.3052474457103,102
2024-09-16 15:01:01.941,416.2933205138596,6
2024-09-16 15:01:01.945,416.30191158081175,1001
2024-09-16 15:01:02.072,416.2934777344327,6
2024-09-16 15:01:02.271,416.2950463674132,1001
2024-09-16 15:01:02.276,416.33036930488686,103
2024-09-16 15:01:02.280,416.3241691192213,100
2024-09-16 15:01:02.517,416.3185194455152,13
2024-09-16 15:01:02.543,416.31706888634136,14
2024-09-16 15:01:02.556,416.3033180667946,101
2024-09-16 15:01:02.851,416.3059068775685,103
2024-09-16 15:01:03.015,416.3536618935768,15
2024-09-16 15:01:03.019,416.3360667175237,1002
2024-09-16 15:01:03.024,416.32403871191457,6
2024-09-16 15:01:03.208,416.3024818313584,1001
2024-09-16 15:01:03.349,416.2922745858671,12
2024-09-16 15:01:03.435,416.3382558697045,95
2024-09-16 15:01:03.451,416.3022228422109,100
2024-09-16 15:01:03.485,416.3492089487064,98
2024-09-16 15:01:03.503,416.3262199560671,95
2024-09-16 15:01:03.535,416.3323823282524,101
2024-09-16 15:01:03.565,416.3178282916929,15
2024-09-16 15:01:03.575,416.2872678577809,1004
2024-09-16 15:01:03.610,416.3319597314837,9
2024-09-16 15:01:03.631,416.2875460086669,999
2024-09-16 15:01:03.717,416.35696654075457,96
2024-09-16 15:01:03.728,416.3257243280958,6
2024-09-16 15:01:03.763,416.2627379911689,6
2024-09-16 15:01:03.990,416.340069907701,96
2024-09-16 15:01:04.033,416.3663046005563,5
2024-09-16 15:01:04.141,416.3635021139608,98
2024-09-16 15:01:04.388,416.3609581220349,8
2024-09-16 15:01:04.616,416.3498719704895,14
2024-09-16 15:01:04.832,416.3761920145209,96
2024-09-16 15:01:04.834,416.3464126009141,999
2024-09-16 15:01:04.883,416.3612938147826,14
2024-09-16 15:01:04.886,416.3584692129884,995
2024-09-16 15:01:04.987,416.3536305168083,102
2024-09-16 15:01:05.046,418.3881745833181,100
2024-09-16 15:01:05.123,416.3867312918718,100
2024-09-16 15:01:05.319,416.3637017184027,9
2024-09-16 15:01:05.348,416.37272731767695,1003
2024-09-16 15:01:05.743,416.3700137652219,8
2024-09-16 15:01:06.007,416.3489100180285,98
2024-09-16 15:01:06.186,416.3437601932388,98
2024-09-16 15:01:06.205,416.35642923622055,100
2024-09-16 15:01:06.304,416.3303510692178,8
2024-09-16 15:01:06.316,416.3356102858585,1003
2024-09-16 15:01:06.396,416.33132269883214,101
2024-09-16 15:01:06.530,416.3529831791748,7
2024-09-16 15:01:06.538,416.3675380807536,10
2024-09-16 15:01:06.561,416.3307191736149,96
2024-09-16 15:01:06.585,416.3361217433945,95
2024-09-16 15:01:06.634,416.3406587632555,102
2024-09-16 15:01:06.644,416.35426849201616,7
2024-09-16 15:01:06.644,416.3183782281415,101
2024-09-16 15:01:06.739,416.341678741273,999
2024-09-16 15:01:06.742,416.3533285342676,95
2024-09-16 15:01:06.754,416.3352263471801,1000
2024-09-16 15:01:06.771,416.3822598623466,97
2024-09-16 15:01:06.776,416.3755382114439,103
2024-09-16 15:01:06.802,,98
2024-09-16 15:01:06.806,416.3375582029339,6
2024-09-16 15:01:06.823,416.34906652875503,8
2024-09-16 15:01:06.837,416.3348654957889,5
2024-09-16 15:01:06.876,416.3154696637072,104
2024-09-16 15:01:06.884,416.3384352219009,8
2024-09-16 15:01:06.905,416.35580348698574,14
2024-09-16 15:01:06.959,416.34890341448624,1002
2024-09-16 15:01:07.013,416.324295699445,12
2024-09-16 15:01:07.038,416.3283807691718,9
2024-09-16 15:01:07.136,416.3397103294769,104
2024-09-16 15:01:07.152,416.33186525961713,1004
2024-09-16 15:01:07.244,416.3476568052649,996
2024-09-16 15:01:07.379,416.3121601938361,10
2024-09-16 15:01:07.532,416.3238474682436,8
2024-09-16 15:01:07.583,416.3562515909969,14
2024-09-16 15:01:07.673,416.31281706451006,12
2024-09-16 15:01:07.699,416.3587846939857,8
2024-09-16 15:01:07.710,416.3237872848153,100
2024-09-16 15:01:07.898,416.3295819879145,5
2024-09-16 15:01:07.959,418.4342722225202,998
2024-09-16 15:01:08.002,416.3268349572415,8
2024-09-16 15:01:08.027,416.3092876812095,11
2024-09-16 15:01:08.203,416.3303861367425,6
2024-09-16 15:01:08.307,416.331811927763,15
2024-09-16 15:01:08.344,416.3275628072469,104
2024-09-16 15:01:08.378,416.3350888978491,101
2024-09-16 15:01:08.719,416.3166596640978,6
2024-09-16 15:01:08.993,416.3427647439696,95
2024-09-16 15:01:09.092,416.3179854232289,5
2024-09-16 15:01:10.134,416.31115707906326,102
2024-09-16 15:01:10.291,416.3207882786948,6
2024-09-16 15:01:10.299,416.3370893812224,7
2024-09-16 15:01:10.331,416.30914014842847,7
2024-09-16 15:01:10.404,416.3146642310924,105
2024-09-16 15:01:10.407,416.3399867618652,7
2024-09-16 15:01:10.432,41.631283374183255,11
2024-09-16 15:01:10.442,416.31993483494495,1004
2024-09-16 15:01:10.490,416.3176757033125,1001
2024-09-16 15:01:10.681,,10
2024-09-16 15:01:10.737,416.32174072048633,8
2024-09-16 15:01:10.800,416.3368736414605,9
2024-09-16 15:01:10.825,416.3080500502892,13
2024-09-16 15:01:10.842,416.30914648578033,999
2024-09-16 15:01:10.842,416.3263897616972,103
2024-09-16 15:01:10.893,416.3336005895343,6
2024-09-16 15:01:10.963,416.31169235938097,10
2024-09-16 15:01:11.020,416.3477966460973,15
2024-09-16 15:01:11.091,416.3558605342975,98
2024-09-16 15:01:11.146,416.36675067243374,103
2024-09-16 15:01:11.195,416.3484871249095,10
2024-09-16 15:01:11.223,416.3699042063655,1003
2024-09-16 15:01:11.240,416.36188033989646,99
2024-09-16 15:01:11.273,416.3791183492133,1000
2024-09-16 15:01:11.427,416.34646390351776,15
2024-09-16 15:01:11.446,416.3313243421799,11
2024-09-16 15:01:11.542,416.3642101932635,95
2024-09-16 15:01:11.550,416.3620934820248,9
2024-09-16 15:01:11.558,416.3258767893246,996
2024-09-16 15:01:11.710,416.3667474510058,9
2024-09-16 15:01:11.719,416.3472171588865,13
2024-09-16 15:01:11.850,416.3437948929048,103
2024-09-16 15:01:11.877,416.37179855697,102
2024-09-16 15:01:11.908,416.3521584752002,999
2024-09-16 15:01:11.950,416.3341617468215,98
2024-09-16 15:01:11.960,416.3827605926877,102
2024-09-16 15:01:11.993,416.3534968828678,998
2024-09-16 15:01:13.010,416.38473774589215,10
2024-09-16 15:01:13.026,416.40449415504526,103
2024-09-16 15:01:13.063,416.35588596426,11
2024-09-16 15:01:13.193,416.41252250873936,6
2024-09-16 15:01:13.257,416.3655544605632,9
2024-09-16 15:01:13.289,416.4088741924088,100
2024-09-16 15:01:13.290,416.3798651584187,95
2024-09-16 15:01:13.313,416.3702884214941,1005
2024-09-16 15:01:13.321,416.3726994963394,1000
2024-09-16 15:01:13.406,416.4026971763686,1002
2024-09-16 15:01:13.494,416.4066350802253,999
2024-09-16 15:01:13.531,416.3762240466987,95
2024-09-16 15:01:13.577,416.36739042829953,7
2024-09-16 15:01:13.584,416.3808189983272,5
2024-09-16 15:01:13.614,416.3512571675362,15
2024-09-16 15:01:13.680,416.3823402616441,1000
2024-09-16 15:01:13.704,416.38859157500445,99
2024-09-16 15:01:13.731,416.3841795416565,996
2024-09-16 15:01:13.747,416.413959391976,103
2024-09-16 15:01:13.900,416.3744376127118,95
2024-09-16 15:01:13.933,416.365705723076,13
2024-09-16 15:01:13.960,416.4120140357921,14
2024-09-16 15:01:13.971,416.3852817737299,1004
2024-09-16 15:01:14.121,416.4637181961114,100
2024-09-16 15:01:14.165,416.4603157329408,12
2024-09-16 15:01:14.189,416.4580968282506,11
2024-09-16 15:01:14.228,416.44027518961593,995
2024-09-16 15:01:14.297,416.4598554194002,9
2024-09-16 15:01:14.314,416.46617910513146,105
2024-09-16 15:01:14.322,41.64601398647572,9
2024-09-16 15:01:14.323,41.64179927947305,6
2024-09-16 15:01:14.362,416.4549824364679,999
2024-09-16 15:01:14.393,416.4491853799578,10
2024-09-16 15:01:14.422,416.40810560339247,1004
2024-09-16 15:01:14.544,416.43465219151744,1003
2024-09-16 15:01:14.545,416.4463256398407,11
2024-09-16 15:01:14.682,416.4601343815797,5
2024-09-16 15:01:14.770,416.4322812909645,101
2024-09-16 15:01:14.792,416.4319139892067,1001
2024-09-16 15:01:14.821,416.4524322454204,14
2024-09-16 15:01:14.837,416.4514237719076,1001
2024-09-16 15:01:14.840,416.426132939857,1004
2024-09-16 15:01:14.853,416.4619358682683,95
2024-09-16 15:01:14.984,418.4862787677952,7
2024-09-16 15:01:15.069,416.4231265262971,5
2024-09-16 15:01:15.156,416.460911620342,996
2024-09-16 15:01:15.174,416.4397108695996,997
2024-09-16 15:01:15.393,416.4857767292709,105
2024-09-16 15:01:15.459,416.48078483851,5
2024-09-16 15:01:15.467,416.4374716066742,99
2024-09-16 15:01:15.684,416.4349767386777,14
2024-09-16 15:01:15.906,416.4802490091956,12
2024-09-16 15:01:15.963,416.43279562062406,102
2024-09-16 15:01:15.969,41.642748540196585,1003
2024-09-16 15:01:15.994,416.4252318289644,11
2024-09-16 15:01:16.007,418.4166594546161,9
2024-09-16 15:01:16.095,416.4554847330205,101
2024-09-16 15:01:16.130,416.4241178114384,14
2024-09-16 15:01:16.225,416.42538176566114,12
2024-09-16 15:01:16.382,416.4375643042553,8
2024-09-16 15:01:16.405,416.4308876266408,6
2024-09-16 15:01:16.480,416.4202942141956,15
2024-09-16 15:01:16.552,416.4419810436928,12
2024-09-16 15:01:16.632,416.44677823462354,999
2024-09-16 15:01:16.657,416.41330819862526,1001
2024-09-16 15:01:17.796,416.42660282816666,99
2024-09-16 15:01:18.030,416.4311387371401,6
2024-09-16 15:01:18.070,416.38085174528896,13
2024-09-16 15:01:18.114,416.3541535789815,99
2024-09-16 15:01:18.117,416.4294812940426,11
2024-09-16 15:01:18.143,416.38825388682574,103
2024-09-16 15:01:18.201,416.3364797224663,999
2024-09-16 15:01:18.220,416.3249116065143,1005
2024-09-16 15:01:18.246,416.4198875963072,1002
2024-09-16 15:01:18.283,416.4205857871144,101
2024-09-16 15:01:18.315,416.4423498214183,996
2024-09-16 15:01:18.335,416.3676603534991,1004
2024-09-16 15:01:18.345,416.4115713177697,98
2024-09-16 15:01:18.359,416.4331667563802,99
2024-09-16 15:01:18.385,416.4353544490329,14
2024-09-16 15:01:18.432,416.3693922525591,104
2024-09-16 15:01:18.522,416.377087265174,1002
2024-09-16 15:01:18.528,416.36719358711935,99
2024-09-16 15:01:18.694,416.2958901063435,104
2024-09-16 15:01:18.699,416.3079488990904,101
2024-09-16 15:01:18.754,416.33960316721,11
2024-09-16 15:01:18.768,416.3652934654174,5
2024-09-16 15:01:18.810,416.3678564067503,1005
2024-09-16 15:01:18.840,416.3108711976036,98
2024-09-16 15:01:18.843,416.3314926212442,1003
2024-09-16 15:01:18.927,416.3886741318119,1002
2024-09-16 15:01:18.968,416.43679939559576,102
2024-09-16 15:01:19.006,416.37115384865984,103
2024-09-16 15:01:19.200,416.3275406024971,1000
2024-09-16 15:01:19.311,416.3206779144713,999
2024-09-16 15:01:19.379,418.4031308210896,8
2024-09-16 15:01:19.428,-416.3339925187743,15
2024-09-16 15:01:19.451,416.3351975369301,997
2024-09-16 15:01:19.870,416.3189744105856,102
2024-09-16 15:01:19.920,416.30843072053824,995
2024-09-16 15:01:19.999,416.3541573465149,1000
2024-09-16 15:01:20.164,416.3642120309107,5
2024-09-16 15:01:21.113,416.3526713872473,95
2024-09-16 15:01:21.125,416.3490424969262,101
2024-09-16 15:01:21.194,416.3428631427128,1004
2024-09-16 15:01:21.263,416.37439540381376,15
2024-09-16 15:01:21.270,416.3512896873228,7
2024-09-16 15:01:21.288,416.3469982791158,96
2024-09-16 15:01:21.416,41.62957184106614,100
2024-09-16 15:01:21.436,416.3581962688037,10
2024-09-16 15:01:21.500,-416.348746015989,9
2024-09-16 15:01:21.578,416.33179711683096,996
2024-09-16 15:01:21.581,416.3742246240024,99
2024-09-16 15:01:21.611,416.30082075208986,96
2024-09-16 15:01:21.615,416.3589643920967,100
2024-09-16 15:01:21.625,416.2926956748147,999
2024-09-16 15:01:21.677,416.3482069433218,95
2024-09-16 15:01:21.682,416.35347332507473,15
2024-09-16 15:01:21.688,416.3463984719121,8
2024-09-16 15:01:21.766,416.3630762082234,105
2024-09-16 15:01:21.792,416.36784195730974,103
2024-09-16 15:01:21.922,416.35629230076086,1004
2024-09-16 15:01:21.957,416.3771293573826,10
2024-09-16 15:01:21.974,416.3342328526997,5
2024-09-16 15:01:22.037,416.2838658833562,101
2024-09-16 15:01:22.114,416.266563379701,104
2024-09-16 15:01:22.128,416.2815995143434,104
2024-09-16 15:01:22.174,416.2681480795952,998
2024-09-16 15:01:22.188,416.2705374103904,7
2024-09-16 15:01:22.201,416.2786879346861,996
2024-09-16 15:01:22.272,416.2766551781296,105
2024-09-16 15:01:22.289,416.2781554822144,1002
2024-09-16 15:01:22.337,416.2694965042708,15
2024-09-16 15:01:22.362,416.2754757219586,1002
2024-09-16 15:01:22.436,416.2872430911631,13
2024-09-16 15:01:22.452,416.26934702789976,1003
2024-09-16 15:01:22.454,416.26414062930144,1002
2024-09-16 15:01:22.513,416.28250409854775,97
2024-09-16 15:01:22.553,416.3129945038008,14
2024-09-16 15:01:22.623,416.28995535382586,9
2024-09-16 15:01:22.727,416.2717690102024,998
2024-09-16 15:01:22.735,416.2926891280108,998
2024-09-16 15:01:22.851,416.2922136452048,1002
2024-09-16 15:01:22.877,416.3010989870917,10
2024-09-16 15:01:22.881,416.2572277202746,7
2024-09-16 15:01:22.893,416.3252979296518,13
2024-09-16 15:01:22.984,416.2576616467385,13
2024-09-16 15:01:23.015,416.3334337638505,1002
2024-09-16 15:01:23.056,416.3089979121037,7
2024-09-16 15:01:23.137,416.3211287572487,6
2024-09-16 15:01:23.153,416.3480534681134,13
2024-09-16 15:01:23.172,416.3125968641483,1003
2024-09-16 15:01:23.182,416.3165719376016,995
2024-09-16 15:01:23.194,416.33949569266593,98
2024-09-16 15:01:23.206,416.3201594411131,1001
2024-09-16 15:01:23.254,416.32750658748034,101
2024-09-16 15:01:23.303,416.3423790593709,5
2024-09-16 15:01:23.307,416.3316586077925,999
2024-09-16 15:01:23.313,416.3240975567929,5
2024-09-16 15:01:23.321,416.3258247371631,999
2024-09-16 15:01:23.394,416.3194679584857,997
2024-09-16 15:01:23.403,416.33694099323617,8
2024-09-16 15:01:23.432,416.32731428108207,15
2024-09-16 15:01:23.512,416.3362164357438,997
2024-09-16 15:01:23.540,416.3327611933569,9
2024-09-16 15:01:23.566,416.3448917787085,1002
2024-09-16 15:01:23.645,416.3454480949145,1001
2024-09-16 15:01:23.744,416.3464121966541,8
2024-09-16 15:01:23.821,416.33062808716704,995
2024-09-16 15:01:23.830,416.3619170294508,99
2024-09-16 15:01:23.839,416.3133410673092,99
2024-09-16 15:01:23.870,416.3217369332526,96
2024-09-16 15:01:23.873,416.3375395900913,97
2024-09-16 15:01:23.910,416.347501761028,996
2024-09-16 15:01:23.921,416.2938310622216,999
2024-09-16 15:01:23.934,416.2990615784139,103
2024-09-16 15:01:24.049,416.3435633774094,9
2024-09-16 15:01:24.053,416.38194431459743,1002
2024-09-16 15:01:24.071,41.63819521801375,1000
2024-09-16 15:01:24.080,416.4020169616472,9
2024-09-16 15:01:24.104,416.34498457289465,1004
2024-09-16 15:01:24.132,416.4015981889671,6
2024-09-16 15:01:24.160,416.372731778646,102
2024-09-16 15:01:24.168,416.3255006832062,95
2024-09-16 15:01:24.205,416.34776791903874,8
2024-09-16 15:01:24.228,416.3115930981712,105
2024-09-16 15:01:24.303,416.316388500091,1001
2024-09-16 15:01:24.369,416.3361594896829,1005
2024-09-16 15:01:24.622,416.2975973262702,995
2024-09-16 15:01:24.656,416.4230034523897,998
2024-09-16 15:01:24.751,416.4199175903946,1002
2024-09-16 15:01:24.762,416.41011716782725,105
2024-09-16 15:01:24.800,41.62856608713472,96
2024-09-16 15:01:24.838,416.2822475680103,13
2024-09-16 15:01:24.963,416.3633006689817,1003
2024-09-16 15:01:24.978,,1004
2024-09-16 15:01:24.978,416.355690815464,15
2024-09-16 15:01:25.003,416.42573091864887,999
2024-09-16 15:01:25.007,416.4178315547077,6
2024-09-16 15:01:25.036,416.4083446513367,10
2024-09-16 15:01:25.046,416.43423179331,6
2024-09-16 15:01:25.293,416.4333848681831,996
2024-09-16 15:01:25.398,416.4372571269264,995
2024-09-16 15:01:25.448,416.41670706815376,7
2024-09-16 15:01:25.580,416.4120609924174,1004
2024-09-16 15:01:25.603,416.4026756518968,996
2024-09-16 15:01:25.853,416.4213701881853,99
2024-09-16 15:01:25.943,416.4177086556954,104
2024-09-16 15:01:25.960,416.41442963807,103
2024-09-16 15:01:26.000,416.3821250239008,8
2024-09-16 15:01:26.159,416.3520409045803,6
2024-09-16 15:01:26.393,416.3264952994812,9
2024-09-16 15:01:26.417,416.3411174379985,14
2024-09-16 15:01:26.693,416.29968268649054,1002
2024-09-16 15:01:26.753,416.3975910150209,14
2024-09-16 15:01:26.800,416.3191120269871,8
2024-09-16 15:01:26.901,416.3490512696727,11
2024-09-16 15:01:26.949,416.3488545630941,1002
2024-09-16 15:01:26.981,416.4030940343381,99
2024-09-16 15:01:27.078,416.3896234333495,6
2024-09-16 15:01:27.158,416.39889785626207,14
2024-09-16 15:01:27.170,416.3915100092182,1001
2024-09-16 15:01:27.203,416.40144916519927,7
2024-09-16 15:01:27.227,416.3551673077632,998
2024-09-16 15:01:27.228,416.383727271545,98
2024-09-16 15:01:27.278,416.3991498361582,96
2024-09-16 15:01:27.305,416.3357025750957,997
2024-09-16 15:01:27.332,416.3664447622166,102
2024-09-16 15:01:27.404,416.3973990242175,15
2024-09-16 15:01:27.475,416.3603198086456,6
2024-09-16 15:01:27.492,416.3519923234983,6
2024-09-16 15:01:27.496,416.3638514400476,103
2024-09-16 15:01:27.670,416.3487369179989,997
2024-09-16 15:01:27.688,416.3643668012626,1002
2024-09-16 15:01:27.812,416.4048381707989,11
2024-09-16 15:01:27.840,416.3554977839703,1002
2024-09-16 15:01:27.909,416.39413410087394,997
2024-09-16 15:01:27.937,416.3446505054995,14
2024-09-16 15:01:27.958,416.3518345314285,1000
2024-09-16 15:01:27.973,416.3886184776112,15
2024-09-16 15:01:27.992,416.3483726178272,6
2024-09-16 15:01:28.051,416.4257548331301,96
2024-09-16 15:01:28.185,416.3928198587759,13
2024-09-16 15:01:28.223,416.4068907079857,14
2024-09-16 15:01:28.229,416.404736686383,105
2024-09-16 15:01:28.535,416.4003372483782,100
2024-09-16 15:01:28.621,416.4117048350192,998
2024-09-16 15:01:28.625,416.4188980226524,95
2024-09-16 15:01:28.650,416.4085644548954,6
2024-09-16 15:01:28.736,416.4217136762659,1000
2024-09-16 15:01:28.967,416.4029434513018,97
2024-09-16 15:01:29.034,416.41649760108993,11
2024-09-16 15:01:29.047,416.4354857654609,102
2024-09-16 15:01:29.122,416.3881774636528,100
2024-09-16 15:01:29.226,416.4053775056195,100
2024-09-16 15:01:29.232,416.44580559857184,1004
2024-09-16 15:01:29.345,416.45936550438887,15
2024-09-16 15:01:29.354,416.39829045623776,12
2024-09-16 15:01:29.407,,102
2024-09-16 15:01:29.491,416.47244461177576,11
2024-09-16 15:01:29.539,416.4609279867506,997
2024-09-16 15:01:29.543,416.46552985494526,5
2024-09-16 15:01:29.655,416.4052547902327,97
2024-09-16 15:01:29.696,416.4136289729699,101
2024-09-16 15:01:29.828,416.39768500153247,104
2024-09-16 15:01:29.853,416.4083466538505,95
2024-09-16 15:01:29.918,416.39992951992247,95
2024-09-16 15:01:30.272,418.47313642246473,96
2024-09-16 15:01:30.367,416.4625607870631,1001
2024-09-16 15:01:30.614,416.4702857212377,6
2024-09-16 15:01:30.810,416.4709075271896,998
2024-09-16 15:01:31.017,416.4857115326416,999
2024-09-16 15:01:31.221,416.496921123947,997
2024-09-16 15:01:31.266,416.4971298120022,997
2024-09-16 15:01:31.326,416.48794256845065,999
2024-09-16 15:01:31.342,416.48015047966345,1004
2024-09-16 15:01:31.416,416.48709365470586,997
2024-09-16 15:01:31.426,416.4957440674139,15
2024-09-16 15:01:31.644,416.49525357283215,10
2024-09-16 15:01:31.651,416.49095048261927,8
2024-09-16 15:01:31.720,416.48891707322576,15
2024-09-16 15:01:31.887,416.4861281406636,6
2024-09-16 15:01:31.909,416.4869618441401,998
2024-09-16 15:01:32.198,41.64733815725934,1000
2024-09-16 15:01:32.355,416.47266556060913,100
2024-09-16 15:01:32.460,416.4499742149123,105
2024-09-16 15:01:32.523,416.4514574475788,997
2024-09-16 15:01:32.591,416.4841129625421,11
2024-09-16 15:01:32.982,416.46113063817154,998
2024-09-16 15:01:33.006,416.51309362357074,1003
2024-09-16 15:01:33.063,416.51908503924375,999
2024-09-16 15:01:33.090,416.4705880488583,101
2024-09-16 15:01:33.189,416.48356023602975,1004
2024-09-16 15:01:33.610,416.4749028090317,103
2024-09-16 15:01:33.649,416.4535883711544,105
2024-09-16 15:01:33.675,416.4910661167659,10
2024-09-16 15:01:33.679,416.4741111255488,7
2024-09-16 15:01:33.723,416.4368268587542,12
2024-09-16 15:01:33.732,416.443072843872,103
2024-09-16 15:01:33.815,416.4849408599035,14
2024-09-16 15:01:33.823,416.4254234081467,996
2024-09-16 15:01:33.870,416.5281665837958,995
2024-09-16 15:01:33.878,416.42219505623314,104
2024-09-16 15:01:33.940,416.475011465533,5
2024-09-16 15:01:35.041,416.43038387031874,11
2024-09-16 15:01:35.162,416.44795932666807,1001
2024-09-16 15:01:35.217,-416.4307447012391,95
2024-09-16 15:01:35.287,416.4455416746525,14
2024-09-16 15:01:35.310,416.4512290944935,11
2024-09-16 15:01:35.322,416.43106821167,999
2024-09-16 15:01:35.359,416.420343152012,97
2024-09-16 15:01:35.432,416.4337737094724,97
2024-09-16 15:01:35.527,416.4583608917643,997
2024-09-16 15:01:35.639,416.44543465550726,997
2024-09-16 15:01:35.857,416.4346952604012,103
2024-09-16 15:01:35.961,416.44075607063854,103
2024-09-16 15:01:37.059,416.4714793418781,1005
2024-09-16 15:01:37.241,416.4333514235288,15
2024-09-16 15:01:37.381,416.4636479520058,101
2024-09-16 15:01:37.507,416.4347363560425,102
2024-09-16 15:01:37.586,416.41223875424447,996
2024-09-16 15:01:37.678,416.456302496872,11
2024-09-16 15:01:37.728,416.45679959430686,1000
2024-09-16 15:01:37.776,-416.4543541927069,1003
2024-09-16 15:01:37.805,416.46558757890745,102
2024-09-16 15:01:37.928,416.4522646044765,101
2024-09-16 15:01:38.273,416.4691275338668,99
2024-09-16 15:01:38.328,416.4417611242611,99
2024-09-16 15:01:38.570,416.460408162623,6
2024-09-16 15:01:38.597,416.435366296016,12
2024-09-16 15:01:38.702,416.42059057254056,996
2024-09-16 15:01:39.002,416.4854611320128,102
2024-09-16 15:01:39.044,416.4812583970522,1001
2024-09-16 15:01:39.045,416.4798915722635,1005
2024-09-16 15:01:39.082,416.4757919762357,10
2024-09-16 15:01:39.132,416.4832180489354,14
2024-09-16 15:01:39.156,416.4467092771083,1000
2024-09-16 15:01:39.307,416.5070192706028,1002
2024-09-16 15:01:39.372,416.51091507582873,13
2024-09-16 15:01:39.375,416.49722422942966,14
2024-09-16 15:01:39.475,416.47855167659634,998
2024-09-16 15:01:39.497,416.4953058736696,6
2024-09-16 15:01:39.515,416.4642051687165,1005
2024-09-16 15:01:39.551,416.4920654805963,11
2024-09-16 15:01:39.559,416.4875385375286,15
2024-09-16 15:01:39.715,416.4858936810751,6
2024-09-16 15:01:39.743,416.5131327414868,995
2024-09-16 15:01:39.823,416.4743555458896,998
2024-09-16 15:01:39.951,416.46261617342,1005
2024-09-16 15:01:39.971,416.4547872767762,5
2024-09-16 15:01:40.013,416.5049361887398,10
2024-09-16 15:01:40.573,416.5114028212314,1003
2024-09-16 15:01:41.086,416.5850151793587,95
2024-09-16 15:01:41.086,416.529197143893,102
2024-09-16 15:01:41.147,416.59016772744405,15
2024-09-16 15:01:41.181,416.5684422760633,1000
2024-09-16 15:01:41.275,416.52352813653545,6
2024-09-16 15:01:41.290,416.5765118188877,100
2024-09-16 15:01:41.352,416.6136484551636,102
2024-09-16 15:01:41.438,416.60274765434207,101
2024-09-16 15:01:41.448,416.6334483318093,11
2024-09-16 15:01:41.894,,99
2024-09-16 15:01:41.964,416.5777901125825,105
2024-09-16 15:01:42.030,416.5173302004086,9
2024-09-16 15:01:42.039,416.6068405029495,1003
2024-09-16 15:01:42.045,416.5758628442814,9
2024-09-16 15:01:42.159,416.6086769072719,996
2024-09-16 15:01:42.178,416.60722246581753,6
2024-09-16 15:01:42.216,416.6376827206668,1001
2024-09-16 15:01:42.233,416.5449820078479,97
2024-09-16 15:01:42.245,416.6127934918346,14
2024-09-16 15:01:42.265,416.6345559502049,999
2024-09-16 15:01:42.266,416.6121900159883,103
2024-09-16 15:01:42.294,416.627026882446,996
2024-09-16 15:01:42.328,416.5408274925353,11
2024-09-16 15:01:42.502,416.6052009181933,6
2024-09-16 15:01:42.536,416.62374328496907,102
2024-09-16 15:01:42.545,416.5982419683626,102
2024-09-16 15:01:42.548,416.5356220538581,95
2024-09-16 15:01:42.593,416.6053031013236,102
2024-09-16 15:01:42.593,416.53112099134654,14
2024-09-16 15:01:42.678,416.61738378276505,997
2024-09-16 15:01:42.697,416.63016344046986,95
2024-09-16 15:01:42.704,416.54272037666016,7
2024-09-16 15:01:42.743,416.61575843061433,95
2024-09-16 15:01:42.783,416.5604737854137,98
2024-09-16 15:01:42.787,416.5898848819048,99
2024-09-16 15:01:42.797,416.5303933292819,12
2024-09-16 15:01:42.817,416.622629897439,15
2024-09-16 15:01:42.863,416.5930621816304,5
2024-09-16 15:01:42.890,416.6448706699848,1002
2024-09-16 15:01:42.938,416.5845915164812,9
2024-09-16 15:01:42.947,416.6311769396036,5
2024-09-16 15:01:43.238,416.4727760157073,10
2024-09-16 15:01:43.323,416.5129819495343,104
2024-09-16 15:01:43.329,416.5142868944195,1000
2024-09-16 15:01:43.578,416.48996684775926,100
2024-09-16 15:01:44.224,416.52794390231537,1004
2024-09-16 15:01:44.253,416.5122261507588,6
2024-09-16 15:01:44.259,416.5376532894323,13
2024-09-16 15:01:44.365,416.5331020040829,1000
2024-09-16 15:01:44.439,416.5039482480146,100
2024-09-16 15:01:44.502,416.5218005218791,12
2024-09-16 15:01:44.546,416.4769295737145,104
2024-09-16 15:01:44.649,416.4926170641983,7
2024-09-16 15:01:45.063,416.5660104303042,998
2024-09-16 15:01:45.136,416.5419739207331,999
2024-09-16 15:01:45.158,416.5243754876361,7
2024-09-16 15:01:45.201,416.5502938559284,998
2024-09-16 15:01:45.266,416.52627335888144,98
2024-09-16 15:01:45.284,,96
2024-09-16 15:01:45.296,416.5265165046016,98
2024-09-16 15:01:45.330,416.5327353426276,14
2024-09-16 15:01:45.342,416.5542466711224,100
2024-09-16 15:01:45.405,416.5629639017222,10
2024-09-16 15:01:45.430,416.5568967533228,9
2024-09-16 15:01:45.450,416.54182903653424,1004
2024-09-16 15:01:45.487,416.5216729947578,995
2024-09-16 15:01:45.553,416.5386132853105,9
2024-09-16 15:01:45.698,416.538881178495,997
2024-09-16 15:01:45.719,416.5640518333321,7
2024-09-16 15:01:45.731,416.5519172401872,996
2024-09-16 15:01:45.789,416.52773646545535,98
2024-09-16 15:01:45.837,416.5459480121061,9
2024-09-16 15:01:45.845,416.55634264144135,5
2024-09-16 15:01:45.852,416.55987716427103,103
2024-09-16 15:01:45.861,416.54051137605535,98
2024-09-16 15:01:45.879,416.5515722697602,5
2024-09-16 15:01:45.976,416.5364669744875,995
2024-09-16 15:01:45.998,416.54761066243407,102
2024-09-16 15:01:46.024,416.5530249745865,1000
2024-09-16 15:01:46.113,416.5564821987688,1000
2024-09-16 15:01:46.130,416.5520973594206,15
2024-09-16 15:01:46.174,416.52208565162346,97
2024-09-16 15:01:46.180,416.550004703119,5
2024-09-16 15:01:46.319,416.5565108061206,99
2024-09-16 15:01:46.324,416.5719225078462,10
2024-09-16 15:01:46.348,416.59236056264217,1004
2024-09-16 15:01:46.426,416.5451970859754,9
2024-09-16 15:01:46.513,416.5675806391035,997
2024-09-16 15:01:46.544,416.551728509395,14
2024-09-16 15:01:46.620,416.5419791716615,996
2024-09-16 15:01:46.676,416.5644006532727,1004
2024-09-16 15:01:46.678,416.6004989311669,15
2024-09-16 15:01:46.787,416.5457406060432,99
2024-09-16 15:01:46.817,416.56895492274543,1000
2024-09-16 15:01:46.840,416.5380936348387,999
2024-09-16 15:01:46.844,416.6022797746092,97
2024-09-16 15:01:46.847,-416.5541686075108,101
2024-09-16 15:01:46.875,416.6015607249284,1002
2024-09-16 15:01:46.880,416.6191596853398,105
2024-09-16 15:01:46.969,416.5522952915488,10
2024-09-16 15:01:46.989,416.5342051378849,8
2024-09-16 15:01:46.999,416.6364725143852,15
2024-09-16 15:01:47.240,416.6303113936324,98
2024-09-16 15:01:47.285,416.617595804656,103
2024-09-16 15:01:47.363,416.6347010164442,7
2024-09-16 15:01:47.502,416.5924723372804,96
2024-09-16 15:01:47.601,416.6488808999032,12
2024-09-16 15:01:47.616,416.6166306916938,12
2024-09-16 15:01:47.703,416.6395261624317,1005
2024-09-16 15:01:47.743,416.6380775404197,5
2024-09-16 15:01:47.744,416.6303217598355,98
2024-09-16 15:01:47.922,416.5905296944684,1000
2024-09-16 15:01:47.950,416.59599006842046,1003
2024-09-16 15:01:48.026,416.5306383584508,99
2024-09-16 15:01:48.102,416.5508245573065,11
2024-09-16 15:01:48.124,416.5461968492861,105
2024-09-16 15:01:48.136,416.5287115547597,103
2024-09-16 15:01:48.143,416.5314580897911,103
2024-09-16 15:01:48.154,416.57132290198666,1000
2024-09-16 15:01:48.166,416.540448862338,999
2024-09-16 15:01:48.171,416.57256034231744,104
2024-09-16 15:01:48.219,416.5334588832504,999
2024-09-16 15:01:48.305,416.5332505292935,96
2024-09-16 15:01:48.319,416.5561343173816,99
2024-09-16 15:01:48.362,416.5596380126319,97
2024-09-16 15:01:48.371,416.5740273106471,1003
2024-09-16 15:01:48.398,416.57018568700767,9
2024-09-16 15:01:48.421,416.5702966106944,96
2024-09-16 15:01:48.547,416.5530064915962,6
2024-09-16 15:01:48.570,416.574643960508,999
2024-09-16 15:01:48.638,416.5839523952359,95
2024-09-16 15:01:48.712,416.5781931350105,6
2024-09-16 15:01:48.744,416.5421225940126,5
2024-09-16 15:01:48.745,416.6003158910258,995
2024-09-16 15:01:48.869,416.55503457298937,105
2024-09-16 15:01:48.909,416.544173227012,96
2024-09-16 15:01:48.911,416.579582481636,101
2024-09-16 15:01:48.916,416.59091761840943,12
2024-09-16 15:01:48.917,416.5217453312756,12
2024-09-16 15:01:48.963,416.54753931639385,8
2024-09-16 15:01:48.986,416.54128270287777,1003
2024-09-16 15:01:48.998,416.5302174083549,998
2024-09-16 15:01:49.009,416.5124552918225,100
2024-09-16 15:01:49.025,416.5262617518391,8
2024-09-16 15:01:49.127,41.651810023943874,1002
2024-09-16 15:01:49.191,416.5323525942914,1001
2024-09-16 15:01:49.291,416.5467949082999,13
2024-09-16 15:01:49.306,416.5034102137159,5
2024-09-16 15:01:49.319,416.5021666743333,1003
2024-09-16 15:01:49.324,416.5354630617917,102
2024-09-16 15:01:49.336,416.5274021479816,97
2024-09-16 15:01:49.343,416.5140050574812,15
2024-09-16 15:01:49.345,416.51413611890666,8
2024-09-16 15:01:49.346,416.5176405739074,998
2024-09-16 15:01:49.350,416.5051085673076,996
2024-09-16 15:01:49.384,416.5609324445156,998
2024-09-16 15:01:49.405,416.5443713651534,12
2024-09-16 15:01:49.467,416.508483532748,1004
2024-09-16 15:01:49.494,416.5344248401659,8
2024-09-16 15:01:49.559,416.51617386526766,15
2024-09-16 15:01:49.570,416.52384335047753,15
2024-09-16 15:01:49.724,416.5203040015666,14
2024-09-16 15:01:49.754,416.5108339676836,1005
2024-09-16 15:01:49.844,416.5176033406332,99
2024-09-16 15:01:49.879,416.5300233169222,1002
2024-09-16 15:01:49.905,416.5121966141684,14
2024-09-16 15:01:49.915,416.5193015845138,1003
2024-09-16 15:01:49.930,416.5023119260592,8
2024-09-16 15:01:49.943,416.487217405882,14
2024-09-16 15:01:49.989,416.53479161309065,101
2024-09-16 15:01:50.003,416.4993104778,8
2024-09-16 15:01:50.049,416.5288367318329,9
2024-09-16 15:01:50.071,416.5624180172772,1001
2024-09-16 15:01:50.107,416.5354044525756,100
2024-09-16 15:01:50.108,416.5197847574698,8
2024-09-16 15:01:50.246,416.5055013902256,104
2024-09-16 15:01:50.311,416.5126918300418,7
2024-09-16 15:01:50.344,416.5308089707666,1004
2024-09-16 15:01:50.380,416.5223173172056,997
2024-09-16 15:01:50.415,416.4967170767334,995
2024-09-16 15:01:50.469,416.5160909882461,11
2024-09-16 15:01:50.486,416.5243398274105,1002
2024-09-16 15:01:50.489,416.5069561592461,1003
2024-09-16 15:01:50.515,416.5391888752667,102
2024-09-16 15:01:50.543,416.5688949416914,7
2024-09-16 15:01:50.612,416.4954620549214,8
2024-09-16 15:01:50.637,416.5210459236986,7
2024-09-16 15:01:50.647,416.487864829482,98
2024-09-16 15:01:50.789,416.522525071682,998
2024-09-16 15:01:50.819,416.4941786679812,1004
2024-09-16 15:01:50.828,416.4848665667959,97
2024-09-16 15:01:50.865,416.4781759279591,96
2024-09-16 15:01:50.887,416.4979617649515,96
2024-09-16 15:01:50.902,416.5167328820024,8
2024-09-16 15:01:50.910,416.52381555498255,999
2024-09-16 15:01:50.973,416.51073418993184,96
2024-09-16 15:01:51.000,416.5182101227453,102
2024-09-16 15:01:51.030,416.5262142554524,100
2024-09-16 15:01:51.071,416.4928007816461,104
2024-09-16 15:01:51.118,416.54134886326966,1001
2024-09-16 15:01:51.150,416.50746781624616,101
2024-09-16 15:01:51.211,416.5887886947278,11
2024-09-16 15:01:51.214,416.49593824938046,1000
2024-09-16 15:01:51.222,416.5588129797226,7
2024-09-16 15:01:51.325,416.5169252395872,9
2024-09-16 15:01:51.383,416.5858823537987,1003
2024-09-16 15:01:51.391,416.5176924953833,1001
2024-09-16 15:01:51.392,416.5649912349952,995
2024-09-16 15:01:51.423,416.5372679875148,999
2024-09-16 15:01:51.455,416.52409223982727,13
2024-09-16 15:01:51.499,416.5075920760926,99
2024-09-16 15:01:51.524,416.52509127059386,1005
2024-09-16 15:01:51.537,416.5550326914134,1002
2024-09-16 15:01:51.600,416.5411141658568,13
2024-09-16 15:01:51.637,416.496028614595,1003
2024-09-16 15:01:51.691,416.50180485162537,10
2024-09-16 15:01:51.763,416.5145412841305,105
2024-09-16 15:01:51.776,416.58033421553705,103
2024-09-16 15:01:51.829,416.5146820551802,999
2024-09-16 15:01:51.956,416.5683442570759,10
2024-09-16 15:01:51.993,416.5014628606337,7
2024-09-16 15:01:51.993,416.5284263593704,99
2024-09-16 15:01:52.023,416.531413803336,13
2024-09-16 15:01:52.029,416.500309159468,1000
2024-09-16 15:01:52.076,416.47903393422354,999
2024-09-16 15:01:52.264,416.47454491757,101
2024-09-16 15:01:52.509,416.5318460178832,15
2024-09-16 15:01:52.565,416.49226741451326,13
2024-09-16 15:01:52.708,416.5148119600132,6
2024-09-16 15:01:52.774,416.49927190117296,1003
2024-09-16 15:01:52.985,416.4687466289294,99
2024-09-16 15:01:53.101,416.5035168929368,7
2024-09-16 15:01:53.129,416.49164502658857,1000
2024-09-16 15:01:53.212,416.4925705746717,1004
2024-09-16 15:01:53.250,416.48829960040496,15
2024-09-16 15:01:53.334,416.50113182183566,1000
2024-09-16 15:01:53.410,416.5081256177898,999
2024-09-16 15:01:53.435,416.4869817374168,995
2024-09-16 15:01:53.449,416.5009097201346,96
2024-09-16 15:01:53.459,416.46402393140113,101
2024-09-16 15:01:53.613,416.5086472486503,104
2024-09-16 15:01:53.649,416.5005007971286,97
2024-09-16 15:01:53.722,416.4954765826389,99
2024-09-16 15:01:53.746,416.5034598677974,1003
2024-09-16 15:01:53.754,416.4748353591171,96
2024-09-16 15:01:53.905,416.4949243910499,999
2024-09-16 15:01:53.914,416.49486516910713,1005
2024-09-16 15:01:53.919,416.4589210308099,100
2024-09-16 15:01:53.975,416.5065018314206,14
2024-09-16 15:01:54.567,416.4720732752287,9
2024-09-16 15:01:54.575,416.48866747049055,996
2024-09-16 15:01:54.704,416.4825219217025,9
2024-09-16 15:01:54.787,416.4751872445713,95
2024-09-16 15:01:55.054,416.55826602526,104
2024-09-16 15:01:55.081,416.5359530397404,105
2024-09-16 15:01:55.221,416.50618635730007,12
2024-09-16 15:01:55.278,416.5170783788953,1000
2024-09-16 15:01:55.292,416.4777370545927,102
2024-09-16 15:01:55.324,416.5302427589921,7
2024-09-16 15:01:55.379,416.5028093908177,1004
2024-09-16 15:01:55.388,-416.5292572617078,95
2024-09-16 15:01:55.411,416.5198048459309,98
2024-09-16 15:01:55.422,416.5574364212525,96
2024-09-16 15:01:55.426,416.5537659014311,9
2024-09-16 15:01:55.430,416.4728991090561,100
2024-09-16 15:01:55.431,416.511162577188,10
2024-09-16 15:01:55.457,416.527048003386,10
2024-09-16 15:01:55.570,416.5484204877649,12
2024-09-16 15:01:55.571,416.52439841786105,99
2024-09-16 15:01:55.572,416.46778707161167,1004
2024-09-16 15:01:55.582,416.4845095103349,95
2024-09-16 15:01:55.643,416.4994590550573,1003
2024-09-16 15:01:55.678,416.55076159431286,96
2024-09-16 15:01:55.697,416.557994556689,104
2024-09-16 15:01:55.723,416.5332846267033,14
2024-09-16 15:01:55.865,416.48849351946063,103
2024-09-16 15:01:55.872,416.5143689375099,1004
2024-09-16 15:01:55.993,416.5474438732789,11
2024-09-16 15:01:56.476,416.5868990826366,1001
2024-09-16 15:01:56.559,416.57227235475233,998
2024-09-16 15:01:56.601,416.5853310417143,10
2024-09-16 15:01:56.787,416.5943166498728,999
2024-09-16 15:01:57.203,-416.5723379465685,1000
2024-09-16 15:01:57.253,416.5712831246161,13
2024-09-16 15:01:57.285,416.57365581711457,997
2024-09-16 15:01:57.311,416.6090263370515,95
2024-09-16 15:01:57.507,416.5732166192877,5
2024-09-16 15:01:57.539,416.5815881919401,14
2024-09-16 15:01:57.757,416.5778135043652,7
2024-09-16 15:01:57.758,416.5995469057677,98
2024-09-16 15:01:58.014,416.6177788872516,1001
2024-09-16 15:01:58.081,416.5068658993317,9
2024-09-16 15:01:58.219,416.5826113703376,998
2024-09-16 15:01:58.275,416.5107148185172,98
2024-09-16 15:01:58.285,416.52494083547873,97
2024-09-16 15:01:58.312,416.4175502614142,997
2024-09-16 15:01:58.326,416.4362821545091,97
2024-09-16 15:01:58.358,416.5405865056828,1004
2024-09-16 15:01:58.404,416.508995369642,6
2024-09-16 15:01:58.447,416.4707574078124,103
2024-09-16 15:01:58.498,416.5150257628261,998
2024-09-16 15:01:58.551,416.5175256296379,101
2024-09-16 15:01:58.630,416.4586870500573,12
2024-09-16 15:01:58.637,416.5665638730858,15
2024-09-16 15:01:58.637,416.48708682709366,1000
2024-09-16 15:01:58.681,416.4328690818693,996
2024-09-16 15:01:58.746,416.60349058891967,1003
2024-09-16 15:01:58.758,416.50987679372855,105
2024-09-16 15:01:58.775,416.543247691571,996
2024-09-16 15:01:58.780,416.5057412965792,1004
2024-09-16 15:01:58.864,416.54832943803234,995
2024-09-16 15:01:58.875,416.5348976543148,1000
2024-09-16 15:01:58.908,416.5279233929268,13
2024-09-16 15:01:58.912,416.5900653669079,13
2024-09-16 15:01:58.918,416.4682789498006,99
2024-09-16 15:01:58.959,416.5073931714521,14
2024-09-16 15:01:59.015,416.475891771343,96
2024-09-16 15:01:59.032,416.4363794737666,9
2024-09-16 15:01:59.127,416.4775141355655,104
2024-09-16 15:01:59.166,416.4816230260111,6
2024-09-16 15:01:59.288,416.4423704991024,14
2024-09-16 15:01:59.325,416.4310651998367,97
2024-09-16 15:01:59.325,416.4123838040656,995
2024-09-16 15:01:59.388,416.4685642941689,1000
2024-09-16 15:01:59.404,416.45068520306427,1004
2024-09-16 15:01:59.420,416.4340002456521,1000
2024-09-16 15:01:59.421,416.4863785321218,996
2024-09-16 15:01:59.427,416.4421601685737,11
2024-09-16 15:01:59.430,416.4486829521832,997
2024-09-16 15:01:59.460,416.42354703042434,7
2024-09-16 15:01:59.461,416.46608032974393,104
2024-09-16 15:01:59.478,416.4730365841904,10
2024-09-16 15:01:59.510,416.4414461270854,97
2024-09-16 15:01:59.535,416.50043347931,104
2024-09-16 15:01:59.537,416.42607211319313,1001
2024-09-16 15:01:59.597,416.4363609783487,96
2024-09-16 15:01:59.637,416.421205374155,100
2024-09-16 15:01:59.650,416.44205216172367,6
2024-09-16 15:01:59.714,416.4350593514224,8
2024-09-16 15:01:59.794,416.4160771721993,104
2024-09-16 15:01:59.798,416.4649450851399,13
2024-09-16 15:01:59.956,416.4801160060151,95
2024-09-16 15:01:59.987,416.4495869617693,101
