Timestamp,Price,Size
2024-09-18 12:06:00.040,415.9162792862117,9
2024-09-18 12:06:00.079,415.919864133698,1001
2024-09-18 12:06:00.095,415.92682353211205,99
2024-09-18 12:06:00.113,415.9398110705922,1002
2024-09-18 12:06:00.225,415.91730833840666,101
2024-09-18 12:06:00.226,-415.9312069613936,15
2024-09-18 12:06:00.309,415.9381548706391,1002
2024-09-18 12:06:00.376,415.93327668017895,1005
2024-09-18 12:06:00.402,415.9423335041031,98
2024-09-18 12:06:00.409,41.59547618648366,104
2024-09-18 12:06:00.462,415.9546098034239,1001
2024-09-18 12:06:00.663,415.9574136567563,7
2024-09-18 12:06:00.696,415.9149053564086,1005
2024-09-18 12:06:00.841,415.94585743183626,103
2024-09-18 12:06:00.867,415.9265335214863,95
2024-09-18 12:06:00.874,415.9306349605045,1002
2024-09-18 12:06:00.900,415.934071270733,102
2024-09-18 12:06:00.967,415.96601881925466,1002
2024-09-18 12:06:01.012,415.9268543731848,102
2024-09-18 12:06:01.038,415.9660873441917,1001
2024-09-18 12:06:01.055,415.9170608772776,1005
2024-09-18 12:06:01.083,415.9646954473381,10
2024-09-18 12:06:01.163,415.9332631324272,99
2024-09-18 12:06:01.173,415.9655550015348,103
2024-09-18 12:06:01.203,415.9439689788227,104
2024-09-18 12:06:01.213,415.9770689158183,100
2024-09-18 12:06:01.337,415.9764757749612,10
2024-09-18 12:06:01.482,415.9303795312689,1004
2024-09-18 12:06:01.498,416.00408427211545,98
2024-09-18 12:06:01.507,415.9192352489873,105
2024-09-18 12:06:01.556,415.9584887522056,1004
2024-09-18 12:06:01.593,415.9284927276536,98
2024-09-18 12:06:01.628,415.9636785443904,1003
2024-09-18 12:06:01.754,415.9579703445696,95
2024-09-18 12:06:01.757,-415.9628645485109,995
2024-09-18 12:06:01.869,415.9396706490955,101
2024-09-18 12:06:01.919,415.9314792998181,1005
2024-09-18 12:06:01.998,415.9389893990144,996
2024-09-18 12:06:02.072,415.95796997834776,995
2024-09-18 12:06:02.134,415.9558129037855,6
2024-09-18 12:06:02.135,415.9524182890867,102
2024-09-18 12:06:02.143,415.9741704136479,999
2024-09-18 12:06:02.168,415.9382823340181,1005
2024-09-18 12:06:02.226,415.96450963656656,996
2024-09-18 12:06:02.242,415.9325110689298,98
2024-09-18 12:06:02.337,415.97835532105984,1000
2024-09-18 12:06:02.416,415.95501741194977,99
2024-09-18 12:06:02.420,415.9537275056149,6
2024-09-18 12:06:02.461,415.9616269018756,105
2024-09-18 12:06:02.501,415.9529257068096,8
2024-09-18 12:06:02.600,415.9749779404206,100
2024-09-18 12:06:02.626,415.9747790224747,1000
2024-09-18 12:06:02.645,415.9565382319729,14
2024-09-18 12:06:02.678,415.94634670516695,8
2024-09-18 12:06:02.683,415.9576478346953,11
2024-09-18 12:06:02.726,415.95565467385154,14
2024-09-18 12:06:02.750,415.9351610426498,6
2024-09-18 12:06:02.777,415.95228077943534,1002
2024-09-18 12:06:02.811,415.9785874863901,1003
2024-09-18 12:06:02.859,415.9398330592443,996
2024-09-18 12:06:02.875,415.9481640148397,8
2024-09-18 12:06:02.893,415.97627114740646,99
2024-09-18 12:06:02.906,415.97200635959433,99
2024-09-18 12:06:02.916,415.9579665113456,13
2024-09-18 12:06:02.921,415.9352401788221,998
2024-09-18 12:06:02.927,415.9429874260112,5
2024-09-18 12:06:02.933,415.9543758042348,998
2024-09-18 12:06:03.126,415.9759239937766,8
2024-09-18 12:06:03.143,415.9896582097697,1002
2024-09-18 12:06:03.273,415.9345539704587,1005
2024-09-18 12:06:03.304,416.0103709364039,1001
2024-09-18 12:06:03.335,415.9541374135837,998
2024-09-18 12:06:03.451,415.96932076449554,10
2024-09-18 12:06:03.526,415.95196482437177,10
2024-09-18 12:06:03.570,416.0024163636347,12
2024-09-18 12:06:03.581,415.9998186884984,6
2024-09-18 12:06:03.677,416.0213788686609,95
2024-09-18 12:06:03.701,415.9354542925074,13
2024-09-18 12:06:03.729,416.0110119543018,1002
2024-09-18 12:06:03.749,416.00866212374336,8
2024-09-18 12:06:03.877,415.9528800385156,99
2024-09-18 12:06:03.938,416.0092896908324,12
2024-09-18 12:06:04.084,416.0002296240071,1003
2024-09-18 12:06:04.087,415.9965275782739,101
2024-09-18 12:06:04.189,415.9618282782088,13
2024-09-18 12:06:04.255,415.9586440712976,999
2024-09-18 12:06:04.264,-416.00215709046495,105
2024-09-18 12:06:04.273,415.9740876633912,105
2024-09-18 12:06:04.321,415.9977083322064,1000
2024-09-18 12:06:04.416,416.0067800808816,105
2024-09-18 12:06:04.426,415.9675457972151,7
2024-09-18 12:06:04.622,415.9733684846617,9
2024-09-18 12:06:04.630,416.0031030116084,1000
2024-09-18 12:06:04.636,415.9661895990725,99
2024-09-18 12:06:04.695,415.9511984009811,9
2024-09-18 12:06:04.809,416.0170981433946,98
2024-09-18 12:06:04.844,415.9905243513297,99
2024-09-18 12:06:04.867,416.0075276988799,98
2024-09-18 12:06:04.901,416.0255318490503,103
2024-09-18 12:06:04.969,416.0054534346069,5
2024-09-18 12:06:05.001,415.9960686297354,100
2024-09-18 12:06:05.014,415.9858530537332,1000
2024-09-18 12:06:05.032,415.9591597971336,5
2024-09-18 12:06:05.100,416.07351842256617,996
2024-09-18 12:06:05.116,415.9637776874902,1005
2024-09-18 12:06:05.117,416.033647562026,14
2024-09-18 12:06:05.136,415.9956668269459,97
2024-09-18 12:06:05.157,416.0807253291089,104
2024-09-18 12:06:05.233,416.0730941964422,11
2024-09-18 12:06:05.271,415.99457054888506,12
2024-09-18 12:06:05.343,415.98464678049487,100
2024-09-18 12:06:05.379,416.0770286028087,997
2024-09-18 12:06:05.418,416.06589255907375,105
2024-09-18 12:06:05.466,416.0596920377372,10
2024-09-18 12:06:05.484,415.9824679145709,1004
2024-09-18 12:06:05.496,416.0724839631497,995
2024-09-18 12:06:05.513,415.9789422836907,8
2024-09-18 12:06:05.603,415.9475541551963,9
2024-09-18 12:06:05.611,416.0266574184136,97
2024-09-18 12:06:05.638,415.9697420748717,95
2024-09-18 12:06:05.668,416.0808322072468,12
2024-09-18 12:06:05.747,416.06978247791744,13
2024-09-18 12:06:05.780,416.0521223481862,1003
2024-09-18 12:06:05.858,416.0725793387324,95
2024-09-18 12:06:05.880,415.9636722842088,15
2024-09-18 12:06:05.903,416.0364995077933,14
2024-09-18 12:06:05.958,416.0147216564594,101
2024-09-18 12:06:05.969,416.0161423720389,13
2024-09-18 12:06:05.976,416.01193297891257,996
2024-09-18 12:06:06.003,416.0545847101348,1003
2024-09-18 12:06:06.031,416.081907824906,100
2024-09-18 12:06:06.131,416.06210104309423,96
2024-09-18 12:06:06.145,416.060838365071,100
2024-09-18 12:06:06.165,416.0693363885383,1003
2024-09-18 12:06:06.236,416.0730365706873,15
2024-09-18 12:06:06.254,416.0863808095965,13
2024-09-18 12:06:06.279,416.06936844242847,999
2024-09-18 12:06:06.434,416.0704162162664,1001
2024-09-18 12:06:06.447,416.0902228053858,997
2024-09-18 12:06:06.476,416.0786504476735,1005
2024-09-18 12:06:06.480,416.0670803622554,1000
2024-09-18 12:06:06.526,416.0845935378711,6
2024-09-18 12:06:06.563,416.0705299469865,105
2024-09-18 12:06:06.609,416.0355620962316,101
2024-09-18 12:06:06.666,416.0792482383448,9
2024-09-18 12:06:06.670,416.0692577467545,104
2024-09-18 12:06:06.694,416.055014037558,1004
2024-09-18 12:06:06.700,416.0842798581398,1004
2024-09-18 12:06:06.833,416.06787413588376,103
2024-09-18 12:06:06.857,416.0855557316075,1002
2024-09-18 12:06:06.932,416.0688234538604,1003
2024-09-18 12:06:07.026,416.08627655334,9
2024-09-18 12:06:07.057,416.1489273427177,5
2024-09-18 12:06:07.094,416.1513885671688,12
2024-09-18 12:06:07.104,416.0952552050689,101
2024-09-18 12:06:07.148,416.0941938019071,1005
2024-09-18 12:06:07.172,416.1126585629384,9
2024-09-18 12:06:07.176,416.1524356908068,96
2024-09-18 12:06:07.180,416.0852421262368,96
2024-09-18 12:06:07.183,416.1109468715245,998
2024-09-18 12:06:07.231,416.1112306907604,95
2024-09-18 12:06:07.250,416.1000717955392,13
2024-09-18 12:06:07.259,416.0923843103091,995
2024-09-18 12:06:07.282,416.145629242555,997
2024-09-18 12:06:07.312,416.0932106111916,1003
2024-09-18 12:06:07.335,416.0772214875309,9
2024-09-18 12:06:07.462,416.1333898841643,1001
2024-09-18 12:06:07.498,416.0846597490482,1004
2024-09-18 12:06:07.625,416.14347023380407,15
2024-09-18 12:06:07.763,416.086796548908,101
2024-09-18 12:06:07.797,416.13955527983313,11
2024-09-18 12:06:07.839,416.1408432432034,100
2024-09-18 12:06:07.845,416.1351413780503,995
2024-09-18 12:06:07.867,416.1210684324933,8
2024-09-18 12:06:07.871,416.09718944805934,10
2024-09-18 12:06:07.910,416.09239237514106,999
2024-09-18 12:06:07.937,416.10624673210657,12
2024-09-18 12:06:07.967,416.0847742676205,104
2024-09-18 12:06:07.987,416.1149549089838,100
2024-09-18 12:06:07.992,416.14367171905366,11
2024-09-18 12:06:08.021,416.18396995093946,12
2024-09-18 12:06:08.022,416.1969376437952,1000
2024-09-18 12:06:08.125,416.1868446533738,998
2024-09-18 12:06:08.167,416.16304708693167,102
2024-09-18 12:06:08.178,416.16153738242906,6
2024-09-18 12:06:08.273,416.1889932923119,101
2024-09-18 12:06:08.278,416.1815892046644,1001
2024-09-18 12:06:08.384,416.1801715445634,101
2024-09-18 12:06:08.467,416.1815926394932,9
2024-09-18 12:06:08.556,416.1742313745409,12
2024-09-18 12:06:08.667,416.18401541765473,1001
2024-09-18 12:06:08.763,416.1866495011848,1005
2024-09-18 12:06:08.772,416.187421761633,1005
2024-09-18 12:06:08.835,416.1839578471416,6
2024-09-18 12:06:08.853,416.18521972735886,999
2024-09-18 12:06:09.416,416.1597011353544,15
2024-09-18 12:06:09.722,416.15749087941634,96
2024-09-18 12:06:09.800,416.1439964847452,15
2024-09-18 12:06:09.879,416.145258738878,13
2024-09-18 12:06:09.999,416.1713744988017,12
2024-09-18 12:06:10.005,416.2106548103784,102
2024-09-18 12:06:10.054,416.1671695405741,1005
2024-09-18 12:06:10.099,416.2359605471588,14
2024-09-18 12:06:10.139,416.21025937624495,98
2024-09-18 12:06:10.142,416.2055339816195,104
2024-09-18 12:06:10.154,416.2126652992107,100
2024-09-18 12:06:10.161,416.1961784579804,5
2024-09-18 12:06:10.225,416.2008456207776,14
2024-09-18 12:06:10.279,416.1930103802702,6
2024-09-18 12:06:10.284,416.1591986456634,99
2024-09-18 12:06:10.351,416.23712974150834,10
2024-09-18 12:06:10.401,416.1931296114772,96
2024-09-18 12:06:10.470,416.1578772563496,997
2024-09-18 12:06:10.481,416.1548657888108,97
2024-09-18 12:06:10.549,416.17752811375374,102
2024-09-18 12:06:10.690,416.20673666688407,6
2024-09-18 12:06:10.740,416.1959556332196,9
2024-09-18 12:06:10.784,416.2375518221191,6
2024-09-18 12:06:10.798,416.2281388836279,97
2024-09-18 12:06:10.868,416.18677722691314,7
2024-09-18 12:06:10.908,416.2269298392768,995
2024-09-18 12:06:12.076,-416.25010150636695,15
2024-09-18 12:06:12.154,416.19604886005067,10
2024-09-18 12:06:12.168,416.2033814502899,8
2024-09-18 12:06:12.293,416.2253740460448,999
2024-09-18 12:06:12.360,416.2145760246207,15
2024-09-18 12:06:12.388,416.2298125288563,103
2024-09-18 12:06:12.402,416.2218250331717,1001
2024-09-18 12:06:12.413,416.22555240096096,996
2024-09-18 12:06:12.502,416.22522664520494,1005
2024-09-18 12:06:12.569,416.1941753169657,1002
2024-09-18 12:06:12.634,416.2242455708744,102
2024-09-18 12:06:12.675,416.1996654562219,10
2024-09-18 12:06:12.899,416.25695397924073,998
2024-09-18 12:06:12.909,416.2053351947797,6
2024-09-18 12:06:12.909,416.2006524029062,99
2024-09-18 12:06:12.945,416.2123075162978,11
2024-09-18 12:06:12.956,416.2286433762459,11
2024-09-18 12:06:13.029,416.3028588082282,15
2024-09-18 12:06:13.176,416.3050548938539,10
2024-09-18 12:06:13.260,416.2895402134548,998
2024-09-18 12:06:13.271,416.2880930807146,997
2024-09-18 12:06:13.279,416.2958175004316,996
2024-09-18 12:06:13.323,416.2678257213786,8
2024-09-18 12:06:13.338,416.3150216398069,98
2024-09-18 12:06:13.367,416.3123891937936,96
2024-09-18 12:06:13.404,416.2621853241697,100
2024-09-18 12:06:13.439,416.2681124024731,100
2024-09-18 12:06:13.440,416.2770629011979,1002
2024-09-18 12:06:13.460,416.3187381658408,104
2024-09-18 12:06:13.469,416.26468216066064,95
2024-09-18 12:06:13.478,416.3097974588857,10
2024-09-18 12:06:13.684,416.31514431805823,1003
2024-09-18 12:06:13.746,416.2831068661167,15
2024-09-18 12:06:13.811,416.26208885070525,13
2024-09-18 12:06:13.945,416.3063915289228,999
2024-09-18 12:06:13.971,416.3116219995756,1004
2024-09-18 12:06:13.984,416.2594867621458,103
2024-09-18 12:06:13.993,416.2646919453503,104
2024-09-18 12:06:14.026,416.28574622510894,100
2024-09-18 12:06:14.269,416.3042908015371,1003
2024-09-18 12:06:14.393,41.628633494971496,998
2024-09-18 12:06:14.622,416.2961769422735,101
2024-09-18 12:06:14.675,416.2870716942044,998
2024-09-18 12:06:14.687,416.2949836331435,102
2024-09-18 12:06:14.805,416.2992422074798,103
2024-09-18 12:06:15.300,416.30590207341584,1004
2024-09-18 12:06:15.378,416.3117196688621,102
2024-09-18 12:06:15.771,416.2914532827638,8
2024-09-18 12:06:15.966,416.2824817481534,99
2024-09-18 12:06:16.006,416.3033594114693,13
2024-09-18 12:06:16.122,416.3047609084945,102
2024-09-18 12:06:16.150,416.3239485894407,10
2024-09-18 12:06:16.196,416.28408799638953,9
2024-09-18 12:06:16.299,416.3147348378191,103
2024-09-18 12:06:16.450,416.293326601989,997
2024-09-18 12:06:16.469,416.29952319875537,995
2024-09-18 12:06:16.839,416.30537900600905,5
2024-09-18 12:06:16.906,416.3054664208475,97
2024-09-18 12:06:16.919,416.3014463165604,97
2024-09-18 12:06:16.988,416.29373408583854,101
2024-09-18 12:06:17.050,416.2416867348174,101
2024-09-18 12:06:17.061,-416.2623009426225,5
2024-09-18 12:06:17.077,416.2609209052336,5
2024-09-18 12:06:17.078,416.2773382209914,13
2024-09-18 12:06:17.166,416.2663315148192,6
2024-09-18 12:06:17.166,416.2476926704461,995
2024-09-18 12:06:17.547,416.2586357500628,999
2024-09-18 12:06:17.554,416.2621380484146,997
2024-09-18 12:06:17.603,416.2470787476243,999
2024-09-18 12:06:17.613,416.2756641898189,1000
2024-09-18 12:06:17.657,416.270897395675,9
2024-09-18 12:06:17.683,416.2528157105769,104
2024-09-18 12:06:17.733,416.2475706662122,96
2024-09-18 12:06:17.753,416.2656434648758,998
2024-09-18 12:06:17.805,416.26379467557285,11
2024-09-18 12:06:17.805,416.264204621542,995
2024-09-18 12:06:18.132,416.3012057383375,995
2024-09-18 12:06:18.478,416.289645900836,12
2024-09-18 12:06:18.541,416.2890367464913,101
2024-09-18 12:06:18.838,416.2798050916583,96
2024-09-18 12:06:19.005,416.3110312782026,97
2024-09-18 12:06:19.122,416.2435321569092,1005
2024-09-18 12:06:19.135,416.32636038940393,11
2024-09-18 12:06:19.140,416.3182673846844,1000
2024-09-18 12:06:19.180,416.3226511205739,11
2024-09-18 12:06:19.255,416.3041384291439,10
2024-09-18 12:06:19.264,416.3234910796199,996
2024-09-18 12:06:19.267,416.2545421095149,98
2024-09-18 12:06:19.354,416.2433184615201,1001
2024-09-18 12:06:19.382,416.32129723816536,1005
2024-09-18 12:06:19.405,416.2479894810272,1002
2024-09-18 12:06:19.421,416.3331184412774,95
2024-09-18 12:06:19.572,416.259486521214,1005
2024-09-18 12:06:19.761,416.31438893899,996
2024-09-18 12:06:19.766,416.238272036373,10
2024-09-18 12:06:19.816,416.2370227941712,10
2024-09-18 12:06:19.851,-416.3196026931884,999
2024-09-18 12:06:19.872,416.2510891594303,9
2024-09-18 12:06:19.912,416.2400850375846,11
2024-09-18 12:06:19.930,416.3119608260725,1004
2024-09-18 12:06:19.931,416.32502987908185,6
2024-09-18 12:06:19.947,416.2838710100454,98
2024-09-18 12:06:19.982,416.2250289790562,98
2024-09-18 12:06:19.995,416.2454166210832,13
2024-09-18 12:06:20.104,416.2479179765123,1004
2024-09-18 12:06:20.133,416.22599790237217,8
2024-09-18 12:06:20.212,416.1995202941921,97
2024-09-18 12:06:20.241,416.2174387828763,995
2024-09-18 12:06:20.368,416.2428406508971,102
2024-09-18 12:06:20.438,41.62425131227265,97
2024-09-18 12:06:20.559,416.2345788159373,97
2024-09-18 12:06:20.579,416.1882548355655,1000
2024-09-18 12:06:20.593,416.2028590636551,100
2024-09-18 12:06:20.660,416.2224299601264,1001
2024-09-18 12:06:20.673,416.1658746683413,102
2024-09-18 12:06:20.703,416.2208214314728,997
2024-09-18 12:06:20.752,416.1591394564296,96
2024-09-18 12:06:20.758,416.2335570147794,96
2024-09-18 12:06:20.801,416.1776108529113,995
2024-09-18 12:06:20.891,416.22034637004543,11
2024-09-18 12:06:20.973,416.221959816431,14
2024-09-18 12:06:20.979,416.1822407898805,98
2024-09-18 12:06:21.117,416.2371461510001,102
2024-09-18 12:06:21.123,416.2839763688103,9
2024-09-18 12:06:21.188,416.22089775890095,999
2024-09-18 12:06:21.248,416.2673084074687,6
2024-09-18 12:06:21.368,416.2406247662301,10
2024-09-18 12:06:21.380,416.2732296944041,96
2024-09-18 12:06:21.392,416.28826279114907,98
2024-09-18 12:06:21.404,416.2916621319628,1003
2024-09-18 12:06:21.408,416.2345791562718,998
2024-09-18 12:06:21.421,416.2760404486231,104
2024-09-18 12:06:21.471,416.23121450426896,8
2024-09-18 12:06:21.476,416.30713412413945,14
2024-09-18 12:06:21.493,416.2257353805954,102
2024-09-18 12:06:21.550,416.2838199250714,1005
2024-09-18 12:06:21.567,416.22286204675225,1001
2024-09-18 12:06:21.577,416.2618673691326,13
2024-09-18 12:06:21.590,416.2801802308469,1004
2024-09-18 12:06:21.593,416.2720031605245,996
2024-09-18 12:06:21.599,416.2892688001054,100
2024-09-18 12:06:21.626,416.3108051915689,12
2024-09-18 12:06:21.730,416.2194683270528,5
2024-09-18 12:06:21.754,416.280189606317,1000
2024-09-18 12:06:21.792,416.2792561941399,999
2024-09-18 12:06:21.852,416.2911830900501,8
2024-09-18 12:06:21.857,416.2589513633288,100
2024-09-18 12:06:21.864,416.2217334649853,97
2024-09-18 12:06:21.944,416.22823706372566,1004
2024-09-18 12:06:21.957,416.2974883362583,13
2024-09-18 12:06:22.149,416.3394438385216,997
2024-09-18 12:06:22.420,416.3248160479314,995
2024-09-18 12:06:22.572,416.3597861442721,1005
2024-09-18 12:06:22.614,416.3180390977773,6
2024-09-18 12:06:22.635,416.3458461893426,10
2024-09-18 12:06:22.643,416.3280027493808,103
2024-09-18 12:06:22.698,416.3083676065922,997
2024-09-18 12:06:22.740,416.3516626610089,103
2024-09-18 12:06:22.815,416.3212208760314,97
2024-09-18 12:06:22.844,416.3248584094068,95
2024-09-18 12:06:22.905,416.3287999743217,12
2024-09-18 12:06:22.911,416.356334987333,998
2024-09-18 12:06:23.025,416.3219171849569,1004
2024-09-18 12:06:23.057,416.3018691438117,1004
2024-09-18 12:06:23.077,416.3081304347784,8
2024-09-18 12:06:23.090,41.632681280259646,15
2024-09-18 12:06:23.163,416.30935413240167,1005
2024-09-18 12:06:23.290,416.33776978349977,14
2024-09-18 12:06:23.319,416.3055559088058,999
2024-09-18 12:06:23.319,416.34463525947,98
2024-09-18 12:06:23.354,416.30139987694025,13
2024-09-18 12:06:23.381,416.3350157393911,96
2024-09-18 12:06:23.410,416.3279528732707,11
2024-09-18 12:06:23.497,416.33670585841656,1002
2024-09-18 12:06:23.512,416.299288816408,15
2024-09-18 12:06:23.633,416.3113248466121,10
2024-09-18 12:06:23.717,416.3063722906269,101
2024-09-18 12:06:23.856,416.3265018296379,1004
2024-09-18 12:06:23.898,416.29423477566144,7
2024-09-18 12:06:23.962,416.3209299917643,99
2024-09-18 12:06:24.003,416.4458260290496,996
2024-09-18 12:06:24.003,416.28344219592384,1000
2024-09-18 12:06:24.039,416.3983468199004,999
2024-09-18 12:06:24.061,416.4222871212056,105
2024-09-18 12:06:24.086,416.3426560544273,1000
2024-09-18 12:06:24.108,416.4216872791861,996
2024-09-18 12:06:24.368,416.414212525984,99
2024-09-18 12:06:24.398,416.3234552818314,103
2024-09-18 12:06:24.430,416.4375755821478,15
2024-09-18 12:06:24.436,416.32263295629815,1001
2024-09-18 12:06:24.487,416.3090550683448,13
2024-09-18 12:06:24.544,416.3486006526381,5
2024-09-18 12:06:24.556,416.33621984158685,1003
2024-09-18 12:06:24.714,416.4229107195341,104
2024-09-18 12:06:24.729,416.3155434871335,1003
2024-09-18 12:06:24.749,416.4295559376815,1005
2024-09-18 12:06:24.793,416.4402327761628,999
2024-09-18 12:06:24.820,416.40901702137705,95
2024-09-18 12:06:24.824,416.4017297584838,10
2024-09-18 12:06:24.940,416.42425014331377,11
2024-09-18 12:06:24.950,416.3020022801547,105
2024-09-18 12:06:24.953,416.43620803586646,999
2024-09-18 12:06:24.985,416.3538283645327,105
2024-09-18 12:06:24.985,416.381238727098,10
2024-09-18 12:06:25.008,416.3991472452433,1004
2024-09-18 12:06:25.077,416.3977045635498,995
2024-09-18 12:06:25.210,416.3940951541031,999
2024-09-18 12:06:25.211,416.3827503907579,96
2024-09-18 12:06:25.306,416.4293408694569,999
2024-09-18 12:06:25.320,416.4177006569713,12
2024-09-18 12:06:25.326,416.4027313746384,9
2024-09-18 12:06:25.406,416.3780585376342,103
2024-09-18 12:06:25.476,416.39803969701086,98
2024-09-18 12:06:25.491,416.4045514192703,7
2024-09-18 12:06:25.578,416.4038665356905,1002
2024-09-18 12:06:25.609,416.3897392897709,1003
2024-09-18 12:06:25.628,416.3973349350568,1002
2024-09-18 12:06:25.664,416.3971608008301,7
2024-09-18 12:06:25.768,416.3977413553946,995
2024-09-18 12:06:25.791,416.4017640003869,101
2024-09-18 12:06:25.791,416.42040563011074,5
2024-09-18 12:06:25.808,416.4181002706508,12
2024-09-18 12:06:25.891,416.4093110270116,7
2024-09-18 12:06:25.905,416.3910600794462,999
2024-09-18 12:06:25.975,416.39043918439495,98
2024-09-18 12:06:26.019,-416.4486692240275,6
2024-09-18 12:06:26.036,416.4517714052953,996
2024-09-18 12:06:26.081,416.40257541497806,999
2024-09-18 12:06:26.103,416.4157480079296,9
2024-09-18 12:06:26.129,416.4548480776343,14
2024-09-18 12:06:26.141,416.4636732549249,95
2024-09-18 12:06:26.169,416.45813840646304,105
2024-09-18 12:06:26.170,416.40632240918177,14
2024-09-18 12:06:26.178,416.45498453490575,997
2024-09-18 12:06:26.294,416.3944790339248,102
2024-09-18 12:06:26.331,416.4392289233842,997
2024-09-18 12:06:26.390,416.4477555996143,995
2024-09-18 12:06:26.403,416.44274258040406,1004
2024-09-18 12:06:26.444,416.4500994419474,10
2024-09-18 12:06:26.473,416.44766898547033,103
2024-09-18 12:06:26.557,416.4661536933088,101
2024-09-18 12:06:26.563,416.3828807953353,997
2024-09-18 12:06:26.585,416.3905825340553,100
2024-09-18 12:06:26.588,416.4745770159308,15
2024-09-18 12:06:26.766,416.44546877638027,1005
2024-09-18 12:06:26.801,416.42278443584695,95
2024-09-18 12:06:26.806,416.42953426613343,96
2024-09-18 12:06:26.839,416.45606332274536,103
2024-09-18 12:06:26.901,416.4456895228756,105
2024-09-18 12:06:26.910,416.4132238987206,1001
2024-09-18 12:06:26.912,416.4581937276433,95
2024-09-18 12:06:26.958,-416.45158709203946,14
2024-09-18 12:06:26.962,416.4396191038893,1000
2024-09-18 12:06:27.192,416.42422145943937,100
2024-09-18 12:06:27.297,416.4422365143853,998
2024-09-18 12:06:27.304,416.4329615963484,7
2024-09-18 12:06:27.365,416.4633217845714,15
2024-09-18 12:06:27.397,416.4269469598235,103
2024-09-18 12:06:27.495,416.4265862066559,105
2024-09-18 12:06:27.519,416.4409593302114,14
2024-09-18 12:06:27.820,416.4233758480095,100
2024-09-18 12:06:27.855,416.4262427735803,996
2024-09-18 12:06:27.891,416.4384152972413,1002
2024-09-18 12:06:27.988,416.4263813490636,6
2024-09-18 12:06:28.030,416.4512752957955,99
2024-09-18 12:06:28.089,416.4102197200776,999
2024-09-18 12:06:28.105,416.41178432507184,101
2024-09-18 12:06:28.194,416.4140851408737,99
2024-09-18 12:06:28.205,416.4040834898237,14
2024-09-18 12:06:28.243,416.44177921408846,999
2024-09-18 12:06:28.354,416.4194129145208,995
2024-09-18 12:06:28.391,416.4060901694118,996
2024-09-18 12:06:28.393,416.4200743624661,102
2024-09-18 12:06:28.453,416.39696667252224,1002
2024-09-18 12:06:28.746,416.3991899303246,105
2024-09-18 12:06:28.840,416.4330250249709,13
2024-09-18 12:06:28.860,416.4103441024211,13
2024-09-18 12:06:28.905,416.4039549177625,101
2024-09-18 12:06:28.940,-416.4450246751448,100
2024-09-18 12:06:29.054,416.4309714251235,1003
2024-09-18 12:06:29.123,41.64162564553735,1000
2024-09-18 12:06:29.185,416.4439236326092,7
2024-09-18 12:06:29.190,416.4462571054955,14
2024-09-18 12:06:29.228,416.43889818616026,97
2024-09-18 12:06:29.248,416.43287061190927,105
2024-09-18 12:06:29.307,416.4344366551604,98
2024-09-18 12:06:29.488,416.4436854222408,104
2024-09-18 12:06:29.502,416.421362393545,999
2024-09-18 12:06:29.734,416.4118669335,102
2024-09-18 12:06:29.891,416.43662979326336,7
2024-09-18 12:06:29.892,416.44130801525614,6
2024-09-18 12:06:29.970,416.412460344017,100
2024-09-18 12:06:30.066,416.4422095730131,104
2024-09-18 12:06:30.367,416.4614187956623,1005
2024-09-18 12:06:30.383,416.4188985899476,1001
2024-09-18 12:06:30.440,416.47336788754,1000
2024-09-18 12:06:30.561,416.4558310508143,102
2024-09-18 12:06:30.591,416.4772334892958,100
2024-09-18 12:06:30.733,416.4426209754813,995
2024-09-18 12:06:30.889,416.4886116317554,98
2024-09-18 12:06:30.918,416.439013857489,998
2024-09-18 12:06:30.922,416.4581083669186,105
2024-09-18 12:06:31.003,416.54093446157816,105
2024-09-18 12:06:31.054,416.4634782540666,99
2024-09-18 12:06:31.063,416.5361615303733,103
2024-09-18 12:06:31.143,416.58397763318567,105
2024-09-18 12:06:31.159,416.4640521320369,7
2024-09-18 12:06:31.221,416.5203060951936,1002
2024-09-18 12:06:31.237,416.5517564044599,98
2024-09-18 12:06:31.277,416.53606787101927,8
2024-09-18 12:06:31.297,416.470776516287,97
2024-09-18 12:06:31.318,416.4692725038591,1000
2024-09-18 12:06:31.349,416.4941352148318,995
2024-09-18 12:06:31.378,416.51377589676383,1000
2024-09-18 12:06:31.398,416.457272879878,103
2024-09-18 12:06:31.410,416.4750610400147,997
2024-09-18 12:06:31.551,-416.5004655928194,998
2024-09-18 12:06:31.563,416.4823383516634,1004
2024-09-18 12:06:31.599,416.4604284671391,8
2024-09-18 12:06:31.642,416.4601375388668,997
2024-09-18 12:06:31.686,416.5615869403717,1002
2024-09-18 12:06:31.692,416.57749780558976,101
2024-09-18 12:06:31.737,416.4797549246018,1003
2024-09-18 12:06:31.737,416.4602115516741,999
2024-09-18 12:06:31.863,416.5772486707541,6
2024-09-18 12:06:31.878,416.4759066026224,5
2024-09-18 12:06:31.937,416.4760269382628,1002
2024-09-18 12:06:31.963,416.4536434177781,997
2024-09-18 12:06:31.980,416.4727952840129,102
2024-09-18 12:06:32.030,416.5574427316003,1002
2024-09-18 12:06:32.235,416.5550408821714,1004
2024-09-18 12:06:32.240,416.5563577127943,1003
2024-09-18 12:06:32.518,416.57981772176447,1000
2024-09-18 12:06:32.736,416.5604190076119,98
2024-09-18 12:06:32.834,416.56311459073686,9
2024-09-18 12:06:32.856,416.5602939988476,99
2024-09-18 12:06:32.896,-416.5450609939084,996
2024-09-18 12:06:33.009,416.4831977718442,96
2024-09-18 12:06:33.087,416.53996208076165,13
2024-09-18 12:06:33.166,416.55314320552526,6
2024-09-18 12:06:33.198,416.551156960253,996
2024-09-18 12:06:33.201,416.4615472101018,1005
2024-09-18 12:06:33.294,416.47107175114326,995
2024-09-18 12:06:33.327,416.4931287098781,11
2024-09-18 12:06:33.340,416.4673546549976,15
2024-09-18 12:06:33.389,416.479743332047,1002
2024-09-18 12:06:33.459,416.51846336818033,7
2024-09-18 12:06:33.518,416.4897753026289,1002
2024-09-18 12:06:33.608,416.4951201775358,1005
2024-09-18 12:06:33.637,416.5291515039431,14
2024-09-18 12:06:33.640,416.5030727909344,101
2024-09-18 12:06:33.703,416.471655021086,97
2024-09-18 12:06:33.721,416.491861538909,997
2024-09-18 12:06:33.737,416.4659286435,1001
2024-09-18 12:06:33.751,416.4690341032794,11
2024-09-18 12:06:33.780,416.4600594429733,1005
2024-09-18 12:06:33.798,416.5128520967053,11
2024-09-18 12:06:33.817,416.5086503131008,13
2024-09-18 12:06:33.901,416.46807770244976,95
2024-09-18 12:06:34.178,416.49464725933456,8
2024-09-18 12:06:34.230,416.4995619125518,1001
2024-09-18 12:06:34.428,416.4774355487308,97
2024-09-18 12:06:34.539,416.5033990434546,100
2024-09-18 12:06:34.627,416.4740053542138,102
2024-09-18 12:06:34.670,416.4951366595174,98
2024-09-18 12:06:34.720,416.4667237618999,102
2024-09-18 12:06:34.904,416.4831282590941,13
2024-09-18 12:06:34.940,416.49373662754215,100
2024-09-18 12:06:35.152,416.445283632082,1002
2024-09-18 12:06:35.155,41.64642781290896,100
2024-09-18 12:06:35.217,416.46836602176825,11
2024-09-18 12:06:35.223,416.4877426629886,999
2024-09-18 12:06:35.259,416.4576458664796,13
2024-09-18 12:06:35.361,416.444640390037,104
2024-09-18 12:06:35.373,416.4441729347037,996
2024-09-18 12:06:35.436,416.4496188834465,6
2024-09-18 12:06:35.454,416.44230514881895,1000
2024-09-18 12:06:35.865,416.4682840547427,104
2024-09-18 12:06:35.866,41.64345223569064,14
2024-09-18 12:06:35.876,416.43827017313697,9
2024-09-18 12:06:35.961,416.4739740730517,1001
2024-09-18 12:06:35.973,-416.46705373322703,1001
2024-09-18 12:06:35.990,416.445770479558,99
2024-09-18 12:06:36.114,416.4680267123108,995
2024-09-18 12:06:36.143,416.4675789719638,5
2024-09-18 12:06:36.183,416.44118736177126,103
2024-09-18 12:06:36.203,416.4382117298806,11
2024-09-18 12:06:36.242,416.46774704595566,101
2024-09-18 12:06:36.259,416.45522017791,7
2024-09-18 12:06:36.262,416.4440419129055,999
2024-09-18 12:06:36.435,416.448982417524,1000
2024-09-18 12:06:36.446,416.429715416068,98
2024-09-18 12:06:36.521,416.4674302774591,1002
2024-09-18 12:06:36.710,416.4261917888711,95
2024-09-18 12:06:36.742,416.4314501139737,11
2024-09-18 12:06:36.802,416.43877143916257,102
2024-09-18 12:06:36.894,416.4559844341808,103
2024-09-18 12:06:36.918,416.4353152817807,10
2024-09-18 12:06:36.959,416.4453065092523,1005
2024-09-18 12:06:36.970,416.429529721192,97
2024-09-18 12:06:36.988,416.43129195391055,97
2024-09-18 12:06:37.109,416.46981082721015,7
2024-09-18 12:06:37.181,416.44149641178376,105
2024-09-18 12:06:37.202,416.42459539372567,103
2024-09-18 12:06:37.425,416.4644304066615,999
2024-09-18 12:06:37.597,416.4427874462407,996
2024-09-18 12:06:37.687,416.47363867736686,102
2024-09-18 12:06:37.698,416.46535775439577,1004
2024-09-18 12:06:37.783,416.4702124625563,1001
2024-09-18 12:06:37.803,416.4559638306288,95
2024-09-18 12:06:38.075,416.59069190732,96
2024-09-18 12:06:38.087,416.5411240194916,1005
2024-09-18 12:06:38.132,416.5677658505503,102
2024-09-18 12:06:38.165,416.5405664140172,12
2024-09-18 12:06:38.197,416.5202079001899,10
2024-09-18 12:06:38.211,416.5524908525935,105
2024-09-18 12:06:38.214,416.460093545518,7
2024-09-18 12:06:38.234,416.58535623990696,999
2024-09-18 12:06:38.246,416.5390852578869,15
2024-09-18 12:06:38.279,416.504240535528,1002
2024-09-18 12:06:38.291,416.5922351930187,96
2024-09-18 12:06:38.308,416.5468403399551,9
2024-09-18 12:06:38.330,416.5867822172056,6
2024-09-18 12:06:38.339,416.46586606394726,8
2024-09-18 12:06:38.373,416.5263457275992,14
2024-09-18 12:06:38.437,416.5072262168384,1005
2024-09-18 12:06:38.439,416.5411413020892,11
2024-09-18 12:06:38.468,416.47456507035673,996
2024-09-18 12:06:38.517,416.4750873990623,999
2024-09-18 12:06:38.619,416.5328815441323,1005
2024-09-18 12:06:38.662,416.58018833706586,12
2024-09-18 12:06:38.740,416.4852117416088,1002
2024-09-18 12:06:38.822,416.517213420084,97
2024-09-18 12:06:38.928,416.4938589644236,1003
2024-09-18 12:06:38.979,416.4636607772241,103
2024-09-18 12:06:39.041,416.6041787652397,1002
2024-09-18 12:06:39.305,416.5647271242622,999
2024-09-18 12:06:39.330,416.5866349819715,1000
2024-09-18 12:06:39.381,416.5963533196883,105
2024-09-18 12:06:39.397,416.580489511582,1004
2024-09-18 12:06:39.467,416.5790762316169,996
2024-09-18 12:06:39.570,416.59454851175,1003
2024-09-18 12:06:39.592,416.5785663852362,12
2024-09-18 12:06:39.619,416.5802130420189,1001
2024-09-18 12:06:39.637,416.57244412452815,12
2024-09-18 12:06:39.639,416.5807453760829,996
2024-09-18 12:06:39.671,416.5938886756346,14
2024-09-18 12:06:39.695,416.59444117818816,11
2024-09-18 12:06:39.761,416.5852929964505,10
2024-09-18 12:06:39.806,416.5896652764805,105
2024-09-18 12:06:39.811,416.5681471615702,102
2024-09-18 12:06:39.867,416.6139689027996,999
2024-09-18 12:06:39.928,416.58600958704574,104
2024-09-18 12:06:39.975,416.5809613908845,998
2024-09-18 12:06:39.977,416.59504424536647,10
2024-09-18 12:06:40.094,416.5671237312229,996
2024-09-18 12:06:40.337,416.5686384518794,97
2024-09-18 12:06:40.678,416.5696461251904,1001
2024-09-18 12:06:41.014,416.6058557933136,1000
2024-09-18 12:06:41.028,416.69066836804205,999
2024-09-18 12:06:41.028,416.64360895466336,15
2024-09-18 12:06:41.029,416.60042281843977,8
2024-09-18 12:06:41.048,416.7328104583325,7
2024-09-18 12:06:41.069,416.72625310942607,95
2024-09-18 12:06:41.255,416.7186639140172,101
2024-09-18 12:06:41.367,416.5757596019165,997
2024-09-18 12:06:41.388,416.6240984588004,7
2024-09-18 12:06:41.392,416.671098115939,99
2024-09-18 12:06:41.453,416.7326222315998,13
2024-09-18 12:06:41.488,416.7173917560687,8
2024-09-18 12:06:41.499,416.6516198039622,999
2024-09-18 12:06:41.558,416.7332892148999,15
2024-09-18 12:06:41.587,416.5721816493944,1002
2024-09-18 12:06:41.681,41.66620973098387,1000
2024-09-18 12:06:41.747,416.5804724140402,103
2024-09-18 12:06:41.800,416.57378640254194,996
2024-09-18 12:06:41.829,416.6194007430416,997
2024-09-18 12:06:41.850,416.63259177036207,95
2024-09-18 12:06:41.901,416.74095340981046,101
2024-09-18 12:06:41.910,416.71201621323786,1003
2024-09-18 12:06:41.916,416.6236308363743,101
2024-09-18 12:06:41.945,416.6198905458812,1002
2024-09-18 12:06:41.980,416.73297394517226,999
2024-09-18 12:06:41.999,416.6803005093184,1004
2024-09-18 12:06:42.041,416.71981966071473,1001
2024-09-18 12:06:42.053,416.71760633353455,1002
2024-09-18 12:06:42.102,416.7212448149072,1001
2024-09-18 12:06:42.203,416.7149088179877,14
2024-09-18 12:06:42.268,416.7004676996153,96
2024-09-18 12:06:42.339,416.7522601478241,999
2024-09-18 12:06:42.344,416.7124449808505,99
2024-09-18 12:06:42.459,416.7355653345416,1001
2024-09-18 12:06:42.546,416.70935136541,99
2024-09-18 12:06:42.549,416.71477437426273,103
2024-09-18 12:06:42.697,,999
2024-09-18 12:06:42.719,416.7104894191036,98
2024-09-18 12:06:42.823,416.7437282411738,100
2024-09-18 12:06:42.851,416.7397949653034,13
2024-09-18 12:06:42.852,416.7297205538413,6
2024-09-18 12:06:42.907,416.7216409542396,8
2024-09-18 12:06:42.907,416.7214354551273,998
2024-09-18 12:06:42.923,416.75742629249794,1004
2024-09-18 12:06:42.958,416.7376599085564,1001
2024-09-18 12:06:42.959,416.7115316440068,102
2024-09-18 12:06:43.133,416.7335374145783,99
2024-09-18 12:06:43.170,416.6838434216007,15
2024-09-18 12:06:43.425,416.7167837207168,101
2024-09-18 12:06:43.524,416.68488133264856,99
2024-09-18 12:06:43.638,416.694813947173,999
2024-09-18 12:06:43.789,416.7147708499247,103
2024-09-18 12:06:43.863,416.7320243040851,5
2024-09-18 12:06:44.044,416.6794121754226,996
2024-09-18 12:06:44.045,416.6299592291718,103
2024-09-18 12:06:44.326,,10
2024-09-18 12:06:44.551,416.5899180086274,6
2024-09-18 12:06:44.630,416.6595598839045,999
2024-09-18 12:06:44.690,41.66288493135214,12
2024-09-18 12:06:44.695,416.6253827880957,1003
2024-09-18 12:06:44.770,416.60532271562806,97
2024-09-18 12:06:44.809,416.6140452708532,9
2024-09-18 12:06:44.975,416.6652777247812,1005
2024-09-18 12:06:45.000,416.55787351172063,105
2024-09-18 12:06:45.083,416.559704838883,98
2024-09-18 12:06:45.094,416.5644987299567,995
2024-09-18 12:06:45.114,416.5656913829724,103
2024-09-18 12:06:45.142,416.5570885527588,104
2024-09-18 12:06:45.183,416.56975780902127,1002
2024-09-18 12:06:45.201,416.5824412456232,99
2024-09-18 12:06:45.218,416.56668064778177,102
2024-09-18 12:06:45.241,416.55141848765686,97
2024-09-18 12:06:45.259,416.5680772901895,14
2024-09-18 12:06:45.286,416.5563303575892,14
2024-09-18 12:06:45.296,416.551263364298,12
2024-09-18 12:06:45.316,,1004
2024-09-18 12:06:45.357,416.5649959020585,15
2024-09-18 12:06:45.390,416.5506098031232,1001
2024-09-18 12:06:45.520,416.5588948349795,998
2024-09-18 12:06:45.555,416.5666368411559,1001
2024-09-18 12:06:45.579,416.5809260100797,1000
2024-09-18 12:06:45.582,416.5739393935815,1003
2024-09-18 12:06:45.660,416.5628236317779,1003
2024-09-18 12:06:45.677,416.5785051210412,100
2024-09-18 12:06:45.727,-416.5478177195201,100
2024-09-18 12:06:45.892,416.5696529188342,995
2024-09-18 12:06:45.893,416.574335856129,102
2024-09-18 12:06:45.899,416.5548384153139,14
2024-09-18 12:06:45.908,416.58326296402527,1003
2024-09-18 12:06:45.909,416.5768924069383,100
2024-09-18 12:06:45.957,416.5475882633672,95
2024-09-18 12:06:45.989,416.5824690956729,100
2024-09-18 12:06:46.105,416.5471639747146,11
2024-09-18 12:06:46.156,416.5396475122308,95
2024-09-18 12:06:46.244,416.540555487498,14
2024-09-18 12:06:46.792,416.5704309588193,1001
2024-09-18 12:06:46.968,416.5611338230969,997
2024-09-18 12:06:47.262,416.55387385273,7
2024-09-18 12:06:47.699,416.5760365967285,997
2024-09-18 12:06:47.725,416.5641000168106,999
2024-09-18 12:06:48.099,416.56863134596,99
2024-09-18 12:06:48.154,416.5444468043781,1001
2024-09-18 12:06:48.236,416.5880244549245,95
2024-09-18 12:06:48.241,416.46634018038026,104
2024-09-18 12:06:48.274,416.5765196203975,97
2024-09-18 12:06:48.295,416.5716231758728,997
2024-09-18 12:06:48.327,416.56601422847433,104
2024-09-18 12:06:48.340,416.4835744617369,998
2024-09-18 12:06:48.433,416.514576376075,95
2024-09-18 12:06:48.445,416.5013311279672,7
2024-09-18 12:06:48.487,416.5775911753037,1005
2024-09-18 12:06:48.496,416.5649656898355,100
2024-09-18 12:06:48.552,416.4854983085114,95
2024-09-18 12:06:48.554,416.59194896823874,1004
2024-09-18 12:06:48.683,416.5967107616096,1002
2024-09-18 12:06:48.688,416.4859468305564,104
2024-09-18 12:06:48.838,416.59795109158574,9
2024-09-18 12:06:48.851,416.4717596587748,1002
2024-09-18 12:06:48.887,416.5961182493755,12
2024-09-18 12:06:48.891,416.5891678896073,1003
2024-09-18 12:06:49.032,416.4737076605856,13
2024-09-18 12:06:49.039,416.4697391166331,14
2024-09-18 12:06:49.066,416.44503600775664,1004
2024-09-18 12:06:49.071,416.4510247584818,998
2024-09-18 12:06:49.163,416.4450418656085,1003
2024-09-18 12:06:49.219,416.4665050332071,13
2024-09-18 12:06:49.250,416.4697472023121,15
2024-09-18 12:06:49.271,416.4844180047337,10
2024-09-18 12:06:49.410,416.4722805155415,10
2024-09-18 12:06:49.422,416.4533883023181,14
2024-09-18 12:06:49.470,416.4832490832503,7
2024-09-18 12:06:49.522,416.4384075708729,96
2024-09-18 12:06:49.526,41.64658796892013,105
2024-09-18 12:06:49.580,416.4699287176203,1002
2024-09-18 12:06:49.601,416.4641672971608,11
2024-09-18 12:06:49.665,416.4580960935246,11
2024-09-18 12:06:49.770,416.45498618534174,101
2024-09-18 12:06:49.835,416.48039068813387,6
2024-09-18 12:06:49.872,416.4551614712906,11
2024-09-18 12:06:49.873,416.45870481208834,1001
2024-09-18 12:06:49.880,,12
2024-09-18 12:06:49.930,416.4652211665834,1000
2024-09-18 12:06:49.938,416.4568808285856,1000
2024-09-18 12:06:49.939,416.4675815300541,996
2024-09-18 12:06:49.956,416.4630705024125,7
2024-09-18 12:06:49.999,416.4940933736701,96
2024-09-18 12:06:50.014,416.4607039891101,7
2024-09-18 12:06:50.153,416.4569311768236,8
2024-09-18 12:06:50.193,416.4782652951749,96
2024-09-18 12:06:50.225,416.4882707097021,101
2024-09-18 12:06:50.229,416.5118810689135,105
2024-09-18 12:06:50.302,416.4987312404433,102
2024-09-18 12:06:50.371,416.5130410276693,104
2024-09-18 12:06:50.470,416.510688275516,11
2024-09-18 12:06:50.471,416.4539023135771,1001
2024-09-18 12:06:50.478,416.45120494480153,8
2024-09-18 12:06:50.532,416.4606623097686,101
2024-09-18 12:06:50.568,41.64824350991165,998
2024-09-18 12:06:50.580,416.50546555749366,1005
2024-09-18 12:06:50.612,416.46835417668126,102
2024-09-18 12:06:50.634,416.4513845291333,105
2024-09-18 12:06:50.724,416.4811314438147,12
2024-09-18 12:06:50.768,416.5160974183984,1002
2024-09-18 12:06:50.793,416.45353368460513,6
2024-09-18 12:06:50.861,416.4950313694364,9
2024-09-18 12:06:50.921,416.4650725498348,1003
2024-09-18 12:06:50.999,416.52097278642015,105
2024-09-18 12:06:51.080,416.4542596572548,995
2024-09-18 12:06:51.133,416.5164815928493,8
2024-09-18 12:06:51.149,416.4778920959085,7
2024-09-18 12:06:51.153,416.4209146806467,7
2024-09-18 12:06:51.169,416.4895549785557,14
2024-09-18 12:06:51.211,416.4732641824546,14
2024-09-18 12:06:51.214,416.5081194314926,99
2024-09-18 12:06:51.239,416.5198494719168,996
2024-09-18 12:06:51.242,416.459858051317,96
2024-09-18 12:06:51.266,416.4451550001544,99
2024-09-18 12:06:51.279,416.490755557873,1001
2024-09-18 12:06:51.325,416.48860308242166,996
2024-09-18 12:06:51.378,41.64680649166053,101
2024-09-18 12:06:51.395,416.4973754743082,6
2024-09-18 12:06:51.437,-416.4894416949349,999
2024-09-18 12:06:51.473,416.46069806884014,10
2024-09-18 12:06:51.514,416.49875884117256,9
2024-09-18 12:06:51.571,416.492109807697,8
2024-09-18 12:06:51.591,416.4786143605658,10
2024-09-18 12:06:51.668,416.4717866460827,95
2024-09-18 12:06:51.683,416.47384716751975,999
2024-09-18 12:06:51.685,416.4627089551113,100
2024-09-18 12:06:51.820,-416.4744801427052,11
2024-09-18 12:06:51.824,416.4716397786668,15
2024-09-18 12:06:51.907,416.47314649125184,8
2024-09-18 12:06:51.939,416.4993046391487,12
2024-09-18 12:06:51.939,416.4756566349484,104
2024-09-18 12:06:51.958,416.4825301503107,1000
2024-09-18 12:06:51.961,,1001
2024-09-18 12:06:52.044,416.5044052892182,97
2024-09-18 12:06:52.090,416.5371301087847,995
2024-09-18 12:06:52.141,416.4537782503449,999
2024-09-18 12:06:52.154,416.5222082393882,97
2024-09-18 12:06:52.159,416.53447046057977,1003
2024-09-18 12:06:52.204,416.518515229916,1004
2024-09-18 12:06:52.207,416.52614704889214,104
2024-09-18 12:06:52.275,416.5173796036908,104
2024-09-18 12:06:52.301,416.4593008586063,101
2024-09-18 12:06:52.303,416.5248675475472,9
2024-09-18 12:06:52.377,416.525863078309,15
2024-09-18 12:06:52.384,416.49432525181646,97
2024-09-18 12:06:52.394,416.5275024921722,98
2024-09-18 12:06:52.396,416.4694456535496,7
2024-09-18 12:06:52.412,416.519308784049,997
2024-09-18 12:06:52.459,416.5113120046545,13
2024-09-18 12:06:52.492,416.5273069111872,100
2024-09-18 12:06:52.557,416.5323426272014,95
2024-09-18 12:06:52.573,416.47744780060833,15
2024-09-18 12:06:52.918,416.5357143154985,997
2024-09-18 12:06:52.963,416.533049303761,1003
2024-09-18 12:06:52.978,416.5105709022364,102
2024-09-18 12:06:53.311,41.6553091022337,8
2024-09-18 12:06:53.316,416.551444765963,100
2024-09-18 12:06:53.328,,8
2024-09-18 12:06:53.851,416.5477685070935,998
2024-09-18 12:06:54.128,416.5456062059769,6
2024-09-18 12:06:54.180,416.5555238773652,98
2024-09-18 12:06:54.186,416.6091238414728,12
2024-09-18 12:06:54.256,416.5847989362509,13
2024-09-18 12:06:54.270,416.64234858972,13
2024-09-18 12:06:54.280,416.60063767531017,14
2024-09-18 12:06:54.348,416.5814603826333,998
2024-09-18 12:06:54.389,416.55816573849694,995
2024-09-18 12:06:54.437,416.6274020942533,101
2024-09-18 12:06:54.446,416.5848200453588,1003
2024-09-18 12:06:54.469,416.54162775499617,996
2024-09-18 12:06:54.492,416.6341980379475,100
2024-09-18 12:06:54.507,416.6261471994238,97
2024-09-18 12:06:54.606,416.6281291873402,9
2024-09-18 12:06:54.640,416.54177136881896,7
2024-09-18 12:06:54.880,416.581521834041,15
2024-09-18 12:06:54.927,416.5501908841286,8
2024-09-18 12:06:55.109,416.6826639327192,100
2024-09-18 12:06:55.128,416.6835527512784,1002
2024-09-18 12:06:55.147,416.6582039441972,97
2024-09-18 12:06:55.196,416.6846618657928,1002
2024-09-18 12:06:55.222,416.6560618251359,1003
2024-09-18 12:06:55.249,416.6800920033925,6
2024-09-18 12:06:55.444,416.694879256865,97
2024-09-18 12:06:55.507,416.67776049864057,1001
2024-09-18 12:06:55.531,416.6535602745549,8
2024-09-18 12:06:55.587,416.6775914130011,6
2024-09-18 12:06:55.592,416.72570948560025,99
2024-09-18 12:06:55.604,416.6393327820054,999
2024-09-18 12:06:55.607,416.6525526507167,102
2024-09-18 12:06:55.773,416.6686110082787,103
2024-09-18 12:06:55.784,416.73567759072125,101
2024-09-18 12:06:55.863,416.6450353013204,1004
2024-09-18 12:06:55.924,416.67170171872107,104
2024-09-18 12:06:55.929,416.6294891563565,1000
2024-09-18 12:06:55.944,416.6614919137715,7
2024-09-18 12:06:55.944,416.662646648656,95
2024-09-18 12:06:55.986,416.7441498536382,96
2024-09-18 12:06:56.028,416.6988238812292,1003
2024-09-18 12:06:56.037,416.66106041877975,98
2024-09-18 12:06:56.068,416.7608749240628,5
2024-09-18 12:06:56.263,416.77001325232175,102
2024-09-18 12:06:56.300,41.66993616896609,998
2024-09-18 12:06:56.367,416.65647480320825,1003
2024-09-18 12:06:56.369,416.7356243669876,999
2024-09-18 12:06:56.436,416.6423056163961,99
2024-09-18 12:06:56.475,416.7072576303685,1005
2024-09-18 12:06:56.583,416.7574186380201,102
2024-09-18 12:06:56.628,416.7027497167552,101
2024-09-18 12:06:56.642,416.6870297955403,15
2024-09-18 12:06:56.645,416.68057695212985,8
2024-09-18 12:06:56.726,416.6394959190026,1004
2024-09-18 12:06:56.750,416.6439977018829,99
2024-09-18 12:06:56.755,416.6475621317183,999
2024-09-18 12:06:56.922,416.7629647082175,8
2024-09-18 12:06:56.922,416.721257283192,1004
2024-09-18 12:06:56.952,416.6561414601815,1001
2024-09-18 12:06:56.972,416.71758264364615,95
2024-09-18 12:06:56.989,416.7572199568218,8
2024-09-18 12:06:56.990,416.6588303907092,105
2024-09-18 12:06:56.992,416.63228827018594,1000
2024-09-18 12:06:56.997,416.6829933857061,1005
2024-09-18 12:06:57.189,-416.6185233166583,996
2024-09-18 12:06:57.813,416.63380503850937,1004
2024-09-18 12:06:58.019,416.6425536387376,102
2024-09-18 12:06:58.029,416.6439841121148,97
2024-09-18 12:06:58.237,416.6244142668646,105
2024-09-18 12:06:58.640,416.6189664572887,6
2024-09-18 12:06:58.717,416.619841189597,102
2024-09-18 12:06:58.793,416.6272438896829,13
2024-09-18 12:06:59.036,416.5518291624,11
2024-09-18 12:06:59.080,416.5797014068623,1001
2024-09-18 12:06:59.114,416.5287815331799,101
2024-09-18 12:06:59.223,416.515182359447,5
2024-09-18 12:06:59.260,416.6087539581071,12
2024-09-18 12:06:59.326,416.6245841724307,996
2024-09-18 12:06:59.418,416.5575109635273,1005
2024-09-18 12:06:59.482,416.5587653787412,9
2024-09-18 12:06:59.484,416.5249507235752,9
2024-09-18 12:06:59.585,416.57050230039846,98
2024-09-18 12:06:59.603,416.59539378255135,98
2024-09-18 12:06:59.605,416.5628133752606,15
2024-09-18 12:06:59.644,416.6035087905104,1003
2024-09-18 12:06:59.647,416.5076884922561,995
2024-09-18 12:06:59.667,416.563947895479,11
2024-09-18 12:06:59.682,416.56863539324246,103
2024-09-18 12:06:59.718,416.5142765202669,96
2024-09-18 12:06:59.803,416.559750568912,6
2024-09-18 12:06:59.838,416.6018091618119,104
2024-09-18 12:06:59.857,416.5718486283343,999
2024-09-18 12:06:59.873,416.6114767843844,95
2024-09-18 12:06:59.988,416.58236121351786,104
2024-09-18 12:06:59.999,416.5552833385445,1000
