Timestamp,Price,Size
2024-09-20 14:27:00.083,430.4453387276739,102
2024-09-20 14:27:00.132,430.46225655384194,999
2024-09-20 14:27:00.180,430.4874218871613,12
2024-09-20 14:27:00.205,,98
2024-09-20 14:27:00.394,430.4773478293442,1003
2024-09-20 14:27:00.397,430.4823568371496,13
2024-09-20 14:27:00.440,430.4838484655923,1001
2024-09-20 14:27:00.457,430.4445938227191,1005
2024-09-20 14:27:00.511,430.4925855019967,105
2024-09-20 14:27:00.815,430.4491749065451,103
2024-09-20 14:27:01.084,430.4748830212221,100
2024-09-20 14:27:01.098,430.51262223370185,999
2024-09-20 14:27:01.245,430.4273302120896,9
2024-09-20 14:27:01.323,430.460752443743,1002
2024-09-20 14:27:01.516,430.4511710164557,12
2024-09-20 14:27:01.590,430.4622933848556,15
2024-09-20 14:27:01.610,430.4690105755159,8
2024-09-20 14:27:01.750,430.480681500228,10
2024-09-20 14:27:01.777,,15
2024-09-20 14:27:01.781,430.5133642171321,5
2024-09-20 14:27:01.823,430.4466529492837,996
2024-09-20 14:27:01.991,430.4125316060263,102
2024-09-20 14:27:02.063,430.61345675478,999
2024-09-20 14:27:02.117,-430.517595126814,1003
2024-09-20 14:27:02.261,430.6197148270644,14
2024-09-20 14:27:02.271,430.5225577298771,97
2024-09-20 14:27:02.273,430.6118715646828,12
2024-09-20 14:27:02.343,-430.59926818961856,5
2024-09-20 14:27:02.345,430.62034009346746,10
2024-09-20 14:27:02.351,430.550497874884,98
2024-09-20 14:27:02.430,430.5500447746196,9
2024-09-20 14:27:02.465,430.5621948237881,8
2024-09-20 14:27:02.535,430.62381403515536,105
2024-09-20 14:27:02.537,430.5538274797928,1003
2024-09-20 14:27:02.548,430.56035984966695,1003
2024-09-20 14:27:02.573,430.5797275396332,101
2024-09-20 14:27:02.573,430.5434484269821,1003
2024-09-20 14:27:02.610,430.6193314187057,5
2024-09-20 14:27:02.613,430.5494253287085,105
2024-09-20 14:27:02.629,430.5450640225563,95
2024-09-20 14:27:02.648,430.6515154716053,1001
2024-09-20 14:27:02.669,430.6166911164923,1002
2024-09-20 14:27:02.693,430.5962593744663,1000
2024-09-20 14:27:02.725,430.5183149170429,8
2024-09-20 14:27:02.773,430.5973722684092,1000
2024-09-20 14:27:02.927,430.5792603751666,10
2024-09-20 14:27:02.936,430.56218414534857,14
2024-09-20 14:27:02.965,430.6311497456969,103
2024-09-20 14:27:02.989,430.5474521648658,15
2024-09-20 14:27:03.242,430.633603771974,995
2024-09-20 14:27:03.258,430.6289207444891,1005
2024-09-20 14:27:03.298,430.6300344429542,1005
2024-09-20 14:27:03.597,430.6298964032569,100
2024-09-20 14:27:03.701,-430.628810562216,8
2024-09-20 14:27:04.037,430.6234094624313,105
2024-09-20 14:27:04.080,430.6249926900661,15
2024-09-20 14:27:04.251,430.6297028333618,10
2024-09-20 14:27:04.259,430.6211713595736,97
2024-09-20 14:27:04.268,430.6146029673925,12
2024-09-20 14:27:04.289,430.6197024629286,8
2024-09-20 14:27:04.360,430.6174448511868,99
2024-09-20 14:27:04.428,430.60983427697664,100
2024-09-20 14:27:04.447,430.6235459458055,6
2024-09-20 14:27:04.483,430.6310109284898,998
2024-09-20 14:27:04.492,430.6263434003933,98
2024-09-20 14:27:04.535,430.6269900504225,103
2024-09-20 14:27:04.560,430.6041492577439,1002
2024-09-20 14:27:04.567,430.6091687463109,1005
2024-09-20 14:27:04.588,430.6237307685688,11
2024-09-20 14:27:04.603,43.060161216050666,1003
2024-09-20 14:27:04.617,430.6024139903094,995
2024-09-20 14:27:04.666,430.6213916073347,15
2024-09-20 14:27:04.677,430.64191114467,100
2024-09-20 14:27:04.708,430.6058676305647,1005
2024-09-20 14:27:04.757,430.6016523330284,996
2024-09-20 14:27:04.782,430.6168560319129,15
2024-09-20 14:27:04.800,430.61005717426536,1001
2024-09-20 14:27:04.837,430.6415232804202,1003
2024-09-20 14:27:04.924,430.6234677516068,5
2024-09-20 14:27:04.936,430.6054372294656,5
2024-09-20 14:27:04.982,430.6124187605175,997
2024-09-20 14:27:05.010,430.57953871549086,1001
2024-09-20 14:27:05.015,430.6281042164042,13
2024-09-20 14:27:05.027,430.61707237161374,1002
2024-09-20 14:27:05.124,430.61105817128487,98
2024-09-20 14:27:05.126,430.6095542589764,14
2024-09-20 14:27:05.133,430.6202291115651,6
2024-09-20 14:27:05.249,430.6126053419183,11
2024-09-20 14:27:05.282,430.5905775908892,9
2024-09-20 14:27:05.315,430.5980949154024,101
2024-09-20 14:27:05.427,430.60073949000815,15
2024-09-20 14:27:05.470,430.6191686936763,8
2024-09-20 14:27:05.568,430.604806803008,100
2024-09-20 14:27:05.592,430.6169220114775,1005
2024-09-20 14:27:05.675,430.6240403413613,998
2024-09-20 14:27:05.792,430.5941065207063,98
2024-09-20 14:27:05.812,430.5846484855259,100
2024-09-20 14:27:05.826,430.59130534957546,104
2024-09-20 14:27:05.846,430.6019531031691,8
2024-09-20 14:27:05.862,430.60349145087,101
2024-09-20 14:27:05.930,430.6221206092893,1003
2024-09-20 14:27:05.976,430.6282337182589,1001
2024-09-20 14:27:05.981,430.5925625405095,14
2024-09-20 14:27:06.176,430.5547935053254,9
2024-09-20 14:27:06.217,430.55934217743146,103
2024-09-20 14:27:06.419,430.531740821893,97
2024-09-20 14:27:06.423,430.5777355542248,1001
2024-09-20 14:27:06.443,430.5441901964017,1002
2024-09-20 14:27:06.630,430.5261845618296,9
2024-09-20 14:27:06.812,430.5964956423291,101
2024-09-20 14:27:07.131,430.5463061086381,8
2024-09-20 14:27:07.153,430.56416858735975,11
2024-09-20 14:27:07.172,430.5488847261113,101
2024-09-20 14:27:07.177,430.5627088856894,12
2024-09-20 14:27:07.191,430.5286315753406,1001
2024-09-20 14:27:07.218,430.57013334116704,997
2024-09-20 14:27:07.241,,102
2024-09-20 14:27:07.295,430.57087452178286,10
2024-09-20 14:27:07.334,430.5426602945325,98
2024-09-20 14:27:07.350,430.5416801177864,95
2024-09-20 14:27:07.354,430.5455289616274,1004
2024-09-20 14:27:07.392,430.6078289721786,999
2024-09-20 14:27:07.442,430.57693459814544,7
2024-09-20 14:27:07.454,430.5312604212658,7
2024-09-20 14:27:07.455,430.5741987340151,9
2024-09-20 14:27:07.537,430.5295667614258,8
2024-09-20 14:27:07.568,430.582276119595,14
2024-09-20 14:27:07.622,430.57158858595216,97
2024-09-20 14:27:07.650,430.5683503733365,997
2024-09-20 14:27:07.699,430.5416575692069,6
2024-09-20 14:27:07.701,430.5470385616812,103
2024-09-20 14:27:07.740,430.5574363542091,95
2024-09-20 14:27:07.749,430.6040794386346,6
2024-09-20 14:27:07.754,430.5452905274249,10
2024-09-20 14:27:07.943,430.5455359872519,995
2024-09-20 14:27:07.955,430.56269803647854,103
2024-09-20 14:27:08.002,430.6583247943578,5
2024-09-20 14:27:08.022,430.6081026878584,5
2024-09-20 14:27:08.042,43.05917880004147,15
2024-09-20 14:27:08.101,430.63235672684414,15
2024-09-20 14:27:08.151,430.620119456596,998
2024-09-20 14:27:08.191,430.5917976067406,9
2024-09-20 14:27:08.229,430.5884863655591,100
2024-09-20 14:27:08.239,430.6521868863916,1003
2024-09-20 14:27:08.347,430.6019498455406,995
2024-09-20 14:27:08.385,430.5764400858308,96
2024-09-20 14:27:08.497,430.5926474019443,1003
2024-09-20 14:27:08.529,430.5881432221968,102
2024-09-20 14:27:08.582,430.5813170463218,1001
2024-09-20 14:27:08.605,430.6618384170629,1004
2024-09-20 14:27:08.653,430.6116122439024,1001
2024-09-20 14:27:08.654,430.6403963915504,1004
2024-09-20 14:27:08.659,430.63004033070285,7
2024-09-20 14:27:08.738,430.60094306887055,15
2024-09-20 14:27:08.898,430.6568497070531,999
2024-09-20 14:27:08.939,430.650156245328,1001
2024-09-20 14:27:08.992,430.6413114046893,98
2024-09-20 14:27:09.001,430.6581673179587,11
2024-09-20 14:27:09.173,430.65611862011696,14
2024-09-20 14:27:09.181,430.6662469501901,15
2024-09-20 14:27:09.494,-430.6551091842608,11
2024-09-20 14:27:09.566,430.6445066005922,998
2024-09-20 14:27:09.578,430.65764741177486,100
2024-09-20 14:27:09.642,430.66762296525457,998
2024-09-20 14:27:09.780,430.65181351599495,1002
2024-09-20 14:27:09.999,430.65456499695154,11
2024-09-20 14:27:10.020,430.64338115756135,13
2024-09-20 14:27:10.050,430.68937928760585,104
2024-09-20 14:27:10.208,430.62862478395766,997
2024-09-20 14:27:10.247,430.66054610582296,1000
2024-09-20 14:27:10.267,430.6630988910993,96
2024-09-20 14:27:10.373,430.6343143687981,97
2024-09-20 14:27:10.376,430.6616432835867,6
2024-09-20 14:27:10.490,430.65674347944565,14
2024-09-20 14:27:10.533,430.6675709693386,97
2024-09-20 14:27:10.587,430.6645824472484,999
2024-09-20 14:27:10.699,430.6782342384887,5
2024-09-20 14:27:10.933,430.65578324496863,15
2024-09-20 14:27:10.948,430.6259672165776,95
2024-09-20 14:27:11.002,430.6194183256561,1005
2024-09-20 14:27:11.133,430.6059728890558,995
2024-09-20 14:27:11.149,430.6421342549707,98
2024-09-20 14:27:11.178,430.6508713010911,9
2024-09-20 14:27:11.217,430.6277299657025,95
2024-09-20 14:27:11.223,430.6083135130318,100
2024-09-20 14:27:11.229,430.653924139058,9
2024-09-20 14:27:11.246,430.632227431699,995
2024-09-20 14:27:11.262,430.6412765248334,1004
2024-09-20 14:27:11.374,430.6453189770724,1003
2024-09-20 14:27:11.388,430.6449577236714,5
2024-09-20 14:27:11.397,430.63740363388337,8
2024-09-20 14:27:11.455,430.6574669459482,99
2024-09-20 14:27:11.490,430.62283699986,98
2024-09-20 14:27:11.513,430.5970676370576,1001
2024-09-20 14:27:11.543,430.6373558908461,12
2024-09-20 14:27:11.562,430.6473926185429,11
2024-09-20 14:27:11.589,430.6325897192417,7
2024-09-20 14:27:11.604,430.6609436210068,998
2024-09-20 14:27:11.618,430.6382680684521,8
2024-09-20 14:27:11.749,430.6580405003685,8
2024-09-20 14:27:11.804,430.6393453296234,102
2024-09-20 14:27:11.839,430.6223171072528,5
2024-09-20 14:27:11.906,430.6302168679769,105
2024-09-20 14:27:11.987,,999
2024-09-20 14:27:12.191,430.64889148524696,995
2024-09-20 14:27:12.347,430.65800440510907,1003
2024-09-20 14:27:12.434,430.6711300876578,996
2024-09-20 14:27:12.445,430.6064310329936,96
2024-09-20 14:27:12.589,430.6217379928,7
2024-09-20 14:27:12.643,430.6392873714766,104
2024-09-20 14:27:12.666,430.6608022382841,1000
2024-09-20 14:27:12.797,430.6303238526383,103
2024-09-20 14:27:12.805,430.6802962580328,1003
2024-09-20 14:27:12.932,430.6599108883698,98
2024-09-20 14:27:12.962,430.6552517964445,1000
2024-09-20 14:27:13.037,430.6472208898333,10
2024-09-20 14:27:13.090,430.6554303068079,105
2024-09-20 14:27:13.121,430.6085042943277,9
2024-09-20 14:27:13.136,430.65145610884286,10
2024-09-20 14:27:13.142,430.6449700135926,99
2024-09-20 14:27:13.183,430.60029441874775,996
2024-09-20 14:27:13.295,430.6337291694876,96
2024-09-20 14:27:13.329,430.611205272552,100
2024-09-20 14:27:13.435,430.6408613207378,997
2024-09-20 14:27:13.482,430.6261043317325,103
2024-09-20 14:27:13.484,430.6364834534153,100
2024-09-20 14:27:13.529,430.6276830673393,1002
2024-09-20 14:27:13.572,430.6184890018749,1003
2024-09-20 14:27:13.639,430.6404700790971,12
2024-09-20 14:27:13.692,430.6564431905211,100
2024-09-20 14:27:13.760,430.5906629969057,96
2024-09-20 14:27:13.764,430.5971465317015,103
2024-09-20 14:27:13.785,430.6094349022455,10
2024-09-20 14:27:13.818,430.6263035058694,1004
2024-09-20 14:27:13.848,430.61258541044754,998
2024-09-20 14:27:13.901,430.611189293975,8
2024-09-20 14:27:13.921,430.6156431331134,103
2024-09-20 14:27:13.945,430.623131705876,999
2024-09-20 14:27:13.993,430.6040444157254,13
2024-09-20 14:27:14.014,430.68118049308407,995
2024-09-20 14:27:14.021,430.6986261705002,104
2024-09-20 14:27:14.204,430.6992563838347,9
2024-09-20 14:27:14.213,430.6965026649062,13
2024-09-20 14:27:14.236,430.6999445166112,95
2024-09-20 14:27:14.287,430.6788425206021,10
2024-09-20 14:27:14.353,430.6863281956336,102
2024-09-20 14:27:14.383,430.6771511777794,102
2024-09-20 14:27:14.514,430.721495711046,95
2024-09-20 14:27:14.599,430.689224986189,96
2024-09-20 14:27:14.602,430.6931624351374,998
2024-09-20 14:27:14.623,430.7202951928039,104
2024-09-20 14:27:14.630,430.72285941503264,1005
2024-09-20 14:27:14.728,430.70170141900286,95
2024-09-20 14:27:14.762,430.7147306404707,97
2024-09-20 14:27:14.804,430.7026603353532,95
2024-09-20 14:27:14.907,430.6925399094055,11
2024-09-20 14:27:14.908,430.6458258911505,11
2024-09-20 14:27:14.942,430.7005204427595,104
2024-09-20 14:27:14.969,430.62924701799295,99
2024-09-20 14:27:14.984,430.7095235349684,997
2024-09-20 14:27:15.162,430.68798690864,6
2024-09-20 14:27:15.226,430.6891447225007,98
2024-09-20 14:27:15.243,430.70278780205473,98
2024-09-20 14:27:15.402,430.6894099046811,1002
2024-09-20 14:27:15.515,430.7056089855448,12
2024-09-20 14:27:15.527,430.7253278173487,97
2024-09-20 14:27:15.620,430.694470057119,9
2024-09-20 14:27:15.662,430.6875332034622,10
2024-09-20 14:27:15.919,430.7317838758578,102
2024-09-20 14:27:15.999,430.6818640806225,101
2024-09-20 14:27:16.106,430.739178370472,1003
2024-09-20 14:27:16.152,430.7143690269249,13
2024-09-20 14:27:16.211,430.7310109221942,103
2024-09-20 14:27:16.391,430.7203203774331,97
2024-09-20 14:27:16.505,430.74003507642936,102
2024-09-20 14:27:16.789,430.7157975284875,100
2024-09-20 14:27:17.074,430.7030987506138,11
2024-09-20 14:27:17.091,430.6701497874048,12
2024-09-20 14:27:17.120,430.6789625284649,99
2024-09-20 14:27:17.149,430.67603065574326,13
2024-09-20 14:27:17.197,430.6933783673336,99
2024-09-20 14:27:17.303,430.7076235840297,5
2024-09-20 14:27:17.327,430.67126321683713,8
2024-09-20 14:27:17.354,430.65889536937726,97
2024-09-20 14:27:17.402,430.7058382180968,1005
2024-09-20 14:27:17.440,430.6986606246271,1001
2024-09-20 14:27:17.525,430.6633133312116,7
2024-09-20 14:27:17.554,430.67668555796274,96
2024-09-20 14:27:17.582,430.6467859141957,95
2024-09-20 14:27:17.584,430.64288637560287,98
2024-09-20 14:27:17.611,430.6461174179569,8
2024-09-20 14:27:17.629,430.6749352502444,101
2024-09-20 14:27:17.639,430.6556128122879,11
2024-09-20 14:27:17.700,430.6590019769465,8
2024-09-20 14:27:17.718,430.7067698805312,999
2024-09-20 14:27:17.749,430.667068405099,15
2024-09-20 14:27:17.862,430.6565626364856,1004
2024-09-20 14:27:17.877,430.6693892973648,100
2024-09-20 14:27:18.053,430.63680403216927,96
2024-09-20 14:27:18.158,430.6626759833563,1000
2024-09-20 14:27:18.250,430.6172340544937,103
2024-09-20 14:27:18.265,430.6611598318818,95
2024-09-20 14:27:18.338,430.6213907646074,10
2024-09-20 14:27:18.364,430.62813928778746,1000
2024-09-20 14:27:18.418,430.6417675821641,1003
2024-09-20 14:27:18.444,430.6465089483639,105
2024-09-20 14:27:18.445,430.63643898097376,97
2024-09-20 14:27:18.673,430.6479714048309,6
2024-09-20 14:27:18.775,430.63275872379,1004
2024-09-20 14:27:18.873,430.6662493796418,5
2024-09-20 14:27:19.001,430.644308913481,1005
2024-09-20 14:27:19.081,430.6531395737504,998
2024-09-20 14:27:19.089,430.6048891317061,5
2024-09-20 14:27:19.090,430.63881472659045,6
2024-09-20 14:27:19.156,430.63480303331386,7
2024-09-20 14:27:19.166,430.6238157358124,1000
2024-09-20 14:27:19.217,430.634273586254,1004
2024-09-20 14:27:19.257,430.6465380732113,96
2024-09-20 14:27:19.331,430.6353468146528,103
2024-09-20 14:27:19.333,430.6161475002861,7
2024-09-20 14:27:19.355,430.5976896072609,7
2024-09-20 14:27:19.411,430.66449668423456,5
2024-09-20 14:27:19.429,430.6394220113855,101
2024-09-20 14:27:19.460,430.6606279539324,1002
2024-09-20 14:27:19.520,430.6423198915777,95
2024-09-20 14:27:19.528,430.6308637429514,96
2024-09-20 14:27:19.557,430.6057344760027,103
2024-09-20 14:27:19.559,430.6131704571608,5
2024-09-20 14:27:19.567,430.6291508032382,996
2024-09-20 14:27:19.647,430.6388582765674,98
2024-09-20 14:27:19.725,430.6571556852967,15
2024-09-20 14:27:19.790,430.6165792438585,101
2024-09-20 14:27:19.827,430.6003587919482,1000
2024-09-20 14:27:19.844,430.6295016138728,5
2024-09-20 14:27:19.848,430.6285146192025,1003
2024-09-20 14:27:19.924,430.608272166262,8
2024-09-20 14:27:19.941,430.58754684608704,104
2024-09-20 14:27:19.982,,101
2024-09-20 14:27:20.959,-430.637083222587,1000
2024-09-20 14:27:21.388,430.6211628764176,1002
2024-09-20 14:27:21.717,430.63542058537865,7
2024-09-20 14:27:22.012,430.629257754554,1001
2024-09-20 14:27:22.103,430.63400721466144,105
2024-09-20 14:27:22.105,430.6502427629775,5
2024-09-20 14:27:22.216,430.6818364446029,100
2024-09-20 14:27:22.275,430.6875277662785,1002
2024-09-20 14:27:22.340,430.670855386551,99
2024-09-20 14:27:22.377,430.6470507660535,103
2024-09-20 14:27:22.382,430.6303377222713,95
2024-09-20 14:27:22.580,430.6852469860991,99
2024-09-20 14:27:22.622,430.6946422833583,1005
2024-09-20 14:27:22.637,430.6821929683079,15
2024-09-20 14:27:22.692,430.6647939531698,96
2024-09-20 14:27:22.698,430.6824191909873,14
2024-09-20 14:27:22.713,430.6929604892646,13
2024-09-20 14:27:22.741,43.06455535610726,1000
2024-09-20 14:27:22.765,430.68177518881606,1001
2024-09-20 14:27:22.791,430.6196488322544,997
2024-09-20 14:27:22.823,430.6747175315356,13
2024-09-20 14:27:22.832,430.6871756107481,1001
2024-09-20 14:27:22.838,430.6799513695947,1000
2024-09-20 14:27:22.861,,995
2024-09-20 14:27:22.872,430.6674359355623,101
2024-09-20 14:27:22.896,430.6317511152968,10
2024-09-20 14:27:22.913,430.6962167992076,1004
2024-09-20 14:27:22.989,430.6891510116437,7
2024-09-20 14:27:23.018,430.6373378828951,9
2024-09-20 14:27:23.019,430.6609769934864,1001
2024-09-20 14:27:23.137,430.64933548878224,995
2024-09-20 14:27:23.170,430.638825940521,12
2024-09-20 14:27:23.186,430.6497624462227,1003
2024-09-20 14:27:23.232,430.64414785200586,1004
2024-09-20 14:27:23.253,430.64044116615,1004
2024-09-20 14:27:23.315,430.6711139090136,100
2024-09-20 14:27:23.316,430.63031560134976,15
2024-09-20 14:27:23.331,430.6411030742718,995
2024-09-20 14:27:23.381,430.6369276957173,12
2024-09-20 14:27:23.382,430.6233744986888,95
2024-09-20 14:27:23.508,430.6660939856719,1005
2024-09-20 14:27:23.508,430.6248296038952,1004
2024-09-20 14:27:23.556,430.6377175242213,103
2024-09-20 14:27:23.700,430.6521540462354,1002
2024-09-20 14:27:23.706,430.6355654100286,97
2024-09-20 14:27:23.718,430.6270271336061,8
2024-09-20 14:27:23.813,430.6557555585004,1003
2024-09-20 14:27:23.830,430.6767221575622,7
2024-09-20 14:27:23.839,430.6504375202292,1004
2024-09-20 14:27:23.900,430.6757611086328,1001
2024-09-20 14:27:23.915,430.6787896431345,96
2024-09-20 14:27:23.986,430.6609057588993,95
2024-09-20 14:27:25.042,43.059024005683085,14
2024-09-20 14:27:25.081,430.616606756856,14
2024-09-20 14:27:25.122,430.6283102339325,997
2024-09-20 14:27:25.123,430.6020664167151,1002
2024-09-20 14:27:25.126,430.6208624998358,14
2024-09-20 14:27:25.149,430.6182856051437,995
2024-09-20 14:27:25.263,430.6202922906936,996
2024-09-20 14:27:25.277,430.637895173054,5
2024-09-20 14:27:25.338,430.59573840716615,98
2024-09-20 14:27:25.456,430.62531473956994,102
2024-09-20 14:27:25.531,430.6277999290277,101
2024-09-20 14:27:25.535,430.6169580956307,999
2024-09-20 14:27:25.570,430.6071526039326,1005
2024-09-20 14:27:25.597,430.6238231680932,99
2024-09-20 14:27:25.612,430.59189225531713,998
2024-09-20 14:27:25.635,430.6348227833548,15
2024-09-20 14:27:25.675,430.60096193787774,12
2024-09-20 14:27:25.680,430.6347628793363,12
2024-09-20 14:27:25.701,430.63479265093866,12
2024-09-20 14:27:25.745,430.61045324584967,7
2024-09-20 14:27:25.771,430.6294487286376,998
2024-09-20 14:27:25.808,430.5842720081034,7
2024-09-20 14:27:25.810,430.60486295379695,14
2024-09-20 14:27:25.817,430.6011566711905,995
2024-09-20 14:27:25.837,430.6335794003205,7
2024-09-20 14:27:25.885,430.6349060031786,996
2024-09-20 14:27:25.890,-430.61179838518,1000
2024-09-20 14:27:25.980,430.63551763439807,7
2024-09-20 14:27:26.026,430.6292415795255,1001
2024-09-20 14:27:26.052,430.6765401040913,15
2024-09-20 14:27:26.094,430.6472791783676,99
2024-09-20 14:27:26.109,430.6476899542765,998
2024-09-20 14:27:26.176,430.6973561432257,998
2024-09-20 14:27:26.199,430.64014975517927,11
2024-09-20 14:27:26.200,430.6726545496649,999
2024-09-20 14:27:26.212,430.652049785796,1002
2024-09-20 14:27:26.220,430.6449379955377,10
2024-09-20 14:27:26.328,430.6653452813981,103
2024-09-20 14:27:26.413,430.6728109464312,13
2024-09-20 14:27:26.463,430.6319720124504,95
2024-09-20 14:27:26.486,-430.6803658941666,14
2024-09-20 14:27:26.494,,999
2024-09-20 14:27:26.580,430.6238227258175,15
2024-09-20 14:27:26.608,430.6823845400825,103
2024-09-20 14:27:26.675,430.6892056756398,999
2024-09-20 14:27:26.801,430.6538727312803,96
2024-09-20 14:27:26.812,430.66106880783536,105
2024-09-20 14:27:26.833,430.6811670271218,1001
2024-09-20 14:27:26.838,430.6679582293612,12
2024-09-20 14:27:26.866,430.6883691838311,96
2024-09-20 14:27:26.887,430.61379305316734,96
2024-09-20 14:27:27.010,430.6629076769266,100
2024-09-20 14:27:27.171,430.654688194287,8
2024-09-20 14:27:27.196,430.6477281005187,12
2024-09-20 14:27:27.242,430.6530251916339,8
2024-09-20 14:27:27.246,430.6605521060218,97
2024-09-20 14:27:27.298,43.065567384768734,101
2024-09-20 14:27:27.306,430.6438212395368,7
2024-09-20 14:27:27.332,430.6497172303016,104
2024-09-20 14:27:27.342,430.66012666097936,14
2024-09-20 14:27:27.386,430.6471507598583,1001
2024-09-20 14:27:27.452,430.642383801662,104
2024-09-20 14:27:27.507,430.66073765710513,1001
2024-09-20 14:27:27.514,430.6749000051622,97
2024-09-20 14:27:27.733,430.63883893742303,997
2024-09-20 14:27:27.734,430.64049724698975,97
2024-09-20 14:27:27.742,430.6459115160911,1000
2024-09-20 14:27:27.757,430.6620360730911,1000
2024-09-20 14:27:27.783,430.6620080247649,8
2024-09-20 14:27:27.790,430.6416185831832,14
2024-09-20 14:27:27.842,430.6627173943803,1001
2024-09-20 14:27:27.848,430.67025554762193,105
2024-09-20 14:27:27.929,430.65808123128375,999
2024-09-20 14:27:28.075,430.6515809417994,1003
2024-09-20 14:27:28.331,430.6646501927849,95
2024-09-20 14:27:28.538,430.6663665503239,9
2024-09-20 14:27:28.633,430.667012412117,98
2024-09-20 14:27:28.883,430.6578395522417,1000
2024-09-20 14:27:30.008,430.7075718495004,15
2024-09-20 14:27:30.022,430.6724294712373,12
2024-09-20 14:27:30.025,430.63462935951054,96
2024-09-20 14:27:30.051,430.7185890240783,101
2024-09-20 14:27:30.076,430.6580795003984,1005
2024-09-20 14:27:30.102,430.7227219489553,1005
2024-09-20 14:27:30.169,430.73927272486895,999
2024-09-20 14:27:30.209,430.6885926737143,995
2024-09-20 14:27:30.281,430.7103159954487,97
2024-09-20 14:27:30.286,430.64239093564873,95
2024-09-20 14:27:30.344,430.7086454390686,101
2024-09-20 14:27:30.438,430.7441051916703,97
2024-09-20 14:27:30.444,430.71415404918326,101
2024-09-20 14:27:30.532,430.6651363359079,11
2024-09-20 14:27:30.557,430.6414691554267,1001
2024-09-20 14:27:30.638,43.069614092259904,1000
2024-09-20 14:27:30.645,430.7287138677751,1002
2024-09-20 14:27:30.795,430.6927718620869,102
2024-09-20 14:27:30.825,430.64571341402535,102
2024-09-20 14:27:30.840,430.6417845601309,1001
2024-09-20 14:27:30.873,430.7166837052465,103
2024-09-20 14:27:30.894,430.6586440106756,997
2024-09-20 14:27:30.920,430.74016290425874,11
2024-09-20 14:27:30.980,430.6382160224479,9
2024-09-20 14:27:31.023,430.753410305698,13
2024-09-20 14:27:32.062,430.7359426270818,103
2024-09-20 14:27:32.224,430.7307366705312,100
2024-09-20 14:27:32.379,430.7511739641536,1005
2024-09-20 14:27:32.506,430.733290059756,105
2024-09-20 14:27:32.662,430.7586004018402,98
2024-09-20 14:27:32.706,430.7558786345345,1001
2024-09-20 14:27:32.842,430.7398850380043,97
2024-09-20 14:27:32.866,430.73145344163584,12
2024-09-20 14:27:32.925,430.7336141563815,1001
2024-09-20 14:27:33.010,430.8037960994603,996
2024-09-20 14:27:33.252,430.8271379938871,998
2024-09-20 14:27:33.288,430.7881409305437,105
2024-09-20 14:27:33.489,430.8263818698417,98
2024-09-20 14:27:33.495,430.7456568659052,13
2024-09-20 14:27:33.690,430.8027840517538,11
2024-09-20 14:27:33.700,430.8033233241823,98
2024-09-20 14:27:33.763,430.8200670894213,105
2024-09-20 14:27:33.837,430.7982612286064,97
2024-09-20 14:27:33.996,430.78517657731385,14
2024-09-20 14:27:33.998,430.76007588368674,15
2024-09-20 14:27:34.112,430.8240110191403,102
2024-09-20 14:27:34.154,430.8205642105191,998
2024-09-20 14:27:34.800,430.8063822998085,97
2024-09-20 14:27:34.870,430.8098530922684,96
2024-09-20 14:27:35.118,430.78911243354,1000
2024-09-20 14:27:35.277,430.7949067995535,1000
2024-09-20 14:27:35.388,430.7930569791282,1001
2024-09-20 14:27:35.434,430.7587602803212,1002
2024-09-20 14:27:35.509,430.8156242059152,1005
2024-09-20 14:27:35.550,430.7788105178773,995
2024-09-20 14:27:35.649,430.8209845918986,103
2024-09-20 14:27:35.929,430.8041311090982,13
2024-09-20 14:27:36.013,430.8021327421807,99
2024-09-20 14:27:36.175,430.7892868260752,995
2024-09-20 14:27:36.249,430.7987185958765,95
2024-09-20 14:27:36.335,430.7957127593916,6
2024-09-20 14:27:36.431,430.79206421502937,14
2024-09-20 14:27:36.451,430.7919082283964,10
2024-09-20 14:27:36.599,430.7719244034808,98
2024-09-20 14:27:36.674,430.7508250134448,101
2024-09-20 14:27:36.891,430.787322594557,97
2024-09-20 14:27:36.925,430.7736981364817,97
2024-09-20 14:27:36.933,430.7650008043078,96
2024-09-20 14:27:37.045,430.7615925036237,8
2024-09-20 14:27:37.061,430.7521153528256,7
2024-09-20 14:27:37.123,430.760931800221,1003
2024-09-20 14:27:37.220,430.7654783783778,11
2024-09-20 14:27:37.543,430.7587002879943,998
2024-09-20 14:27:37.756,430.7601758957797,8
2024-09-20 14:27:37.925,430.7729783480736,99
2024-09-20 14:27:38.002,430.8022567528584,5
2024-09-20 14:27:38.109,430.7872190458708,6
2024-09-20 14:27:38.196,430.7898207022572,15
2024-09-20 14:27:38.509,430.7922145736416,98
2024-09-20 14:27:38.578,430.8171319806642,97
2024-09-20 14:27:38.664,430.7902116492928,1001
2024-09-20 14:27:38.713,430.8148401708447,14
2024-09-20 14:27:38.717,430.8084673251799,104
2024-09-20 14:27:38.722,430.7930140304508,102
2024-09-20 14:27:39.121,430.92620208339,15
2024-09-20 14:27:39.163,430.7797436074687,8
2024-09-20 14:27:39.294,430.8572975379023,13
2024-09-20 14:27:39.332,430.8358471123145,104
2024-09-20 14:27:39.339,430.7898768777719,5
2024-09-20 14:27:39.347,430.7886929110804,105
2024-09-20 14:27:39.374,430.9180495743948,95
2024-09-20 14:27:39.376,430.919374647764,997
2024-09-20 14:27:39.390,430.9012169602484,6
2024-09-20 14:27:39.412,430.8197578648968,102
2024-09-20 14:27:39.444,430.78516715030753,12
2024-09-20 14:27:39.462,430.79335931090185,13
2024-09-20 14:27:39.469,430.9219424015069,7
2024-09-20 14:27:39.507,430.9223431853951,103
2024-09-20 14:27:39.524,430.7883876157103,13
2024-09-20 14:27:39.584,430.8905498781728,14
2024-09-20 14:27:39.597,430.8874221270482,13
2024-09-20 14:27:39.603,430.9115906544782,1003
2024-09-20 14:27:39.608,430.7828565322572,96
2024-09-20 14:27:39.678,430.8228308584905,97
2024-09-20 14:27:39.689,430.90658197301,8
2024-09-20 14:27:39.704,430.8732821491621,8
2024-09-20 14:27:39.717,430.89448019084347,999
2024-09-20 14:27:39.725,430.90842629651104,100
2024-09-20 14:27:39.749,430.807807436337,10
2024-09-20 14:27:39.828,430.890582970305,8
2024-09-20 14:27:39.861,430.7893236255388,1000
2024-09-20 14:27:39.879,430.91368315586254,101
2024-09-20 14:27:39.927,430.7718186273702,5
2024-09-20 14:27:39.958,430.916253823744,1005
2024-09-20 14:27:40.001,430.95209912999576,1003
2024-09-20 14:27:40.050,430.9279391699771,999
2024-09-20 14:27:40.229,430.9180888550836,12
2024-09-20 14:27:40.320,430.8991139416908,100
2024-09-20 14:27:40.395,430.9148687916556,99
2024-09-20 14:27:40.423,430.90921909830513,999
2024-09-20 14:27:40.474,430.935246219374,8
2024-09-20 14:27:40.522,430.94307880207214,102
2024-09-20 14:27:40.531,430.9372655590344,9
2024-09-20 14:27:40.640,430.94282038051296,996
2024-09-20 14:27:40.667,430.9271132951014,995
2024-09-20 14:27:40.800,430.94717433717847,97
2024-09-20 14:27:40.934,430.912676169058,995
2024-09-20 14:27:41.111,430.8848105568874,1002
2024-09-20 14:27:41.145,430.8588410852846,5
2024-09-20 14:27:41.163,430.8871708738943,10
2024-09-20 14:27:41.170,430.8544226745426,996
2024-09-20 14:27:41.203,430.88908438349193,10
2024-09-20 14:27:41.223,430.8927957810414,1003
2024-09-20 14:27:41.225,430.8696466315436,1001
2024-09-20 14:27:41.275,430.9147505726327,95
2024-09-20 14:27:41.407,430.8801865389459,12
2024-09-20 14:27:41.410,430.9110719417041,100
2024-09-20 14:27:41.469,430.8673799854018,100
2024-09-20 14:27:41.563,430.8574328124411,100
2024-09-20 14:27:41.598,430.9043075078365,1005
2024-09-20 14:27:41.605,430.8888958591277,97
2024-09-20 14:27:41.729,430.8744846382404,104
2024-09-20 14:27:41.801,430.864638121576,96
2024-09-20 14:27:41.810,430.8625516609341,11
2024-09-20 14:27:41.954,430.8739920022716,6
2024-09-20 14:27:41.986,430.89885229578056,1004
2024-09-20 14:27:42.002,,6
2024-09-20 14:27:42.097,430.8639360513111,98
2024-09-20 14:27:42.126,430.88690505462296,9
2024-09-20 14:27:42.168,430.8702328747758,999
2024-09-20 14:27:42.179,430.86627262334287,1002
2024-09-20 14:27:42.219,430.910505738796,104
2024-09-20 14:27:42.359,430.8693483049792,995
2024-09-20 14:27:42.514,430.8760514606613,102
2024-09-20 14:27:42.543,430.8977139861332,101
2024-09-20 14:27:42.593,430.8687823102611,1004
2024-09-20 14:27:42.730,430.86384978825225,997
2024-09-20 14:27:42.783,430.8835323805523,100
2024-09-20 14:27:42.881,430.88102379439886,5
2024-09-20 14:27:42.978,430.8986447636515,1001
2024-09-20 14:27:43.111,430.9231473332989,997
2024-09-20 14:27:43.228,430.9041292827418,101
2024-09-20 14:27:43.240,430.8999516679545,105
2024-09-20 14:27:43.264,430.92312768874064,9
2024-09-20 14:27:43.369,430.91762467378754,1000
2024-09-20 14:27:43.488,430.9162742278605,1000
2024-09-20 14:27:43.694,430.9029618311798,95
2024-09-20 14:27:44.043,430.9265622830162,1001
2024-09-20 14:27:44.417,430.9103840539331,997
2024-09-20 14:27:44.479,430.9194944872767,997
2024-09-20 14:27:44.637,430.9098351037567,95
2024-09-20 14:27:44.709,430.9148739039017,100
2024-09-20 14:27:44.763,430.9238885193426,1004
2024-09-20 14:27:44.810,430.9167071060082,14
2024-09-20 14:27:44.852,430.917115942766,13
2024-09-20 14:27:45.019,430.9362888311222,5
2024-09-20 14:27:45.032,430.9093961421843,96
2024-09-20 14:27:45.147,430.89405640449024,12
2024-09-20 14:27:45.203,430.88547004056846,100
2024-09-20 14:27:45.336,430.9730527876853,97
2024-09-20 14:27:45.339,430.88187463585473,95
2024-09-20 14:27:45.396,430.98230281134266,104
2024-09-20 14:27:45.407,430.9577321279637,102
2024-09-20 14:27:45.417,430.891619249888,98
2024-09-20 14:27:45.432,430.9778391800209,5
2024-09-20 14:27:45.457,430.9938575060845,102
2024-09-20 14:27:45.491,430.98767962518,13
2024-09-20 14:27:45.524,430.9970519926768,1001
2024-09-20 14:27:45.526,430.9337789647024,1004
2024-09-20 14:27:45.538,430.9064300982465,97
2024-09-20 14:27:45.548,430.912372966589,5
2024-09-20 14:27:45.548,430.9152872855776,103
2024-09-20 14:27:45.561,430.9866042551552,6
2024-09-20 14:27:45.602,430.87251368519895,998
2024-09-20 14:27:45.625,430.89481445738375,15
2024-09-20 14:27:45.627,430.9783184712287,8
2024-09-20 14:27:45.646,430.9105456203827,105
2024-09-20 14:27:45.705,430.9712747686836,11
2024-09-20 14:27:45.720,430.9798902052127,996
2024-09-20 14:27:45.812,430.9086295306869,12
2024-09-20 14:27:45.867,430.9786568004827,1002
2024-09-20 14:27:45.900,430.8595992889216,11
2024-09-20 14:27:46.095,430.9550189804997,999
2024-09-20 14:27:46.139,431.1197298582891,7
2024-09-20 14:27:46.142,430.9681727516015,1001
2024-09-20 14:27:46.291,430.9596550608486,7
2024-09-20 14:27:46.345,430.98502631549394,101
2024-09-20 14:27:46.346,430.9484358934086,998
2024-09-20 14:27:46.355,430.94733829366334,95
2024-09-20 14:27:46.369,430.95984227232543,104
2024-09-20 14:27:46.380,431.0938530163096,1002
2024-09-20 14:27:46.395,431.12308263429446,11
2024-09-20 14:27:46.435,431.1058632042257,5
2024-09-20 14:27:46.446,431.0549683642282,5
2024-09-20 14:27:46.458,431.0166005247568,1004
2024-09-20 14:27:46.489,430.97154725368415,999
2024-09-20 14:27:46.497,430.9489289169463,11
2024-09-20 14:27:46.511,430.9748523545663,11
2024-09-20 14:27:46.527,431.01926650686977,14
2024-09-20 14:27:46.536,430.9906749815776,1002
2024-09-20 14:27:46.572,430.9618802783679,102
2024-09-20 14:27:46.587,431.1175606829111,1003
2024-09-20 14:27:46.591,430.9520949005512,100
2024-09-20 14:27:46.677,431.0915868463704,9
2024-09-20 14:27:46.701,431.0250120416266,9
2024-09-20 14:27:46.709,430.95437845570586,999
2024-09-20 14:27:46.773,431.0613239675942,1001
2024-09-20 14:27:46.790,430.9559297615258,96
2024-09-20 14:27:46.858,431.1020656948695,104
2024-09-20 14:27:46.871,431.1091696942244,996
2024-09-20 14:27:46.929,431.09499132696607,12
2024-09-20 14:27:46.960,431.0831067216459,1001
2024-09-20 14:27:47.000,431.1311502829343,999
2024-09-20 14:27:47.030,431.1354084049054,95
2024-09-20 14:27:47.071,431.1256646878982,103
2024-09-20 14:27:47.075,431.0950665338063,105
2024-09-20 14:27:47.200,431.12636534035806,9
2024-09-20 14:27:47.213,431.1072145738404,1005
2024-09-20 14:27:47.256,431.07785377576965,998
2024-09-20 14:27:47.348,431.1402433054429,97
2024-09-20 14:27:47.372,431.0596539040064,1005
2024-09-20 14:27:47.427,431.12022847382246,103
2024-09-20 14:27:47.442,431.0885879735434,1001
2024-09-20 14:27:47.501,431.1418111439656,1004
2024-09-20 14:27:47.613,431.09569709033394,99
2024-09-20 14:27:47.640,431.0789905120563,10
2024-09-20 14:27:47.662,431.1144859290314,10
2024-09-20 14:27:47.671,431.1141710551835,1005
2024-09-20 14:27:47.676,431.14633626977417,995
2024-09-20 14:27:47.689,431.1344460343728,98
2024-09-20 14:27:47.719,,996
2024-09-20 14:27:47.723,431.1241972675868,999
2024-09-20 14:27:47.738,431.1384535492935,100
2024-09-20 14:27:47.756,431.1172916803751,12
2024-09-20 14:27:47.776,431.128187472733,96
2024-09-20 14:27:47.800,431.0756448284434,998
2024-09-20 14:27:47.963,431.13996365731214,996
2024-09-20 14:27:47.993,431.1397720756044,8
2024-09-20 14:27:48.235,431.14469465035415,95
2024-09-20 14:27:48.324,431.1443618538361,15
2024-09-20 14:27:48.883,431.1417844820327,10
2024-09-20 14:27:48.890,431.1381670264234,1002
2024-09-20 14:27:50.109,431.1273637241624,101
2024-09-20 14:27:50.349,431.130411028056,1001
2024-09-20 14:27:50.399,431.1181981878649,6
2024-09-20 14:27:50.430,431.14213094863305,1005
2024-09-20 14:27:50.446,431.1194159021086,103
2024-09-20 14:27:50.574,431.1527358654146,995
2024-09-20 14:27:50.960,431.1329902356007,1000
2024-09-20 14:27:50.979,431.1486930893242,96
2024-09-20 14:27:50.985,431.1388724115532,11
2024-09-20 14:27:50.989,431.1182955520811,998
2024-09-20 14:27:51.022,431.0671411963184,1001
2024-09-20 14:27:51.087,431.0849707386773,1001
2024-09-20 14:27:51.114,431.0960599917775,996
2024-09-20 14:27:51.207,431.0715328111237,13
2024-09-20 14:27:51.245,431.04648592427,5
2024-09-20 14:27:51.319,431.0745967041333,96
2024-09-20 14:27:51.343,431.052307480331,14
2024-09-20 14:27:51.360,431.0756420739538,101
2024-09-20 14:27:51.412,431.0606513853344,995
2024-09-20 14:27:51.438,431.0744223740912,995
2024-09-20 14:27:51.501,431.0589958125784,10
2024-09-20 14:27:51.517,431.07148855214734,8
2024-09-20 14:27:51.544,431.0678476501682,7
2024-09-20 14:27:51.583,431.05150419720496,5
2024-09-20 14:27:51.691,431.0645576579442,998
2024-09-20 14:27:51.754,431.05562874186336,11
2024-09-20 14:27:51.758,431.0439560281967,96
2024-09-20 14:27:51.807,431.1089027354831,995
2024-09-20 14:27:51.850,431.0606085056413,1002
2024-09-20 14:27:51.916,431.0678160040191,101
2024-09-20 14:27:51.981,431.0856700631419,99
2024-09-20 14:27:52.292,431.0154842409564,99
2024-09-20 14:27:52.341,431.0268473973142,101
2024-09-20 14:27:52.935,431.02684128194943,1003
2024-09-20 14:27:53.070,430.95077898990905,104
2024-09-20 14:27:53.128,431.00959355776905,1003
2024-09-20 14:27:53.405,431.0096867663529,101
2024-09-20 14:27:53.698,430.97502656396136,11
2024-09-20 14:27:53.770,431.0012661001932,103
2024-09-20 14:27:54.014,430.9335294132415,103
2024-09-20 14:27:54.030,430.9417084541663,7
2024-09-20 14:27:54.042,430.95005038662606,14
2024-09-20 14:27:54.100,430.9433533496839,103
2024-09-20 14:27:54.142,430.934801126708,999
2024-09-20 14:27:54.265,430.9352008510877,996
2024-09-20 14:27:54.286,430.9910166449049,104
2024-09-20 14:27:54.298,430.9641211584311,14
2024-09-20 14:27:54.298,430.9275636351785,15
2024-09-20 14:27:54.381,430.9495995231668,95
2024-09-20 14:27:54.605,430.9439366525602,104
2024-09-20 14:27:54.750,430.95933111171513,996
2024-09-20 14:27:54.767,430.9055703095172,15
2024-09-20 14:27:54.901,430.92777200194894,9
2024-09-20 14:27:54.907,430.9328850357338,1002
2024-09-20 14:27:54.930,430.9414653457308,105
2024-09-20 14:27:55.709,430.9982673292004,6
2024-09-20 14:27:55.928,431.0002613688478,997
2024-09-20 14:27:55.941,431.00042379445176,1003
2024-09-20 14:27:56.240,430.9886709932428,995
2024-09-20 14:27:56.263,431.0023614801439,996
2024-09-20 14:27:56.306,431.00810601454106,13
2024-09-20 14:27:57.028,430.9982119071909,8
2024-09-20 14:27:57.100,431.0081775293,998
2024-09-20 14:27:57.283,431.0023437176733,97
2024-09-20 14:27:57.324,431.0072898781074,103
2024-09-20 14:27:57.359,431.005909314525,998
2024-09-20 14:27:57.381,430.9870451130433,13
2024-09-20 14:27:57.498,431.0000275182673,11
2024-09-20 14:27:57.544,431.0089654228983,102
2024-09-20 14:27:57.649,430.99852290999934,102
2024-09-20 14:27:57.670,430.994215977086,1002
2024-09-20 14:27:57.685,430.9875638630917,996
2024-09-20 14:27:57.695,431.024190138661,995
2024-09-20 14:27:57.766,431.0238358903731,1003
2024-09-20 14:27:57.773,431.0002757115152,97
2024-09-20 14:27:57.816,431.0139349143665,101
2024-09-20 14:27:57.870,431.00014998026336,997
2024-09-20 14:27:57.913,431.02937377454367,100
2024-09-20 14:27:57.927,430.9716613414479,102
2024-09-20 14:27:57.938,431.00344336916856,103
2024-09-20 14:27:57.945,431.0144455645111,8
2024-09-20 14:27:57.986,430.9706639859924,999
2024-09-20 14:27:58.134,430.9643796903241,102
2024-09-20 14:27:58.192,430.9613130702609,96
2024-09-20 14:27:58.282,430.9810844378059,101
2024-09-20 14:27:58.289,430.9688451723787,6
2024-09-20 14:27:58.299,430.95823557340304,102
2024-09-20 14:27:58.487,430.9728177069024,13
2024-09-20 14:27:58.547,430.9731278006937,7
2024-09-20 14:27:58.569,430.9689226740588,996
2024-09-20 14:27:58.609,430.9742190921172,103
2024-09-20 14:27:58.663,430.9719842819293,998
2024-09-20 14:27:58.748,430.9672581496365,1001
2024-09-20 14:27:58.852,430.99399567265255,99
2024-09-20 14:27:58.938,430.9597765919854,102
2024-09-20 14:27:59.029,430.941690577752,103
2024-09-20 14:27:59.064,430.9319707764748,1004
2024-09-20 14:27:59.175,430.9741701449967,9
2024-09-20 14:27:59.204,430.9569722531649,5
2024-09-20 14:27:59.261,430.9434229782422,5
2024-09-20 14:27:59.336,430.9470374666772,7
2024-09-20 14:27:59.344,430.979983219899,96
2024-09-20 14:27:59.361,430.9615342905543,97
2024-09-20 14:27:59.411,430.950888459028,1001
2024-09-20 14:27:59.459,430.96981993535314,100
2024-09-20 14:27:59.572,430.9375137956308,105
2024-09-20 14:27:59.620,430.9630017872725,6
2024-09-20 14:27:59.667,430.9307845683382,98
2024-09-20 14:27:59.691,430.959593124037,105
2024-09-20 14:27:59.740,430.92785915828233,14
2024-09-20 14:27:59.765,43.09625700669608,95
2024-09-20 14:27:59.835,43.09575387178657,102
2024-09-20 14:27:59.946,430.9385352486421,8
2024-09-20 14:27:59.970,430.9565228294429,1003
2024-09-20 14:27:59.971,430.9533473958061,101
