Timestamp,Price,Size
2024-09-18 11:50:00.055,415.8049460541965,1000
2024-09-18 11:50:00.056,415.7802021990661,10
2024-09-18 11:50:00.111,,100
2024-09-18 11:50:00.111,415.7455391998657,11
2024-09-18 11:50:00.114,415.761444724619,97
2024-09-18 11:50:00.170,415.751545457794,999
2024-09-18 11:50:00.174,415.7442123206488,1004
2024-09-18 11:50:00.205,415.7500843777016,13
2024-09-18 11:50:00.226,415.73902429780566,97
2024-09-18 11:50:00.255,415.76403227675934,103
2024-09-18 11:50:00.280,415.76259714859214,998
2024-09-18 11:50:00.297,415.7500579432503,9
2024-09-18 11:50:00.338,415.74106688890186,1000
2024-09-18 11:50:00.353,415.7888698658225,98
2024-09-18 11:50:00.404,415.7406106807361,6
2024-09-18 11:50:00.442,415.7460494637441,102
2024-09-18 11:50:00.521,415.7560487177536,96
2024-09-18 11:50:00.526,415.7710121670692,12
2024-09-18 11:50:00.556,415.7783387468129,99
2024-09-18 11:50:00.576,415.7503380530316,95
2024-09-18 11:50:00.610,,103
2024-09-18 11:50:00.652,415.7507115517965,10
2024-09-18 11:50:00.751,415.728848073384,1004
2024-09-18 11:50:00.786,415.79426661007074,96
2024-09-18 11:50:00.808,415.6912222321918,5
2024-09-18 11:50:00.878,,96
2024-09-18 11:50:00.880,415.7291696150862,8
2024-09-18 11:50:00.885,415.76391194558215,100
2024-09-18 11:50:00.965,415.7715335030365,96
2024-09-18 11:50:01.147,415.6716757545144,105
2024-09-18 11:50:01.488,415.6839762800776,97
2024-09-18 11:50:01.530,415.6680736012216,999
2024-09-18 11:50:01.641,415.6864806800142,105
2024-09-18 11:50:01.926,415.6806632414304,12
2024-09-18 11:50:02.010,415.6938499972621,9
2024-09-18 11:50:02.106,415.6793728043635,102
2024-09-18 11:50:02.204,415.660555307515,8
2024-09-18 11:50:02.301,415.653744286052,101
2024-09-18 11:50:02.308,415.6650399952345,998
2024-09-18 11:50:02.384,415.6445556606461,8
2024-09-18 11:50:02.399,415.6289606444807,12
2024-09-18 11:50:02.400,415.6952549664748,101
2024-09-18 11:50:02.401,415.6519232783977,12
2024-09-18 11:50:02.460,415.6658022549379,15
2024-09-18 11:50:02.527,415.6786027454693,1005
2024-09-18 11:50:02.597,415.6484585186445,995
2024-09-18 11:50:02.629,415.6519785534225,1002
2024-09-18 11:50:02.649,415.6500610812834,14
2024-09-18 11:50:02.683,415.6863895510626,9
2024-09-18 11:50:02.687,415.6740477486852,96
2024-09-18 11:50:02.843,415.6712214270704,14
2024-09-18 11:50:02.865,415.673658774853,6
2024-09-18 11:50:02.923,415.6566527531809,95
2024-09-18 11:50:02.925,415.6552430520742,11
2024-09-18 11:50:03.111,415.62545272264606,5
2024-09-18 11:50:03.373,415.65765455315744,8
2024-09-18 11:50:03.382,415.6495313203304,1001
2024-09-18 11:50:03.393,415.66460160279735,1005
2024-09-18 11:50:03.418,415.6337483326462,997
2024-09-18 11:50:03.419,415.6392302378216,15
2024-09-18 11:50:03.597,41.56576453675764,5
2024-09-18 11:50:03.606,415.6707832933498,5
2024-09-18 11:50:03.676,415.656437433963,102
2024-09-18 11:50:03.777,415.63383035080585,95
2024-09-18 11:50:03.902,415.68128911314346,8
2024-09-18 11:50:03.913,415.66758318898405,1002
2024-09-18 11:50:04.028,415.6777668775601,104
2024-09-18 11:50:04.101,415.6675445851283,105
2024-09-18 11:50:04.127,415.7518606476556,14
2024-09-18 11:50:04.133,415.6555568744328,1005
2024-09-18 11:50:04.202,415.6905744470536,999
2024-09-18 11:50:04.230,415.65607420722927,15
2024-09-18 11:50:04.241,415.7855871662866,100
2024-09-18 11:50:04.303,415.6614426692976,12
2024-09-18 11:50:04.342,415.751097405567,102
2024-09-18 11:50:04.454,415.7951915058999,998
2024-09-18 11:50:04.457,415.637129652795,1005
2024-09-18 11:50:04.585,415.637269671231,101
2024-09-18 11:50:04.646,415.790061562399,1001
2024-09-18 11:50:04.729,415.76487868742464,100
2024-09-18 11:50:04.773,415.72828772014,7
2024-09-18 11:50:04.802,415.7393404187932,998
2024-09-18 11:50:04.805,415.6586224412665,97
2024-09-18 11:50:04.834,415.7589182325139,9
2024-09-18 11:50:04.909,415.7970471642221,8
2024-09-18 11:50:04.972,415.7663093020794,1003
2024-09-18 11:50:04.976,415.6542115275951,998
2024-09-18 11:50:05.442,415.7779857881598,98
2024-09-18 11:50:05.455,415.7825223541896,97
2024-09-18 11:50:05.755,415.78101460420896,8
2024-09-18 11:50:07.006,415.7466048858576,102
2024-09-18 11:50:07.056,415.73836364757614,103
2024-09-18 11:50:07.072,415.73427621167207,9
2024-09-18 11:50:07.079,415.74154453346335,100
2024-09-18 11:50:07.095,415.7107953575033,10
2024-09-18 11:50:07.109,415.69864196857736,105
2024-09-18 11:50:07.153,-415.6937126831197,101
2024-09-18 11:50:07.202,415.662706421436,14
2024-09-18 11:50:07.284,415.7153126605014,7
2024-09-18 11:50:07.294,415.6899523205767,1000
2024-09-18 11:50:07.295,415.7255706451047,96
2024-09-18 11:50:07.430,415.76764936556464,11
2024-09-18 11:50:07.442,415.73191267840207,100
2024-09-18 11:50:07.466,415.6810261905773,1001
2024-09-18 11:50:07.494,415.67600363278206,998
2024-09-18 11:50:07.535,415.6641488831801,1005
2024-09-18 11:50:07.626,415.6882483812694,1004
2024-09-18 11:50:07.704,415.676216842215,100
2024-09-18 11:50:07.754,415.68608497090094,11
2024-09-18 11:50:07.782,415.6938263343762,100
2024-09-18 11:50:07.841,415.7167631036822,7
2024-09-18 11:50:07.870,415.6934534353535,997
2024-09-18 11:50:08.134,415.6774618138208,103
2024-09-18 11:50:08.180,415.7088697276134,8
2024-09-18 11:50:08.270,415.7227930629121,6
2024-09-18 11:50:08.271,415.6881594584004,102
2024-09-18 11:50:08.325,415.7027922922627,1005
2024-09-18 11:50:08.467,415.6565351202103,98
2024-09-18 11:50:08.604,415.6982273898838,1002
2024-09-18 11:50:08.938,415.6566569366216,1001
2024-09-18 11:50:08.943,415.6883111244154,98
2024-09-18 11:50:09.018,415.7692444615242,998
2024-09-18 11:50:09.028,415.7680437632142,998
2024-09-18 11:50:09.034,415.7771748626228,6
2024-09-18 11:50:09.039,415.71500414762943,5
2024-09-18 11:50:09.176,415.7610790645592,1000
2024-09-18 11:50:09.269,415.77758180275725,99
2024-09-18 11:50:09.286,415.7800613736675,1003
2024-09-18 11:50:09.290,415.7820105112481,1001
2024-09-18 11:50:09.322,415.7728957613836,102
2024-09-18 11:50:09.324,415.767029132042,13
2024-09-18 11:50:09.373,415.75347725212174,105
2024-09-18 11:50:09.468,415.7449718773424,95
2024-09-18 11:50:09.488,415.7682633313457,97
2024-09-18 11:50:09.526,415.7636720867752,8
2024-09-18 11:50:09.630,415.7424674260897,14
2024-09-18 11:50:09.637,415.7812165354691,996
2024-09-18 11:50:09.644,415.7555030084624,100
2024-09-18 11:50:09.654,415.71900666667983,104
2024-09-18 11:50:09.727,415.7688019617472,1001
2024-09-18 11:50:09.836,415.7787755939013,12
2024-09-18 11:50:09.870,415.746598110799,103
2024-09-18 11:50:09.886,415.7317179725322,1002
2024-09-18 11:50:09.918,415.7645548990812,7
2024-09-18 11:50:09.994,415.77735796232986,105
2024-09-18 11:50:10.046,415.7341555618128,103
2024-09-18 11:50:10.105,415.7278822363383,1002
2024-09-18 11:50:10.695,415.7212977949123,104
2024-09-18 11:50:11.077,415.6605301008393,9
2024-09-18 11:50:11.141,415.6685712724135,13
2024-09-18 11:50:11.327,415.6759564354834,999
2024-09-18 11:50:11.346,415.6961550131426,15
2024-09-18 11:50:11.378,415.6887805347231,11
2024-09-18 11:50:11.516,415.7063254226185,1002
2024-09-18 11:50:11.518,415.6608668783519,99
2024-09-18 11:50:11.527,415.710363385845,104
2024-09-18 11:50:11.648,415.717501554342,103
2024-09-18 11:50:11.694,415.6618351530609,102
2024-09-18 11:50:11.862,415.70414390957126,103
2024-09-18 11:50:11.915,415.66540119393545,105
2024-09-18 11:50:12.009,415.67111746065984,1000
2024-09-18 11:50:12.747,415.6577674236824,998
2024-09-18 11:50:12.827,415.66152357232767,1002
2024-09-18 11:50:13.026,415.7668048121976,98
2024-09-18 11:50:13.067,415.68345176372907,101
2024-09-18 11:50:13.080,415.7149236025834,997
2024-09-18 11:50:13.107,-415.7098788474621,8
2024-09-18 11:50:13.112,415.6983015770956,1001
2024-09-18 11:50:13.131,415.6853951198696,999
2024-09-18 11:50:13.244,415.7813838302632,5
2024-09-18 11:50:13.421,415.7012798838889,1003
2024-09-18 11:50:13.511,415.7548624574064,998
2024-09-18 11:50:13.531,415.7339985349861,1005
2024-09-18 11:50:13.566,415.6969334818881,15
2024-09-18 11:50:13.603,415.7259609225056,99
2024-09-18 11:50:13.659,415.6926564841497,1001
2024-09-18 11:50:13.743,415.7667054056892,14
2024-09-18 11:50:13.990,415.6829722465812,1000
2024-09-18 11:50:14.025,415.7578464914518,5
2024-09-18 11:50:14.061,415.7857394229643,995
2024-09-18 11:50:14.076,415.7952406738696,996
2024-09-18 11:50:14.082,415.7457054858934,5
2024-09-18 11:50:14.213,415.7498119234104,96
2024-09-18 11:50:14.283,415.7814625815933,104
2024-09-18 11:50:14.685,415.7629992522599,99
2024-09-18 11:50:14.979,415.7641820517335,9
2024-09-18 11:50:15.037,415.7614049366104,104
2024-09-18 11:50:15.053,415.78137813187766,15
2024-09-18 11:50:15.074,415.7450209341143,10
2024-09-18 11:50:15.109,415.8207051921915,998
2024-09-18 11:50:15.121,415.7697504640327,10
2024-09-18 11:50:15.181,415.7617553279186,13
2024-09-18 11:50:15.228,415.776999981121,102
2024-09-18 11:50:15.331,415.76549413088975,101
2024-09-18 11:50:15.374,415.77097451982496,995
2024-09-18 11:50:15.463,415.75853561260976,1002
2024-09-18 11:50:15.485,415.7940711932901,1005
2024-09-18 11:50:15.521,415.8002316702669,101
2024-09-18 11:50:15.541,415.7785364625356,1002
2024-09-18 11:50:15.576,415.7982879998635,97
2024-09-18 11:50:15.591,415.7979775482352,995
2024-09-18 11:50:15.602,415.7416970120816,9
2024-09-18 11:50:15.618,415.7575578441828,15
2024-09-18 11:50:15.621,415.7660869701479,998
2024-09-18 11:50:15.655,415.802370070763,104
2024-09-18 11:50:15.658,415.8071131356342,11
2024-09-18 11:50:15.690,415.8121884218338,995
2024-09-18 11:50:15.738,415.7896714462693,9
2024-09-18 11:50:15.745,415.7881292923013,1005
2024-09-18 11:50:15.753,415.7888029942965,1000
2024-09-18 11:50:15.761,415.78431498379024,97
2024-09-18 11:50:15.800,415.8301561148702,103
2024-09-18 11:50:15.804,415.7795566695525,1000
2024-09-18 11:50:15.859,415.7246596387024,105
2024-09-18 11:50:15.872,415.79204376289033,6
2024-09-18 11:50:16.040,415.81657775957177,1004
2024-09-18 11:50:16.572,415.8370265541917,7
2024-09-18 11:50:16.742,415.814522737841,12
2024-09-18 11:50:17.003,415.8883393030516,13
2024-09-18 11:50:17.060,415.8926012107793,11
2024-09-18 11:50:17.123,415.8527787407939,1002
2024-09-18 11:50:17.219,415.89057302732994,996
2024-09-18 11:50:17.257,415.8359287846059,7
2024-09-18 11:50:17.276,415.9093693796986,104
2024-09-18 11:50:17.292,415.8401615369276,1005
2024-09-18 11:50:17.295,415.8384263729404,6
2024-09-18 11:50:17.359,415.8988001493756,1004
2024-09-18 11:50:17.447,415.8667183976757,1004
2024-09-18 11:50:17.478,415.89267534907816,11
2024-09-18 11:50:17.538,415.9068862729597,101
2024-09-18 11:50:17.613,415.90014939012417,96
2024-09-18 11:50:17.621,415.908275762156,14
2024-09-18 11:50:17.686,415.85078792676927,12
2024-09-18 11:50:17.710,415.8596670610047,5
2024-09-18 11:50:17.772,415.8699160069641,102
2024-09-18 11:50:17.774,415.8820891019547,5
2024-09-18 11:50:17.783,415.89154231219214,995
2024-09-18 11:50:17.837,415.87486524232617,8
2024-09-18 11:50:17.855,415.8883481563877,101
2024-09-18 11:50:17.891,415.87540985977137,1005
2024-09-18 11:50:17.919,415.83380696956056,13
2024-09-18 11:50:17.938,415.8934637149173,97
2024-09-18 11:50:17.971,415.87371857488193,9
2024-09-18 11:50:18.028,415.9736795244984,12
2024-09-18 11:50:18.046,415.9744394618313,14
2024-09-18 11:50:18.081,415.9836453176538,8
2024-09-18 11:50:18.336,415.96751447809953,99
2024-09-18 11:50:18.344,415.9790820355912,996
2024-09-18 11:50:18.405,415.943770880538,5
2024-09-18 11:50:18.435,415.9098973937132,15
2024-09-18 11:50:18.489,415.9750804359824,6
2024-09-18 11:50:18.503,415.9550942605224,12
2024-09-18 11:50:18.519,415.9682555272633,96
2024-09-18 11:50:18.553,415.9533123658856,95
2024-09-18 11:50:18.554,415.9605502475282,998
2024-09-18 11:50:18.736,415.98822100127774,998
2024-09-18 11:50:18.760,415.9400523186388,102
2024-09-18 11:50:18.764,415.9792466754553,11
2024-09-18 11:50:18.857,415.96343643616194,100
2024-09-18 11:50:18.863,415.97433381741513,101
2024-09-18 11:50:18.922,415.92018325113554,1002
2024-09-18 11:50:18.999,415.91443237361904,101
2024-09-18 11:50:19.001,415.97477323399255,13
2024-09-18 11:50:19.092,415.9933991259191,10
2024-09-18 11:50:19.190,415.94189515243545,8
2024-09-18 11:50:19.396,415.9548843763265,998
2024-09-18 11:50:19.497,415.9792512100058,997
2024-09-18 11:50:19.625,415.96895423725954,104
2024-09-18 11:50:19.979,415.9890277981253,15
2024-09-18 11:50:20.034,415.911469448732,100
2024-09-18 11:50:20.045,415.88182936431787,6
2024-09-18 11:50:20.046,415.9097165787101,1001
2024-09-18 11:50:20.111,415.8871811988013,997
2024-09-18 11:50:20.173,415.89820957378623,996
2024-09-18 11:50:20.203,415.889538889156,95
2024-09-18 11:50:20.212,415.90955688616987,15
2024-09-18 11:50:20.308,415.8923718046279,103
2024-09-18 11:50:20.315,415.9080330283013,8
2024-09-18 11:50:20.340,415.9716257412284,1003
2024-09-18 11:50:20.370,415.8739260339148,5
2024-09-18 11:50:20.462,415.8748480361072,105
2024-09-18 11:50:20.562,415.97117157555584,104
2024-09-18 11:50:20.590,415.9069119354063,6
2024-09-18 11:50:20.592,415.9573115079294,103
2024-09-18 11:50:20.596,415.86686985518185,14
2024-09-18 11:50:20.657,415.8767758496507,10
2024-09-18 11:50:20.680,415.8854201022104,7
2024-09-18 11:50:20.694,415.8764500339827,1004
2024-09-18 11:50:20.726,415.9118821922909,100
2024-09-18 11:50:20.834,415.9441759659297,9
2024-09-18 11:50:20.876,415.8804038305734,6
2024-09-18 11:50:20.902,415.9498253772342,104
2024-09-18 11:50:20.924,415.954846139201,9
2024-09-18 11:50:20.940,415.89553144359024,101
2024-09-18 11:50:20.948,415.8764503965418,12
2024-09-18 11:50:21.130,,1004
2024-09-18 11:50:21.380,415.9119167813407,999
2024-09-18 11:50:21.442,415.9299306865351,102
2024-09-18 11:50:22.040,415.9415143799859,995
2024-09-18 11:50:22.051,415.9111559934721,998
2024-09-18 11:50:22.191,415.90798882609454,999
2024-09-18 11:50:22.266,415.9209343736528,11
2024-09-18 11:50:22.298,,100
2024-09-18 11:50:22.823,415.9354202239755,1005
2024-09-18 11:50:22.888,415.9532210379944,13
2024-09-18 11:50:22.947,415.9145925127814,997
2024-09-18 11:50:23.148,416.0379296648997,999
2024-09-18 11:50:23.255,415.95632417498746,997
2024-09-18 11:50:23.259,416.03470216860194,999
2024-09-18 11:50:23.320,416.01551750180215,9
2024-09-18 11:50:23.437,415.96778724327714,104
2024-09-18 11:50:23.529,415.952893382679,95
2024-09-18 11:50:23.654,416.0002347425595,95
2024-09-18 11:50:23.841,416.0228039283255,11
2024-09-18 11:50:23.875,,95
2024-09-18 11:50:23.880,415.9473802840139,1001
2024-09-18 11:50:24.002,416.00409426762496,15
2024-09-18 11:50:24.068,415.98635846155565,1003
2024-09-18 11:50:24.219,415.97946458206906,996
2024-09-18 11:50:24.246,415.9976695243848,15
2024-09-18 11:50:24.253,416.003775119479,1005
2024-09-18 11:50:24.347,415.9799496422289,10
2024-09-18 11:50:24.404,415.9822535969399,997
2024-09-18 11:50:24.489,415.9743306198623,1004
2024-09-18 11:50:24.622,416.0014065122752,97
2024-09-18 11:50:24.654,415.9925946618001,101
2024-09-18 11:50:24.679,415.9865245558823,99
2024-09-18 11:50:24.688,415.98173502838006,101
2024-09-18 11:50:24.754,415.9848551936678,9
2024-09-18 11:50:24.776,415.99299089549015,8
2024-09-18 11:50:24.814,416.02384995892976,6
2024-09-18 11:50:24.848,415.9735495834882,996
2024-09-18 11:50:24.850,415.9786046566595,9
2024-09-18 11:50:24.876,415.97820136206536,10
2024-09-18 11:50:24.923,415.998441154718,1001
2024-09-18 11:50:24.931,416.0038707717561,1003
2024-09-18 11:50:24.957,415.966360939481,13
2024-09-18 11:50:24.957,416.028893737616,998
2024-09-18 11:50:24.966,416.00565078027273,96
2024-09-18 11:50:25.018,415.9413426895154,8
2024-09-18 11:50:25.504,415.9502657348324,12
2024-09-18 11:50:25.907,415.9352073746087,997
2024-09-18 11:50:26.082,415.9387273589302,13
2024-09-18 11:50:26.353,415.919324602174,95
2024-09-18 11:50:26.473,415.8781446463365,1001
2024-09-18 11:50:26.529,415.91363651659447,10
2024-09-18 11:50:26.569,415.8966199375248,96
2024-09-18 11:50:26.603,415.8861251334138,995
2024-09-18 11:50:26.617,415.8755623231532,15
2024-09-18 11:50:26.709,415.9215442322808,998
2024-09-18 11:50:27.116,415.8427548144946,996
2024-09-18 11:50:27.200,415.8851775746144,95
2024-09-18 11:50:27.219,415.8579092859776,1005
2024-09-18 11:50:27.444,415.8437085834168,13
2024-09-18 11:50:27.706,415.8842986327752,101
2024-09-18 11:50:27.785,415.8620534323492,1003
2024-09-18 11:50:27.880,415.8539253236125,997
2024-09-18 11:50:28.009,415.89718935035467,98
2024-09-18 11:50:28.018,415.8700855005589,105
2024-09-18 11:50:28.114,415.86376217790064,13
2024-09-18 11:50:28.145,415.88370396736167,11
2024-09-18 11:50:28.146,415.9085892524491,1004
2024-09-18 11:50:28.208,415.8693589024302,7
2024-09-18 11:50:28.229,415.8580692298111,1005
2024-09-18 11:50:28.259,415.8668704717799,1002
2024-09-18 11:50:28.268,415.86341662243865,15
2024-09-18 11:50:28.293,415.8713500771982,5
2024-09-18 11:50:28.312,415.86768293785286,5
2024-09-18 11:50:28.365,415.8674978592692,1001
2024-09-18 11:50:28.482,415.9167220232342,5
2024-09-18 11:50:28.506,415.87704990945366,1000
2024-09-18 11:50:28.512,415.9524214398339,998
2024-09-18 11:50:28.535,415.9691956927912,1003
2024-09-18 11:50:28.541,415.8801997873328,1003
2024-09-18 11:50:28.549,415.970941153108,7
2024-09-18 11:50:28.579,415.9302009451837,105
2024-09-18 11:50:28.636,415.9532680950935,10
2024-09-18 11:50:28.655,415.9631407380316,15
2024-09-18 11:50:28.659,415.8567177735135,102
2024-09-18 11:50:28.662,415.8723289723938,998
2024-09-18 11:50:28.693,415.8910240035314,99
2024-09-18 11:50:28.764,415.92912591799023,11
2024-09-18 11:50:28.839,415.9286300853016,1000
2024-09-18 11:50:28.899,415.84980197467377,995
2024-09-18 11:50:28.905,415.975324030015,1005
2024-09-18 11:50:28.937,415.9647742865705,1001
2024-09-18 11:50:29.034,416.05856516130007,102
2024-09-18 11:50:29.056,416.0138035692257,104
2024-09-18 11:50:29.075,-41.59862804607337,102
2024-09-18 11:50:29.099,416.00667529977545,9
2024-09-18 11:50:29.132,416.0243785590024,6
2024-09-18 11:50:29.145,416.0821615560508,14
2024-09-18 11:50:29.175,416.044476625318,15
2024-09-18 11:50:29.278,416.0049816383922,100
2024-09-18 11:50:29.279,416.0170540141394,12
2024-09-18 11:50:29.325,,100
2024-09-18 11:50:29.343,416.0079643955543,995
2024-09-18 11:50:29.357,416.0893716407642,103
2024-09-18 11:50:29.396,416.0509683225231,999
2024-09-18 11:50:29.443,416.0604906972874,10
2024-09-18 11:50:29.470,416.05945108395326,1003
2024-09-18 11:50:29.485,416.07582488817263,10
2024-09-18 11:50:29.491,416.030375056833,96
2024-09-18 11:50:29.594,416.0124412799764,1000
2024-09-18 11:50:29.652,416.0451186287213,1004
2024-09-18 11:50:29.663,416.0087860729001,103
2024-09-18 11:50:29.666,416.0284252359711,101
2024-09-18 11:50:29.698,415.9959367172109,95
2024-09-18 11:50:29.732,416.0883008522477,98
2024-09-18 11:50:29.851,415.9895626925424,95
2024-09-18 11:50:29.993,416.0070838786473,999
2024-09-18 11:50:30.258,416.0351727410022,995
2024-09-18 11:50:30.469,416.01981965776497,998
2024-09-18 11:50:30.978,416.0405303876335,1005
2024-09-18 11:50:31.006,415.9780430734924,9
2024-09-18 11:50:31.094,416.0288292714972,7
2024-09-18 11:50:31.214,416.0171409615336,100
2024-09-18 11:50:31.229,416.0205379015287,99
2024-09-18 11:50:31.389,415.9813241327941,999
2024-09-18 11:50:31.390,416.0322124321304,105
2024-09-18 11:50:31.470,416.027029293137,99
2024-09-18 11:50:31.510,416.0282395936812,14
2024-09-18 11:50:31.760,416.0028779684482,12
2024-09-18 11:50:31.787,415.9749531208233,104
2024-09-18 11:50:31.836,416.0183657674564,1002
2024-09-18 11:50:31.873,416.01174781812017,6
2024-09-18 11:50:31.876,416.0076053673648,996
2024-09-18 11:50:31.878,416.01079230251753,7
2024-09-18 11:50:31.921,415.98488744495467,999
2024-09-18 11:50:31.937,415.9674654443356,13
2024-09-18 11:50:31.950,416.01757596564806,999
2024-09-18 11:50:31.983,416.0149289809695,1005
2024-09-18 11:50:33.029,415.92372060872367,14
2024-09-18 11:50:33.086,415.9138936719133,1003
2024-09-18 11:50:33.087,415.93011328069673,1002
2024-09-18 11:50:33.196,415.9098889695932,14
2024-09-18 11:50:33.197,415.9471068443345,999
2024-09-18 11:50:33.205,415.9075427781042,103
2024-09-18 11:50:33.211,415.96439909675206,14
2024-09-18 11:50:33.273,415.920125710592,105
2024-09-18 11:50:33.307,415.8950323461669,1003
2024-09-18 11:50:33.455,415.92143846258006,100
2024-09-18 11:50:33.487,415.9298506762292,101
2024-09-18 11:50:33.508,415.9213812365324,12
2024-09-18 11:50:33.556,415.9050691496074,102
2024-09-18 11:50:33.577,415.91128009084576,7
2024-09-18 11:50:33.650,415.9227524477446,12
2024-09-18 11:50:33.757,415.9411427253774,1005
2024-09-18 11:50:33.891,415.9029865152667,11
2024-09-18 11:50:33.970,415.9239557557663,999
2024-09-18 11:50:34.033,415.94645686531646,1003
2024-09-18 11:50:34.101,-415.9482945600832,100
2024-09-18 11:50:34.102,415.9158457755304,101
2024-09-18 11:50:34.108,415.9166412552414,100
2024-09-18 11:50:34.139,415.975931923186,99
2024-09-18 11:50:34.182,415.9144918557032,1000
2024-09-18 11:50:34.184,415.9017325175023,7
2024-09-18 11:50:34.202,415.88392804615125,102
2024-09-18 11:50:34.286,415.9538764589044,11
2024-09-18 11:50:34.368,415.9267881231768,98
2024-09-18 11:50:34.392,415.9857722467375,100
2024-09-18 11:50:34.469,415.9145972189051,1002
2024-09-18 11:50:34.491,415.9244899663448,1005
2024-09-18 11:50:34.515,415.9871275727123,997
2024-09-18 11:50:34.559,415.9332821569792,96
2024-09-18 11:50:34.569,415.99241941267246,9
2024-09-18 11:50:34.582,415.92695223596894,1003
2024-09-18 11:50:34.654,415.9250300696426,1004
2024-09-18 11:50:34.738,415.9195087340217,101
2024-09-18 11:50:34.774,415.9370235335834,1004
2024-09-18 11:50:34.785,415.9792318129413,100
2024-09-18 11:50:34.806,415.9769559453073,103
2024-09-18 11:50:34.866,415.8964756264208,1002
2024-09-18 11:50:34.931,415.982944540502,12
2024-09-18 11:50:34.936,415.9405339599789,14
2024-09-18 11:50:34.974,415.9736091296488,96
2024-09-18 11:50:34.987,415.9848189776724,5
2024-09-18 11:50:35.100,415.888953264914,95
2024-09-18 11:50:35.105,415.9038209210529,104
2024-09-18 11:50:35.192,415.8916769464242,15
2024-09-18 11:50:35.223,415.90740947721343,1004
2024-09-18 11:50:35.289,415.8857796068943,12
2024-09-18 11:50:35.299,415.9181616790655,1001
2024-09-18 11:50:35.300,415.9129551157777,15
2024-09-18 11:50:35.553,415.9183151248086,1003
2024-09-18 11:50:35.677,415.8925259711111,105
2024-09-18 11:50:35.734,415.8899984130538,14
2024-09-18 11:50:35.921,415.9085078490832,10
2024-09-18 11:50:35.966,415.87762712437495,104
2024-09-18 11:50:36.004,415.9330439135838,1001
2024-09-18 11:50:36.058,415.9341570884319,1002
2024-09-18 11:50:36.065,416.0108864747319,9
2024-09-18 11:50:36.128,415.8986785229131,97
2024-09-18 11:50:36.161,415.892763369295,1004
2024-09-18 11:50:36.192,415.9427489537308,98
2024-09-18 11:50:36.328,415.94439113827485,999
2024-09-18 11:50:36.337,415.941750631842,8
2024-09-18 11:50:36.348,415.9955379368227,102
2024-09-18 11:50:36.362,415.88554033313886,13
2024-09-18 11:50:36.388,415.9257120274654,102
2024-09-18 11:50:36.474,415.9427732479119,8
2024-09-18 11:50:36.558,415.9958018481663,995
2024-09-18 11:50:36.574,415.9204523974743,995
2024-09-18 11:50:36.598,415.9856312462925,998
2024-09-18 11:50:36.614,415.9996002958148,5
2024-09-18 11:50:36.616,415.9521739503842,104
2024-09-18 11:50:36.633,415.9143402828206,1001
2024-09-18 11:50:36.722,415.9943281994896,95
2024-09-18 11:50:36.881,415.96896047471273,12
2024-09-18 11:50:36.883,415.99451296591184,99
2024-09-18 11:50:36.901,415.9040333685139,104
2024-09-18 11:50:36.953,415.9017195586882,12
2024-09-18 11:50:37.002,416.1049581746814,13
2024-09-18 11:50:37.026,416.12077173318994,6
2024-09-18 11:50:37.054,416.056683236684,96
2024-09-18 11:50:37.074,416.0663251081021,1004
2024-09-18 11:50:37.075,416.1053793402992,13
2024-09-18 11:50:37.147,416.0766769157303,97
2024-09-18 11:50:37.178,416.1193344921566,8
2024-09-18 11:50:37.192,416.1058660346586,1002
2024-09-18 11:50:37.271,416.0799534841016,101
2024-09-18 11:50:37.320,416.0892619423064,5
2024-09-18 11:50:37.517,416.1058797722884,1000
2024-09-18 11:50:37.559,416.1222793301512,104
2024-09-18 11:50:37.569,416.1074897863639,1003
2024-09-18 11:50:37.573,416.082654178565,5
2024-09-18 11:50:37.700,416.0794616846523,15
2024-09-18 11:50:37.704,416.08395789041,12
2024-09-18 11:50:37.750,-416.1192368741477,1002
2024-09-18 11:50:37.764,415.9896829680457,101
2024-09-18 11:50:37.780,415.9985550495418,11
2024-09-18 11:50:37.802,416.075931730599,996
2024-09-18 11:50:37.808,416.0712655030597,101
2024-09-18 11:50:37.815,416.0213169713873,95
2024-09-18 11:50:37.819,416.07096934655016,13
2024-09-18 11:50:37.892,41.60506445514484,104
2024-09-18 11:50:37.902,416.0773995124693,102
2024-09-18 11:50:37.919,416.0763267689987,12
2024-09-18 11:50:37.980,416.10241615801215,95
2024-09-18 11:50:38.006,416.0874837605424,14
2024-09-18 11:50:38.018,416.0940623116797,95
2024-09-18 11:50:38.036,416.1549465468228,999
2024-09-18 11:50:38.105,416.1073098743024,1000
2024-09-18 11:50:38.113,416.1517361062256,7
2024-09-18 11:50:38.134,416.11019191895394,6
2024-09-18 11:50:38.145,416.07308505408827,95
2024-09-18 11:50:38.179,416.0413676971229,997
2024-09-18 11:50:38.245,416.0506965219061,96
2024-09-18 11:50:38.271,416.0943489961558,5
2024-09-18 11:50:38.272,416.0670437004056,15
2024-09-18 11:50:38.290,416.1004625925053,9
2024-09-18 11:50:38.294,416.1472158414341,5
2024-09-18 11:50:38.296,416.10526220120863,102
2024-09-18 11:50:38.338,416.1240918471403,8
2024-09-18 11:50:38.362,416.1303233322101,100
2024-09-18 11:50:38.457,416.0917177021072,997
2024-09-18 11:50:38.471,416.1027702142493,15
2024-09-18 11:50:38.540,416.0373298684705,1001
2024-09-18 11:50:38.545,416.1446380844942,100
2024-09-18 11:50:38.607,416.09712063760713,997
2024-09-18 11:50:38.659,416.1066169571182,105
2024-09-18 11:50:38.672,416.1282589756047,96
2024-09-18 11:50:38.703,416.1022397133121,103
2024-09-18 11:50:38.820,416.12666128276,13
2024-09-18 11:50:38.831,416.0953372801716,104
2024-09-18 11:50:39.205,416.1299422098028,996
2024-09-18 11:50:39.434,416.14017015595294,15
2024-09-18 11:50:39.536,416.1498875668034,13
2024-09-18 11:50:39.555,416.156820100721,1003
2024-09-18 11:50:40.058,416.1231534967581,1003
2024-09-18 11:50:40.067,416.14769255566415,15
2024-09-18 11:50:40.100,416.13846392903656,6
2024-09-18 11:50:40.118,416.1279384680216,97
2024-09-18 11:50:40.176,416.1073962727683,95
2024-09-18 11:50:40.185,416.1277320625604,97
2024-09-18 11:50:40.194,416.1358603272511,8
2024-09-18 11:50:40.228,416.1110517904799,101
2024-09-18 11:50:40.277,416.1260194438573,998
2024-09-18 11:50:40.445,416.1312511457805,10
2024-09-18 11:50:40.453,416.1223527799608,96
2024-09-18 11:50:40.454,416.1095853895052,101
2024-09-18 11:50:40.545,416.1377604696793,99
2024-09-18 11:50:40.557,,8
2024-09-18 11:50:40.566,416.1128660190488,1000
2024-09-18 11:50:40.589,416.1321316910113,12
2024-09-18 11:50:40.679,416.1116624287646,101
2024-09-18 11:50:40.821,416.1138211652061,10
2024-09-18 11:50:40.906,416.1422406772809,95
2024-09-18 11:50:40.920,416.1024547226,6
2024-09-18 11:50:40.987,416.1381293238567,11
2024-09-18 11:50:41.120,416.1217127986239,98
2024-09-18 11:50:41.131,416.1472028111829,100
2024-09-18 11:50:41.247,416.111806795302,10
2024-09-18 11:50:41.311,416.1014608886924,6
2024-09-18 11:50:41.324,416.14416470333657,1002
2024-09-18 11:50:41.348,416.1327064399087,998
2024-09-18 11:50:41.404,416.1190121050864,1001
2024-09-18 11:50:41.428,416.1341741341675,1003
2024-09-18 11:50:41.500,416.1215892712521,100
2024-09-18 11:50:41.541,416.1161064249082,999
2024-09-18 11:50:41.623,416.0604755913749,102
2024-09-18 11:50:41.769,-416.0915562798193,15
2024-09-18 11:50:41.819,416.1125638223197,9
2024-09-18 11:50:41.845,416.1132461313287,1002
2024-09-18 11:50:41.853,416.0717087383368,1003
2024-09-18 11:50:41.928,416.116545054058,10
2024-09-18 11:50:41.948,416.128127287852,102
2024-09-18 11:50:41.958,416.102238789908,995
2024-09-18 11:50:41.974,,1002
2024-09-18 11:50:42.052,416.0652163195869,103
2024-09-18 11:50:42.068,416.0721178989372,104
2024-09-18 11:50:42.080,416.0691509140832,1004
2024-09-18 11:50:42.082,416.091828287588,100
2024-09-18 11:50:42.126,416.0503989875968,97
2024-09-18 11:50:42.128,416.08730205173833,997
2024-09-18 11:50:42.144,416.0735427782729,15
2024-09-18 11:50:42.192,-416.06530310251975,11
2024-09-18 11:50:42.206,416.0784469413822,1004
2024-09-18 11:50:42.261,416.0599912726876,6
2024-09-18 11:50:42.275,416.05503315975466,103
2024-09-18 11:50:42.364,416.0596427974984,102
2024-09-18 11:50:42.390,416.075653676962,10
2024-09-18 11:50:42.403,416.08580561164047,998
2024-09-18 11:50:42.405,416.0815759754386,999
2024-09-18 11:50:42.439,416.0886324937169,999
2024-09-18 11:50:42.445,-416.0678139451364,1000
2024-09-18 11:50:42.476,416.0728242194891,1001
2024-09-18 11:50:42.518,416.0805223088699,98
2024-09-18 11:50:42.541,416.07065171060384,12
2024-09-18 11:50:42.561,416.0794834974649,96
2024-09-18 11:50:42.597,416.0863881165232,102
2024-09-18 11:50:42.630,416.0785664402029,996
2024-09-18 11:50:42.651,416.0492702759076,1005
2024-09-18 11:50:42.691,416.0919321321778,99
2024-09-18 11:50:42.736,41.60753578135856,8
2024-09-18 11:50:42.749,416.067017668323,8
2024-09-18 11:50:42.929,416.0858874776808,1005
2024-09-18 11:50:42.930,416.0844358775445,995
2024-09-18 11:50:43.099,,13
2024-09-18 11:50:43.133,416.0625077689064,101
2024-09-18 11:50:43.161,416.043402147793,101
2024-09-18 11:50:43.232,415.9972302213544,10
2024-09-18 11:50:43.442,416.01964325458425,999
2024-09-18 11:50:43.485,416.0299778724717,996
2024-09-18 11:50:43.501,416.0105828864421,1003
2024-09-18 11:50:43.512,416.01206785429457,1004
2024-09-18 11:50:43.516,416.0412398811358,998
2024-09-18 11:50:43.534,416.01913067014766,10
2024-09-18 11:50:43.546,416.065579858689,97
2024-09-18 11:50:43.623,416.0488860600857,5
2024-09-18 11:50:43.652,416.0192894961469,99
2024-09-18 11:50:43.679,416.0233842499988,15
2024-09-18 11:50:43.700,416.0071862287917,5
2024-09-18 11:50:43.723,416.0234093512925,98
2024-09-18 11:50:43.740,416.039682835394,1003
2024-09-18 11:50:43.921,416.01811191796935,95
2024-09-18 11:50:43.928,416.0313967254986,102
2024-09-18 11:50:44.185,415.99970637408416,10
2024-09-18 11:50:44.449,416.0004602139291,1002
2024-09-18 11:50:44.524,415.9756672586407,11
2024-09-18 11:50:44.661,415.9897951145546,7
2024-09-18 11:50:44.668,415.9987819989968,1002
2024-09-18 11:50:44.675,415.9961660943366,999
2024-09-18 11:50:44.692,415.9959693234175,12
2024-09-18 11:50:44.768,415.98582328992194,7
2024-09-18 11:50:44.789,416.0088365141331,9
2024-09-18 11:50:45.079,415.9136333506321,104
2024-09-18 11:50:45.203,415.9341513650015,99
2024-09-18 11:50:45.318,415.97288875062833,1002
2024-09-18 11:50:45.327,415.9841858296115,6
2024-09-18 11:50:45.334,415.9950127204851,100
2024-09-18 11:50:45.356,415.9772751670738,6
2024-09-18 11:50:45.437,415.91742285548855,14
2024-09-18 11:50:45.606,41.59857871848739,104
2024-09-18 11:50:45.812,416.0002479862112,9
2024-09-18 11:50:45.830,415.9393838907804,996
2024-09-18 11:50:45.895,415.933927940421,995
2024-09-18 11:50:45.920,415.9103736988972,15
2024-09-18 11:50:45.975,415.9701367916348,104
2024-09-18 11:50:45.993,415.9701437915293,98
2024-09-18 11:50:46.072,415.90365706982345,997
2024-09-18 11:50:46.164,415.9079368747917,995
2024-09-18 11:50:46.355,415.9085972007472,1000
2024-09-18 11:50:46.514,415.9316397584455,105
2024-09-18 11:50:46.751,415.8952113453146,995
2024-09-18 11:50:46.813,415.8938932311444,96
2024-09-18 11:50:46.964,415.90900732558487,999
2024-09-18 11:50:47.092,415.9377653257749,102
2024-09-18 11:50:47.128,415.94183839268914,11
2024-09-18 11:50:47.313,415.9056698255925,13
2024-09-18 11:50:47.510,415.9102397166677,1002
2024-09-18 11:50:47.634,415.9092068662678,997
2024-09-18 11:50:47.655,415.9375148790797,103
2024-09-18 11:50:47.658,415.9231998521871,10
2024-09-18 11:50:47.792,415.92188649063615,997
2024-09-18 11:50:47.813,415.9113202993768,998
2024-09-18 11:50:47.958,415.9426128564328,104
2024-09-18 11:50:47.978,415.9318491134725,998
2024-09-18 11:50:48.049,416.0028862869802,6
2024-09-18 11:50:48.161,415.9171175857381,103
2024-09-18 11:50:48.221,416.0084514932085,96
2024-09-18 11:50:48.291,416.0322982995135,9
2024-09-18 11:50:48.332,415.9687028547983,11
2024-09-18 11:50:48.362,415.9308107402384,1000
2024-09-18 11:50:48.420,416.01931005804647,1004
2024-09-18 11:50:48.462,415.98092171590673,104
2024-09-18 11:50:48.488,415.91384774174753,100
2024-09-18 11:50:48.515,416.0288313682274,8
2024-09-18 11:50:48.526,415.9544612299456,98
2024-09-18 11:50:48.608,416.0126414683206,999
2024-09-18 11:50:48.623,415.9157901351504,1004
2024-09-18 11:50:48.631,415.960522462511,1003
2024-09-18 11:50:48.681,415.961238823284,1005
2024-09-18 11:50:48.691,415.9543865766015,13
2024-09-18 11:50:48.701,416.030691020238,9
2024-09-18 11:50:48.713,416.02378662783815,12
2024-09-18 11:50:48.715,415.9983074389392,14
2024-09-18 11:50:48.744,416.0347381746795,12
2024-09-18 11:50:48.763,415.986517433607,5
2024-09-18 11:50:48.861,415.9747290499093,105
2024-09-18 11:50:48.865,415.95841860508057,13
2024-09-18 11:50:48.975,416.0403503759721,1003
2024-09-18 11:50:49.247,415.9923700377624,7
2024-09-18 11:50:49.349,415.9995294221599,14
2024-09-18 11:50:50.005,416.0453266182548,97
2024-09-18 11:50:50.014,416.01952451509953,996
2024-09-18 11:50:50.038,415.9921169733421,12
2024-09-18 11:50:50.039,416.043382536969,999
2024-09-18 11:50:50.048,416.0102717432328,995
2024-09-18 11:50:50.140,416.0036799613218,6
2024-09-18 11:50:50.188,416.0180127104842,998
2024-09-18 11:50:50.218,416.0271283129885,1002
2024-09-18 11:50:50.218,416.0148863508034,15
2024-09-18 11:50:50.259,416.01563512507295,1003
2024-09-18 11:50:50.324,416.0223488366027,5
2024-09-18 11:50:50.364,416.0023665163784,999
2024-09-18 11:50:50.380,415.9820259130104,11
2024-09-18 11:50:50.397,415.9922615684858,1004
2024-09-18 11:50:50.489,416.0294962197192,98
2024-09-18 11:50:50.515,416.00964418358507,1005
2024-09-18 11:50:50.520,41.604869573180736,7
2024-09-18 11:50:50.592,416.0121775532127,1004
2024-09-18 11:50:50.753,416.0042292707277,8
2024-09-18 11:50:50.795,416.0105970294583,1005
2024-09-18 11:50:50.797,416.0239624326964,96
2024-09-18 11:50:50.928,416.0129412675189,96
2024-09-18 11:50:50.959,416.0277950365847,7
2024-09-18 11:50:50.970,416.0097349160936,1001
2024-09-18 11:50:50.990,416.0025490311001,5
2024-09-18 11:50:51.095,416.01786465163246,996
2024-09-18 11:50:51.903,416.0027830773214,1000
2024-09-18 11:50:51.957,416.01242207339646,96
2024-09-18 11:50:52.044,415.9468282292573,101
2024-09-18 11:50:52.051,415.9566624216525,1003
2024-09-18 11:50:52.108,415.9380483825077,14
2024-09-18 11:50:52.222,415.94227377811353,9
2024-09-18 11:50:52.235,415.9433048993621,999
2024-09-18 11:50:52.278,416.0019873695478,9
2024-09-18 11:50:52.353,415.9464126667213,996
2024-09-18 11:50:52.365,415.9412030097904,14
2024-09-18 11:50:52.407,415.934482922184,12
2024-09-18 11:50:52.427,415.9542825281312,99
2024-09-18 11:50:52.469,415.9411238297688,998
2024-09-18 11:50:52.532,415.9893706089018,5
2024-09-18 11:50:52.651,415.9704230595977,104
2024-09-18 11:50:52.730,415.94797397275096,99
2024-09-18 11:50:52.765,415.950770707131,100
2024-09-18 11:50:52.869,415.9831961019954,102
2024-09-18 11:50:53.005,415.9767200182697,998
2024-09-18 11:50:53.030,416.0229523897496,998
2024-09-18 11:50:53.048,415.9438686475857,9
2024-09-18 11:50:53.111,415.9279003004215,7
2024-09-18 11:50:53.139,415.9713082377901,13
2024-09-18 11:50:53.147,416.01507135231344,1003
2024-09-18 11:50:53.265,415.9897368814697,9
2024-09-18 11:50:53.310,415.9452287478002,96
2024-09-18 11:50:53.396,415.9485566282518,1000
2024-09-18 11:50:53.404,415.95030163464094,9
2024-09-18 11:50:53.412,415.9725441530844,1004
2024-09-18 11:50:53.430,415.9480398677687,996
2024-09-18 11:50:53.450,415.9219407157063,5
2024-09-18 11:50:53.478,415.9620178475505,10
2024-09-18 11:50:53.498,415.945952922076,1002
2024-09-18 11:50:53.577,415.944644390152,102
2024-09-18 11:50:53.707,416.016604239724,1002
2024-09-18 11:50:53.725,415.9448989504514,104
2024-09-18 11:50:53.773,415.9217679835818,996
2024-09-18 11:50:53.774,415.9408880984712,7
2024-09-18 11:50:53.852,415.9397825403838,13
2024-09-18 11:50:53.875,415.9240857520012,6
2024-09-18 11:50:53.883,415.9489267740391,998
2024-09-18 11:50:53.921,415.93576176417207,1003
2024-09-18 11:50:53.941,415.9285139057204,104
2024-09-18 11:50:53.981,415.967988551565,97
2024-09-18 11:50:54.027,416.0071621683824,10
2024-09-18 11:50:54.163,416.0662567525863,97
2024-09-18 11:50:54.170,416.0123358935716,998
2024-09-18 11:50:54.203,416.0302703753786,1002
2024-09-18 11:50:54.297,416.0681271344054,6
2024-09-18 11:50:54.311,416.0471526655672,100
2024-09-18 11:50:54.323,416.0267275369685,10
2024-09-18 11:50:54.354,,1000
2024-09-18 11:50:54.372,416.0095631938297,11
2024-09-18 11:50:54.396,415.9940325543258,999
2024-09-18 11:50:54.404,415.9868396636092,1002
2024-09-18 11:50:54.448,416.0477318276408,1000
2024-09-18 11:50:54.489,416.0676912744306,95
2024-09-18 11:50:54.501,416.0373125002377,14
2024-09-18 11:50:54.537,416.05491866265504,11
2024-09-18 11:50:54.581,416.0704879541359,997
2024-09-18 11:50:54.692,416.03136254070006,9
2024-09-18 11:50:54.792,416.0673516185262,10
2024-09-18 11:50:54.842,416.023936967996,101
2024-09-18 11:50:54.954,416.0630734643388,105
2024-09-18 11:50:55.234,416.0418052659178,100
2024-09-18 11:50:55.236,416.0580875653948,12
2024-09-18 11:50:55.246,416.0698433101811,104
2024-09-18 11:50:55.303,416.0425999793769,98
2024-09-18 11:50:55.316,,96
2024-09-18 11:50:55.331,416.040936106932,104
2024-09-18 11:50:55.355,416.0347004153038,8
2024-09-18 11:50:55.457,416.0622768603098,7
2024-09-18 11:50:55.518,416.03738866480194,96
2024-09-18 11:50:55.545,416.0255120015141,104
2024-09-18 11:50:55.547,416.0440955278789,13
2024-09-18 11:50:55.603,416.0449886007773,1000
2024-09-18 11:50:55.659,416.06204997931576,12
2024-09-18 11:50:55.679,416.0156226325986,15
2024-09-18 11:50:55.705,416.0382898512384,998
2024-09-18 11:50:55.770,416.0260028026799,97
2024-09-18 11:50:55.913,416.0485676646456,1004
2024-09-18 11:50:55.957,416.03700059643785,999
2024-09-18 11:50:55.989,,1000
2024-09-18 11:50:56.024,415.901297390455,104
2024-09-18 11:50:56.025,415.9851278226042,5
2024-09-18 11:50:56.031,415.900663809013,7
2024-09-18 11:50:56.034,415.9381577309156,7
2024-09-18 11:50:56.041,415.9413205291481,995
2024-09-18 11:50:56.120,415.96061890399807,98
2024-09-18 11:50:56.129,415.9396468458919,1001
2024-09-18 11:50:56.194,415.9205714581097,7
2024-09-18 11:50:56.200,416.0091891575272,9
2024-09-18 11:50:56.246,416.00748716822585,100
2024-09-18 11:50:56.287,416.0043499641767,1001
2024-09-18 11:50:56.301,415.9668801394927,102
2024-09-18 11:50:56.327,416.01436567125126,101
2024-09-18 11:50:56.369,416.0045223966201,1000
2024-09-18 11:50:56.430,41.59310274669322,7
2024-09-18 11:50:56.432,415.9952091185918,14
2024-09-18 11:50:56.484,416.0087616937054,998
2024-09-18 11:50:56.526,415.91812997448665,103
2024-09-18 11:50:56.589,416.0027740508292,998
2024-09-18 11:50:56.603,415.9777654784135,14
2024-09-18 11:50:56.659,-415.9479537808378,102
2024-09-18 11:50:56.668,415.9677142672532,14
2024-09-18 11:50:56.717,415.9307688310246,12
2024-09-18 11:50:56.735,415.9052885451582,100
2024-09-18 11:50:56.762,415.9024033132377,101
2024-09-18 11:50:56.897,415.9520523895719,13
2024-09-18 11:50:56.948,415.93933369762806,999
2024-09-18 11:50:56.972,41.59633969857069,102
2024-09-18 11:50:56.991,41.59213308310683,95
2024-09-18 11:50:56.998,415.9014909147517,13
2024-09-18 11:50:57.091,415.8809517368006,1000
2024-09-18 11:50:57.123,415.92460001069793,12
2024-09-18 11:50:57.132,41.59271647740986,1002
2024-09-18 11:50:57.237,,7
2024-09-18 11:50:57.240,415.9120902875273,1001
2024-09-18 11:50:57.253,415.9216026753538,1004
2024-09-18 11:50:57.329,415.91951051558266,1002
2024-09-18 11:50:57.353,415.9230795127389,998
2024-09-18 11:50:57.384,415.9461687554455,6
2024-09-18 11:50:57.395,41.594179616525416,9
2024-09-18 11:50:57.403,415.9647649723672,998
2024-09-18 11:50:57.474,415.9219732468357,97
2024-09-18 11:50:57.527,415.9197637669004,1001
2024-09-18 11:50:57.586,415.9137818795455,1003
2024-09-18 11:50:57.675,415.9594600869475,1005
2024-09-18 11:50:57.682,415.8829105309573,1003
2024-09-18 11:50:57.722,415.9211034523531,1003
2024-09-18 11:50:57.750,415.9330420455869,1004
2024-09-18 11:50:57.767,415.95544030519966,8
2024-09-18 11:50:57.832,415.90781815813136,7
2024-09-18 11:50:57.861,415.922044770593,103
2024-09-18 11:50:58.079,415.9562383690191,996
2024-09-18 11:50:58.106,415.9782705500168,104
2024-09-18 11:50:58.113,415.9753611642397,8
2024-09-18 11:50:58.119,415.9781848298992,96
2024-09-18 11:50:58.131,415.9592565837468,1001
2024-09-18 11:50:58.167,415.9832372649042,14
2024-09-18 11:50:58.168,415.97698215631976,1005
2024-09-18 11:50:58.174,415.9787666732959,995
2024-09-18 11:50:58.183,415.9376844281783,997
2024-09-18 11:50:58.372,415.9933488114552,6
2024-09-18 11:50:58.405,415.9565797225429,11
2024-09-18 11:50:58.451,415.9682561447355,7
2024-09-18 11:50:58.550,415.9731773410086,7
2024-09-18 11:50:58.610,415.9905683697805,100
2024-09-18 11:50:58.711,,99
2024-09-18 11:50:58.718,415.9884948139188,1004
2024-09-18 11:50:58.755,415.9647597718487,998
2024-09-18 11:50:58.848,415.9773555413238,11
2024-09-18 11:50:58.916,415.9906854834094,1005
2024-09-18 11:50:58.934,415.9833454177856,11
2024-09-18 11:50:58.961,415.9428372089672,96
2024-09-18 11:50:59.061,415.9660449900513,12
2024-09-18 11:50:59.071,415.98190023385337,1000
2024-09-18 11:50:59.076,415.9692599011707,99
2024-09-18 11:50:59.336,415.94744857663454,998
2024-09-18 11:50:59.410,415.9273037925202,100
2024-09-18 11:50:59.432,415.9221687078789,10
2024-09-18 11:50:59.571,415.9351520732536,101
2024-09-18 11:50:59.686,415.9740804430325,104
2024-09-18 11:50:59.746,415.9579841010392,99
2024-09-18 11:50:59.871,415.9453374476155,104
2024-09-18 11:50:59.891,415.9584787380139,102
2024-09-18 11:50:59.990,415.9510854159843,95
