Timestamp,Price,Size
2024-09-19 11:21:00.024,420.0595128981117,1002
2024-09-19 11:21:00.089,420.0591118177799,1001
2024-09-19 11:21:00.104,420.0144042040328,1001
2024-09-19 11:21:00.116,420.07195012732166,11
2024-09-19 11:21:00.245,419.99288138352017,102
2024-09-19 11:21:00.287,420.0073852135281,999
2024-09-19 11:21:00.335,420.0469399755379,97
2024-09-19 11:21:00.359,420.0753488584419,98
2024-09-19 11:21:00.395,420.0440942065513,1000
2024-09-19 11:21:00.401,420.01394206675326,12
2024-09-19 11:21:00.485,420.0211402387001,998
2024-09-19 11:21:00.503,420.0672731656489,1002
2024-09-19 11:21:00.535,420.0481825259018,12
2024-09-19 11:21:00.611,420.0685453442391,96
2024-09-19 11:21:00.716,420.0390044098705,105
2024-09-19 11:21:00.733,420.0725278437586,105
2024-09-19 11:21:00.766,420.04285266215766,996
2024-09-19 11:21:00.792,420.04602925778414,1000
2024-09-19 11:21:00.818,420.0651803333174,7
2024-09-19 11:21:00.819,420.0693965710229,998
2024-09-19 11:21:00.877,420.05206955638926,15
2024-09-19 11:21:00.883,420.04858084985386,14
2024-09-19 11:21:00.899,420.0699659314455,100
2024-09-19 11:21:00.910,420.0675404290512,105
2024-09-19 11:21:01.006,420.1263563665007,5
2024-09-19 11:21:01.026,420.0869209112829,998
2024-09-19 11:21:01.038,420.07750613618566,997
2024-09-19 11:21:01.082,420.0699044703069,7
2024-09-19 11:21:01.126,420.1010706665567,11
2024-09-19 11:21:01.146,420.1110330742658,12
2024-09-19 11:21:01.173,420.0271138604635,11
2024-09-19 11:21:01.185,42.00772510943626,98
2024-09-19 11:21:01.189,420.069439137572,95
2024-09-19 11:21:01.214,420.0982011560194,95
2024-09-19 11:21:01.238,420.1145171783662,98
2024-09-19 11:21:01.307,420.0435775833432,97
2024-09-19 11:21:01.315,420.10282223477617,11
2024-09-19 11:21:01.320,420.05694495862735,1005
2024-09-19 11:21:01.426,420.07895685576506,14
2024-09-19 11:21:01.505,420.1210629233738,13
2024-09-19 11:21:01.523,420.081427588149,104
2024-09-19 11:21:01.649,420.0847046783583,1005
2024-09-19 11:21:01.705,420.0391114440729,14
2024-09-19 11:21:01.723,420.0892541975536,11
2024-09-19 11:21:01.775,420.0696175964226,14
2024-09-19 11:21:01.818,420.0643670764757,999
2024-09-19 11:21:01.832,420.0799987297921,1001
2024-09-19 11:21:01.838,420.09104916080526,103
2024-09-19 11:21:01.871,-420.0995565513061,97
2024-09-19 11:21:01.883,420.1172811593416,1000
2024-09-19 11:21:01.884,420.04366786143225,7
2024-09-19 11:21:01.899,420.0537552442403,1000
2024-09-19 11:21:01.908,420.1043301415977,996
2024-09-19 11:21:02.002,420.0042602970389,1001
2024-09-19 11:21:02.100,419.9913357576672,7
2024-09-19 11:21:02.104,420.008123726798,101
2024-09-19 11:21:02.126,419.9884028369738,98
2024-09-19 11:21:02.167,419.99944353889487,102
2024-09-19 11:21:02.259,419.9926446117215,998
2024-09-19 11:21:02.279,420.0063898553216,6
2024-09-19 11:21:02.334,420.0039973046036,15
2024-09-19 11:21:02.346,420.0024010852019,9
2024-09-19 11:21:02.481,419.991956828194,99
2024-09-19 11:21:02.542,420.0121128490833,996
2024-09-19 11:21:02.617,420.0133219851784,998
2024-09-19 11:21:02.620,420.0118138847906,996
2024-09-19 11:21:02.718,419.99685366255056,1005
2024-09-19 11:21:02.718,420.002685392957,12
2024-09-19 11:21:02.802,420.0101278102702,12
2024-09-19 11:21:02.854,420.02103699155646,104
2024-09-19 11:21:02.869,420.000119643074,1003
2024-09-19 11:21:03.211,420.02237594380495,95
2024-09-19 11:21:04.531,420.01002433090025,996
2024-09-19 11:21:04.603,420.01299507441337,996
2024-09-19 11:21:04.768,420.01224535419726,14
2024-09-19 11:21:04.880,419.9981547547484,1003
2024-09-19 11:21:06.024,419.9870957733253,96
2024-09-19 11:21:06.035,420.038007765476,101
2024-09-19 11:21:06.141,419.9924512999586,96
2024-09-19 11:21:06.193,420.00372546185247,13
2024-09-19 11:21:06.195,420.0549708937679,99
2024-09-19 11:21:06.245,420.0183679079196,997
2024-09-19 11:21:06.271,419.9994075248457,6
2024-09-19 11:21:06.302,419.9835798625865,100
2024-09-19 11:21:06.302,419.9690585966808,1002
2024-09-19 11:21:06.308,419.9935919893049,995
2024-09-19 11:21:06.343,420.0114184076145,96
2024-09-19 11:21:06.346,420.0160559156244,101
2024-09-19 11:21:06.401,419.9914379629096,105
2024-09-19 11:21:06.439,419.97838653780616,98
2024-09-19 11:21:06.476,419.9551096394503,10
2024-09-19 11:21:06.482,419.9712886076502,98
2024-09-19 11:21:06.589,419.9854637707439,103
2024-09-19 11:21:06.601,419.966108157589,8
2024-09-19 11:21:06.649,419.9959493222576,104
2024-09-19 11:21:06.741,419.9934079090077,11
2024-09-19 11:21:06.829,419.9932788911188,95
2024-09-19 11:21:06.868,419.9865328548125,1001
2024-09-19 11:21:06.904,420.0040232006292,8
2024-09-19 11:21:06.959,420.01390497164607,998
2024-09-19 11:21:06.995,419.9905595671231,8
2024-09-19 11:21:07.067,419.950688286601,14
2024-09-19 11:21:07.232,420.0206309055747,8
2024-09-19 11:21:07.234,420.0443377442173,8
2024-09-19 11:21:07.246,420.02867971052336,1005
2024-09-19 11:21:07.370,419.9726732245656,7
2024-09-19 11:21:07.382,419.9981571328492,1001
2024-09-19 11:21:07.422,420.0119205895513,15
2024-09-19 11:21:07.582,420.0392063317466,104
2024-09-19 11:21:07.663,420.03301382219337,15
2024-09-19 11:21:07.689,,998
2024-09-19 11:21:07.714,419.9975217456862,996
2024-09-19 11:21:07.891,419.9957002462919,1001
2024-09-19 11:21:08.030,419.9008854842476,101
2024-09-19 11:21:08.055,419.9255649538301,6
2024-09-19 11:21:08.177,41.984328320339394,105
2024-09-19 11:21:08.225,419.87842715396783,13
2024-09-19 11:21:08.226,419.875054680518,5
2024-09-19 11:21:08.242,419.9400130893383,98
2024-09-19 11:21:08.299,419.8872189342639,7
2024-09-19 11:21:08.315,419.8326020691895,998
2024-09-19 11:21:08.335,419.8448855172786,97
2024-09-19 11:21:08.375,419.8343071151938,7
2024-09-19 11:21:08.479,419.9270590317944,6
2024-09-19 11:21:08.540,419.84321509599874,11
2024-09-19 11:21:08.554,419.9279526902117,5
2024-09-19 11:21:08.583,419.86992733756017,11
2024-09-19 11:21:08.615,419.926263018333,1000
2024-09-19 11:21:08.629,419.8241080381032,104
2024-09-19 11:21:08.681,419.94055499923365,96
2024-09-19 11:21:08.750,419.9085028077889,13
2024-09-19 11:21:08.775,419.9220798061942,97
2024-09-19 11:21:08.842,419.8221904842694,105
2024-09-19 11:21:08.986,419.86215409792135,96
2024-09-19 11:21:08.989,419.83108156150735,10
2024-09-19 11:21:09.046,419.8321333874681,96
2024-09-19 11:21:09.393,419.8281568973103,6
2024-09-19 11:21:09.550,419.815853493565,102
2024-09-19 11:21:09.629,419.8365859699358,1004
2024-09-19 11:21:09.849,419.8490427908493,1001
2024-09-19 11:21:09.968,419.82707104135903,13
2024-09-19 11:21:09.974,419.8271035407807,95
2024-09-19 11:21:09.996,419.8256514897436,996
2024-09-19 11:21:10.098,419.84913782690046,103
2024-09-19 11:21:10.159,419.89544577049344,1001
2024-09-19 11:21:10.227,419.8988176642249,1003
2024-09-19 11:21:10.247,419.8354486714594,12
2024-09-19 11:21:10.430,419.8726567183885,10
2024-09-19 11:21:10.451,419.8717936992177,1000
2024-09-19 11:21:10.460,419.8659992885333,14
2024-09-19 11:21:10.480,419.8634321185725,1000
2024-09-19 11:21:10.488,419.8913555078684,995
2024-09-19 11:21:10.493,419.837047568992,5
2024-09-19 11:21:10.516,419.9020898201909,13
2024-09-19 11:21:10.742,419.83123407991,1003
2024-09-19 11:21:10.821,419.8680139148144,10
2024-09-19 11:21:10.919,419.858431470587,998
2024-09-19 11:21:10.929,419.8373869104091,7
2024-09-19 11:21:10.956,419.84511738436765,99
2024-09-19 11:21:11.124,419.8773724322156,99
2024-09-19 11:21:11.140,419.8684309886622,13
2024-09-19 11:21:11.166,419.8711778944598,105
2024-09-19 11:21:11.249,419.8517970304566,1003
2024-09-19 11:21:11.381,419.8706499557387,100
2024-09-19 11:21:11.430,419.8794992923641,996
2024-09-19 11:21:11.432,419.8644053182803,98
2024-09-19 11:21:11.552,419.8774968895653,999
2024-09-19 11:21:11.645,419.8402304966479,5
2024-09-19 11:21:11.681,419.8613130344671,11
2024-09-19 11:21:11.800,419.8831676097116,1001
2024-09-19 11:21:12.022,419.8528919133737,6
2024-09-19 11:21:12.030,419.8330981971214,102
2024-09-19 11:21:12.031,419.81177087079874,11
2024-09-19 11:21:12.050,419.8404994717579,98
2024-09-19 11:21:12.087,419.84817078625264,98
2024-09-19 11:21:12.145,419.81480271388295,101
2024-09-19 11:21:12.185,419.8289791481819,101
2024-09-19 11:21:12.218,419.8173372243966,97
2024-09-19 11:21:12.313,419.83482966639616,8
2024-09-19 11:21:12.359,419.8743279972717,996
2024-09-19 11:21:12.386,419.8340630555644,995
2024-09-19 11:21:12.431,419.8295675325063,97
2024-09-19 11:21:12.446,419.83266574846215,15
2024-09-19 11:21:12.648,419.8369847455816,1002
2024-09-19 11:21:12.672,419.8775855864166,104
2024-09-19 11:21:12.752,419.9009680482523,995
2024-09-19 11:21:12.797,-419.88868749206256,100
2024-09-19 11:21:12.837,419.882068753268,9
2024-09-19 11:21:12.869,419.83604602658505,100
2024-09-19 11:21:12.877,419.8267299098999,104
2024-09-19 11:21:12.886,419.8623533005778,10
2024-09-19 11:21:12.929,419.8697491822275,1001
2024-09-19 11:21:12.948,419.8768247182848,14
2024-09-19 11:21:13.154,419.9138375603998,1000
2024-09-19 11:21:13.157,419.9091795130587,13
2024-09-19 11:21:13.160,419.8971655572824,98
2024-09-19 11:21:13.165,419.89859652982807,9
2024-09-19 11:21:13.187,419.9016721924175,98
2024-09-19 11:21:13.192,419.8920122773176,97
2024-09-19 11:21:13.204,419.926608166842,1000
2024-09-19 11:21:13.240,419.8387827965088,1002
2024-09-19 11:21:13.268,419.878769766225,10
2024-09-19 11:21:13.398,419.89019334371216,9
2024-09-19 11:21:13.407,419.9102278996929,14
2024-09-19 11:21:13.509,419.9125774685916,97
2024-09-19 11:21:13.529,419.8360008352225,999
2024-09-19 11:21:13.611,419.9098966880765,99
2024-09-19 11:21:13.628,419.91132254501485,98
2024-09-19 11:21:13.656,419.8681691444519,104
2024-09-19 11:21:13.736,419.870210471769,105
2024-09-19 11:21:13.737,419.8752718618322,96
2024-09-19 11:21:13.755,419.88491431056144,8
2024-09-19 11:21:13.768,419.9024636954499,999
2024-09-19 11:21:13.768,419.8768684019498,101
2024-09-19 11:21:13.773,419.9214544227467,103
2024-09-19 11:21:13.969,419.8930644757958,14
2024-09-19 11:21:14.084,419.9216412451797,10
2024-09-19 11:21:14.085,419.9111331652017,96
2024-09-19 11:21:14.121,419.90666667647815,8
2024-09-19 11:21:14.121,419.9180304973839,96
2024-09-19 11:21:14.168,419.9276917027581,1003
2024-09-19 11:21:14.212,419.93391225702624,1002
2024-09-19 11:21:14.230,419.9178023347615,1005
2024-09-19 11:21:14.280,419.9320801192315,998
2024-09-19 11:21:14.282,419.9171137222218,98
2024-09-19 11:21:14.322,419.9101673467036,1000
2024-09-19 11:21:14.366,419.93409525867264,1002
2024-09-19 11:21:14.426,419.912614895618,102
2024-09-19 11:21:14.465,419.9258152338671,9
2024-09-19 11:21:14.471,419.9112042493706,103
2024-09-19 11:21:14.581,419.9317360334084,103
2024-09-19 11:21:14.656,419.9179835374746,12
2024-09-19 11:21:14.688,419.9108043155103,9
2024-09-19 11:21:14.689,419.9219068137309,10
2024-09-19 11:21:14.731,419.93010568656086,10
2024-09-19 11:21:14.733,419.9037930923849,10
2024-09-19 11:21:14.738,419.9343894813248,100
2024-09-19 11:21:14.820,419.91737725394665,97
2024-09-19 11:21:15.000,419.92044319665,9
2024-09-19 11:21:15.048,420.02074869381846,1000
2024-09-19 11:21:15.138,419.9915264943103,1003
2024-09-19 11:21:15.166,419.99575318342136,99
2024-09-19 11:21:15.202,420.0047323384108,15
2024-09-19 11:21:15.214,419.9407203649421,104
2024-09-19 11:21:15.257,420.0179978829111,97
2024-09-19 11:21:15.359,419.9884820608212,11
2024-09-19 11:21:15.367,419.99849276796056,10
2024-09-19 11:21:15.403,420.0104874048128,1004
2024-09-19 11:21:15.458,419.9439264673409,8
2024-09-19 11:21:15.498,419.9397068217473,1001
2024-09-19 11:21:15.507,419.947595924122,1005
2024-09-19 11:21:15.540,419.9943428885162,1003
2024-09-19 11:21:15.573,419.9323568759383,8
2024-09-19 11:21:15.613,419.9334590572491,1005
2024-09-19 11:21:15.646,419.9843710147805,6
2024-09-19 11:21:15.688,419.995853029578,95
2024-09-19 11:21:15.734,419.9836878455256,5
2024-09-19 11:21:15.734,419.94502102405056,101
2024-09-19 11:21:15.750,420.0056635934926,101
2024-09-19 11:21:15.752,420.00130973541474,98
2024-09-19 11:21:15.779,419.947797257851,998
2024-09-19 11:21:15.847,420.0006553624531,100
2024-09-19 11:21:15.968,419.9842762611356,10
2024-09-19 11:21:16.002,419.9807651975243,5
2024-09-19 11:21:16.050,419.9693971871454,1004
2024-09-19 11:21:16.077,419.9731275208793,1003
2024-09-19 11:21:16.143,420.0071677388447,98
2024-09-19 11:21:16.191,419.996904506331,105
2024-09-19 11:21:16.277,419.9923967040062,104
2024-09-19 11:21:16.298,420.0094605909276,100
2024-09-19 11:21:16.313,420.0185582401336,997
2024-09-19 11:21:16.345,419.98533778248265,15
2024-09-19 11:21:16.357,419.9969231098411,13
2024-09-19 11:21:16.364,419.988354245072,996
2024-09-19 11:21:16.383,419.9995637644627,15
2024-09-19 11:21:16.477,419.9860965902109,101
2024-09-19 11:21:16.515,419.9837949551394,997
2024-09-19 11:21:16.570,419.9823447144535,1004
2024-09-19 11:21:16.708,419.980659914728,13
2024-09-19 11:21:16.920,419.9959653262025,6
2024-09-19 11:21:16.972,420.013569949018,97
2024-09-19 11:21:16.972,419.9840403551525,999
2024-09-19 11:21:17.003,420.0726126004864,11
2024-09-19 11:21:17.024,420.0059861684312,98
2024-09-19 11:21:17.027,420.041634360678,9
2024-09-19 11:21:17.096,420.0397652692234,101
2024-09-19 11:21:17.108,420.0316214193109,1000
2024-09-19 11:21:17.110,420.05842974289726,1004
2024-09-19 11:21:17.133,420.0137397147497,9
2024-09-19 11:21:17.137,420.0539848795021,996
2024-09-19 11:21:17.174,420.0363596482776,15
2024-09-19 11:21:17.179,420.0225870646989,98
2024-09-19 11:21:17.247,420.0820661214706,1001
2024-09-19 11:21:17.278,420.018593796348,14
2024-09-19 11:21:17.316,420.0382673536304,9
2024-09-19 11:21:17.524,420.0185282860431,103
2024-09-19 11:21:17.555,420.0566153419962,100
2024-09-19 11:21:17.634,420.0163193611037,104
2024-09-19 11:21:17.733,420.0665941354176,103
2024-09-19 11:21:17.753,420.06218371442,997
2024-09-19 11:21:17.755,420.01519909287794,14
2024-09-19 11:21:17.797,420.0331620962037,97
2024-09-19 11:21:17.873,420.0389974317377,14
2024-09-19 11:21:17.874,420.01633436545296,7
2024-09-19 11:21:17.888,420.0164178036303,7
2024-09-19 11:21:17.915,420.0596499948439,11
2024-09-19 11:21:17.941,420.0658693526858,13
2024-09-19 11:21:17.949,420.027946498988,7
2024-09-19 11:21:17.963,420.0394299725047,11
2024-09-19 11:21:17.964,420.0551005011012,13
2024-09-19 11:21:17.977,420.0354261256973,104
2024-09-19 11:21:18.038,420.0048308822538,1002
2024-09-19 11:21:18.083,419.9961840028792,1003
2024-09-19 11:21:18.178,419.99719332472847,1000
2024-09-19 11:21:18.263,420.0089905507579,1000
2024-09-19 11:21:18.303,420.0137480159626,100
2024-09-19 11:21:18.481,419.9911126166554,1002
2024-09-19 11:21:18.561,420.01755604197,1005
2024-09-19 11:21:18.644,419.9930631531849,995
2024-09-19 11:21:18.868,420.00893192252136,1004
2024-09-19 11:21:18.908,420.0060899360313,9
2024-09-19 11:21:18.949,420.0158928479431,1005
2024-09-19 11:21:19.027,419.9923301161443,15
2024-09-19 11:21:19.077,419.9815918957627,97
2024-09-19 11:21:19.226,420.0177620147483,1005
2024-09-19 11:21:19.320,419.9940453513124,12
2024-09-19 11:21:19.325,419.9842619366396,995
2024-09-19 11:21:19.327,420.00990963315775,14
2024-09-19 11:21:19.331,419.9789552147333,6
2024-09-19 11:21:19.399,419.9940068273699,1003
2024-09-19 11:21:19.438,419.9899960226724,11
2024-09-19 11:21:19.625,419.9848806546564,1002
2024-09-19 11:21:19.778,420.0047086038465,1004
2024-09-19 11:21:19.839,420.00217237578966,100
2024-09-19 11:21:19.911,41.99887284543222,97
2024-09-19 11:21:19.917,420.0014363964236,997
2024-09-19 11:21:20.026,419.9270198438453,11
2024-09-19 11:21:20.139,419.9196450852221,98
2024-09-19 11:21:20.151,419.9375955847038,101
2024-09-19 11:21:20.215,419.9607489177455,997
2024-09-19 11:21:20.249,419.9664332114669,11
2024-09-19 11:21:20.403,419.9272936319577,998
2024-09-19 11:21:20.484,419.94762988788585,6
2024-09-19 11:21:20.499,419.95085837095,996
2024-09-19 11:21:20.554,,6
2024-09-19 11:21:20.554,419.9315127099298,13
2024-09-19 11:21:20.598,419.9151493873629,996
2024-09-19 11:21:20.661,419.9804518970343,999
2024-09-19 11:21:20.809,419.9475586505508,15
2024-09-19 11:21:20.844,419.9405472055665,1004
2024-09-19 11:21:20.991,419.9749167628765,105
2024-09-19 11:21:21.016,419.8831689764566,8
2024-09-19 11:21:21.035,419.8885533586821,13
2024-09-19 11:21:21.076,419.9648175423047,99
2024-09-19 11:21:21.093,419.9473281255892,1000
2024-09-19 11:21:21.128,419.9666314713835,97
2024-09-19 11:21:21.424,419.9274953480152,998
2024-09-19 11:21:21.428,419.9073529593411,998
2024-09-19 11:21:21.435,419.9071009036905,12
2024-09-19 11:21:21.465,419.9913173405093,10
2024-09-19 11:21:21.469,419.9089256574485,95
2024-09-19 11:21:21.507,419.91538197229886,101
2024-09-19 11:21:21.520,419.95710001572553,9
2024-09-19 11:21:21.582,419.900775838836,10
2024-09-19 11:21:21.645,419.89007670187226,1005
2024-09-19 11:21:21.669,419.936354716853,8
2024-09-19 11:21:21.695,419.9171219915952,1004
2024-09-19 11:21:21.701,419.9365745741967,999
2024-09-19 11:21:21.748,419.9019824376701,105
2024-09-19 11:21:21.805,419.9529672239759,1004
2024-09-19 11:21:21.827,419.9032279261231,13
2024-09-19 11:21:21.851,419.8895520432834,15
2024-09-19 11:21:21.874,419.9887676709804,1005
2024-09-19 11:21:21.888,419.9629488487056,100
2024-09-19 11:21:21.895,419.91445110193615,1003
2024-09-19 11:21:21.910,419.9833371619379,1002
2024-09-19 11:21:21.924,419.8921205815961,1001
2024-09-19 11:21:21.959,419.9275554721289,14
2024-09-19 11:21:22.117,419.9992021698085,14
2024-09-19 11:21:22.238,419.9820682047084,5
2024-09-19 11:21:22.300,419.9051045893762,98
2024-09-19 11:21:22.323,419.99043930054,6
2024-09-19 11:21:22.328,419.93027041655455,100
2024-09-19 11:21:22.417,419.92973304355866,12
2024-09-19 11:21:22.512,419.9977681399043,99
2024-09-19 11:21:22.552,419.9354701525508,15
2024-09-19 11:21:22.556,419.9413168164661,1000
2024-09-19 11:21:22.558,419.9270384451336,7
2024-09-19 11:21:22.629,419.9149701254096,98
2024-09-19 11:21:22.648,419.95572697805,1005
2024-09-19 11:21:22.708,419.9253743351921,997
2024-09-19 11:21:22.770,419.9578853624273,10
2024-09-19 11:21:22.795,419.9277396721954,1001
2024-09-19 11:21:22.803,419.9785977878325,103
2024-09-19 11:21:22.818,419.9163105068059,1003
2024-09-19 11:21:22.823,419.9740099711248,5
2024-09-19 11:21:22.845,419.9424225733178,104
2024-09-19 11:21:22.928,419.9396194270517,1001
2024-09-19 11:21:22.976,419.91024254514855,14
2024-09-19 11:21:22.993,419.9924957935162,95
2024-09-19 11:21:23.033,420.0166222814424,100
2024-09-19 11:21:23.125,420.0232860865783,102
2024-09-19 11:21:23.129,420.03637824589714,998
2024-09-19 11:21:23.142,420.04111153190513,1005
2024-09-19 11:21:23.166,420.0701721530549,997
2024-09-19 11:21:23.265,420.0802166349107,1002
2024-09-19 11:21:23.280,420.00776116481575,105
2024-09-19 11:21:23.291,420.03559823647663,101
2024-09-19 11:21:23.335,419.9849653388653,1003
2024-09-19 11:21:23.454,419.9999150355929,101
2024-09-19 11:21:23.585,420.0389054790023,9
2024-09-19 11:21:23.596,419.9941824328298,1005
2024-09-19 11:21:23.764,420.02753618366575,1000
2024-09-19 11:21:23.776,420.04096031879067,9
2024-09-19 11:21:23.795,420.0597506092118,105
2024-09-19 11:21:23.971,420.0444191226775,8
2024-09-19 11:21:23.987,420.05261976820856,998
2024-09-19 11:21:24.070,420.0325103695927,997
2024-09-19 11:21:24.097,420.03831861102833,1001
2024-09-19 11:21:24.179,420.0243586779018,101
2024-09-19 11:21:24.199,420.0045499561206,103
2024-09-19 11:21:24.232,420.0244726795632,1002
2024-09-19 11:21:24.240,420.0270193289877,13
2024-09-19 11:21:24.268,420.01226647525823,96
2024-09-19 11:21:24.276,419.9955169473463,13
2024-09-19 11:21:24.317,420.0056788232139,96
2024-09-19 11:21:24.370,420.0169080108362,1000
2024-09-19 11:21:24.403,419.9961872594161,101
2024-09-19 11:21:24.477,420.0098232719864,997
2024-09-19 11:21:24.479,419.99621395154014,96
2024-09-19 11:21:24.488,420.00731779358057,99
2024-09-19 11:21:24.675,420.0325189264672,6
2024-09-19 11:21:24.729,420.0145110615726,95
2024-09-19 11:21:24.743,419.9883899994592,995
2024-09-19 11:21:24.765,420.0103638706559,95
2024-09-19 11:21:24.795,420.0091435275084,1000
2024-09-19 11:21:24.831,420.0072241083984,6
2024-09-19 11:21:24.993,420.0224436027191,1003
2024-09-19 11:21:25.041,419.9964022154394,14
2024-09-19 11:21:25.058,419.9871352569762,1005
2024-09-19 11:21:25.132,419.9993104524889,99
2024-09-19 11:21:25.177,419.9857387151668,102
2024-09-19 11:21:25.253,419.9737542112036,1001
2024-09-19 11:21:25.321,419.9989727959148,998
2024-09-19 11:21:25.334,419.9918703877677,6
2024-09-19 11:21:25.375,419.972169954164,1001
2024-09-19 11:21:25.400,419.9838119665995,1005
2024-09-19 11:21:25.465,419.9887272817416,8
2024-09-19 11:21:25.575,420.0137729147834,103
2024-09-19 11:21:25.785,420.00059562382455,8
2024-09-19 11:21:25.842,420.0089502789299,103
2024-09-19 11:21:26.317,419.9753434114368,1002
2024-09-19 11:21:26.535,419.976378244015,999
2024-09-19 11:21:26.638,419.9717920389776,15
2024-09-19 11:21:26.689,41.99169168533007,1000
2024-09-19 11:21:26.744,419.9933480160722,96
2024-09-19 11:21:26.813,419.9776346674005,8
2024-09-19 11:21:26.814,419.96333378378944,1005
2024-09-19 11:21:26.887,419.9496374161523,9
2024-09-19 11:21:26.913,419.9485054580107,1003
2024-09-19 11:21:26.946,420.0035723195812,5
2024-09-19 11:21:27.014,419.9886752953134,998
2024-09-19 11:21:27.016,419.9602054314348,996
2024-09-19 11:21:27.042,420.03355416582224,11
2024-09-19 11:21:27.111,420.0180583236598,97
2024-09-19 11:21:27.120,419.9604595915472,105
2024-09-19 11:21:27.126,420.0232545534973,103
2024-09-19 11:21:27.161,420.0007031129388,1005
2024-09-19 11:21:27.192,419.9883459828563,999
2024-09-19 11:21:27.199,419.9555653610664,6
2024-09-19 11:21:27.287,419.9900960266531,99
2024-09-19 11:21:27.327,420.0187705901129,97
2024-09-19 11:21:27.360,419.9704904688624,11
2024-09-19 11:21:27.374,419.992568105661,13
2024-09-19 11:21:27.494,41.99570147937136,96
2024-09-19 11:21:27.542,419.9430950959625,99
2024-09-19 11:21:27.554,420.0163972775482,1002
2024-09-19 11:21:27.617,419.96762802149607,98
2024-09-19 11:21:27.624,420.00662518236027,99
2024-09-19 11:21:27.655,419.9555272576038,99
2024-09-19 11:21:27.762,419.9900587801463,15
2024-09-19 11:21:27.776,419.9827800090622,98
2024-09-19 11:21:27.782,419.9676617959228,995
2024-09-19 11:21:27.794,420.0012598857295,9
2024-09-19 11:21:27.870,419.9842020991314,1003
2024-09-19 11:21:27.913,420.0089159545838,997
2024-09-19 11:21:27.917,420.0211582530692,8
2024-09-19 11:21:27.950,419.98341035276815,998
2024-09-19 11:21:27.969,419.95168623230137,8
2024-09-19 11:21:27.974,419.95771935759376,102
2024-09-19 11:21:27.996,419.93188133986274,15
2024-09-19 11:21:28.048,420.0258832070361,1000
2024-09-19 11:21:28.066,419.9906239112157,995
2024-09-19 11:21:28.182,420.0015943990228,10
2024-09-19 11:21:28.218,419.97636626192417,1000
2024-09-19 11:21:28.248,420.003517433519,6
2024-09-19 11:21:28.380,420.0301768125447,1001
2024-09-19 11:21:28.449,420.0160456104465,10
2024-09-19 11:21:28.674,419.9826836754927,100
2024-09-19 11:21:28.702,419.9870062431133,1004
2024-09-19 11:21:28.758,419.98105399412174,15
2024-09-19 11:21:29.049,420.0159032556604,15
2024-09-19 11:21:29.120,419.9897298229176,996
2024-09-19 11:21:29.245,420.0281223218949,100
2024-09-19 11:21:29.335,419.9999464004086,9
2024-09-19 11:21:29.384,420.0078866225431,99
2024-09-19 11:21:29.398,420.0150248992532,104
2024-09-19 11:21:29.416,420.0149811931186,96
2024-09-19 11:21:29.598,420.0136209263477,995
2024-09-19 11:21:29.646,420.0125755199781,995
2024-09-19 11:21:29.765,42.00107261284171,8
2024-09-19 11:21:29.815,420.0131108360666,98
2024-09-19 11:21:29.852,420.01251567234186,6
2024-09-19 11:21:29.940,420.01321297871294,105
2024-09-19 11:21:29.998,420.0300069155715,9
2024-09-19 11:21:30.019,420.0249822481516,103
2024-09-19 11:21:30.020,420.0423267232926,1005
2024-09-19 11:21:30.114,420.0370301005236,98
2024-09-19 11:21:30.178,420.05156971474224,1005
2024-09-19 11:21:30.328,420.01406769878304,996
2024-09-19 11:21:30.381,420.0696779157881,15
2024-09-19 11:21:30.420,420.0433061575522,8
2024-09-19 11:21:30.423,420.0820549982228,102
2024-09-19 11:21:30.517,420.0047148608228,96
2024-09-19 11:21:30.584,420.0434976675375,103
2024-09-19 11:21:30.619,420.0432907795596,101
2024-09-19 11:21:30.642,420.0567836129178,95
2024-09-19 11:21:30.709,420.0681936443196,5
2024-09-19 11:21:30.715,420.0736874453637,7
2024-09-19 11:21:30.824,420.03437357267705,1000
2024-09-19 11:21:30.830,420.0188607818088,1003
2024-09-19 11:21:30.864,420.0370414552333,8
2024-09-19 11:21:30.916,420.0325850686256,12
2024-09-19 11:21:30.962,,1000
2024-09-19 11:21:30.977,420.01528442662,95
2024-09-19 11:21:31.039,420.03739563937296,96
2024-09-19 11:21:31.112,420.0472800758765,1004
2024-09-19 11:21:31.128,420.04608315299686,1000
2024-09-19 11:21:31.165,420.0415230298455,10
2024-09-19 11:21:31.406,-420.0626017120472,1004
2024-09-19 11:21:31.420,420.06030980445513,1000
2024-09-19 11:21:31.524,420.0529891292781,1003
2024-09-19 11:21:31.539,420.0229533649537,1000
2024-09-19 11:21:31.575,420.03259329872407,104
2024-09-19 11:21:31.581,,999
2024-09-19 11:21:31.588,420.0593798483169,1001
2024-09-19 11:21:31.627,420.052444847342,998
2024-09-19 11:21:31.641,,995
2024-09-19 11:21:31.661,420.04070402263767,1002
2024-09-19 11:21:31.663,420.0469788098537,96
2024-09-19 11:21:31.668,420.0317989186126,102
2024-09-19 11:21:31.690,420.05007242672593,9
2024-09-19 11:21:31.731,420.0466635384146,999
2024-09-19 11:21:31.748,420.0644393243612,9
2024-09-19 11:21:31.777,420.025915992805,12
2024-09-19 11:21:32.021,420.0462065917184,6
2024-09-19 11:21:32.047,420.065467843977,96
2024-09-19 11:21:32.068,420.09910266489726,95
2024-09-19 11:21:32.080,420.050367427716,99
2024-09-19 11:21:32.081,420.0415392418224,102
2024-09-19 11:21:32.136,420.03790351646586,999
2024-09-19 11:21:32.202,420.08796919381103,100
2024-09-19 11:21:32.213,420.10306385230353,7
2024-09-19 11:21:32.273,420.0901127981946,12
2024-09-19 11:21:32.333,420.0899327776848,996
2024-09-19 11:21:32.347,420.10175545465313,13
2024-09-19 11:21:32.353,420.0433376527208,14
2024-09-19 11:21:32.396,420.1045134118741,1002
2024-09-19 11:21:32.424,420.094712988205,999
2024-09-19 11:21:32.425,,5
2024-09-19 11:21:32.718,420.075729986854,998
2024-09-19 11:21:32.758,420.0813051674899,1005
2024-09-19 11:21:32.773,420.0741732619849,1001
2024-09-19 11:21:32.820,420.0421784607173,103
2024-09-19 11:21:32.832,420.1024532856184,998
2024-09-19 11:21:32.853,420.0723110749248,13
2024-09-19 11:21:32.858,420.07613144606967,997
2024-09-19 11:21:32.883,420.0651159892266,1001
2024-09-19 11:21:32.931,420.0716170303944,102
2024-09-19 11:21:32.999,420.0804066019186,14
2024-09-19 11:21:33.128,42.00627737553026,998
2024-09-19 11:21:33.275,420.0710730566737,11
2024-09-19 11:21:33.455,420.0684538001083,13
2024-09-19 11:21:33.738,420.0580430881608,12
2024-09-19 11:21:33.928,420.074548670401,98
2024-09-19 11:21:33.993,420.0816696170437,996
2024-09-19 11:21:34.213,420.024914533262,1004
2024-09-19 11:21:34.332,420.0288677455228,98
2024-09-19 11:21:34.350,420.03722085443167,1004
2024-09-19 11:21:34.451,420.0254093307048,10
2024-09-19 11:21:34.512,420.05320179129546,1004
2024-09-19 11:21:34.570,420.0816093901653,98
2024-09-19 11:21:34.584,420.0605286198404,998
2024-09-19 11:21:34.647,420.03670292116846,999
2024-09-19 11:21:34.740,420.0699610009977,98
2024-09-19 11:21:34.748,420.04321197602746,105
2024-09-19 11:21:34.807,420.05630264005,998
2024-09-19 11:21:34.829,420.0233310838568,1001
2024-09-19 11:21:34.864,-420.0578564090646,96
2024-09-19 11:21:34.899,420.029914915158,102
2024-09-19 11:21:34.944,420.0398432382736,15
2024-09-19 11:21:34.985,420.0220032739924,998
2024-09-19 11:21:35.022,420.0904487299733,11
2024-09-19 11:21:35.131,420.0879011380912,100
2024-09-19 11:21:35.150,420.08108407250654,1003
2024-09-19 11:21:35.184,420.10818327348176,5
2024-09-19 11:21:35.250,420.09648576713175,996
2024-09-19 11:21:35.318,420.096066696097,104
2024-09-19 11:21:35.620,420.0894206033808,104
2024-09-19 11:21:36.492,420.10614951815313,101
2024-09-19 11:21:36.658,420.09178873032846,995
2024-09-19 11:21:36.833,420.08974734852615,7
2024-09-19 11:21:37.001,420.1338706625023,10
2024-09-19 11:21:37.037,420.10574950573925,997
2024-09-19 11:21:37.093,420.1107685216026,9
2024-09-19 11:21:37.116,420.1304079000453,1004
2024-09-19 11:21:37.124,420.1424765277731,99
2024-09-19 11:21:37.130,420.1547201729457,104
2024-09-19 11:21:37.151,420.1397402578023,999
2024-09-19 11:21:37.237,420.13770239988906,998
2024-09-19 11:21:37.283,420.14442019881017,11
2024-09-19 11:21:37.290,420.1441981903114,1003
2024-09-19 11:21:37.347,420.120095640432,99
2024-09-19 11:21:37.469,420.1680370736373,998
2024-09-19 11:21:37.524,420.1363881307069,8
2024-09-19 11:21:37.562,420.1179730393665,95
2024-09-19 11:21:37.596,420.1289932350854,98
2024-09-19 11:21:37.676,420.1605295286262,102
2024-09-19 11:21:37.691,420.09940824271024,1005
2024-09-19 11:21:37.694,420.0885434040328,99
2024-09-19 11:21:37.726,420.1358490324381,8
2024-09-19 11:21:37.741,420.1358148351725,997
2024-09-19 11:21:37.801,420.1494895533421,1003
2024-09-19 11:21:37.824,420.1647120879142,99
2024-09-19 11:21:37.861,420.1118314577871,996
2024-09-19 11:21:37.872,420.1535452644508,997
2024-09-19 11:21:37.911,420.1218663919792,100
2024-09-19 11:21:37.967,420.1206996235616,1004
2024-09-19 11:21:37.981,420.1534982282314,97
2024-09-19 11:21:37.983,420.143563375402,101
2024-09-19 11:21:38.162,420.1469822081604,101
2024-09-19 11:21:38.409,420.1249863969422,11
2024-09-19 11:21:38.463,420.1473687756008,1002
2024-09-19 11:21:38.492,420.16879705366887,9
2024-09-19 11:21:38.589,420.13434812835465,999
2024-09-19 11:21:38.641,420.13316396265833,1005
2024-09-19 11:21:38.674,420.123943229057,98
2024-09-19 11:21:38.759,420.1236032526268,5
2024-09-19 11:21:38.897,420.1297301733619,10
2024-09-19 11:21:39.079,420.1506505173023,1001
2024-09-19 11:21:39.418,420.1678241158998,1002
2024-09-19 11:21:39.613,420.1570333019775,11
2024-09-19 11:21:39.628,420.1683848118071,97
2024-09-19 11:21:39.630,420.1706894444983,15
2024-09-19 11:21:40.072,420.1981654281672,14
2024-09-19 11:21:40.391,420.1668942045301,10
2024-09-19 11:21:40.537,420.1947448830215,998
2024-09-19 11:21:40.541,420.2213962026651,13
2024-09-19 11:21:40.890,420.2176200665768,1003
2024-09-19 11:21:41.013,420.2519123775582,997
2024-09-19 11:21:41.144,420.2350365058776,1005
2024-09-19 11:21:41.218,420.2369508042916,15
2024-09-19 11:21:41.261,420.2270599256513,1001
2024-09-19 11:21:41.265,420.2121908718853,12
2024-09-19 11:21:41.403,420.242073833196,102
2024-09-19 11:21:41.417,420.22682915857513,5
2024-09-19 11:21:41.425,420.2456990368,15
2024-09-19 11:21:41.507,420.2292029243261,9
2024-09-19 11:21:41.512,420.2069598881084,101
2024-09-19 11:21:41.594,420.22422510050166,997
2024-09-19 11:21:41.611,420.26885188889526,997
2024-09-19 11:21:41.655,420.1956083742969,995
2024-09-19 11:21:41.767,-420.2254530423264,1002
2024-09-19 11:21:41.828,420.2397553283863,7
2024-09-19 11:21:41.885,420.2479023452952,105
2024-09-19 11:21:42.311,420.2201803830984,15
2024-09-19 11:21:42.342,420.2346681736871,5
2024-09-19 11:21:42.392,420.22606837121873,1004
2024-09-19 11:21:42.454,420.2363604105892,7
2024-09-19 11:21:42.666,420.23503108669496,5
2024-09-19 11:21:42.721,420.2207986661373,97
2024-09-19 11:21:42.949,420.22376859815,13
2024-09-19 11:21:43.029,420.2367592514056,1000
2024-09-19 11:21:43.039,420.22890754346827,105
2024-09-19 11:21:43.165,420.2435248611763,8
2024-09-19 11:21:43.255,420.2363024287995,104
2024-09-19 11:21:43.424,,10
2024-09-19 11:21:43.454,420.2341691387928,14
2024-09-19 11:21:43.469,420.2257112437918,997
2024-09-19 11:21:43.616,420.24032606393104,97
2024-09-19 11:21:43.621,420.2585471037204,11
2024-09-19 11:21:43.764,420.2423558408222,104
2024-09-19 11:21:43.782,420.2442894117741,103
2024-09-19 11:21:43.934,420.2404861687038,1000
2024-09-19 11:21:44.062,420.1976282833973,100
2024-09-19 11:21:44.117,420.20470789425616,5
2024-09-19 11:21:44.171,420.2307211306445,5
2024-09-19 11:21:44.180,420.20605743404576,1003
2024-09-19 11:21:44.247,420.2039504638847,101
2024-09-19 11:21:44.342,420.2148991484443,1000
2024-09-19 11:21:44.385,420.2209374247129,99
2024-09-19 11:21:44.411,420.2229373539739,100
2024-09-19 11:21:44.417,420.2205484634942,997
2024-09-19 11:21:44.630,-420.19510561182767,9
2024-09-19 11:21:44.642,420.20779245143433,996
2024-09-19 11:21:44.928,420.2006078263952,996
2024-09-19 11:21:44.933,420.2091844444849,996
2024-09-19 11:21:45.141,420.1915393325892,103
2024-09-19 11:21:45.601,420.1997437832785,103
2024-09-19 11:21:45.666,420.192065429642,104
2024-09-19 11:21:46.028,420.1530181413123,102
2024-09-19 11:21:46.056,420.1539200930776,105
2024-09-19 11:21:46.064,420.1884950788297,5
2024-09-19 11:21:46.068,420.1925130549585,99
2024-09-19 11:21:46.094,420.1257817641447,996
2024-09-19 11:21:46.110,420.15831210029415,101
2024-09-19 11:21:46.152,420.1488660818227,9
2024-09-19 11:21:46.213,,15
2024-09-19 11:21:46.234,420.1380300401997,101
2024-09-19 11:21:46.327,420.18066721884657,1000
2024-09-19 11:21:46.333,420.1390829254707,1001
2024-09-19 11:21:46.338,420.1631999426988,6
2024-09-19 11:21:46.407,42.02012804966508,998
2024-09-19 11:21:46.534,420.128795779522,13
2024-09-19 11:21:46.574,420.1870923666661,14
2024-09-19 11:21:46.590,420.12759576724346,998
2024-09-19 11:21:46.639,420.1463180739468,999
2024-09-19 11:21:46.640,420.1284606608637,9
2024-09-19 11:21:46.641,420.1535426772407,15
2024-09-19 11:21:46.647,420.14886968014974,97
2024-09-19 11:21:46.689,420.1436757186114,15
2024-09-19 11:21:46.775,420.1860049173317,998
2024-09-19 11:21:46.796,420.1524311800634,102
2024-09-19 11:21:46.803,420.1408419170588,95
2024-09-19 11:21:46.871,420.16113209651536,102
2024-09-19 11:21:46.924,420.1487656234783,13
2024-09-19 11:21:46.931,420.1860362296609,12
2024-09-19 11:21:46.954,420.1950783897869,996
2024-09-19 11:21:47.025,420.16885674274,996
2024-09-19 11:21:47.052,420.144513509106,102
2024-09-19 11:21:47.089,420.2111272158463,105
2024-09-19 11:21:47.105,420.1464699191682,7
2024-09-19 11:21:47.121,420.1703167860389,12
2024-09-19 11:21:47.159,420.1690807772401,97
2024-09-19 11:21:47.227,420.12620100907145,999
2024-09-19 11:21:47.230,420.1220013258134,97
2024-09-19 11:21:47.284,420.2003951146421,1004
2024-09-19 11:21:47.340,420.238786686748,999
2024-09-19 11:21:47.374,420.15109462622246,999
2024-09-19 11:21:47.386,420.1697875798487,102
2024-09-19 11:21:47.448,420.1335932819492,1004
2024-09-19 11:21:47.534,420.1890806614475,11
2024-09-19 11:21:47.540,420.1785409131034,15
2024-09-19 11:21:47.623,420.16502900011545,103
2024-09-19 11:21:47.626,420.1824948868702,997
2024-09-19 11:21:47.696,420.21632071084144,14
2024-09-19 11:21:47.781,420.2477149973809,995
2024-09-19 11:21:47.781,420.1665574942783,8
2024-09-19 11:21:47.792,420.1765566864757,5
2024-09-19 11:21:47.797,420.17953675076313,14
2024-09-19 11:21:47.872,420.1751265146424,995
2024-09-19 11:21:47.918,420.2104884030724,9
2024-09-19 11:21:47.947,420.1729164043707,1004
2024-09-19 11:21:47.961,420.1743001781981,1003
2024-09-19 11:21:47.980,420.1935420362976,12
2024-09-19 11:21:48.072,42.02345889843921,996
2024-09-19 11:21:48.126,420.2258506097433,12
2024-09-19 11:21:48.150,420.2308504428074,6
2024-09-19 11:21:48.158,420.2434715113046,15
2024-09-19 11:21:48.190,420.2152539043548,996
2024-09-19 11:21:48.270,420.2179129691181,1003
2024-09-19 11:21:48.271,420.25047906089145,99
2024-09-19 11:21:48.416,420.190218704432,101
2024-09-19 11:21:48.441,420.2273121036833,1001
2024-09-19 11:21:48.456,420.222445323627,1001
2024-09-19 11:21:48.471,420.2565241762931,101
2024-09-19 11:21:48.480,420.167710990926,6
2024-09-19 11:21:48.497,420.1965582483269,8
2024-09-19 11:21:48.502,420.1643329527399,102
2024-09-19 11:21:48.647,420.23572218160245,10
2024-09-19 11:21:48.654,420.2510644363132,97
2024-09-19 11:21:48.737,420.2298111295953,996
2024-09-19 11:21:48.739,420.2311947490684,5
2024-09-19 11:21:48.767,420.2218038556766,100
2024-09-19 11:21:48.801,420.2545072741362,99
2024-09-19 11:21:48.809,,13
2024-09-19 11:21:48.834,420.2135999983,95
2024-09-19 11:21:48.862,420.2433355985514,105
2024-09-19 11:21:48.933,420.1657815802486,100
2024-09-19 11:21:49.192,420.1322778659165,102
2024-09-19 11:21:49.202,420.1335456528717,10
2024-09-19 11:21:49.324,420.1471020439177,98
2024-09-19 11:21:49.332,420.1226042431176,997
2024-09-19 11:21:49.387,420.1266053366066,996
2024-09-19 11:21:49.447,420.186089517019,997
2024-09-19 11:21:49.456,420.1966972776847,10
2024-09-19 11:21:49.563,420.1360524930321,103
2024-09-19 11:21:49.566,420.19926938327137,9
2024-09-19 11:21:49.612,420.1204862711702,99
2024-09-19 11:21:49.760,420.1376877426986,995
2024-09-19 11:21:49.791,420.1923286440969,8
2024-09-19 11:21:49.831,420.1719243297486,97
2024-09-19 11:21:49.932,420.1735904378562,104
2024-09-19 11:21:50.042,420.1385675298455,15
2024-09-19 11:21:50.166,420.1291440899527,14
2024-09-19 11:21:50.224,420.1109480062446,10
2024-09-19 11:21:50.294,420.1155454944144,96
2024-09-19 11:21:50.343,420.09722891090144,99
2024-09-19 11:21:50.375,420.120619171344,999
2024-09-19 11:21:50.412,420.1245073459172,105
2024-09-19 11:21:50.430,420.0976331211632,102
2024-09-19 11:21:50.474,420.12078009926864,101
2024-09-19 11:21:50.553,420.10117988446194,999
2024-09-19 11:21:50.632,420.1428661165971,1000
2024-09-19 11:21:50.661,420.1239863252833,1003
2024-09-19 11:21:50.662,420.1430579581685,97
2024-09-19 11:21:50.680,420.1254487176641,996
2024-09-19 11:21:50.816,420.10373644478415,7
2024-09-19 11:21:50.821,420.1557205811956,998
2024-09-19 11:21:50.838,420.12501564993534,102
2024-09-19 11:21:50.851,420.098188654032,97
2024-09-19 11:21:50.872,420.10443812278,103
2024-09-19 11:21:50.902,42.0132760327939,6
2024-09-19 11:21:50.911,420.1373841834842,96
2024-09-19 11:21:50.957,420.1504386953978,97
2024-09-19 11:21:51.017,420.0740320966567,104
2024-09-19 11:21:51.107,420.0699674849312,104
2024-09-19 11:21:51.155,420.1032181401606,101
2024-09-19 11:21:51.182,420.06899957186647,1000
2024-09-19 11:21:51.223,420.0941624011394,996
2024-09-19 11:21:51.224,420.0660486354821,103
2024-09-19 11:21:51.247,420.0956552943157,14
2024-09-19 11:21:51.288,420.09063626769625,102
2024-09-19 11:21:51.310,420.0629916554961,8
2024-09-19 11:21:51.413,420.0934133468589,102
2024-09-19 11:21:51.465,420.0654290611981,98
2024-09-19 11:21:51.486,420.0656663029188,99
2024-09-19 11:21:51.487,420.0651307288642,102
2024-09-19 11:21:51.544,420.1015012716487,1000
2024-09-19 11:21:51.550,42.007458674107056,99
2024-09-19 11:21:51.608,420.0670706785611,95
2024-09-19 11:21:51.690,420.0877848875918,995
2024-09-19 11:21:51.697,420.055794947251,998
2024-09-19 11:21:51.698,420.0793081090213,14
2024-09-19 11:21:51.758,420.0861967575709,1005
2024-09-19 11:21:51.810,420.0752335313055,1004
2024-09-19 11:21:51.814,420.0743959441536,102
2024-09-19 11:21:51.821,420.0718412743531,103
2024-09-19 11:21:51.830,420.06878743181886,1003
2024-09-19 11:21:51.866,420.0938151486292,1005
2024-09-19 11:21:51.881,420.0859765041051,14
2024-09-19 11:21:51.927,420.0841285385046,104
2024-09-19 11:21:51.958,,102
2024-09-19 11:21:51.968,420.08158681771874,999
2024-09-19 11:21:51.978,420.12390935580464,104
2024-09-19 11:21:52.138,,1004
2024-09-19 11:21:52.227,420.15129783259255,996
2024-09-19 11:21:52.239,420.1396829243236,998
2024-09-19 11:21:52.284,420.1167524909565,15
2024-09-19 11:21:52.332,420.1138005399627,15
2024-09-19 11:21:52.412,420.14902087055617,1004
2024-09-19 11:21:52.630,420.1291740169342,995
2024-09-19 11:21:52.714,420.1419227367899,1005
2024-09-19 11:21:52.764,420.1060734429291,105
2024-09-19 11:21:52.818,420.1348254275076,1000
2024-09-19 11:21:52.830,420.1396143029544,95
2024-09-19 11:21:52.833,420.11489575199903,6
2024-09-19 11:21:52.965,420.120764849194,102
2024-09-19 11:21:53.209,420.0889676791782,104
2024-09-19 11:21:53.503,420.07937722073655,998
2024-09-19 11:21:53.513,420.1106002053816,104
2024-09-19 11:21:53.514,420.1123479312264,13
2024-09-19 11:21:53.677,420.0797096762525,101
2024-09-19 11:21:53.701,420.0797467581288,103
2024-09-19 11:21:53.727,420.0960617251821,6
2024-09-19 11:21:53.753,420.0923921800119,13
2024-09-19 11:21:53.830,420.0741551982403,101
2024-09-19 11:21:53.939,420.1038626828717,6
2024-09-19 11:21:54.014,420.0833227012024,15
2024-09-19 11:21:54.043,420.1023477310314,96
2024-09-19 11:21:54.051,420.1200629780761,96
2024-09-19 11:21:54.062,420.1197213722985,13
2024-09-19 11:21:54.062,420.05927029642646,5
2024-09-19 11:21:54.121,420.0995797767019,7
2024-09-19 11:21:54.137,420.064398020879,8
2024-09-19 11:21:54.148,420.1318026616768,11
2024-09-19 11:21:54.169,420.0880779446724,995
2024-09-19 11:21:54.275,420.1159390347417,1005
2024-09-19 11:21:54.300,420.1018867284092,98
2024-09-19 11:21:54.305,420.10235774560687,102
2024-09-19 11:21:54.342,420.0933493057639,14
2024-09-19 11:21:54.353,420.1171073937697,14
2024-09-19 11:21:54.362,420.1133915510094,95
2024-09-19 11:21:54.391,420.1053858657364,8
2024-09-19 11:21:54.455,420.1161841445386,12
2024-09-19 11:21:54.459,420.09103490777824,999
2024-09-19 11:21:54.540,420.0532156981732,9
2024-09-19 11:21:54.551,420.1110210504428,13
2024-09-19 11:21:54.642,420.1080786853826,5
2024-09-19 11:21:54.687,420.0944320284705,1001
2024-09-19 11:21:54.710,420.111327032812,8
2024-09-19 11:21:54.759,420.11614048225687,9
2024-09-19 11:21:54.810,420.1145858582236,997
2024-09-19 11:21:54.819,420.0902925053339,996
2024-09-19 11:21:54.877,420.1142309505328,1005
2024-09-19 11:21:54.950,420.0950897501524,105
2024-09-19 11:21:54.989,420.084598144603,96
2024-09-19 11:21:55.036,420.1253416759228,12
2024-09-19 11:21:55.047,420.1154417922002,99
2024-09-19 11:21:55.126,420.1113788639127,105
2024-09-19 11:21:55.260,420.11481792630457,997
2024-09-19 11:21:55.275,420.1199794276519,99
2024-09-19 11:21:55.276,420.112153891641,1005
2024-09-19 11:21:55.344,420.1411877731715,13
2024-09-19 11:21:55.496,420.10465506306406,105
2024-09-19 11:21:55.568,420.1128829202441,104
2024-09-19 11:21:55.612,420.1057851361997,96
2024-09-19 11:21:55.627,420.1138728022326,1001
2024-09-19 11:21:55.679,420.10609842853086,8
2024-09-19 11:21:55.694,420.1157385811469,999
2024-09-19 11:21:55.835,420.12634543952606,7
2024-09-19 11:21:55.857,420.10817546467854,996
2024-09-19 11:21:55.858,420.1278243543984,996
2024-09-19 11:21:55.864,420.1003408733243,98
2024-09-19 11:21:55.942,420.1317945167446,99
2024-09-19 11:21:55.990,420.1147337935244,5
2024-09-19 11:21:56.046,420.09185375186746,101
2024-09-19 11:21:56.060,420.1893838509986,9
2024-09-19 11:21:56.073,420.1785603344647,10
2024-09-19 11:21:56.094,420.1703892961976,100
2024-09-19 11:21:56.096,420.139341472398,99
2024-09-19 11:21:56.279,420.1254412733816,7
2024-09-19 11:21:56.342,420.1406061161005,100
2024-09-19 11:21:56.368,420.08321388695833,14
2024-09-19 11:21:56.393,420.1138834180604,99
2024-09-19 11:21:56.411,420.1475143304386,13
2024-09-19 11:21:56.498,420.1504813284165,6
2024-09-19 11:21:56.511,420.0975545591208,995
2024-09-19 11:21:56.529,420.1487359990951,999
2024-09-19 11:21:56.550,420.0902951317689,97
2024-09-19 11:21:56.551,420.08208326231824,9
2024-09-19 11:21:56.620,420.16471381820935,14
2024-09-19 11:21:56.634,420.15387697917913,102
2024-09-19 11:21:56.646,420.1253228726839,998
2024-09-19 11:21:56.747,420.139293377646,1004
2024-09-19 11:21:56.748,420.1337795890115,99
2024-09-19 11:21:56.779,420.0894238131704,102
2024-09-19 11:21:56.825,420.0951207063433,96
2024-09-19 11:21:56.886,420.1420239208655,9
2024-09-19 11:21:56.917,420.1299088124079,104
2024-09-19 11:21:56.926,420.1397085261861,103
2024-09-19 11:21:56.973,420.1054664931036,999
2024-09-19 11:21:57.048,420.1874422285748,998
2024-09-19 11:21:57.103,42.01839226514582,105
2024-09-19 11:21:57.373,420.2034563650913,1000
2024-09-19 11:21:57.391,420.1959995960832,96
2024-09-19 11:21:57.396,420.22740852717857,9
2024-09-19 11:21:57.406,420.18496467339793,105
2024-09-19 11:21:57.451,420.21564934208254,1005
2024-09-19 11:21:57.465,420.195713555292,7
2024-09-19 11:21:57.502,420.195246787384,5
2024-09-19 11:21:57.540,420.1801010632631,9
2024-09-19 11:21:57.548,420.18021968620303,9
2024-09-19 11:21:57.574,420.20067274958586,5
2024-09-19 11:21:57.618,420.1892957108594,97
2024-09-19 11:21:57.771,420.19007663295895,995
2024-09-19 11:21:57.926,420.2062861269326,8
2024-09-19 11:21:57.961,420.1984015610008,11
2024-09-19 11:21:58.058,420.2227915028564,7
2024-09-19 11:21:58.070,420.19360062094825,103
2024-09-19 11:21:58.075,420.2253138095224,995
2024-09-19 11:21:58.105,420.22638395557647,6
2024-09-19 11:21:58.186,420.2074347064889,996
2024-09-19 11:21:58.235,420.1980414865345,97
2024-09-19 11:21:58.245,420.243671996771,7
2024-09-19 11:21:58.296,420.2136383391238,8
2024-09-19 11:21:58.332,420.20613631684176,5
2024-09-19 11:21:58.388,420.21704432090496,997
2024-09-19 11:21:58.403,420.22598386162224,10
2024-09-19 11:21:58.423,420.2393572433232,14
2024-09-19 11:21:58.475,420.2276034417668,9
2024-09-19 11:21:58.542,420.2132692972681,996
2024-09-19 11:21:58.545,420.2239893967207,15
2024-09-19 11:21:58.559,420.1999342412032,5
2024-09-19 11:21:58.597,420.21452139004913,14
2024-09-19 11:21:58.707,-420.2096554547849,99
2024-09-19 11:21:58.734,-420.20936637684713,103
2024-09-19 11:21:58.736,420.22242822040033,5
2024-09-19 11:21:58.762,420.2047657335114,997
2024-09-19 11:21:58.856,420.22507942188287,12
2024-09-19 11:21:58.935,420.197555049106,1001
2024-09-19 11:21:58.968,420.2120903150982,995
2024-09-19 11:21:59.072,420.2270326737092,1000
2024-09-19 11:21:59.211,420.2016216145473,7
2024-09-19 11:21:59.237,420.2333958801168,6
2024-09-19 11:21:59.324,420.21789051959854,1004
2024-09-19 11:21:59.389,420.2229128517855,1005
2024-09-19 11:21:59.649,420.2378470585301,13
2024-09-19 11:21:59.672,420.2086415979834,995
2024-09-19 11:21:59.765,420.216303924282,995
2024-09-19 11:21:59.968,420.2110718032728,1002
