Timestamp,Price,Size
2024-09-20 11:05:00.018,426.13635765439705,97
2024-09-20 11:05:00.041,426.1268915242766,995
2024-09-20 11:05:00.088,426.14348097089845,98
2024-09-20 11:05:00.165,426.14404059870645,105
2024-09-20 11:05:00.191,426.165434411221,1000
2024-09-20 11:05:00.199,426.1527986709992,6
2024-09-20 11:05:00.234,,103
2024-09-20 11:05:00.254,426.1376559032578,8
2024-09-20 11:05:00.305,426.1029225196144,99
2024-09-20 11:05:00.323,426.1402081765297,13
2024-09-20 11:05:00.346,426.1256531724303,1001
2024-09-20 11:05:00.421,426.1544703643816,11
2024-09-20 11:05:00.461,426.144630709276,8
2024-09-20 11:05:00.505,426.1158586856532,998
2024-09-20 11:05:00.517,426.1579752214178,998
2024-09-20 11:05:00.548,426.1165301098286,996
2024-09-20 11:05:00.564,426.1523371613651,8
2024-09-20 11:05:00.581,426.15371167469647,14
2024-09-20 11:05:00.600,426.1603521885842,1003
2024-09-20 11:05:00.708,426.1135571675699,1000
2024-09-20 11:05:00.725,426.1436016369889,1003
2024-09-20 11:05:00.757,426.1330704651048,6
2024-09-20 11:05:00.781,426.11603591895926,9
2024-09-20 11:05:00.798,426.1610605976453,1003
2024-09-20 11:05:00.813,426.12747091251066,6
2024-09-20 11:05:00.824,426.1245043577565,1005
2024-09-20 11:05:00.921,426.1293698227214,95
2024-09-20 11:05:00.960,426.1104190952215,6
2024-09-20 11:05:01.069,-426.11056313707184,105
2024-09-20 11:05:01.753,426.1059657806329,1001
2024-09-20 11:05:01.793,426.1136600660251,6
2024-09-20 11:05:01.878,426.0885685420476,99
2024-09-20 11:05:01.961,426.0968695680156,996
2024-09-20 11:05:02.008,426.08726174970417,10
2024-09-20 11:05:02.109,426.1215076117497,100
2024-09-20 11:05:02.144,426.0570881682399,996
2024-09-20 11:05:02.276,426.0523954843866,7
2024-09-20 11:05:02.292,42.60788042448703,1000
2024-09-20 11:05:02.294,426.014366627125,10
2024-09-20 11:05:02.312,425.9926509051276,8
2024-09-20 11:05:02.330,426.0650278488261,1005
2024-09-20 11:05:02.342,426.02983930274,96
2024-09-20 11:05:02.382,426.00683162157856,95
2024-09-20 11:05:02.456,426.1105853892652,99
2024-09-20 11:05:02.569,42.60796821489467,10
2024-09-20 11:05:02.629,426.0435094933061,14
2024-09-20 11:05:02.633,426.0443101402927,102
2024-09-20 11:05:02.637,426.02208482948697,12
2024-09-20 11:05:02.693,426.1153178391103,99
2024-09-20 11:05:02.707,426.0606089300156,996
2024-09-20 11:05:02.757,426.0461775259778,9
2024-09-20 11:05:02.763,426.0248503421604,95
2024-09-20 11:05:02.788,426.05443104497886,1003
2024-09-20 11:05:02.794,426.093004514086,97
2024-09-20 11:05:02.949,425.99445215074593,5
2024-09-20 11:05:02.950,426.0093431836619,13
2024-09-20 11:05:02.995,426.1264829071407,998
2024-09-20 11:05:03.286,425.9625299750619,8
2024-09-20 11:05:03.451,425.93965338738406,98
2024-09-20 11:05:03.475,425.9680287039164,1000
2024-09-20 11:05:03.866,425.9392762547957,1002
2024-09-20 11:05:03.906,425.98971357897386,996
2024-09-20 11:05:04.042,425.9849249761016,8
2024-09-20 11:05:04.074,425.973358658538,101
2024-09-20 11:05:04.126,425.9887357566699,103
2024-09-20 11:05:04.136,426.01771885671167,1002
2024-09-20 11:05:04.159,425.9731179690125,996
2024-09-20 11:05:04.180,425.9669431678393,1003
2024-09-20 11:05:04.198,425.97744019868304,11
2024-09-20 11:05:04.219,426.01069309091946,104
2024-09-20 11:05:04.268,425.9842641166308,102
2024-09-20 11:05:04.344,425.9962028350243,100
2024-09-20 11:05:04.422,425.9715940998527,99
2024-09-20 11:05:04.545,425.98087628027287,998
2024-09-20 11:05:04.548,425.9889485036829,105
2024-09-20 11:05:04.621,425.96236586134165,11
2024-09-20 11:05:04.639,425.9833393956145,95
2024-09-20 11:05:04.655,425.990429313448,995
2024-09-20 11:05:04.677,425.9876489641436,103
2024-09-20 11:05:04.714,-426.0244529033715,8
2024-09-20 11:05:04.731,425.98372410935895,999
2024-09-20 11:05:04.766,425.9825573962185,1001
2024-09-20 11:05:04.915,425.9844449557956,14
2024-09-20 11:05:04.923,426.001503818981,13
2024-09-20 11:05:04.945,425.9948745331107,1000
2024-09-20 11:05:05.271,425.9914341103436,11
2024-09-20 11:05:05.496,425.9980930431733,9
2024-09-20 11:05:05.556,426.00816044577385,8
2024-09-20 11:05:05.653,426.0015981868793,1001
2024-09-20 11:05:05.833,426.0097115736008,11
2024-09-20 11:05:06.037,425.972000751366,97
2024-09-20 11:05:06.075,426.0146151026052,10
2024-09-20 11:05:06.282,425.9694958901852,1001
2024-09-20 11:05:06.547,426.0036318279385,1002
2024-09-20 11:05:06.580,426.0054532473666,102
2024-09-20 11:05:07.052,426.01527433376106,1002
2024-09-20 11:05:07.123,426.01714405786015,10
2024-09-20 11:05:07.130,426.0284823774051,95
2024-09-20 11:05:07.222,426.0329798685515,13
2024-09-20 11:05:07.288,425.9961681950604,1002
2024-09-20 11:05:07.300,426.0193449954666,105
2024-09-20 11:05:07.357,426.00873057702336,997
2024-09-20 11:05:07.438,426.0062467099164,996
2024-09-20 11:05:07.566,426.00095833049846,1004
2024-09-20 11:05:07.618,425.9729370002566,12
2024-09-20 11:05:07.665,426.0010851810634,999
2024-09-20 11:05:07.667,426.03777095085513,11
2024-09-20 11:05:07.698,425.9844008174308,99
2024-09-20 11:05:07.828,426.01100662208455,1001
2024-09-20 11:05:07.853,426.0253878309429,6
2024-09-20 11:05:07.902,426.0330787841978,98
2024-09-20 11:05:07.921,426.0097280077092,97
2024-09-20 11:05:07.943,425.9991291476945,14
2024-09-20 11:05:07.988,426.0355763298991,104
2024-09-20 11:05:08.032,425.9896333485333,97
2024-09-20 11:05:08.048,425.97792721730514,104
2024-09-20 11:05:08.059,426.0019911006576,103
2024-09-20 11:05:08.065,425.9846717390507,7
2024-09-20 11:05:08.089,425.96127332293975,104
2024-09-20 11:05:08.167,425.9980948327393,999
2024-09-20 11:05:08.176,426.0092521210802,1000
2024-09-20 11:05:08.210,425.95981701656245,105
2024-09-20 11:05:08.340,425.9707320203816,1001
2024-09-20 11:05:08.370,425.9611547569816,6
2024-09-20 11:05:08.384,425.9861922643138,1005
2024-09-20 11:05:08.402,425.9684521131148,8
2024-09-20 11:05:08.463,426.0054208610666,103
2024-09-20 11:05:08.490,425.9620237874795,98
2024-09-20 11:05:08.527,426.0188495256948,1001
2024-09-20 11:05:08.544,425.994858100776,99
2024-09-20 11:05:08.568,425.9750234861609,96
2024-09-20 11:05:08.600,,999
2024-09-20 11:05:08.655,426.0072187248378,102
2024-09-20 11:05:08.847,425.9586793853174,8
2024-09-20 11:05:08.851,425.9846271142092,6
2024-09-20 11:05:09.008,425.99880306588005,13
2024-09-20 11:05:09.028,425.9956939246872,104
2024-09-20 11:05:09.420,426.0341775679291,6
2024-09-20 11:05:09.566,426.0255941803378,100
2024-09-20 11:05:09.727,425.9981154430379,10
2024-09-20 11:05:09.776,426.00691799149786,11
2024-09-20 11:05:09.781,426.0074659934961,97
2024-09-20 11:05:09.793,426.0353510224692,8
2024-09-20 11:05:09.993,426.019399207225,1001
2024-09-20 11:05:10.085,426.0076061027498,105
2024-09-20 11:05:10.243,426.010599511637,1005
2024-09-20 11:05:10.569,426.0040064283778,95
2024-09-20 11:05:11.040,426.0241751284698,1003
2024-09-20 11:05:11.062,426.02109054424943,104
2024-09-20 11:05:11.067,426.0060707841442,98
2024-09-20 11:05:11.583,425.9935252568597,1000
2024-09-20 11:05:11.765,426.0429785004118,96
2024-09-20 11:05:11.895,426.0017187688261,996
2024-09-20 11:05:11.922,425.99818838350143,99
2024-09-20 11:05:11.961,426.0202749569509,9
2024-09-20 11:05:11.991,426.0055977698632,1005
2024-09-20 11:05:12.037,425.9671348206744,15
2024-09-20 11:05:12.099,425.96440736606354,996
2024-09-20 11:05:12.158,425.9861052795456,1001
2024-09-20 11:05:12.195,425.97046689222174,104
2024-09-20 11:05:12.249,425.9775093346916,7
2024-09-20 11:05:12.272,425.9585221685485,100
2024-09-20 11:05:12.326,425.9723184726013,6
2024-09-20 11:05:12.346,425.9499748650268,105
2024-09-20 11:05:12.377,426.0024753935415,5
2024-09-20 11:05:12.386,425.9611810980812,104
2024-09-20 11:05:12.403,425.9856313022748,12
2024-09-20 11:05:12.411,425.96573331910326,14
2024-09-20 11:05:12.505,426.0141021947519,13
2024-09-20 11:05:12.590,425.9771030821013,10
2024-09-20 11:05:12.599,426.0166665959215,97
2024-09-20 11:05:12.765,425.9893053414645,12
2024-09-20 11:05:12.840,425.9874229492957,99
2024-09-20 11:05:12.849,425.9692724100894,7
2024-09-20 11:05:12.858,425.9435157811868,1005
2024-09-20 11:05:12.885,425.9791775013279,5
2024-09-20 11:05:12.975,425.9388461054887,7
2024-09-20 11:05:14.056,425.9264013533564,1002
2024-09-20 11:05:14.077,425.9433386231828,10
2024-09-20 11:05:14.087,425.92291784245975,996
2024-09-20 11:05:14.115,425.9367954882164,14
2024-09-20 11:05:14.132,425.94001545851785,1004
2024-09-20 11:05:14.165,425.93426110475673,96
2024-09-20 11:05:14.189,425.9425008428272,9
2024-09-20 11:05:14.263,425.93773200252735,13
2024-09-20 11:05:14.338,425.9362753654493,999
2024-09-20 11:05:14.381,425.9380364845211,1002
2024-09-20 11:05:14.400,425.9181777913264,14
2024-09-20 11:05:14.451,425.93542434435744,997
2024-09-20 11:05:14.479,425.93054762650365,996
2024-09-20 11:05:14.542,425.9368963622169,15
2024-09-20 11:05:14.660,425.9128028615105,1004
2024-09-20 11:05:14.712,425.9103134760618,998
2024-09-20 11:05:14.793,425.9121516171722,5
2024-09-20 11:05:14.857,425.9360782500004,1004
2024-09-20 11:05:14.910,425.9315592151728,1004
2024-09-20 11:05:14.939,425.9125968584098,5
2024-09-20 11:05:14.985,425.9295874844442,7
2024-09-20 11:05:14.996,425.92610974563655,102
2024-09-20 11:05:15.001,425.9171350876107,1004
2024-09-20 11:05:15.089,425.9171017691977,1002
2024-09-20 11:05:15.228,425.87782541321,12
2024-09-20 11:05:15.267,425.9306299255495,1004
2024-09-20 11:05:15.280,425.9455775954451,1002
2024-09-20 11:05:15.281,425.9343573047829,11
2024-09-20 11:05:15.404,425.9330683180523,102
2024-09-20 11:05:15.463,425.8863547961884,105
2024-09-20 11:05:15.484,425.9489477682741,100
2024-09-20 11:05:15.594,425.95645464110623,11
2024-09-20 11:05:15.742,425.90891802345215,100
2024-09-20 11:05:15.793,425.8867371851188,9
2024-09-20 11:05:15.979,425.9185359275443,9
2024-09-20 11:05:16.013,425.8537489212002,10
2024-09-20 11:05:16.104,425.8840584282736,104
2024-09-20 11:05:16.130,425.8922668141725,996
2024-09-20 11:05:16.223,425.8856174619144,13
2024-09-20 11:05:16.313,425.85009460020297,1005
2024-09-20 11:05:16.333,425.88175099559993,997
2024-09-20 11:05:16.370,425.8812530675109,1000
2024-09-20 11:05:16.434,425.8862104510214,1000
2024-09-20 11:05:16.517,425.9068004928203,998
2024-09-20 11:05:16.542,425.883926063588,105
2024-09-20 11:05:16.587,425.8641581633413,9
2024-09-20 11:05:16.607,425.9000779414264,103
2024-09-20 11:05:16.698,425.8563631920676,11
2024-09-20 11:05:16.842,425.8431935387785,95
2024-09-20 11:05:16.844,425.8840708008351,1001
2024-09-20 11:05:16.901,425.87497727106734,101
2024-09-20 11:05:16.940,425.8739765123809,14
2024-09-20 11:05:17.060,425.9048568888799,101
2024-09-20 11:05:17.068,425.8994297362583,999
2024-09-20 11:05:17.084,425.9113817285743,1002
2024-09-20 11:05:17.084,425.8874824332569,101
2024-09-20 11:05:17.109,425.8983928757809,97
2024-09-20 11:05:17.160,425.9084423244398,996
2024-09-20 11:05:17.173,425.8977038952877,997
2024-09-20 11:05:17.208,425.9304536315218,998
2024-09-20 11:05:17.254,425.9016515729805,100
2024-09-20 11:05:17.280,425.9316951649008,1003
2024-09-20 11:05:17.303,425.9108372576487,15
2024-09-20 11:05:17.349,425.9100489984016,11
2024-09-20 11:05:17.493,425.9041316615352,103
2024-09-20 11:05:17.508,425.9103087748786,104
2024-09-20 11:05:17.528,425.8903727573865,103
2024-09-20 11:05:17.591,425.89221405577314,9
2024-09-20 11:05:17.616,425.9093930139112,1002
2024-09-20 11:05:17.713,425.8977668487796,1001
2024-09-20 11:05:17.721,425.88432791912976,9
2024-09-20 11:05:17.728,425.8855359665821,1000
2024-09-20 11:05:17.800,425.8900075826095,13
2024-09-20 11:05:18.130,425.8558191661437,104
2024-09-20 11:05:18.158,425.8600089432237,1002
2024-09-20 11:05:18.241,425.8719527555156,7
2024-09-20 11:05:18.520,425.8449877794926,100
2024-09-20 11:05:18.585,425.8847650498816,15
2024-09-20 11:05:18.734,425.8705496531658,1002
2024-09-20 11:05:18.765,425.8498459486734,6
2024-09-20 11:05:18.815,425.8901081050879,995
2024-09-20 11:05:19.064,425.8459758372968,13
2024-09-20 11:05:19.120,425.9165485404927,96
2024-09-20 11:05:19.133,425.8948029712585,1001
2024-09-20 11:05:19.351,425.8543658548512,1003
2024-09-20 11:05:19.386,425.87630019209,1001
2024-09-20 11:05:19.470,425.915880039932,1001
2024-09-20 11:05:19.715,425.89771484043627,101
2024-09-20 11:05:19.785,425.8329167946189,1003
2024-09-20 11:05:19.865,425.8436635294201,12
2024-09-20 11:05:20.016,425.7669339489175,1003
2024-09-20 11:05:20.120,425.9060657992996,8
2024-09-20 11:05:20.140,425.8677386650397,999
2024-09-20 11:05:20.152,425.8841252855628,13
2024-09-20 11:05:20.166,425.8915170830971,103
2024-09-20 11:05:20.217,425.7441124342061,95
2024-09-20 11:05:20.231,425.818810285992,102
2024-09-20 11:05:20.401,425.8656388565077,98
2024-09-20 11:05:20.435,425.9005643167037,995
2024-09-20 11:05:20.467,425.788131547923,997
2024-09-20 11:05:20.475,425.9119175795378,6
2024-09-20 11:05:20.561,425.8133059357049,104
2024-09-20 11:05:20.643,425.90636159995927,104
2024-09-20 11:05:20.836,425.8801161997469,15
2024-09-20 11:05:20.937,425.88032694790473,13
2024-09-20 11:05:20.937,425.8072179339701,10
2024-09-20 11:05:20.942,425.852740400619,997
2024-09-20 11:05:20.965,425.7430552195692,7
2024-09-20 11:05:21.239,425.72961454041473,998
2024-09-20 11:05:21.796,425.73715271663184,1005
2024-09-20 11:05:21.861,425.7520036740171,96
2024-09-20 11:05:22.032,425.7416576061015,103
2024-09-20 11:05:22.081,425.7619294690809,102
2024-09-20 11:05:22.229,425.72869741916463,996
2024-09-20 11:05:22.244,425.7489287366672,6
2024-09-20 11:05:22.366,425.77606221069465,1002
2024-09-20 11:05:22.438,425.7450021742475,995
2024-09-20 11:05:22.467,425.7789824310574,1000
2024-09-20 11:05:22.497,425.76246919100186,104
2024-09-20 11:05:22.581,425.745352179635,11
2024-09-20 11:05:22.582,425.7446784787279,13
2024-09-20 11:05:22.670,425.74117839272094,7
2024-09-20 11:05:22.743,425.7556122877716,8
2024-09-20 11:05:22.778,425.7479750947714,1001
2024-09-20 11:05:22.852,425.72623406742304,995
2024-09-20 11:05:22.940,42.57671023626172,5
2024-09-20 11:05:22.941,425.7454531947892,15
2024-09-20 11:05:22.942,425.7500163457813,11
2024-09-20 11:05:22.943,425.7433731183734,5
2024-09-20 11:05:22.950,425.7397499364447,995
2024-09-20 11:05:22.986,425.72954845632654,1001
2024-09-20 11:05:23.000,425.6926095410488,104
2024-09-20 11:05:23.023,425.7162593874924,105
2024-09-20 11:05:23.072,,13
2024-09-20 11:05:23.277,425.67475575098126,96
2024-09-20 11:05:23.353,425.7011695919456,1001
2024-09-20 11:05:23.371,425.72164159376433,5
2024-09-20 11:05:23.396,425.7153283255586,14
2024-09-20 11:05:23.411,425.7158096090076,105
2024-09-20 11:05:23.412,425.7196049749837,10
2024-09-20 11:05:23.438,425.6956088306926,996
2024-09-20 11:05:23.459,425.70791212629297,1004
2024-09-20 11:05:23.601,425.6909262252736,11
2024-09-20 11:05:23.638,425.7120781364381,14
2024-09-20 11:05:23.683,425.718411952346,8
2024-09-20 11:05:23.734,425.7110266669203,1000
2024-09-20 11:05:23.748,425.69493770636,8
2024-09-20 11:05:23.768,425.7014652436082,1005
2024-09-20 11:05:23.776,425.7036963221641,102
2024-09-20 11:05:23.819,425.6886672944202,96
2024-09-20 11:05:23.862,425.69884859889663,97
2024-09-20 11:05:23.969,425.713713110346,998
2024-09-20 11:05:23.974,425.709852971088,95
2024-09-20 11:05:24.131,425.6669409466808,997
2024-09-20 11:05:24.199,425.6972602901214,99
2024-09-20 11:05:24.206,425.6865337656088,14
2024-09-20 11:05:24.530,425.6028048082852,998
2024-09-20 11:05:24.550,425.64110843710927,1004
2024-09-20 11:05:24.576,425.5842722078721,104
2024-09-20 11:05:24.625,425.61625519111766,1002
2024-09-20 11:05:24.642,425.7069274186143,105
2024-09-20 11:05:24.794,425.5956440415754,101
2024-09-20 11:05:24.912,425.6749066636608,11
2024-09-20 11:05:25.070,425.5973422508154,11
2024-09-20 11:05:25.104,425.6042066994411,96
2024-09-20 11:05:25.199,425.6218200852071,1001
2024-09-20 11:05:25.213,425.6224561016309,1005
2024-09-20 11:05:25.590,425.60796636750274,1002
2024-09-20 11:05:25.611,425.64008976668674,1003
2024-09-20 11:05:25.816,425.6112081223819,100
2024-09-20 11:05:25.845,425.623180829635,11
2024-09-20 11:05:25.892,425.6250671245626,1002
2024-09-20 11:05:26.046,-425.6164723633673,996
2024-09-20 11:05:26.163,425.6135808449916,96
2024-09-20 11:05:26.174,425.6229862093909,14
2024-09-20 11:05:26.181,425.6094558892448,10
2024-09-20 11:05:26.209,425.6397055350114,103
2024-09-20 11:05:26.313,425.6196826498308,101
2024-09-20 11:05:26.371,425.61823786306,95
2024-09-20 11:05:26.427,425.6135210160431,995
2024-09-20 11:05:26.650,425.6140908378201,99
2024-09-20 11:05:26.861,425.6099096968945,8
2024-09-20 11:05:26.863,425.6267746941176,102
2024-09-20 11:05:26.920,425.6067676866681,1005
2024-09-20 11:05:27.009,425.6093220865431,1003
2024-09-20 11:05:27.174,425.60234523718464,999
2024-09-20 11:05:27.189,425.6072348482992,6
2024-09-20 11:05:27.200,425.569262136576,99
2024-09-20 11:05:27.302,425.5553616862777,101
2024-09-20 11:05:27.302,425.6149058160913,1002
2024-09-20 11:05:27.478,425.6014563419684,999
2024-09-20 11:05:27.630,425.5853362554898,1004
2024-09-20 11:05:27.640,425.6044351525789,14
2024-09-20 11:05:27.656,425.6171894949691,13
2024-09-20 11:05:27.709,425.5995523554051,12
2024-09-20 11:05:27.741,425.5994400102032,95
2024-09-20 11:05:27.742,425.5961352005976,98
2024-09-20 11:05:27.780,425.6121395042376,5
2024-09-20 11:05:27.818,425.61109564856696,12
2024-09-20 11:05:27.838,425.6091559178265,1001
2024-09-20 11:05:27.858,425.59477219088114,1005
2024-09-20 11:05:27.895,425.5872151166516,10
2024-09-20 11:05:27.921,425.6147316129906,999
2024-09-20 11:05:27.974,425.6124065206865,995
2024-09-20 11:05:27.990,425.60594879070334,996
2024-09-20 11:05:28.104,425.5800781835802,997
2024-09-20 11:05:28.161,425.5777297317098,12
2024-09-20 11:05:28.195,425.5337382349004,96
2024-09-20 11:05:28.245,425.56838085693386,12
2024-09-20 11:05:28.331,425.56728419028417,12
2024-09-20 11:05:28.426,425.56450319123417,98
2024-09-20 11:05:28.475,425.5362042843328,13
2024-09-20 11:05:28.595,425.5352216194128,995
2024-09-20 11:05:28.686,425.5923451690333,997
2024-09-20 11:05:28.687,425.5399186141106,105
2024-09-20 11:05:28.747,425.5375884492986,997
2024-09-20 11:05:29.047,425.5923783786609,11
2024-09-20 11:05:29.066,425.5769639855377,995
2024-09-20 11:05:29.130,425.5958567629477,1002
2024-09-20 11:05:29.186,425.5399684601968,11
2024-09-20 11:05:29.207,425.5848426730706,99
2024-09-20 11:05:29.273,425.5300144846056,13
2024-09-20 11:05:29.302,425.5724183098979,15
2024-09-20 11:05:29.314,425.5859495302036,8
2024-09-20 11:05:29.353,425.541194093866,98
2024-09-20 11:05:29.380,425.5967627870784,95
2024-09-20 11:05:29.512,425.5930677795197,97
2024-09-20 11:05:29.533,425.59207125842136,96
2024-09-20 11:05:29.537,425.5233968619284,10
2024-09-20 11:05:29.566,425.60936420935,100
2024-09-20 11:05:29.590,425.54529853905376,999
2024-09-20 11:05:29.645,425.5423511158783,96
2024-09-20 11:05:29.696,425.5748708751581,100
2024-09-20 11:05:29.749,425.579290068022,998
2024-09-20 11:05:29.792,425.5660934718176,5
2024-09-20 11:05:29.799,425.5925056709652,999
2024-09-20 11:05:29.831,425.5921067309637,100
2024-09-20 11:05:29.921,425.5588130924072,10
2024-09-20 11:05:29.972,425.597811624354,15
2024-09-20 11:05:30.825,425.62691434823057,1001
2024-09-20 11:05:30.854,425.61553576142,98
2024-09-20 11:05:31.027,425.6279950512181,13
2024-09-20 11:05:31.081,425.6236892595373,5
2024-09-20 11:05:31.081,425.6440051782605,101
2024-09-20 11:05:31.228,425.6425416387863,11
2024-09-20 11:05:31.298,425.6077020032869,104
2024-09-20 11:05:31.302,425.6310852297736,15
2024-09-20 11:05:31.356,425.62357285323134,10
2024-09-20 11:05:31.479,425.6502999145876,15
2024-09-20 11:05:31.485,425.6220639416141,10
2024-09-20 11:05:31.492,425.6214615668087,103
2024-09-20 11:05:31.599,425.6525992849469,97
2024-09-20 11:05:31.612,425.6361154522326,5
2024-09-20 11:05:31.663,425.6248953220739,995
2024-09-20 11:05:31.725,425.61399104059217,8
2024-09-20 11:05:31.829,425.6624392374918,6
2024-09-20 11:05:31.859,425.624367724132,98
2024-09-20 11:05:31.947,425.640410222452,1004
2024-09-20 11:05:32.043,425.6824339282672,1004
2024-09-20 11:05:32.165,425.6596645958726,995
2024-09-20 11:05:32.372,425.6590536035177,997
2024-09-20 11:05:32.470,425.6623617485368,1001
2024-09-20 11:05:32.548,425.65494790964266,10
2024-09-20 11:05:32.684,425.6634299181021,103
2024-09-20 11:05:32.759,425.6581829148225,999
2024-09-20 11:05:32.980,425.6861290805514,105
2024-09-20 11:05:33.136,425.6569687779433,999
2024-09-20 11:05:33.299,425.6635244398028,999
2024-09-20 11:05:33.399,425.6659672827236,5
2024-09-20 11:05:33.460,425.6649284950181,96
2024-09-20 11:05:33.497,425.6517596526746,1003
2024-09-20 11:05:33.504,425.6717532643454,95
2024-09-20 11:05:33.579,425.6646770778539,1005
2024-09-20 11:05:33.751,425.6906682807188,14
2024-09-20 11:05:33.862,425.6745755245255,15
2024-09-20 11:05:33.982,425.65073853221855,1004
2024-09-20 11:05:33.983,425.6528218885291,98
2024-09-20 11:05:34.014,425.68160102218746,8
2024-09-20 11:05:34.065,425.64497566305306,104
2024-09-20 11:05:34.142,425.6951691899972,999
2024-09-20 11:05:34.241,425.6752458857048,100
2024-09-20 11:05:34.261,425.6593821451148,1002
2024-09-20 11:05:34.266,425.647658848497,15
2024-09-20 11:05:34.341,425.6789450854962,100
2024-09-20 11:05:34.356,425.7088916653378,1001
2024-09-20 11:05:34.395,425.6972414710004,998
2024-09-20 11:05:34.440,425.7038036389951,8
2024-09-20 11:05:34.527,425.606013420832,102
2024-09-20 11:05:34.563,425.68766321632046,1002
2024-09-20 11:05:34.571,425.6504481925982,102
2024-09-20 11:05:34.582,425.7149410674432,998
2024-09-20 11:05:34.594,425.6379287425598,1000
2024-09-20 11:05:34.806,425.6860715814627,14
2024-09-20 11:05:34.835,425.59287867649886,12
2024-09-20 11:05:34.859,425.6249758370535,100
2024-09-20 11:05:34.871,425.61440262571057,103
2024-09-20 11:05:34.918,425.694139092417,997
2024-09-20 11:05:34.955,425.6611512496491,11
2024-09-20 11:05:35.078,425.59812352474574,102
2024-09-20 11:05:35.080,425.60700742105007,14
2024-09-20 11:05:35.098,425.5975341472749,1002
2024-09-20 11:05:35.160,425.59084198986574,103
2024-09-20 11:05:35.677,425.5866652618978,999
2024-09-20 11:05:35.791,425.598914534192,101
2024-09-20 11:05:35.809,425.59859934773147,103
2024-09-20 11:05:36.443,425.6089805612911,9
2024-09-20 11:05:36.675,425.61937876543135,997
2024-09-20 11:05:36.942,425.6201229399087,96
2024-09-20 11:05:37.075,425.62621102865126,995
2024-09-20 11:05:37.077,425.6112427256104,1000
2024-09-20 11:05:37.084,425.6130383495066,1003
2024-09-20 11:05:37.126,,6
2024-09-20 11:05:37.148,425.63923675492526,1003
2024-09-20 11:05:37.191,425.6169487524642,101
2024-09-20 11:05:37.239,425.6429856012674,998
2024-09-20 11:05:37.262,425.6551522088101,11
2024-09-20 11:05:37.267,425.6558536699055,999
2024-09-20 11:05:37.274,425.6309929203615,1000
2024-09-20 11:05:37.283,425.65216367719137,103
2024-09-20 11:05:37.512,425.6504144408143,998
2024-09-20 11:05:37.537,425.6291657701757,15
2024-09-20 11:05:37.543,425.6228582943449,1001
2024-09-20 11:05:37.687,425.6220939341353,103
2024-09-20 11:05:37.722,425.656217493597,10
2024-09-20 11:05:37.751,42.56348348329228,9
2024-09-20 11:05:37.757,425.63873475357406,14
2024-09-20 11:05:37.794,425.6105020822636,102
2024-09-20 11:05:37.861,425.6263111216685,1004
2024-09-20 11:05:38.002,425.6633123659181,1002
2024-09-20 11:05:38.022,425.71946468138754,1002
2024-09-20 11:05:38.046,425.7267389246194,995
2024-09-20 11:05:38.089,425.6895258006512,105
2024-09-20 11:05:38.128,425.644437105554,15
2024-09-20 11:05:38.139,425.7211917894543,102
2024-09-20 11:05:38.176,425.6524562890679,9
2024-09-20 11:05:38.191,425.6773305006432,999
2024-09-20 11:05:38.197,425.6709351533796,97
2024-09-20 11:05:38.211,425.6940201536029,11
2024-09-20 11:05:38.232,425.6886454167476,1005
2024-09-20 11:05:38.270,425.6860554789062,97
2024-09-20 11:05:38.354,425.6660876098491,12
2024-09-20 11:05:38.367,425.7177324489259,1001
2024-09-20 11:05:38.398,425.71787567832513,998
2024-09-20 11:05:38.450,425.6569207949912,97
2024-09-20 11:05:38.506,425.71730213367306,1000
2024-09-20 11:05:38.524,425.7371353561699,996
2024-09-20 11:05:38.534,425.657979461821,997
2024-09-20 11:05:38.538,425.6542194198225,1004
2024-09-20 11:05:38.655,425.6737681145575,12
2024-09-20 11:05:38.687,425.6487161304673,15
2024-09-20 11:05:38.781,425.66332890931216,998
2024-09-20 11:05:38.788,425.6396472920229,95
2024-09-20 11:05:38.860,425.6673632790062,98
2024-09-20 11:05:38.908,425.7053482039184,102
2024-09-20 11:05:39.027,425.66615946197135,1005
2024-09-20 11:05:39.050,425.6739216008133,1000
2024-09-20 11:05:39.071,425.7134857441562,6
2024-09-20 11:05:39.091,425.7104373353742,5
2024-09-20 11:05:39.124,425.72685090966274,996
2024-09-20 11:05:39.124,425.71310773157927,97
2024-09-20 11:05:39.208,425.6830360288182,15
2024-09-20 11:05:39.215,425.70809590014494,104
2024-09-20 11:05:39.243,425.7125337401894,6
2024-09-20 11:05:39.282,425.7042821926295,96
2024-09-20 11:05:39.286,425.7146599933055,5
2024-09-20 11:05:39.367,42.57092483656092,104
2024-09-20 11:05:39.382,425.728795157717,6
2024-09-20 11:05:39.392,425.6734184836154,1002
2024-09-20 11:05:39.396,425.7256747766602,98
2024-09-20 11:05:39.411,425.7303078451151,104
2024-09-20 11:05:39.417,425.7442412058148,996
2024-09-20 11:05:39.466,425.66320822364594,1005
2024-09-20 11:05:39.474,425.7088742291176,14
2024-09-20 11:05:39.476,425.7097431017308,105
2024-09-20 11:05:39.480,425.7181759259073,999
2024-09-20 11:05:39.512,425.7236153807604,95
2024-09-20 11:05:39.556,425.68459831082185,95
2024-09-20 11:05:39.585,425.7183447119767,1002
2024-09-20 11:05:39.600,425.6611593149986,95
2024-09-20 11:05:39.621,-425.7049388644213,997
2024-09-20 11:05:39.709,425.7319581342169,98
2024-09-20 11:05:39.877,425.71610142170056,1002
2024-09-20 11:05:39.938,425.6715952134981,102
2024-09-20 11:05:39.976,-425.7012530306176,10
2024-09-20 11:05:40.030,425.6611945948409,13
2024-09-20 11:05:40.095,425.69607091117217,15
2024-09-20 11:05:40.307,425.6734162993087,12
2024-09-20 11:05:40.424,,995
2024-09-20 11:05:40.504,425.6783898702198,9
2024-09-20 11:05:40.629,425.7078696649339,1001
2024-09-20 11:05:40.845,425.7191560648582,12
2024-09-20 11:05:40.961,425.6586151429353,8
2024-09-20 11:05:41.005,425.6823892066956,1004
2024-09-20 11:05:41.149,425.66229131671474,1002
2024-09-20 11:05:41.187,425.6418971696405,5
2024-09-20 11:05:41.250,425.6911215836406,1001
2024-09-20 11:05:41.479,425.66166247936826,1004
2024-09-20 11:05:41.999,425.65216911537584,6
2024-09-20 11:05:42.028,425.6556956851497,105
2024-09-20 11:05:42.108,425.7119781211365,6
2024-09-20 11:05:42.144,425.73103132016473,104
2024-09-20 11:05:42.232,425.7523562968671,100
2024-09-20 11:05:42.262,425.749142168696,98
2024-09-20 11:05:42.407,425.73489697770896,102
2024-09-20 11:05:42.425,425.72015191979153,10
2024-09-20 11:05:42.481,425.752689132324,105
2024-09-20 11:05:42.496,425.6428684779076,1003
2024-09-20 11:05:42.507,425.7458976989094,999
2024-09-20 11:05:42.524,425.676500338676,996
2024-09-20 11:05:42.542,425.7141533912213,100
2024-09-20 11:05:42.584,425.73709699260655,98
2024-09-20 11:05:42.585,425.735801839666,104
2024-09-20 11:05:42.589,425.65790800162085,15
2024-09-20 11:05:42.598,425.7098298309876,1005
2024-09-20 11:05:42.614,425.7395616485472,13
2024-09-20 11:05:42.667,425.7308774909011,99
2024-09-20 11:05:42.690,425.7572206877584,6
2024-09-20 11:05:42.744,425.7479306452266,1000
2024-09-20 11:05:42.746,425.7259609539239,1002
2024-09-20 11:05:42.755,425.7426593002271,7
2024-09-20 11:05:42.772,425.70272448736233,98
2024-09-20 11:05:42.867,425.7275952629996,9
2024-09-20 11:05:42.905,425.7463450140593,1002
2024-09-20 11:05:42.919,425.7125198570623,1002
2024-09-20 11:05:42.953,425.7315388037895,15
2024-09-20 11:05:42.992,425.7482293334068,10
2024-09-20 11:05:43.021,425.69991167274776,8
2024-09-20 11:05:43.134,425.74544724091993,1003
2024-09-20 11:05:43.150,425.716632284442,96
2024-09-20 11:05:43.180,425.7480974247063,96
2024-09-20 11:05:43.201,425.7159733515564,96
2024-09-20 11:05:43.214,425.7315672602798,996
2024-09-20 11:05:43.222,425.725980273219,102
2024-09-20 11:05:43.225,425.7447520261299,1005
2024-09-20 11:05:43.238,425.7175957122292,5
2024-09-20 11:05:43.263,425.71239391190073,7
2024-09-20 11:05:43.334,425.7064446985055,98
2024-09-20 11:05:43.336,425.7460784874103,101
2024-09-20 11:05:43.343,425.74686330105385,1004
2024-09-20 11:05:43.347,425.7133246702012,100
2024-09-20 11:05:43.384,425.695768515939,98
2024-09-20 11:05:43.403,425.713814036763,95
2024-09-20 11:05:43.445,425.7498884232954,97
2024-09-20 11:05:43.498,425.7481568927026,11
2024-09-20 11:05:43.578,425.74287272196864,105
2024-09-20 11:05:43.633,425.7199093233245,1005
2024-09-20 11:05:43.665,425.7172684054255,998
2024-09-20 11:05:43.693,425.72023888151375,6
2024-09-20 11:05:43.752,425.72516489214365,98
2024-09-20 11:05:43.775,425.6927626073019,9
2024-09-20 11:05:43.876,425.75005244227816,15
2024-09-20 11:05:43.899,425.7153213934497,996
2024-09-20 11:05:43.908,425.7100196179218,5
2024-09-20 11:05:43.933,425.6963299214474,10
2024-09-20 11:05:44.096,425.7613268090818,99
2024-09-20 11:05:44.112,425.7381176802761,1001
2024-09-20 11:05:44.283,425.7366096783754,995
2024-09-20 11:05:44.338,425.75495578550976,102
2024-09-20 11:05:44.434,425.7454286438307,12
2024-09-20 11:05:44.445,425.7473118922213,1003
2024-09-20 11:05:44.511,425.7860606880872,95
2024-09-20 11:05:44.517,425.7478799193349,101
2024-09-20 11:05:44.550,425.7422668676423,7
2024-09-20 11:05:44.577,425.7299494707304,996
2024-09-20 11:05:44.618,425.75645890436783,998
2024-09-20 11:05:44.631,425.7616467567535,11
2024-09-20 11:05:44.633,425.7326876162608,1003
2024-09-20 11:05:44.658,425.7719049697232,9
2024-09-20 11:05:44.749,425.7408841118886,1001
2024-09-20 11:05:44.784,425.7455844811814,11
2024-09-20 11:05:44.844,425.7307163357056,12
2024-09-20 11:05:44.864,425.74959119381407,7
2024-09-20 11:05:44.874,425.72450926752754,1004
2024-09-20 11:05:44.889,425.76426020659005,7
2024-09-20 11:05:45.096,425.7108818285424,95
2024-09-20 11:05:45.230,425.760137207881,102
2024-09-20 11:05:45.260,425.765648290089,105
2024-09-20 11:05:45.265,425.7549921978184,97
2024-09-20 11:05:45.279,425.7676098156648,96
2024-09-20 11:05:45.337,425.6996855372553,104
2024-09-20 11:05:45.366,425.74924319660727,1005
2024-09-20 11:05:45.524,425.7629903412178,6
2024-09-20 11:05:45.559,425.7633000811752,99
2024-09-20 11:05:45.602,425.7505523892561,1002
2024-09-20 11:05:45.608,425.7349695090055,102
2024-09-20 11:05:45.612,425.79335643819286,96
2024-09-20 11:05:45.641,425.7538127504512,103
2024-09-20 11:05:45.700,425.78195913704457,1001
2024-09-20 11:05:45.708,425.77154477480354,1001
2024-09-20 11:05:45.710,425.7611327914712,1000
2024-09-20 11:05:45.765,425.71898570970944,1002
2024-09-20 11:05:45.772,425.7691058375686,99
2024-09-20 11:05:45.779,425.7360491738213,1004
2024-09-20 11:05:45.801,425.70720521010526,1000
2024-09-20 11:05:45.854,425.7445997138474,6
2024-09-20 11:05:45.975,425.7336737102791,5
2024-09-20 11:05:46.000,425.70791797878974,7
2024-09-20 11:05:46.113,425.6889894862943,14
2024-09-20 11:05:46.125,425.7223365771537,14
2024-09-20 11:05:46.163,425.70163240067967,105
2024-09-20 11:05:46.216,425.7037350647817,995
2024-09-20 11:05:46.396,425.7423666975544,103
2024-09-20 11:05:46.438,425.71934750799954,998
2024-09-20 11:05:46.456,425.71511205185067,101
2024-09-20 11:05:46.462,425.7114993717881,995
2024-09-20 11:05:46.804,425.7029372163078,7
2024-09-20 11:05:47.149,425.6981756298563,98
2024-09-20 11:05:47.224,425.692418520464,8
2024-09-20 11:05:47.248,425.67082328481285,6
2024-09-20 11:05:47.264,425.633799930462,7
2024-09-20 11:05:47.304,425.6503098497475,10
2024-09-20 11:05:47.339,425.6888807009427,13
2024-09-20 11:05:47.341,425.6533763851119,11
2024-09-20 11:05:47.358,42.56410042721401,15
2024-09-20 11:05:47.392,425.6723137230725,5
2024-09-20 11:05:47.498,425.65701001999054,1001
2024-09-20 11:05:47.500,425.6436780274004,101
2024-09-20 11:05:47.507,425.62145554173225,100
2024-09-20 11:05:47.571,425.677220456648,1004
2024-09-20 11:05:47.666,425.71543936506464,95
2024-09-20 11:05:47.671,425.64798686048687,95
2024-09-20 11:05:47.702,425.6635409823136,1003
2024-09-20 11:05:47.736,425.68316841378544,9
2024-09-20 11:05:47.780,425.6341330679845,100
2024-09-20 11:05:47.819,425.6879338827669,15
2024-09-20 11:05:47.841,425.66101417061896,96
2024-09-20 11:05:47.945,425.6736949217673,7
2024-09-20 11:05:47.948,425.66763331980735,9
2024-09-20 11:05:47.952,425.6884710693464,998
2024-09-20 11:05:47.980,425.6515112205933,7
2024-09-20 11:05:48.082,425.77117658951687,103
2024-09-20 11:05:48.082,425.7438128339129,1004
2024-09-20 11:05:48.120,425.7216137091777,100
2024-09-20 11:05:48.189,425.7842911980527,1000
2024-09-20 11:05:48.210,425.7467921402078,105
2024-09-20 11:05:48.226,425.7916231513594,1004
2024-09-20 11:05:48.374,425.7360224033161,103
2024-09-20 11:05:48.397,425.6869690946744,104
2024-09-20 11:05:48.403,425.7422403634388,8
2024-09-20 11:05:48.403,425.6843674594263,1004
2024-09-20 11:05:48.458,425.7004284475167,101
2024-09-20 11:05:48.465,425.75152501490913,14
2024-09-20 11:05:48.508,425.68915966973424,996
2024-09-20 11:05:48.570,425.69010069166353,101
2024-09-20 11:05:48.591,425.71346936333606,95
2024-09-20 11:05:48.596,425.7434728627892,15
2024-09-20 11:05:48.719,425.7612253053343,999
2024-09-20 11:05:48.750,425.7654159873576,5
2024-09-20 11:05:48.763,425.7477319767282,1003
2024-09-20 11:05:48.816,425.7786339106208,996
2024-09-20 11:05:48.820,425.74257781756046,996
2024-09-20 11:05:48.843,425.7462567658701,99
2024-09-20 11:05:48.849,425.7663594582189,95
2024-09-20 11:05:48.890,425.7374926354632,1002
2024-09-20 11:05:48.908,425.7136284778909,99
2024-09-20 11:05:48.912,425.72513679281474,99
2024-09-20 11:05:48.936,425.7793007746007,101
2024-09-20 11:05:48.950,425.69700031101655,99
2024-09-20 11:05:48.966,425.7490920231761,103
2024-09-20 11:05:49.037,425.7458162515258,997
2024-09-20 11:05:49.091,425.7866904275173,104
2024-09-20 11:05:49.124,425.7393189964848,104
2024-09-20 11:05:49.125,425.7817123877721,8
2024-09-20 11:05:49.168,425.73279774011377,1005
2024-09-20 11:05:49.182,425.7971602279285,1000
2024-09-20 11:05:49.185,425.7405614662105,11
2024-09-20 11:05:49.213,425.790181631496,13
2024-09-20 11:05:49.266,425.7956527791472,14
2024-09-20 11:05:49.336,425.7898570709491,5
2024-09-20 11:05:49.554,425.7709143647091,96
2024-09-20 11:05:49.560,425.7279548401183,101
2024-09-20 11:05:49.692,425.7428224282866,105
2024-09-20 11:05:49.991,-425.7062501486034,104
2024-09-20 11:05:50.054,425.7449930115176,13
2024-09-20 11:05:50.091,425.7088183313725,997
2024-09-20 11:05:50.123,425.7388462827,102
2024-09-20 11:05:50.156,425.7436139557421,998
2024-09-20 11:05:50.159,425.71179772482304,6
2024-09-20 11:05:50.210,425.73140795245786,99
2024-09-20 11:05:50.223,,97
2024-09-20 11:05:50.279,425.7222827832396,14
2024-09-20 11:05:50.389,425.7165072667376,9
2024-09-20 11:05:50.544,425.74504418284886,105
2024-09-20 11:05:50.709,425.7329236301605,8
2024-09-20 11:05:50.731,425.7222825034038,1005
2024-09-20 11:05:51.335,425.730819204657,102
2024-09-20 11:05:51.591,425.7354588705779,99
2024-09-20 11:05:52.054,425.723831337935,998
2024-09-20 11:05:53.022,425.7560007295217,98
2024-09-20 11:05:53.204,425.7188719265666,9
2024-09-20 11:05:53.277,425.6843468261432,8
2024-09-20 11:05:53.286,425.75475680079,5
2024-09-20 11:05:53.319,425.73757859929447,15
2024-09-20 11:05:53.333,425.6930155706908,98
2024-09-20 11:05:53.394,425.6564536871497,10
2024-09-20 11:05:53.451,425.7551994209981,10
2024-09-20 11:05:53.542,425.6673188794823,11
2024-09-20 11:05:53.607,425.706756189668,95
2024-09-20 11:05:53.643,425.682570730837,105
2024-09-20 11:05:53.715,425.6926102031128,8
2024-09-20 11:05:53.743,425.72144695408826,998
2024-09-20 11:05:53.749,425.725470844066,1003
2024-09-20 11:05:53.760,425.7346722541536,8
2024-09-20 11:05:53.785,425.6735835302863,99
2024-09-20 11:05:53.792,425.7306372421388,8
2024-09-20 11:05:53.918,425.710078332546,13
2024-09-20 11:05:53.923,425.7153751171565,1003
2024-09-20 11:05:54.080,425.7034559344124,1001
2024-09-20 11:05:54.228,425.6794418721076,9
2024-09-20 11:05:54.362,425.69174152404514,13
2024-09-20 11:05:54.442,425.7130805622003,11
2024-09-20 11:05:54.529,425.7257503006421,11
2024-09-20 11:05:54.565,425.6917252657224,98
2024-09-20 11:05:54.794,425.7031691200255,995
2024-09-20 11:05:54.814,425.7287346686865,998
2024-09-20 11:05:54.873,425.72382434815216,105
2024-09-20 11:05:54.935,425.7211856856337,999
2024-09-20 11:05:55.015,425.67613732245087,95
2024-09-20 11:05:55.070,425.71388774824266,998
2024-09-20 11:05:55.098,425.72503460963225,12
2024-09-20 11:05:55.099,425.73885343332665,1002
2024-09-20 11:05:55.175,425.7468891226703,98
2024-09-20 11:05:55.230,425.73635431793406,13
2024-09-20 11:05:55.240,425.6724574233016,101
2024-09-20 11:05:55.259,425.7261426049793,11
2024-09-20 11:05:55.317,425.73944522373193,9
2024-09-20 11:05:55.318,425.7337547896848,997
2024-09-20 11:05:55.438,425.7700477023719,1001
2024-09-20 11:05:55.472,425.72698525066767,100
2024-09-20 11:05:55.492,425.73750753332416,995
2024-09-20 11:05:55.492,425.7590496529202,100
2024-09-20 11:05:55.528,425.75832728324303,999
2024-09-20 11:05:55.540,425.7214706284321,95
2024-09-20 11:05:55.564,425.749165911096,995
2024-09-20 11:05:55.572,425.70188314497045,98
2024-09-20 11:05:55.675,425.736942700226,104
2024-09-20 11:05:55.788,425.6889931470949,12
2024-09-20 11:05:55.790,42.574702281420656,5
2024-09-20 11:05:55.800,425.7469432604601,98
2024-09-20 11:05:55.885,,995
2024-09-20 11:05:55.909,425.7503909719719,102
2024-09-20 11:05:55.930,425.7001871575332,1003
2024-09-20 11:05:56.016,425.6549066010093,102
2024-09-20 11:05:56.030,,1002
2024-09-20 11:05:56.105,425.6563601981924,100
2024-09-20 11:05:56.159,425.6611706681345,998
2024-09-20 11:05:56.171,425.68097219452034,99
2024-09-20 11:05:56.237,425.66150810394015,10
2024-09-20 11:05:56.248,425.67090223577264,101
2024-09-20 11:05:56.346,425.7237352441045,10
2024-09-20 11:05:56.347,425.6653721179022,98
2024-09-20 11:05:56.444,425.662653344129,8
2024-09-20 11:05:56.476,425.6643399068786,5
2024-09-20 11:05:56.615,425.6552635025219,95
2024-09-20 11:05:56.618,425.6489198718981,998
2024-09-20 11:05:56.628,425.6270675976581,13
2024-09-20 11:05:56.654,425.65430770605406,102
2024-09-20 11:05:56.723,425.6613804900435,995
2024-09-20 11:05:56.762,425.6437436322552,5
2024-09-20 11:05:56.823,425.6736161764149,100
2024-09-20 11:05:56.879,425.6829145864467,5
2024-09-20 11:05:56.899,425.7173636240983,1001
2024-09-20 11:05:56.901,425.66466609754974,13
2024-09-20 11:05:56.917,42.57199017027335,104
2024-09-20 11:05:57.025,425.57667563207343,102
2024-09-20 11:05:57.059,425.6545398837796,1001
2024-09-20 11:05:57.063,425.6401329197034,96
2024-09-20 11:05:57.067,425.6653317204296,13
2024-09-20 11:05:57.070,425.6758117262662,98
2024-09-20 11:05:57.125,425.5622384757047,15
2024-09-20 11:05:57.165,425.58708264261,99
2024-09-20 11:05:57.269,425.61409694635074,13
2024-09-20 11:05:57.291,425.677093756442,13
2024-09-20 11:05:57.306,425.61212671166857,996
2024-09-20 11:05:57.313,425.6001894157325,1000
2024-09-20 11:05:57.318,425.67292800564536,10
2024-09-20 11:05:57.361,425.666778267904,11
2024-09-20 11:05:57.452,425.5692249751253,95
2024-09-20 11:05:57.550,425.6584719215708,96
2024-09-20 11:05:57.594,425.5715400626698,102
2024-09-20 11:05:57.649,425.5653383450537,15
2024-09-20 11:05:57.830,425.5761936636933,104
2024-09-20 11:05:57.919,425.59038039072846,9
2024-09-20 11:05:57.991,425.5778541347596,98
2024-09-20 11:05:58.357,425.6112136202532,5
2024-09-20 11:05:58.740,425.5898461816037,1001
2024-09-20 11:05:58.823,425.5767302445588,995
2024-09-20 11:05:58.837,425.58118512494457,101
2024-09-20 11:05:59.173,425.5282603307301,1005
2024-09-20 11:05:59.248,425.541005300616,6
2024-09-20 11:05:59.313,425.527601284956,999
2024-09-20 11:05:59.349,425.56695928460096,7
2024-09-20 11:05:59.397,425.59965191839257,103
2024-09-20 11:05:59.412,425.54961215539134,8
2024-09-20 11:05:59.467,425.5403677907207,5
2024-09-20 11:05:59.500,425.5973018944754,1002
2024-09-20 11:05:59.502,425.5757030512228,6
2024-09-20 11:05:59.529,425.56995205219306,1001
2024-09-20 11:05:59.584,425.61739360695697,1005
2024-09-20 11:05:59.615,425.5993664266153,97
2024-09-20 11:05:59.658,425.5546653947406,97
2024-09-20 11:05:59.675,425.5404768966419,1003
2024-09-20 11:05:59.688,425.6099466657231,996
2024-09-20 11:05:59.732,425.5180138675803,1001
2024-09-20 11:05:59.735,425.5342042142573,8
2024-09-20 11:05:59.812,425.5549522944211,96
2024-09-20 11:05:59.877,425.59610962128255,102
