Timestamp,Price,Size
2024-09-17 13:20:00.010,402.88303868266496,98
2024-09-17 13:20:00.022,402.91416446034094,105
2024-09-17 13:20:00.034,402.8969849269876,95
2024-09-17 13:20:00.055,402.87372663272856,1003
2024-09-17 13:20:00.066,402.8763499476085,999
2024-09-17 13:20:00.080,402.89797918155904,997
2024-09-17 13:20:00.156,402.8940173916206,1003
2024-09-17 13:20:00.164,402.8972238048672,9
2024-09-17 13:20:00.167,402.8917456195161,103
2024-09-17 13:20:00.287,402.91663515221984,95
2024-09-17 13:20:00.294,402.90844085630897,1002
2024-09-17 13:20:00.417,402.87080826578585,997
2024-09-17 13:20:00.441,402.8714045193508,10
2024-09-17 13:20:00.467,402.92933336618233,98
2024-09-17 13:20:00.564,402.8655361859959,6
2024-09-17 13:20:00.604,402.8854472899404,1005
2024-09-17 13:20:00.618,402.8985249009274,996
2024-09-17 13:20:00.653,402.9074058150821,103
2024-09-17 13:20:00.723,402.8719942726335,105
2024-09-17 13:20:00.730,402.891225016643,98
2024-09-17 13:20:00.911,402.8822794061504,105
2024-09-17 13:20:01.012,402.8470722272686,103
2024-09-17 13:20:01.095,402.8903912798971,8
2024-09-17 13:20:01.134,402.8613958620352,14
2024-09-17 13:20:01.157,402.8477162631168,96
2024-09-17 13:20:01.167,402.8638477692309,998
2024-09-17 13:20:01.191,402.8567408541814,101
2024-09-17 13:20:01.210,402.8484420058059,14
2024-09-17 13:20:01.213,402.8763331880675,7
2024-09-17 13:20:01.228,402.86631324066,13
2024-09-17 13:20:01.299,402.84477942701113,12
2024-09-17 13:20:01.301,402.8770900351584,101
2024-09-17 13:20:01.332,402.8647472769466,95
2024-09-17 13:20:01.442,402.8967926818888,10
2024-09-17 13:20:01.504,402.8558804664265,997
2024-09-17 13:20:01.554,402.8862045191256,995
2024-09-17 13:20:01.583,402.8681348850865,104
2024-09-17 13:20:01.616,402.8193126175513,1001
2024-09-17 13:20:01.627,402.88312146135183,101
2024-09-17 13:20:01.687,402.82924332833625,103
2024-09-17 13:20:01.691,402.8409862964541,1001
2024-09-17 13:20:01.742,402.8607964812505,995
2024-09-17 13:20:01.753,402.88152641138527,999
2024-09-17 13:20:01.830,402.8752212903637,96
2024-09-17 13:20:01.876,402.8496823460512,1004
2024-09-17 13:20:01.938,402.8764614759943,1005
2024-09-17 13:20:01.986,402.8550773420391,99
2024-09-17 13:20:02.713,402.8338902680038,5
2024-09-17 13:20:03.003,402.8047195169031,1000
2024-09-17 13:20:03.015,402.8121957756599,1004
2024-09-17 13:20:03.102,402.8241801694887,998
2024-09-17 13:20:03.301,402.79767027177536,7
2024-09-17 13:20:03.378,402.828636829391,1001
2024-09-17 13:20:03.406,402.8039810897601,995
2024-09-17 13:20:03.447,402.8238996463476,1001
2024-09-17 13:20:03.502,402.78030881414566,97
2024-09-17 13:20:03.593,402.8092769380439,997
2024-09-17 13:20:03.685,402.8218278474725,99
2024-09-17 13:20:03.693,402.8209142102205,998
2024-09-17 13:20:03.752,402.8103289553968,102
2024-09-17 13:20:03.769,402.8375887350032,999
2024-09-17 13:20:03.773,402.8129616420654,997
2024-09-17 13:20:03.785,402.8008966145289,1005
2024-09-17 13:20:03.826,402.8342670465211,999
2024-09-17 13:20:03.833,402.823282053966,1002
2024-09-17 13:20:03.872,402.8111801897264,1005
2024-09-17 13:20:03.922,402.79354861044624,995
2024-09-17 13:20:03.960,402.8091731568464,101
2024-09-17 13:20:04.072,402.8311680648729,995
2024-09-17 13:20:04.148,-402.8298511309928,1003
2024-09-17 13:20:04.182,402.8519987792632,96
2024-09-17 13:20:04.185,402.8005743994698,6
2024-09-17 13:20:04.194,402.8157387604268,96
2024-09-17 13:20:04.439,402.83120594451947,100
2024-09-17 13:20:04.530,402.8187396746226,1001
2024-09-17 13:20:04.532,402.8240472984237,9
2024-09-17 13:20:04.539,402.8345272517671,1002
2024-09-17 13:20:04.562,402.8123688567864,102
2024-09-17 13:20:04.744,40.28259704891392,5
2024-09-17 13:20:04.842,402.83467870427086,1000
2024-09-17 13:20:04.850,402.8157253877332,98
2024-09-17 13:20:04.935,402.82647292399287,1003
2024-09-17 13:20:05.114,402.831567207422,7
2024-09-17 13:20:05.198,402.825400639795,95
2024-09-17 13:20:05.228,402.8299493395635,105
2024-09-17 13:20:05.659,402.8366555032851,98
2024-09-17 13:20:06.263,402.8539665028441,1004
2024-09-17 13:20:06.487,402.8539007902409,999
2024-09-17 13:20:06.531,402.8501272490191,10
2024-09-17 13:20:06.709,402.8505917964037,100
2024-09-17 13:20:06.826,402.844365265761,7
2024-09-17 13:20:07.037,402.8639986734728,102
2024-09-17 13:20:07.056,402.86054874078377,9
2024-09-17 13:20:07.127,402.8486317314849,1000
2024-09-17 13:20:07.199,402.8823013327756,1000
2024-09-17 13:20:07.421,402.8404896171804,1004
2024-09-17 13:20:07.423,402.8586597188036,15
2024-09-17 13:20:07.478,402.87544948798137,999
2024-09-17 13:20:07.576,402.8489460695521,103
2024-09-17 13:20:07.619,40.28609194424442,5
2024-09-17 13:20:07.633,402.8756755733136,7
2024-09-17 13:20:07.661,402.8459778625203,1005
2024-09-17 13:20:07.809,-402.8438742771656,104
2024-09-17 13:20:07.893,402.8660091829419,6
2024-09-17 13:20:07.899,402.8524513004057,998
2024-09-17 13:20:07.937,402.8564658286788,1000
2024-09-17 13:20:07.994,402.83803088226273,98
2024-09-17 13:20:08.269,402.8623769727743,9
2024-09-17 13:20:08.365,402.8622070034161,6
2024-09-17 13:20:08.377,402.86213335349,996
2024-09-17 13:20:08.385,402.8656532159051,95
2024-09-17 13:20:08.650,402.8757231477753,1003
2024-09-17 13:20:08.692,402.8796551782162,998
2024-09-17 13:20:08.744,402.86084656973617,995
2024-09-17 13:20:09.056,402.7945725114812,10
2024-09-17 13:20:09.095,402.8253187202229,15
2024-09-17 13:20:09.103,402.8113372149734,99
2024-09-17 13:20:09.151,402.8516617382383,1005
2024-09-17 13:20:09.252,402.8520094513037,1001
2024-09-17 13:20:09.296,402.8307740969695,999
2024-09-17 13:20:09.342,402.8138980695732,15
2024-09-17 13:20:09.406,402.7906121528106,8
2024-09-17 13:20:09.423,402.8074816704945,100
2024-09-17 13:20:09.427,402.86101280282605,95
2024-09-17 13:20:09.470,402.8244839334722,1000
2024-09-17 13:20:09.596,402.8458440201085,5
2024-09-17 13:20:09.599,402.7866755973793,7
2024-09-17 13:20:09.600,402.8056202505548,1005
2024-09-17 13:20:09.651,402.8113037026874,100
2024-09-17 13:20:09.665,402.80257179099374,1003
2024-09-17 13:20:09.765,402.8091624669127,12
2024-09-17 13:20:09.859,402.8099436495413,13
2024-09-17 13:20:10.096,402.8716407674688,102
2024-09-17 13:20:10.114,402.8630883266703,1004
2024-09-17 13:20:10.342,402.8724245511633,105
2024-09-17 13:20:10.783,402.858772330061,9
2024-09-17 13:20:11.048,402.87670464863294,998
2024-09-17 13:20:11.054,402.8716213685032,1003
2024-09-17 13:20:11.089,402.8978554044378,15
2024-09-17 13:20:11.103,402.89774510467385,97
2024-09-17 13:20:11.123,402.90867617272414,1005
2024-09-17 13:20:11.137,402.9126926385508,15
2024-09-17 13:20:11.159,402.8757965763055,999
2024-09-17 13:20:11.326,402.9069546605584,14
2024-09-17 13:20:11.343,402.9020906509471,1004
2024-09-17 13:20:11.360,402.8705293483465,99
2024-09-17 13:20:11.519,402.91118425421416,11
2024-09-17 13:20:11.558,402.8898035491424,99
2024-09-17 13:20:11.565,402.88119045630094,1003
2024-09-17 13:20:11.580,402.8891311165166,9
2024-09-17 13:20:11.589,402.8890103405216,15
2024-09-17 13:20:11.673,402.8740839765895,1004
2024-09-17 13:20:11.682,402.88861854828406,995
2024-09-17 13:20:11.751,402.90394100042295,1000
2024-09-17 13:20:11.757,402.8685758426729,103
2024-09-17 13:20:11.827,402.9062610715212,998
2024-09-17 13:20:11.922,402.8983957780255,996
2024-09-17 13:20:11.942,402.9134394423946,5
2024-09-17 13:20:12.020,402.8981539440982,8
2024-09-17 13:20:12.021,402.885448074398,995
2024-09-17 13:20:12.093,402.91005255494974,6
2024-09-17 13:20:12.108,402.8722341609503,999
2024-09-17 13:20:12.199,402.8840710740269,104
2024-09-17 13:20:12.228,402.8956113467812,6
2024-09-17 13:20:12.232,402.8851559158328,995
2024-09-17 13:20:12.418,402.9119182432939,99
2024-09-17 13:20:12.431,402.8874767026972,9
2024-09-17 13:20:12.508,402.9010732244152,101
2024-09-17 13:20:12.584,402.8836588817194,98
2024-09-17 13:20:12.615,402.8759148168379,999
2024-09-17 13:20:12.772,402.9046338609816,995
2024-09-17 13:20:12.836,402.9000460538222,1000
2024-09-17 13:20:12.867,402.8994994889978,105
2024-09-17 13:20:12.901,402.8948505334221,10
2024-09-17 13:20:12.931,402.9051118192799,104
2024-09-17 13:20:12.956,402.892798723413,5
2024-09-17 13:20:13.008,402.90410136715406,9
2024-09-17 13:20:13.012,402.9187490217856,1001
2024-09-17 13:20:13.145,402.94940023261,1002
2024-09-17 13:20:13.171,402.92277814948704,104
2024-09-17 13:20:13.254,402.9098395487869,7
2024-09-17 13:20:13.359,402.91999382496783,995
2024-09-17 13:20:13.363,402.9198390577501,13
2024-09-17 13:20:13.441,402.9227976864634,14
2024-09-17 13:20:13.473,402.9151161391191,997
2024-09-17 13:20:13.685,402.8991074001513,5
2024-09-17 13:20:13.736,402.924274908105,1000
2024-09-17 13:20:13.961,402.916930349198,998
2024-09-17 13:20:14.008,402.9281983218304,100
2024-09-17 13:20:14.016,402.9530178160622,104
2024-09-17 13:20:14.114,402.9082852264124,105
2024-09-17 13:20:14.222,402.9266515200406,14
2024-09-17 13:20:14.356,402.96438365052575,99
2024-09-17 13:20:14.428,402.9495094987616,999
2024-09-17 13:20:14.470,402.9259018564156,11
2024-09-17 13:20:14.818,402.9415011572047,1001
2024-09-17 13:20:14.912,402.9040010086639,95
2024-09-17 13:20:15.009,402.9309269426276,1002
2024-09-17 13:20:15.036,402.9555084911962,995
2024-09-17 13:20:15.044,402.9206455446191,102
2024-09-17 13:20:15.046,402.9950291484408,99
2024-09-17 13:20:15.071,402.987239477868,14
2024-09-17 13:20:15.117,402.9584981058621,6
2024-09-17 13:20:15.181,402.9077667012357,999
2024-09-17 13:20:15.211,402.9385530982873,7
2024-09-17 13:20:15.272,40.29622883640915,97
2024-09-17 13:20:15.287,402.9745419127929,13
2024-09-17 13:20:15.328,402.91263034995575,102
2024-09-17 13:20:15.379,402.90361949076174,995
2024-09-17 13:20:15.542,402.9125896529015,7
2024-09-17 13:20:15.558,402.9759918707607,14
2024-09-17 13:20:15.602,402.98966609719935,1001
2024-09-17 13:20:15.630,402.97086389580056,1004
2024-09-17 13:20:15.633,402.9668195946394,95
2024-09-17 13:20:15.670,402.93822906435634,15
2024-09-17 13:20:15.705,402.9406090786057,9
2024-09-17 13:20:15.711,402.9065611508431,95
2024-09-17 13:20:15.725,402.9786107392004,101
2024-09-17 13:20:15.738,402.9416365919834,96
2024-09-17 13:20:15.767,402.9223298057638,7
2024-09-17 13:20:15.806,402.9455376098064,1003
2024-09-17 13:20:15.812,402.9658001695734,1002
2024-09-17 13:20:15.833,402.9476863373105,8
2024-09-17 13:20:15.837,402.9574755487151,13
2024-09-17 13:20:15.905,402.94838853602346,1001
2024-09-17 13:20:15.907,402.950397408934,100
2024-09-17 13:20:15.909,402.9847034315789,7
2024-09-17 13:20:16.003,402.8974170669116,9
2024-09-17 13:20:16.231,402.9158223120142,8
2024-09-17 13:20:16.294,402.905989051476,996
2024-09-17 13:20:16.362,40.29196339045156,98
2024-09-17 13:20:16.398,402.92515193686734,1005
2024-09-17 13:20:16.407,402.9045886301867,8
2024-09-17 13:20:16.422,402.9165428288489,1003
2024-09-17 13:20:16.457,402.929673453734,98
2024-09-17 13:20:16.479,402.9109272096379,5
2024-09-17 13:20:16.610,402.90174586098425,104
2024-09-17 13:20:16.814,402.91148509210745,1000
2024-09-17 13:20:16.920,402.9285395478166,999
2024-09-17 13:20:17.010,402.9118660825745,7
2024-09-17 13:20:17.030,402.9337401357964,101
2024-09-17 13:20:17.063,402.8921501713066,5
2024-09-17 13:20:17.106,402.8336911292893,95
2024-09-17 13:20:17.132,402.84535199187184,104
2024-09-17 13:20:17.139,402.9501487667784,1003
2024-09-17 13:20:17.207,402.8358041570649,99
2024-09-17 13:20:17.215,402.9576196042095,14
2024-09-17 13:20:17.243,402.893904773385,6
2024-09-17 13:20:17.262,402.93501967421207,12
2024-09-17 13:20:17.289,402.882667395969,995
2024-09-17 13:20:17.357,402.93215507340426,14
2024-09-17 13:20:17.448,402.83004119839416,95
2024-09-17 13:20:17.474,402.9462263285637,13
2024-09-17 13:20:17.481,402.94717286104367,100
2024-09-17 13:20:17.543,402.8838217051817,96
2024-09-17 13:20:17.548,40.29201158945431,1003
2024-09-17 13:20:17.701,402.9387499495431,1004
2024-09-17 13:20:17.711,402.86314390495954,103
2024-09-17 13:20:17.725,402.8194652555098,102
2024-09-17 13:20:17.737,402.8477902743144,1005
2024-09-17 13:20:17.750,402.9349891588131,1000
2024-09-17 13:20:17.756,402.8938785384813,1000
2024-09-17 13:20:17.773,402.8380918622064,995
2024-09-17 13:20:17.781,402.9329280878649,12
2024-09-17 13:20:17.879,402.9350879735022,1001
2024-09-17 13:20:17.902,402.84533417416793,98
2024-09-17 13:20:17.920,402.9223882344053,12
2024-09-17 13:20:17.943,402.9298656280216,15
2024-09-17 13:20:18.007,402.8479812218059,15
2024-09-17 13:20:18.019,402.85933901067096,100
2024-09-17 13:20:18.030,402.8577796044797,98
2024-09-17 13:20:18.139,402.86885070378446,103
2024-09-17 13:20:18.174,402.866482188829,998
2024-09-17 13:20:18.245,402.8659366910846,999
2024-09-17 13:20:18.332,402.8504568940696,96
2024-09-17 13:20:18.375,402.8726682316508,8
2024-09-17 13:20:18.396,402.86542046172576,1002
2024-09-17 13:20:18.446,402.8670952818105,105
2024-09-17 13:20:18.545,402.8554602327554,12
2024-09-17 13:20:18.636,402.8466966315676,9
2024-09-17 13:20:18.659,402.86392451561545,996
2024-09-17 13:20:18.747,402.8681476255693,995
2024-09-17 13:20:18.785,402.860280456951,1003
2024-09-17 13:20:18.789,402.8518903842071,96
2024-09-17 13:20:18.872,402.852903372783,14
2024-09-17 13:20:18.878,402.8526509186898,997
2024-09-17 13:20:18.890,402.83749954840647,14
2024-09-17 13:20:18.906,402.8569078885712,999
2024-09-17 13:20:18.980,402.8431498591514,13
2024-09-17 13:20:19.122,402.8553084149057,100
2024-09-17 13:20:19.351,402.8366612421536,998
2024-09-17 13:20:19.553,402.8378372487582,100
2024-09-17 13:20:19.976,-402.8458433363996,13
2024-09-17 13:20:20.284,402.8620036856736,104
2024-09-17 13:20:20.323,402.8540856129847,103
2024-09-17 13:20:20.471,402.8515815964456,5
2024-09-17 13:20:20.528,402.85561487203057,6
2024-09-17 13:20:20.867,402.86108411245016,102
2024-09-17 13:20:20.880,402.8530952347755,8
2024-09-17 13:20:21.160,402.8799764292804,103
2024-09-17 13:20:21.307,402.8991300237218,13
2024-09-17 13:20:21.426,402.8773034462539,999
2024-09-17 13:20:21.479,402.9151159767221,98
2024-09-17 13:20:21.507,402.8717106889361,96
2024-09-17 13:20:21.522,402.9068357123493,99
2024-09-17 13:20:21.527,402.9180650492258,996
2024-09-17 13:20:21.558,402.8918387271764,1003
2024-09-17 13:20:21.992,402.9369035322336,97
2024-09-17 13:20:22.024,402.9298472438329,98
2024-09-17 13:20:22.030,402.89628342525936,8
2024-09-17 13:20:22.042,402.8656573925757,100
2024-09-17 13:20:22.051,402.8688420971902,95
2024-09-17 13:20:22.087,402.9437522188621,96
2024-09-17 13:20:22.096,402.91306332106086,100
2024-09-17 13:20:22.108,402.8619535514967,1004
2024-09-17 13:20:22.211,40.28601357084685,1002
2024-09-17 13:20:22.215,402.9417936574415,102
2024-09-17 13:20:22.234,402.9126988850939,100
2024-09-17 13:20:22.347,402.8779450491775,998
2024-09-17 13:20:22.449,402.9156752725996,995
2024-09-17 13:20:22.463,402.9025762836897,97
2024-09-17 13:20:22.500,402.9047637962119,100
2024-09-17 13:20:22.518,402.92480907580193,1004
2024-09-17 13:20:22.519,402.8893766603449,98
2024-09-17 13:20:22.552,402.9121400105801,11
2024-09-17 13:20:22.568,402.8928264975351,11
2024-09-17 13:20:22.636,402.8638435295375,96
2024-09-17 13:20:22.668,402.8675989142948,105
2024-09-17 13:20:22.687,402.88922079204536,99
2024-09-17 13:20:22.690,402.9007929062544,7
2024-09-17 13:20:22.785,402.906875184557,97
2024-09-17 13:20:22.806,402.8454619892354,997
2024-09-17 13:20:22.835,402.93139167654215,102
2024-09-17 13:20:22.838,402.8574234031395,998
2024-09-17 13:20:22.881,402.9263906195479,9
2024-09-17 13:20:22.940,402.87191170430737,98
2024-09-17 13:20:22.977,402.8908284950149,104
2024-09-17 13:20:22.988,402.8736290831365,8
2024-09-17 13:20:23.121,402.9620886194797,1002
2024-09-17 13:20:23.197,402.95117951684034,102
2024-09-17 13:20:23.234,402.98506143169226,104
2024-09-17 13:20:23.266,402.9055466908615,96
2024-09-17 13:20:23.346,402.964851483714,105
2024-09-17 13:20:23.389,402.9923772056169,98
2024-09-17 13:20:23.448,402.96963427475066,13
2024-09-17 13:20:23.560,402.9054209335194,996
2024-09-17 13:20:23.933,402.9878716493848,1004
2024-09-17 13:20:23.986,402.9146203914659,99
2024-09-17 13:20:24.180,402.9913588221248,995
2024-09-17 13:20:24.560,402.97636656551913,13
2024-09-17 13:20:25.159,402.98463338016666,105
2024-09-17 13:20:25.294,402.9728823473911,997
2024-09-17 13:20:25.426,402.9704016407963,995
2024-09-17 13:20:25.562,402.95262985526233,12
2024-09-17 13:20:25.772,402.9846743678384,1002
2024-09-17 13:20:25.779,402.9737046413525,1004
2024-09-17 13:20:25.786,402.9760111390734,6
2024-09-17 13:20:25.830,40.297734017443965,1002
2024-09-17 13:20:25.838,402.9782210769659,1000
2024-09-17 13:20:25.924,402.9674499833415,15
2024-09-17 13:20:25.979,402.969607594916,999
2024-09-17 13:20:25.997,402.9543919465194,8
2024-09-17 13:20:26.040,403.0682061237205,104
2024-09-17 13:20:26.070,403.06385479026056,1000
2024-09-17 13:20:26.096,403.1075096348113,99
2024-09-17 13:20:26.135,403.0816232543864,1004
2024-09-17 13:20:26.175,403.0622068110694,14
2024-09-17 13:20:26.215,-403.069531506313,11
2024-09-17 13:20:26.236,403.0599619314596,9
2024-09-17 13:20:26.280,403.05906967222006,105
2024-09-17 13:20:26.290,403.00832367054136,104
2024-09-17 13:20:26.297,403.0655500837914,997
2024-09-17 13:20:26.365,403.0429958963721,15
2024-09-17 13:20:26.460,403.015728228278,998
2024-09-17 13:20:26.491,403.1147771805133,98
2024-09-17 13:20:26.514,403.01961793946987,15
2024-09-17 13:20:26.586,403.0752570163857,998
2024-09-17 13:20:26.591,403.0057835988469,14
2024-09-17 13:20:26.607,402.9930464910429,996
2024-09-17 13:20:26.628,403.0904010194018,1001
2024-09-17 13:20:26.633,403.0803925032294,101
2024-09-17 13:20:26.642,403.0229900379407,13
2024-09-17 13:20:26.656,403.0600967204924,99
2024-09-17 13:20:26.733,403.0905835829258,8
2024-09-17 13:20:26.735,402.9867769641001,14
2024-09-17 13:20:26.760,402.9945216703241,999
2024-09-17 13:20:26.825,403.0997557513089,100
2024-09-17 13:20:26.928,403.0121851746976,8
2024-09-17 13:20:26.930,403.0130768823199,15
2024-09-17 13:20:26.962,403.0236587981659,999
2024-09-17 13:20:26.969,403.00979149453855,103
2024-09-17 13:20:27.120,403.0580026631681,98
2024-09-17 13:20:28.353,403.0679704233282,10
2024-09-17 13:20:28.610,403.0503625310529,105
2024-09-17 13:20:28.790,403.0695630392443,15
2024-09-17 13:20:29.446,403.0345574978677,11
2024-09-17 13:20:29.710,403.0403560148678,101
2024-09-17 13:20:30.033,403.0168472120805,105
2024-09-17 13:20:30.150,403.01396788191806,12
2024-09-17 13:20:30.155,403.0045837538267,102
2024-09-17 13:20:30.166,402.98833069838327,11
2024-09-17 13:20:30.305,403.00207238931154,998
2024-09-17 13:20:30.377,403.01260411445,1003
2024-09-17 13:20:30.401,403.020562552628,95
2024-09-17 13:20:30.531,403.02911485841247,999
2024-09-17 13:20:30.545,403.0282655333035,103
2024-09-17 13:20:30.721,403.0269212177501,1003
2024-09-17 13:20:30.742,402.99106760731576,10
2024-09-17 13:20:30.840,403.0081598129892,998
2024-09-17 13:20:30.884,403.022175402049,95
2024-09-17 13:20:30.970,403.0116698223511,101
2024-09-17 13:20:31.655,403.0267052380997,95
2024-09-17 13:20:31.768,403.0395294123369,95
2024-09-17 13:20:31.851,403.0364201511932,1002
2024-09-17 13:20:32.004,403.0416467813832,102
2024-09-17 13:20:32.081,403.0272621633612,96
2024-09-17 13:20:32.152,403.04890039780577,102
2024-09-17 13:20:32.168,403.0266188610985,12
2024-09-17 13:20:32.186,403.0546585460089,104
2024-09-17 13:20:32.210,403.0014131530029,8
2024-09-17 13:20:32.213,403.01476857578217,100
2024-09-17 13:20:32.240,403.0342425058381,103
2024-09-17 13:20:32.317,403.0358126244015,1004
2024-09-17 13:20:32.360,403.04828473736507,1005
2024-09-17 13:20:32.403,403.0377824119469,105
2024-09-17 13:20:32.427,403.0446581501553,99
2024-09-17 13:20:32.518,403.05634055613945,13
2024-09-17 13:20:32.552,403.0113749191675,1004
2024-09-17 13:20:32.567,403.05616604474335,996
2024-09-17 13:20:32.663,402.9931492032324,1002
2024-09-17 13:20:32.834,403.0787849935241,8
2024-09-17 13:20:32.837,403.03506891957255,13
2024-09-17 13:20:32.873,403.0720091593085,1005
2024-09-17 13:20:32.875,403.0704176727263,102
2024-09-17 13:20:32.916,403.0580231361348,14
2024-09-17 13:20:33.066,402.9916730731173,15
2024-09-17 13:20:33.114,402.9894538308054,995
2024-09-17 13:20:33.206,402.989495822476,1002
2024-09-17 13:20:33.230,402.9945360204367,99
2024-09-17 13:20:33.247,402.98639336111273,100
2024-09-17 13:20:33.350,402.9558918475309,6
2024-09-17 13:20:33.351,402.9962306604172,8
2024-09-17 13:20:33.441,402.9901085073207,1001
2024-09-17 13:20:33.443,402.94849028976125,6
2024-09-17 13:20:33.483,402.9802761138306,10
2024-09-17 13:20:33.498,402.9595164277571,96
2024-09-17 13:20:33.667,402.9943186945108,98
2024-09-17 13:20:33.707,402.9668416365638,99
2024-09-17 13:20:33.739,402.9630346724359,6
2024-09-17 13:20:33.764,-403.0121861177142,997
2024-09-17 13:20:33.765,402.9817965774728,6
2024-09-17 13:20:33.866,402.99227357618906,99
2024-09-17 13:20:33.907,402.9599271688281,999
2024-09-17 13:20:33.910,-402.9594219214634,104
2024-09-17 13:20:33.938,402.9558351184961,104
2024-09-17 13:20:34.115,402.97223913593984,9
2024-09-17 13:20:34.275,402.9542972652681,11
2024-09-17 13:20:34.551,402.95508619891297,105
2024-09-17 13:20:35.005,403.0042108732033,11
2024-09-17 13:20:35.011,402.9556945817422,14
2024-09-17 13:20:35.032,402.9906770863187,998
2024-09-17 13:20:35.096,402.9686112457933,99
2024-09-17 13:20:35.135,403.0290093304265,10
2024-09-17 13:20:35.164,-402.985028025508,5
2024-09-17 13:20:35.177,402.9705469415913,1002
2024-09-17 13:20:35.215,403.0158115542238,7
2024-09-17 13:20:35.226,403.02241748117166,999
2024-09-17 13:20:35.295,40.29898336774946,105
2024-09-17 13:20:35.326,402.9812403651802,7
2024-09-17 13:20:35.330,402.95830241524015,102
2024-09-17 13:20:35.341,402.9971051031805,11
2024-09-17 13:20:35.350,402.99036903672993,99
2024-09-17 13:20:35.356,402.9646746180872,97
2024-09-17 13:20:35.467,402.9565735463025,104
2024-09-17 13:20:35.490,402.9793931589853,97
2024-09-17 13:20:35.495,402.9821163400965,105
2024-09-17 13:20:35.552,402.9757884905339,99
2024-09-17 13:20:35.667,402.9905751971482,104
2024-09-17 13:20:35.679,40.3019524957547,10
2024-09-17 13:20:35.701,403.019027269752,12
2024-09-17 13:20:35.758,403.0123839428987,10
2024-09-17 13:20:35.775,402.9818573919375,99
2024-09-17 13:20:35.783,403.0102630544637,996
2024-09-17 13:20:35.793,403.022374338468,103
2024-09-17 13:20:35.822,403.02020119478624,105
2024-09-17 13:20:35.836,402.9817128855561,1000
2024-09-17 13:20:35.892,402.9630829988864,14
2024-09-17 13:20:36.156,403.03491960138615,998
2024-09-17 13:20:36.156,403.0087394574326,15
2024-09-17 13:20:36.186,403.0269913008629,997
2024-09-17 13:20:36.212,403.0478968973426,996
2024-09-17 13:20:36.398,403.0364821814827,996
2024-09-17 13:20:36.433,403.0302525240047,997
2024-09-17 13:20:36.460,403.03511057393314,996
2024-09-17 13:20:36.490,402.99830713340856,6
2024-09-17 13:20:36.707,-403.0494339460077,8
2024-09-17 13:20:36.768,403.0132236515748,1005
2024-09-17 13:20:36.805,403.0556043150252,13
2024-09-17 13:20:36.910,403.04076946141646,997
2024-09-17 13:20:36.948,40.30135837707257,99
2024-09-17 13:20:36.967,403.0067296714868,98
2024-09-17 13:20:37.017,403.05107781329735,9
2024-09-17 13:20:37.091,403.0755180290988,100
2024-09-17 13:20:37.511,403.0687259314428,9
2024-09-17 13:20:37.752,403.0599211917941,6
2024-09-17 13:20:37.819,403.07912904034697,95
2024-09-17 13:20:38.016,402.8735653122807,1001
2024-09-17 13:20:38.104,402.9465760825066,101
2024-09-17 13:20:38.121,402.894678306486,1004
2024-09-17 13:20:38.139,402.9593275751705,1005
2024-09-17 13:20:38.146,402.8725296371173,96
2024-09-17 13:20:38.168,403.073936494753,997
2024-09-17 13:20:38.275,402.95269213229005,105
2024-09-17 13:20:38.280,403.0063627762367,11
2024-09-17 13:20:38.285,402.9852960014514,1004
2024-09-17 13:20:38.286,402.96225414251336,12
2024-09-17 13:20:38.290,403.0305853377409,105
2024-09-17 13:20:38.313,402.8958388489004,998
2024-09-17 13:20:38.320,402.88527983376656,101
2024-09-17 13:20:38.323,402.9634230122163,1004
2024-09-17 13:20:38.398,402.87555023304753,1003
2024-09-17 13:20:38.453,402.93119443754966,12
2024-09-17 13:20:38.461,402.9035640002028,13
2024-09-17 13:20:38.509,402.9039744543039,103
2024-09-17 13:20:38.531,402.8736777031834,7
2024-09-17 13:20:38.597,402.9624247736479,14
2024-09-17 13:20:38.673,402.9852597714032,6
2024-09-17 13:20:38.919,40.30531907999714,104
2024-09-17 13:20:39.039,402.8346190308162,15
2024-09-17 13:20:39.077,402.8788510978685,12
2024-09-17 13:20:39.119,402.85565753455296,105
2024-09-17 13:20:39.208,402.8344884843251,104
2024-09-17 13:20:39.286,402.86853185108623,105
2024-09-17 13:20:39.299,402.90495423575055,101
2024-09-17 13:20:39.315,402.9046883571527,101
2024-09-17 13:20:39.378,402.8536486740144,1005
2024-09-17 13:20:39.382,402.9116250815485,999
2024-09-17 13:20:39.391,402.8861067884425,5
2024-09-17 13:20:39.395,402.90644822874935,102
2024-09-17 13:20:39.433,402.85119793312623,1000
2024-09-17 13:20:39.435,402.874218890766,7
2024-09-17 13:20:39.467,402.8988319332868,10
2024-09-17 13:20:39.485,402.8416402468267,6
2024-09-17 13:20:39.506,402.86174362689945,9
2024-09-17 13:20:39.552,402.8409084280987,100
2024-09-17 13:20:39.572,402.8882163748266,9
2024-09-17 13:20:39.621,402.8741276319853,97
2024-09-17 13:20:39.675,402.8483166186596,995
2024-09-17 13:20:39.707,402.84948853157897,105
2024-09-17 13:20:39.750,402.91300776245146,96
2024-09-17 13:20:39.764,402.8471933524107,996
2024-09-17 13:20:39.819,402.8581456168458,995
2024-09-17 13:20:39.842,402.8812098017064,1004
2024-09-17 13:20:39.859,402.8870546207111,15
2024-09-17 13:20:39.984,402.8561895616831,105
2024-09-17 13:20:40.097,402.8744003309851,102
2024-09-17 13:20:40.116,402.87015044876136,15
2024-09-17 13:20:40.136,402.85409562122345,1003
2024-09-17 13:20:40.145,402.85765652066414,1005
2024-09-17 13:20:40.160,402.87432269833033,13
2024-09-17 13:20:40.164,402.8256969559673,100
2024-09-17 13:20:40.246,402.8757390665881,1000
2024-09-17 13:20:40.270,402.8481414965685,1005
2024-09-17 13:20:40.299,402.8260409992941,8
2024-09-17 13:20:40.305,402.8525039790912,1005
2024-09-17 13:20:40.354,402.8498315718516,995
2024-09-17 13:20:40.359,402.8484311016525,100
2024-09-17 13:20:40.374,402.8367604363977,103
2024-09-17 13:20:40.381,402.8587072378231,101
2024-09-17 13:20:40.411,402.88366427288514,995
2024-09-17 13:20:40.429,402.8337695888984,15
2024-09-17 13:20:40.458,402.8721549206495,96
2024-09-17 13:20:40.515,402.8354890933375,96
2024-09-17 13:20:40.608,402.82462005553447,105
2024-09-17 13:20:40.609,402.827686100216,99
2024-09-17 13:20:40.689,402.87765023803246,997
2024-09-17 13:20:40.710,402.86402258653874,96
2024-09-17 13:20:40.726,402.838233617443,104
2024-09-17 13:20:40.733,402.875055461688,103
2024-09-17 13:20:40.736,402.86406679098536,101
2024-09-17 13:20:40.783,402.81895659884606,95
2024-09-17 13:20:40.857,402.8552818351501,1004
2024-09-17 13:20:40.923,402.8454468763706,995
2024-09-17 13:20:41.024,402.7811213765572,102
2024-09-17 13:20:41.182,402.8203327259212,8
2024-09-17 13:20:41.209,402.8084531392073,996
2024-09-17 13:20:41.252,402.8002194673522,7
2024-09-17 13:20:41.366,402.8386769490647,105
2024-09-17 13:20:41.402,402.81041193850575,8
2024-09-17 13:20:41.437,402.8085690237408,11
2024-09-17 13:20:41.483,402.7856254247981,10
2024-09-17 13:20:41.502,402.8041870274828,95
2024-09-17 13:20:41.542,402.8327087956954,1001
2024-09-17 13:20:41.553,402.81806282919393,996
2024-09-17 13:20:41.604,402.8236549825705,997
2024-09-17 13:20:41.608,402.83002744246255,9
2024-09-17 13:20:41.616,402.8404256253376,996
2024-09-17 13:20:41.675,402.8608142648556,1004
2024-09-17 13:20:41.686,402.842632561306,998
2024-09-17 13:20:41.694,402.8434510189032,6
2024-09-17 13:20:41.704,402.8520765885168,101
2024-09-17 13:20:41.737,402.80989194605553,7
2024-09-17 13:20:41.774,402.853980175955,1002
2024-09-17 13:20:41.794,402.7689909606513,998
2024-09-17 13:20:41.812,402.8182232977691,15
2024-09-17 13:20:41.873,402.8366874623002,99
2024-09-17 13:20:41.891,402.8338668742466,105
2024-09-17 13:20:41.913,402.8105740243234,102
2024-09-17 13:20:41.992,402.81315039607546,102
2024-09-17 13:20:42.146,,98
2024-09-17 13:20:42.161,402.79750146938113,8
2024-09-17 13:20:42.175,402.80386727911406,15
2024-09-17 13:20:42.853,402.8034295497449,102
2024-09-17 13:20:43.056,402.79167097783386,103
2024-09-17 13:20:43.072,402.76450631435154,6
2024-09-17 13:20:43.114,402.7843922401303,12
2024-09-17 13:20:43.292,402.7275423534125,1001
2024-09-17 13:20:43.474,402.74271968431793,1003
2024-09-17 13:20:43.500,402.772841749498,998
2024-09-17 13:20:43.678,402.7276629902805,1002
2024-09-17 13:20:43.726,402.7979114327197,1001
2024-09-17 13:20:43.795,402.7446108887878,15
2024-09-17 13:20:43.835,402.78076167717416,1001
2024-09-17 13:20:43.912,402.7992105923938,9
2024-09-17 13:20:44.244,402.740086370903,998
2024-09-17 13:20:44.301,,97
2024-09-17 13:20:44.352,402.77231754581766,5
2024-09-17 13:20:44.644,402.7700941049897,100
2024-09-17 13:20:44.689,402.7520339391112,9
2024-09-17 13:20:44.697,402.7338681626041,996
2024-09-17 13:20:45.365,402.7861138909078,105
2024-09-17 13:20:45.536,402.81447354364894,101
2024-09-17 13:20:46.136,402.84342154281074,101
2024-09-17 13:20:46.181,402.8441479130655,1000
2024-09-17 13:20:46.229,402.8378908018722,996
2024-09-17 13:20:46.316,40.28287626177655,102
2024-09-17 13:20:46.369,402.8456378727396,12
2024-09-17 13:20:46.503,402.8116218248836,10
2024-09-17 13:20:47.032,402.8094527791917,1003
2024-09-17 13:20:47.103,402.8433019811228,1003
2024-09-17 13:20:47.165,402.8570363321221,1005
2024-09-17 13:20:47.223,402.8247937197808,95
2024-09-17 13:20:47.272,402.8176123231452,1003
2024-09-17 13:20:47.505,402.8086834454929,95
2024-09-17 13:20:47.519,402.82368575210927,14
2024-09-17 13:20:47.543,402.8187601667239,104
2024-09-17 13:20:47.619,402.8320177190463,995
2024-09-17 13:20:47.744,402.82173079952,999
2024-09-17 13:20:47.780,402.8422108071816,998
2024-09-17 13:20:48.025,402.88091718211416,998
2024-09-17 13:20:48.038,402.8135212845282,101
2024-09-17 13:20:48.145,,1005
2024-09-17 13:20:48.153,402.8182881211847,10
2024-09-17 13:20:48.291,402.82965541892406,997
2024-09-17 13:20:48.328,402.8398091848183,104
2024-09-17 13:20:48.339,402.8115552413144,102
2024-09-17 13:20:48.368,402.8817095742193,95
2024-09-17 13:20:48.405,402.8601396071177,1002
2024-09-17 13:20:48.417,402.8112472210676,995
2024-09-17 13:20:48.593,402.8221489150428,100
2024-09-17 13:20:48.700,402.8597816094401,100
2024-09-17 13:20:48.862,402.85890898165616,998
2024-09-17 13:20:48.970,402.888728080622,14
2024-09-17 13:20:49.135,-402.8402970095207,96
2024-09-17 13:20:49.160,402.8561274950788,1005
2024-09-17 13:20:49.205,402.8295685907113,13
2024-09-17 13:20:49.228,402.8493428539536,104
2024-09-17 13:20:49.302,402.8263507926608,1000
2024-09-17 13:20:49.377,402.8281572122009,1002
2024-09-17 13:20:49.409,402.8249962601623,1005
2024-09-17 13:20:49.604,402.822954868952,998
2024-09-17 13:20:49.639,402.84055563071655,5
2024-09-17 13:20:49.652,402.8436332881498,13
2024-09-17 13:20:49.655,402.8062571376348,998
2024-09-17 13:20:49.684,402.81409429661176,95
2024-09-17 13:20:49.691,402.8140994586078,101
2024-09-17 13:20:49.890,402.8209390466818,105
2024-09-17 13:20:49.890,402.84736420150807,97
2024-09-17 13:20:49.894,402.8182989500342,97
2024-09-17 13:20:49.942,402.8038255466436,9
2024-09-17 13:20:49.969,402.8314971983671,1000
2024-09-17 13:20:50.013,402.854454336729,995
2024-09-17 13:20:50.029,402.816414170734,1005
2024-09-17 13:20:50.068,402.8262283210308,999
2024-09-17 13:20:50.107,402.84086303762126,1000
2024-09-17 13:20:50.120,402.8525694220563,6
2024-09-17 13:20:50.213,402.8667509203781,98
2024-09-17 13:20:50.263,402.81207592390285,104
2024-09-17 13:20:50.291,402.8214509106385,13
2024-09-17 13:20:50.302,402.8214810482307,1000
2024-09-17 13:20:50.339,402.82335068607824,98
2024-09-17 13:20:50.352,402.8631714316091,1000
2024-09-17 13:20:50.373,402.8605860619446,996
2024-09-17 13:20:50.400,402.8276884690784,11
2024-09-17 13:20:50.406,402.8747339831829,7
2024-09-17 13:20:50.463,402.78976365396585,998
2024-09-17 13:20:50.529,,995
2024-09-17 13:20:50.534,402.8827893191376,95
2024-09-17 13:20:50.562,402.8460857701358,11
2024-09-17 13:20:50.577,402.80560347910017,105
2024-09-17 13:20:50.613,402.8494116881316,7
2024-09-17 13:20:50.619,402.8050190796279,998
2024-09-17 13:20:50.623,402.8686833937678,12
2024-09-17 13:20:50.634,402.7961248986821,100
2024-09-17 13:20:50.660,-402.8637603988096,95
2024-09-17 13:20:50.673,402.8732957621213,13
2024-09-17 13:20:50.812,402.8367258439961,5
2024-09-17 13:20:50.958,402.850433834036,98
2024-09-17 13:20:50.989,402.7856542240545,7
2024-09-17 13:20:50.991,402.8372420571265,11
2024-09-17 13:20:51.108,402.8622479758391,96
2024-09-17 13:20:51.155,402.86102162862926,995
2024-09-17 13:20:51.166,402.8668233763846,100
2024-09-17 13:20:51.479,402.8477273347641,995
2024-09-17 13:20:51.581,402.8552451326992,101
2024-09-17 13:20:52.449,402.8742986177703,8
2024-09-17 13:20:52.479,402.8622062371524,105
2024-09-17 13:20:52.634,402.8435077191367,10
2024-09-17 13:20:52.707,402.8583407622225,1002
2024-09-17 13:20:52.727,402.8753729364856,10
2024-09-17 13:20:52.973,402.8465531853119,102
2024-09-17 13:20:52.997,402.8762440346353,95
2024-09-17 13:20:53.044,402.93755865946855,13
2024-09-17 13:20:53.106,402.8687823282992,98
2024-09-17 13:20:53.195,402.8538615302117,996
2024-09-17 13:20:53.212,402.9213165355255,15
2024-09-17 13:20:53.219,402.9157040436235,105
2024-09-17 13:20:53.230,402.9288868674543,1003
2024-09-17 13:20:53.241,402.8889127842598,1001
2024-09-17 13:20:53.246,402.8652799773044,998
2024-09-17 13:20:53.262,402.8987337191377,101
2024-09-17 13:20:53.315,402.90257927847,10
2024-09-17 13:20:53.335,402.9098986081474,999
2024-09-17 13:20:53.349,402.8985023073983,104
2024-09-17 13:20:53.369,402.8740247493036,997
2024-09-17 13:20:53.371,402.8873621276269,996
2024-09-17 13:20:53.374,402.912471120034,10
2024-09-17 13:20:53.397,402.9230940638563,98
2024-09-17 13:20:53.422,402.90628345403337,103
2024-09-17 13:20:53.440,-402.8672315056333,102
2024-09-17 13:20:53.455,402.920065967883,96
2024-09-17 13:20:53.507,402.9149032204728,105
2024-09-17 13:20:53.518,402.9380431491449,999
2024-09-17 13:20:53.605,402.877735723328,997
2024-09-17 13:20:53.652,402.893795144395,12
2024-09-17 13:20:53.802,402.9001291585109,999
2024-09-17 13:20:53.841,402.8953308137616,103
2024-09-17 13:20:53.883,402.8868532183155,100
2024-09-17 13:20:53.919,402.8947115864619,12
2024-09-17 13:20:53.963,402.8943694951548,1005
2024-09-17 13:20:54.024,402.8646706972681,100
2024-09-17 13:20:54.048,402.8105565690744,5
2024-09-17 13:20:54.049,402.86016484131005,15
2024-09-17 13:20:54.078,402.8267310967168,998
2024-09-17 13:20:54.097,402.8398454071522,6
2024-09-17 13:20:54.148,402.8615013586109,10
2024-09-17 13:20:54.161,402.8378574591779,15
2024-09-17 13:20:54.177,402.8441971560613,101
2024-09-17 13:20:54.197,402.85102061339705,15
2024-09-17 13:20:54.215,40.28453970170631,998
2024-09-17 13:20:54.219,402.82145577285496,1004
2024-09-17 13:20:54.269,-402.8673414077507,995
2024-09-17 13:20:54.340,402.818073198376,98
2024-09-17 13:20:54.346,402.8669756496342,1001
2024-09-17 13:20:54.364,402.87296467142096,15
2024-09-17 13:20:54.388,402.82907799355206,101
2024-09-17 13:20:54.432,402.8230044099108,1003
2024-09-17 13:20:54.474,402.8713603901956,1004
2024-09-17 13:20:54.508,402.81535013136505,1004
2024-09-17 13:20:54.559,402.8500951285921,99
2024-09-17 13:20:54.700,402.8622772743197,6
2024-09-17 13:20:54.744,402.836168112457,1005
2024-09-17 13:20:54.761,402.86695017078864,996
2024-09-17 13:20:54.808,40.28721509863516,10
2024-09-17 13:20:54.889,402.836904647468,15
2024-09-17 13:20:54.898,402.886499098509,97
2024-09-17 13:20:54.948,402.8512742176293,104
2024-09-17 13:20:54.956,402.84149718902063,996
2024-09-17 13:20:54.998,402.84739878160616,103
2024-09-17 13:20:54.998,402.8343971202647,98
2024-09-17 13:20:55.038,402.8145912005772,14
2024-09-17 13:20:55.177,402.8174625924208,1003
2024-09-17 13:20:55.187,402.8322004697228,7
2024-09-17 13:20:55.704,402.8229314758788,97
2024-09-17 13:20:55.878,402.8276912826159,104
2024-09-17 13:20:56.002,402.8064028427961,105
2024-09-17 13:20:56.037,402.7810287667248,5
2024-09-17 13:20:56.072,402.8258896575698,96
2024-09-17 13:20:56.092,402.7567197823244,105
2024-09-17 13:20:56.169,402.8309471909865,10
2024-09-17 13:20:56.175,402.8508949895004,7
2024-09-17 13:20:56.180,402.73641577511006,13
2024-09-17 13:20:56.242,402.7637807443949,100
2024-09-17 13:20:56.296,402.7533349505149,7
2024-09-17 13:20:56.332,402.7857983304041,104
2024-09-17 13:20:56.365,402.81210605620566,1000
2024-09-17 13:20:56.389,402.7670969897055,1004
2024-09-17 13:20:56.427,402.75100212890993,101
2024-09-17 13:20:56.434,402.8341305217825,5
2024-09-17 13:20:56.612,402.7608799415193,1003
2024-09-17 13:20:56.616,402.8298589630954,5
2024-09-17 13:20:56.650,402.84394441422575,97
2024-09-17 13:20:56.667,402.7636342965604,11
2024-09-17 13:20:56.713,402.79708634750193,98
2024-09-17 13:20:56.743,402.725500575328,100
2024-09-17 13:20:56.779,402.7756960309152,1002
2024-09-17 13:20:56.797,402.823195389512,995
2024-09-17 13:20:56.902,402.8338485693927,7
2024-09-17 13:20:56.916,402.8394401636089,98
2024-09-17 13:20:56.922,402.7521636156313,10
2024-09-17 13:20:57.025,402.7061299732967,99
2024-09-17 13:20:57.045,402.7052408535508,95
2024-09-17 13:20:57.049,402.7175225956528,10
2024-09-17 13:20:57.101,402.7192955882716,5
2024-09-17 13:20:57.108,402.6996301952286,102
2024-09-17 13:20:57.111,402.70386648575015,97
2024-09-17 13:20:57.113,402.71675137117,96
2024-09-17 13:20:57.139,402.7279918703964,15
2024-09-17 13:20:57.261,402.7201494589358,12
2024-09-17 13:20:57.285,402.68737077162,103
2024-09-17 13:20:57.287,402.73643859410447,7
2024-09-17 13:20:57.341,402.7079019563088,103
2024-09-17 13:20:57.377,402.74305009576784,9
2024-09-17 13:20:57.383,402.7195548794966,1004
2024-09-17 13:20:57.419,40.27098420233377,1004
2024-09-17 13:20:57.427,402.7373910033152,6
2024-09-17 13:20:57.497,402.7148111932812,997
2024-09-17 13:20:57.547,402.70291853692737,9
2024-09-17 13:20:57.549,402.7250160929589,5
2024-09-17 13:20:57.556,402.7388100620858,10
2024-09-17 13:20:57.574,402.7014583899877,1005
2024-09-17 13:20:57.577,402.7155610028222,1002
2024-09-17 13:20:57.657,402.7198013092912,101
2024-09-17 13:20:57.702,402.73564169357417,10
2024-09-17 13:20:57.920,402.7213894209249,995
2024-09-17 13:20:57.984,402.7159679756695,11
2024-09-17 13:20:58.255,402.7190053488178,999
2024-09-17 13:20:58.393,402.7270214421644,95
2024-09-17 13:20:59.061,402.6367334359405,1001
2024-09-17 13:20:59.095,402.6578913691427,104
2024-09-17 13:20:59.127,-402.634354125073,99
2024-09-17 13:20:59.127,402.6386602728749,98
2024-09-17 13:20:59.172,402.6235879009821,5
2024-09-17 13:20:59.202,402.72850916300536,97
2024-09-17 13:20:59.206,402.64599100133336,102
2024-09-17 13:20:59.212,402.72386951691067,101
2024-09-17 13:20:59.236,402.6528423098669,11
2024-09-17 13:20:59.252,402.71616776117946,6
2024-09-17 13:20:59.295,402.6634043604944,13
2024-09-17 13:20:59.300,402.64309212417663,1005
2024-09-17 13:20:59.410,402.6557482661466,97
2024-09-17 13:20:59.433,402.7089950630974,15
2024-09-17 13:20:59.451,402.6459042103275,997
2024-09-17 13:20:59.462,402.71074572852535,103
2024-09-17 13:20:59.472,402.6420103435338,98
2024-09-17 13:20:59.477,402.7284326073966,13
2024-09-17 13:20:59.518,402.7409942733671,98
2024-09-17 13:20:59.609,402.6132002184088,996
2024-09-17 13:20:59.666,402.6484652905713,995
2024-09-17 13:20:59.671,402.6780292223489,14
2024-09-17 13:20:59.794,402.7298755819844,12
2024-09-17 13:20:59.812,402.6397369869935,5
2024-09-17 13:20:59.903,402.6396474594534,1002
2024-09-17 13:20:59.952,402.70748066801934,12
2024-09-17 13:20:59.968,402.6831493431666,102
