Timestamp,Price,Size
2024-09-18 10:47:00.006,413.0163909679288,12
2024-09-18 10:47:00.099,413.04683084964296,103
2024-09-18 10:47:00.141,413.04950463869307,98
2024-09-18 10:47:00.150,41.30547269271199,6
2024-09-18 10:47:00.223,413.0234148354381,1001
2024-09-18 10:47:00.288,413.05509267596005,1002
2024-09-18 10:47:00.331,413.03280676776194,13
2024-09-18 10:47:00.383,413.0327096801259,1005
2024-09-18 10:47:00.450,413.0434752205866,9
2024-09-18 10:47:00.482,413.0525487108478,104
2024-09-18 10:47:00.486,413.0346291605301,15
2024-09-18 10:47:00.593,413.0479816274829,6
2024-09-18 10:47:00.679,413.0473572298116,15
2024-09-18 10:47:00.745,413.0119532905683,105
2024-09-18 10:47:00.754,413.0588645504238,12
2024-09-18 10:47:00.805,413.0510577156181,100
2024-09-18 10:47:00.815,413.03376112558215,1003
2024-09-18 10:47:00.853,413.0166699819496,8
2024-09-18 10:47:01.033,412.9858244770295,98
2024-09-18 10:47:01.123,412.9784454874471,103
2024-09-18 10:47:01.163,412.9853161114413,12
2024-09-18 10:47:01.339,412.9881831935578,1000
2024-09-18 10:47:01.367,413.0195646958512,1005
2024-09-18 10:47:01.402,412.9958308302283,104
2024-09-18 10:47:01.485,413.001213514738,104
2024-09-18 10:47:01.515,412.98107449680566,1003
2024-09-18 10:47:01.541,412.95847588111377,7
2024-09-18 10:47:01.579,413.0064505205289,12
2024-09-18 10:47:01.625,412.99919949693,15
2024-09-18 10:47:01.633,413.0130118266213,995
2024-09-18 10:47:01.794,412.95905583250016,10
2024-09-18 10:47:01.794,413.0354322676992,999
2024-09-18 10:47:01.892,412.98921291214833,5
2024-09-18 10:47:01.918,413.0379041656768,999
2024-09-18 10:47:01.969,413.0356835719565,1005
2024-09-18 10:47:02.119,412.994643798616,1005
2024-09-18 10:47:02.162,412.9694978154499,13
2024-09-18 10:47:02.378,-413.0022231551446,6
2024-09-18 10:47:02.509,412.98471697665417,999
2024-09-18 10:47:03.014,413.0277417543,1001
2024-09-18 10:47:03.016,413.0347766313576,7
2024-09-18 10:47:03.147,413.0403958316575,105
2024-09-18 10:47:03.152,413.0600763031864,1005
2024-09-18 10:47:03.254,413.0524373439063,996
2024-09-18 10:47:03.388,413.0319188779428,15
2024-09-18 10:47:03.393,413.0352586471287,14
2024-09-18 10:47:03.428,413.01166461694186,102
2024-09-18 10:47:03.488,413.0321973448798,13
2024-09-18 10:47:03.626,413.0338087458615,9
2024-09-18 10:47:03.691,413.04591581147946,104
2024-09-18 10:47:03.716,413.0287744217191,996
2024-09-18 10:47:03.795,413.0196459549858,96
2024-09-18 10:47:03.877,413.0258062555567,105
2024-09-18 10:47:04.498,413.0608119440879,999
2024-09-18 10:47:04.598,413.06459087736266,105
2024-09-18 10:47:05.054,413.11394782406666,99
2024-09-18 10:47:05.059,413.03839663641,8
2024-09-18 10:47:05.073,413.1342135978993,11
2024-09-18 10:47:05.180,413.1228335430219,96
2024-09-18 10:47:05.216,413.08962024312666,97
2024-09-18 10:47:05.264,413.0475465596695,1004
2024-09-18 10:47:05.304,413.1207544931035,96
2024-09-18 10:47:05.405,413.0438858375916,7
2024-09-18 10:47:05.472,413.122884484894,96
2024-09-18 10:47:05.530,413.10550770737007,102
2024-09-18 10:47:05.546,413.0704383296933,9
2024-09-18 10:47:05.636,413.0605178361529,103
2024-09-18 10:47:05.638,413.0438777157681,1003
2024-09-18 10:47:05.672,413.06277435358135,104
2024-09-18 10:47:05.711,413.13749994868095,10
2024-09-18 10:47:05.750,413.0603948636901,997
2024-09-18 10:47:05.755,413.09628582842765,105
2024-09-18 10:47:05.796,413.1194545635268,12
2024-09-18 10:47:05.831,413.1119216330011,1000
2024-09-18 10:47:05.838,413.0687331384929,10
2024-09-18 10:47:05.900,413.1229639865742,1003
2024-09-18 10:47:05.954,413.0586024146233,7
2024-09-18 10:47:06.125,413.0611770112162,13
2024-09-18 10:47:06.201,413.0582586983123,103
2024-09-18 10:47:06.452,413.022149568945,998
2024-09-18 10:47:06.681,41.30093956247084,103
2024-09-18 10:47:06.857,413.06699047654274,105
2024-09-18 10:47:06.929,413.0299827265804,9
2024-09-18 10:47:06.959,413.066355951114,1001
2024-09-18 10:47:07.005,413.0412754848383,95
2024-09-18 10:47:07.070,413.04021352037057,997
2024-09-18 10:47:07.556,413.038523716062,1005
2024-09-18 10:47:07.732,413.0393228739918,104
2024-09-18 10:47:07.796,413.0433700512072,101
2024-09-18 10:47:07.957,413.0371319998514,102
2024-09-18 10:47:08.085,413.0221588098311,997
2024-09-18 10:47:08.092,413.0503353412977,15
2024-09-18 10:47:08.128,413.04785278565646,14
2024-09-18 10:47:08.164,413.0371720377975,98
2024-09-18 10:47:08.490,413.0504789312386,1001
2024-09-18 10:47:08.526,413.0405403523634,95
2024-09-18 10:47:08.645,413.0503677890499,997
2024-09-18 10:47:08.679,41.30348422330974,1001
2024-09-18 10:47:08.726,413.055283004686,10
2024-09-18 10:47:08.731,413.0522434364845,999
2024-09-18 10:47:08.780,413.0298460447563,99
2024-09-18 10:47:08.785,413.0530798958114,1002
2024-09-18 10:47:08.798,413.05016199827566,9
2024-09-18 10:47:08.818,413.0447561658155,1000
2024-09-18 10:47:08.851,413.0370896834311,101
2024-09-18 10:47:08.868,413.0379657749976,15
2024-09-18 10:47:08.928,413.0303998628437,1003
2024-09-18 10:47:09.131,413.0452990511686,999
2024-09-18 10:47:09.339,413.0357069307166,97
2024-09-18 10:47:09.459,413.0791127376411,101
2024-09-18 10:47:09.471,413.0730666747477,15
2024-09-18 10:47:09.493,413.0675749639129,99
2024-09-18 10:47:09.634,413.0811647288938,1002
2024-09-18 10:47:09.755,413.0590318860893,1004
2024-09-18 10:47:09.934,413.0857037757352,6
2024-09-18 10:47:09.972,413.0563096898842,995
2024-09-18 10:47:10.062,413.1034951358039,101
2024-09-18 10:47:10.064,413.0807382142253,14
2024-09-18 10:47:10.120,413.0806698535936,96
2024-09-18 10:47:10.133,413.1044136307924,11
2024-09-18 10:47:10.135,413.1053039477431,96
2024-09-18 10:47:10.235,413.1065457501414,1003
2024-09-18 10:47:10.284,413.0965284532516,101
2024-09-18 10:47:10.333,413.0767584966226,995
2024-09-18 10:47:10.350,413.0843105971202,5
2024-09-18 10:47:10.570,413.0686022124024,15
2024-09-18 10:47:10.584,413.09428626635673,996
2024-09-18 10:47:10.622,413.0774328754266,98
2024-09-18 10:47:10.633,413.06391888035967,998
2024-09-18 10:47:10.635,413.1121121785777,103
2024-09-18 10:47:10.702,413.097999337096,102
2024-09-18 10:47:10.738,413.1023095259312,100
2024-09-18 10:47:10.775,413.0882007852209,12
2024-09-18 10:47:10.840,413.0647786518179,8
2024-09-18 10:47:10.845,413.0708138304751,98
2024-09-18 10:47:10.867,413.0951425021576,999
2024-09-18 10:47:10.877,,101
2024-09-18 10:47:10.926,413.0858616398697,1001
2024-09-18 10:47:10.937,413.08687968796977,15
2024-09-18 10:47:10.948,413.0998254972254,97
2024-09-18 10:47:10.958,413.07185891544646,102
2024-09-18 10:47:11.010,413.1393529119122,1000
2024-09-18 10:47:11.057,413.1013813836404,10
2024-09-18 10:47:11.086,413.0676578828052,999
2024-09-18 10:47:11.142,413.14111565970114,14
2024-09-18 10:47:11.168,413.0923022322438,997
2024-09-18 10:47:11.208,413.1233627901293,103
2024-09-18 10:47:11.310,413.1264340873231,103
2024-09-18 10:47:11.457,413.1069184432993,999
2024-09-18 10:47:11.529,413.0955758419001,6
2024-09-18 10:47:11.571,413.141845720434,6
2024-09-18 10:47:11.658,413.0774395146892,7
2024-09-18 10:47:11.680,413.0713155814853,998
2024-09-18 10:47:11.726,413.096246586667,6
2024-09-18 10:47:11.749,413.1134100082479,99
2024-09-18 10:47:11.789,413.0705954577497,97
2024-09-18 10:47:11.819,413.0743072111016,9
2024-09-18 10:47:11.822,413.1200511160623,998
2024-09-18 10:47:11.822,413.15464518479706,11
2024-09-18 10:47:11.853,413.06944388859023,1002
2024-09-18 10:47:11.876,413.11755782747593,105
2024-09-18 10:47:11.960,413.0795940995656,100
2024-09-18 10:47:11.996,41.3109863301726,100
2024-09-18 10:47:12.033,413.1262877465134,102
2024-09-18 10:47:12.235,413.1263043368196,7
2024-09-18 10:47:12.240,413.1176093071834,104
2024-09-18 10:47:12.434,413.1307875260623,996
2024-09-18 10:47:12.519,413.1056808485599,101
2024-09-18 10:47:12.815,413.1217052816215,103
2024-09-18 10:47:12.834,413.1222456897252,103
2024-09-18 10:47:12.881,413.11558647061065,998
2024-09-18 10:47:12.951,413.10571678872,11
2024-09-18 10:47:13.039,413.1771435844833,8
2024-09-18 10:47:13.049,413.1421482047895,8
2024-09-18 10:47:13.071,,103
2024-09-18 10:47:13.167,413.1715134845167,11
2024-09-18 10:47:13.194,413.1587292729153,1001
2024-09-18 10:47:13.240,413.2013099098442,95
2024-09-18 10:47:13.245,413.1679570574567,6
2024-09-18 10:47:13.314,413.19185997832375,6
2024-09-18 10:47:13.414,413.12630992596985,999
2024-09-18 10:47:13.436,413.1713236903111,998
2024-09-18 10:47:13.495,413.1768874756746,995
2024-09-18 10:47:13.557,413.1971114160549,6
2024-09-18 10:47:13.639,413.1957935291579,12
2024-09-18 10:47:13.649,413.1181596234045,998
2024-09-18 10:47:13.681,413.17180436800186,101
2024-09-18 10:47:13.825,413.1191915435122,15
2024-09-18 10:47:13.970,413.1750404053385,1002
2024-09-18 10:47:13.978,413.1767012438492,5
2024-09-18 10:47:14.074,413.2191264574513,995
2024-09-18 10:47:14.203,413.23313264404754,10
2024-09-18 10:47:14.213,413.1828239191105,1000
2024-09-18 10:47:14.316,413.21237577721416,1004
2024-09-18 10:47:14.326,413.23115652905386,104
2024-09-18 10:47:14.382,413.19172751758623,12
2024-09-18 10:47:14.406,41.319369931851,14
2024-09-18 10:47:14.536,413.2046253553562,96
2024-09-18 10:47:14.575,413.21317841365857,997
2024-09-18 10:47:14.581,413.2390704998634,95
2024-09-18 10:47:14.644,413.2242702927808,103
2024-09-18 10:47:14.648,413.2397171856247,11
2024-09-18 10:47:14.657,413.21384287526575,6
2024-09-18 10:47:14.692,413.1736395418816,102
2024-09-18 10:47:14.777,413.2298852163884,100
2024-09-18 10:47:14.845,413.1677776747513,95
2024-09-18 10:47:14.867,413.2223500770973,98
2024-09-18 10:47:14.879,413.1798434252342,6
2024-09-18 10:47:14.882,413.19877529396086,1005
2024-09-18 10:47:14.956,413.2427859770881,1004
2024-09-18 10:47:14.967,413.20808337754215,1003
2024-09-18 10:47:15.017,413.21583934440815,14
2024-09-18 10:47:15.103,413.1889933769665,996
2024-09-18 10:47:15.191,413.24961944623095,99
2024-09-18 10:47:15.199,413.246398058348,6
2024-09-18 10:47:15.237,413.2195195744327,1000
2024-09-18 10:47:15.264,413.2116145812741,95
2024-09-18 10:47:15.264,413.238682152755,101
2024-09-18 10:47:15.291,413.2461813241536,13
2024-09-18 10:47:15.307,413.2685055393168,1003
2024-09-18 10:47:15.310,413.2034187549482,1000
2024-09-18 10:47:15.327,413.2026605338553,95
2024-09-18 10:47:15.339,413.24862610555454,1004
2024-09-18 10:47:15.493,413.2593853926227,98
2024-09-18 10:47:15.500,413.2747473348314,7
2024-09-18 10:47:15.537,413.251230028662,5
2024-09-18 10:47:15.626,413.23207974829165,98
2024-09-18 10:47:15.686,413.19865838207727,999
2024-09-18 10:47:15.690,413.228549575889,1000
2024-09-18 10:47:15.713,413.2917610074588,14
2024-09-18 10:47:15.714,413.2594780237903,102
2024-09-18 10:47:15.715,413.2439254850969,1004
2024-09-18 10:47:15.738,413.2886250031394,1001
2024-09-18 10:47:15.799,413.23273880463086,8
2024-09-18 10:47:15.815,413.2607122904922,1002
2024-09-18 10:47:15.861,413.2810536190947,104
2024-09-18 10:47:15.894,413.2792428164814,14
2024-09-18 10:47:15.930,413.25949688279945,102
2024-09-18 10:47:15.934,413.2659652476714,1005
2024-09-18 10:47:15.989,413.20112463333845,11
2024-09-18 10:47:15.990,413.24222052941934,13
2024-09-18 10:47:17.520,413.2364145717905,1000
2024-09-18 10:47:18.020,413.2413435925488,996
2024-09-18 10:47:18.046,413.26701199528287,96
2024-09-18 10:47:18.120,413.2497763825332,1002
2024-09-18 10:47:18.124,413.2622720409639,995
2024-09-18 10:47:18.166,413.24363310445534,5
2024-09-18 10:47:18.193,413.2950772880527,5
2024-09-18 10:47:18.208,413.2305879505413,999
2024-09-18 10:47:18.350,413.23754708093634,104
2024-09-18 10:47:18.366,413.25461005447926,996
2024-09-18 10:47:18.410,413.2646085628093,997
2024-09-18 10:47:18.452,413.2419089619914,997
2024-09-18 10:47:18.507,413.23828485055645,13
2024-09-18 10:47:18.539,413.2627999253901,102
2024-09-18 10:47:18.590,413.25894267902606,996
2024-09-18 10:47:18.599,413.234129606567,97
2024-09-18 10:47:18.640,413.2481631179973,10
2024-09-18 10:47:18.670,413.2796094685481,103
2024-09-18 10:47:18.674,413.2653961704301,7
2024-09-18 10:47:18.696,413.243435421002,96
2024-09-18 10:47:18.702,413.2486559330469,996
2024-09-18 10:47:18.822,413.2409308145259,96
2024-09-18 10:47:18.839,413.25956707827646,1004
2024-09-18 10:47:18.880,413.23775637324985,999
2024-09-18 10:47:18.907,413.2927337932151,104
2024-09-18 10:47:18.972,413.2629085087898,998
2024-09-18 10:47:18.980,413.2341018539073,105
2024-09-18 10:47:18.983,413.26354905555286,96
2024-09-18 10:47:19.029,413.2661439727138,96
2024-09-18 10:47:19.050,413.2683332036781,995
2024-09-18 10:47:19.070,413.2499206332188,7
2024-09-18 10:47:19.150,413.2531789568343,105
2024-09-18 10:47:19.233,413.3226013434342,98
2024-09-18 10:47:19.241,413.264930603984,14
2024-09-18 10:47:19.283,413.2695026455913,1002
2024-09-18 10:47:19.331,413.2560509146413,995
2024-09-18 10:47:19.385,413.3075764121775,10
2024-09-18 10:47:19.403,413.27311034205553,9
2024-09-18 10:47:19.463,413.2870893267814,105
2024-09-18 10:47:19.491,413.3104354971391,11
2024-09-18 10:47:19.538,413.258529082328,103
2024-09-18 10:47:19.548,413.2569905216342,997
2024-09-18 10:47:19.551,413.27591212549726,1004
2024-09-18 10:47:19.617,413.2749111331567,9
2024-09-18 10:47:19.636,413.2636382121023,97
2024-09-18 10:47:19.653,413.261766261671,5
2024-09-18 10:47:19.696,413.2655554883765,102
2024-09-18 10:47:19.718,413.24348527285775,995
2024-09-18 10:47:19.719,413.24527405616,7
2024-09-18 10:47:19.931,413.2648475031816,12
2024-09-18 10:47:19.939,413.2383130490029,11
2024-09-18 10:47:19.983,413.2499187088996,11
2024-09-18 10:47:19.996,413.2829317277611,8
2024-09-18 10:47:21.073,413.1645366074848,100
2024-09-18 10:47:21.291,413.2317523470708,98
2024-09-18 10:47:21.416,413.1796106989374,1004
2024-09-18 10:47:21.451,413.1850389017632,103
2024-09-18 10:47:21.475,413.2284249416824,997
2024-09-18 10:47:21.484,413.15193413012094,97
2024-09-18 10:47:21.696,413.21427159368767,7
2024-09-18 10:47:21.953,413.1667567553117,996
2024-09-18 10:47:22.010,413.0944564523101,6
2024-09-18 10:47:22.067,413.1638667129244,104
2024-09-18 10:47:22.141,413.148141283496,8
2024-09-18 10:47:22.177,413.1561134196481,6
2024-09-18 10:47:22.253,413.14269788266233,996
2024-09-18 10:47:22.296,413.1166182770284,98
2024-09-18 10:47:22.331,413.1200898410147,9
2024-09-18 10:47:22.358,413.1787033764946,105
2024-09-18 10:47:22.410,413.1359203303767,12
2024-09-18 10:47:22.410,-413.14413954998753,13
2024-09-18 10:47:22.478,413.1603459641505,103
2024-09-18 10:47:22.490,413.1639180945941,997
2024-09-18 10:47:22.536,413.1223603559928,97
2024-09-18 10:47:22.545,413.14482257807015,6
2024-09-18 10:47:22.653,413.1713654164152,101
2024-09-18 10:47:22.664,413.14301439671306,98
2024-09-18 10:47:22.694,413.1725620510188,103
2024-09-18 10:47:22.728,413.1420996544084,1004
2024-09-18 10:47:22.753,413.1856217413632,12
2024-09-18 10:47:22.763,413.1342679935447,105
2024-09-18 10:47:22.831,413.1497501223707,998
2024-09-18 10:47:22.882,413.1291327173493,15
2024-09-18 10:47:22.891,413.1689186144693,14
2024-09-18 10:47:22.920,413.1385611347116,6
2024-09-18 10:47:22.950,413.1326993762996,995
2024-09-18 10:47:22.968,413.1456626195993,1002
2024-09-18 10:47:22.971,413.1497579381476,100
2024-09-18 10:47:23.000,413.1629773916648,105
2024-09-18 10:47:23.027,413.2383431153999,8
2024-09-18 10:47:23.073,413.1872390667551,105
2024-09-18 10:47:23.078,413.1727411360308,1001
2024-09-18 10:47:23.084,413.1752391490437,1000
2024-09-18 10:47:23.094,413.1750433413395,1000
2024-09-18 10:47:23.104,413.2278184806759,95
2024-09-18 10:47:23.132,413.1644931776635,100
2024-09-18 10:47:23.188,413.1595229514484,15
2024-09-18 10:47:23.296,413.1592500690449,1000
2024-09-18 10:47:23.299,413.1814971290672,105
2024-09-18 10:47:23.425,413.1766914494383,9
2024-09-18 10:47:23.461,413.181413521411,1004
2024-09-18 10:47:23.494,413.20041832035554,8
2024-09-18 10:47:23.553,413.16658218021416,995
2024-09-18 10:47:23.583,413.1879950397153,15
2024-09-18 10:47:23.603,413.15445105132864,995
2024-09-18 10:47:23.653,413.1750075183807,105
2024-09-18 10:47:23.660,413.1594632995379,13
2024-09-18 10:47:23.676,413.1765560686685,7
2024-09-18 10:47:23.750,413.1597745812874,102
2024-09-18 10:47:23.786,413.1824046694304,1001
2024-09-18 10:47:23.793,413.2158447725485,5
2024-09-18 10:47:23.878,413.1670986108143,1000
2024-09-18 10:47:23.885,413.2217041437402,13
2024-09-18 10:47:23.946,413.1918680394065,98
2024-09-18 10:47:23.946,413.1555135480528,98
2024-09-18 10:47:23.982,413.15721307273145,101
2024-09-18 10:47:24.097,413.2110665081824,15
2024-09-18 10:47:24.128,413.2468978688686,10
2024-09-18 10:47:24.207,413.2430732675917,999
2024-09-18 10:47:24.219,413.1897915746058,11
2024-09-18 10:47:24.229,413.228221409856,103
2024-09-18 10:47:24.281,413.2298715133179,997
2024-09-18 10:47:24.324,413.222402696748,103
2024-09-18 10:47:24.360,413.2402365179983,7
2024-09-18 10:47:24.416,413.2320595362489,102
2024-09-18 10:47:24.459,413.2667080453354,99
2024-09-18 10:47:24.522,413.202064157832,5
2024-09-18 10:47:24.658,413.1967828052381,1004
2024-09-18 10:47:24.735,413.18987690397336,7
2024-09-18 10:47:24.774,413.20783107634895,6
2024-09-18 10:47:25.150,413.2202039500413,95
2024-09-18 10:47:25.185,413.2041512200191,101
2024-09-18 10:47:25.381,413.251383898015,998
2024-09-18 10:47:25.454,413.2219390498067,998
2024-09-18 10:47:25.470,413.25632481530425,1004
2024-09-18 10:47:25.530,413.22919857555553,15
2024-09-18 10:47:25.622,413.22708457372505,101
2024-09-18 10:47:25.670,413.1733092371104,9
2024-09-18 10:47:25.689,413.2529112337727,102
2024-09-18 10:47:25.693,413.231710247923,95
2024-09-18 10:47:25.705,413.2555413016353,995
2024-09-18 10:47:25.788,413.21776753429646,1000
2024-09-18 10:47:25.789,413.2107691717341,98
2024-09-18 10:47:25.832,413.1985337867725,1004
2024-09-18 10:47:25.861,413.2279536630374,7
2024-09-18 10:47:25.987,413.2306124477639,14
2024-09-18 10:47:25.997,413.25961132204895,1000
2024-09-18 10:47:26.077,413.28452167108094,1000
2024-09-18 10:47:26.077,413.3126582958304,7
2024-09-18 10:47:26.142,413.27137998896586,99
2024-09-18 10:47:26.215,413.2502416265559,999
2024-09-18 10:47:26.257,413.29540833601067,99
2024-09-18 10:47:26.287,413.3300912960485,15
2024-09-18 10:47:26.289,413.2900142303353,1004
2024-09-18 10:47:26.355,413.2479704556718,995
2024-09-18 10:47:26.448,413.27657050256346,998
2024-09-18 10:47:26.508,413.2501423094231,996
2024-09-18 10:47:26.610,413.268885576548,999
2024-09-18 10:47:26.646,413.292933366064,99
2024-09-18 10:47:26.689,413.2652240652018,995
2024-09-18 10:47:26.817,413.3238930063275,998
2024-09-18 10:47:26.833,413.2690016947923,13
2024-09-18 10:47:26.926,413.2722390927887,5
2024-09-18 10:47:27.027,413.2785292413456,101
2024-09-18 10:47:27.161,413.262115369263,12
2024-09-18 10:47:27.293,413.2614909857253,12
2024-09-18 10:47:27.346,413.2751840763628,8
2024-09-18 10:47:27.353,413.2697149725517,1004
2024-09-18 10:47:27.382,413.26413413051233,7
2024-09-18 10:47:27.395,413.2832365526291,1005
2024-09-18 10:47:27.527,413.26461416982346,105
2024-09-18 10:47:27.595,413.2883016940498,1002
2024-09-18 10:47:27.609,413.2805666313865,12
2024-09-18 10:47:27.611,413.273344937702,104
2024-09-18 10:47:27.648,413.2736345648875,5
2024-09-18 10:47:27.659,413.2527236245217,1003
2024-09-18 10:47:27.680,413.2791222832679,8
2024-09-18 10:47:27.754,413.2643967838422,105
2024-09-18 10:47:27.790,413.2695405644384,999
2024-09-18 10:47:27.792,413.2844153459156,9
2024-09-18 10:47:27.834,41.3273760566621,1003
2024-09-18 10:47:27.861,413.253389505838,996
2024-09-18 10:47:27.941,413.2565660447257,996
2024-09-18 10:47:28.293,413.3379508480085,9
2024-09-18 10:47:28.298,413.331843617702,97
2024-09-18 10:47:28.301,413.3134683033164,98
2024-09-18 10:47:28.342,413.3192381440461,101
2024-09-18 10:47:28.580,413.32259123999154,101
2024-09-18 10:47:28.965,413.3252262084884,1002
2024-09-18 10:47:29.068,413.2953454634567,1002
2024-09-18 10:47:29.089,413.28587867939285,1000
2024-09-18 10:47:29.099,413.29867344129696,10
2024-09-18 10:47:29.135,413.3201304320778,1000
2024-09-18 10:47:29.198,413.2708154135785,103
2024-09-18 10:47:29.342,413.3122856968226,8
2024-09-18 10:47:29.384,413.30898395458826,997
2024-09-18 10:47:29.445,413.2815128092242,13
2024-09-18 10:47:29.566,413.2890024706074,9
2024-09-18 10:47:29.685,413.31585720197984,14
2024-09-18 10:47:29.772,413.28117363487,1004
2024-09-18 10:47:29.800,413.2880651485578,1000
2024-09-18 10:47:29.977,413.2959764539774,103
2024-09-18 10:47:30.031,413.2744711407333,98
2024-09-18 10:47:30.038,413.33850231075184,14
2024-09-18 10:47:30.053,413.38409050414,1000
2024-09-18 10:47:30.059,413.32597357045256,98
2024-09-18 10:47:30.108,413.3490766820172,997
2024-09-18 10:47:30.192,413.2728604994992,95
2024-09-18 10:47:30.210,413.3748288220772,5
2024-09-18 10:47:30.224,413.36326380113593,7
2024-09-18 10:47:30.285,413.344151591922,1003
2024-09-18 10:47:30.292,413.35705058668935,99
2024-09-18 10:47:30.313,413.3151873436257,15
2024-09-18 10:47:30.330,413.3841118016885,5
2024-09-18 10:47:30.335,413.3545098698119,998
2024-09-18 10:47:30.341,413.384241513356,1002
2024-09-18 10:47:30.385,413.3659304319079,10
2024-09-18 10:47:30.391,413.35106546031,98
2024-09-18 10:47:30.398,413.29314214699,1001
2024-09-18 10:47:30.405,413.3673857933821,105
2024-09-18 10:47:30.405,413.37217590292926,96
2024-09-18 10:47:30.549,413.35804357022846,11
2024-09-18 10:47:30.717,413.3796980685629,5
2024-09-18 10:47:30.742,413.3865122960185,15
2024-09-18 10:47:30.770,413.3056593645292,1000
2024-09-18 10:47:30.792,413.3726243395009,997
2024-09-18 10:47:30.836,413.3738854673515,999
2024-09-18 10:47:30.839,413.371499715412,999
2024-09-18 10:47:30.862,413.3748626041981,98
2024-09-18 10:47:30.908,413.3805378137279,998
2024-09-18 10:47:31.037,413.36191294278433,999
2024-09-18 10:47:31.075,413.3575785717142,5
2024-09-18 10:47:31.141,413.3663649707304,1001
2024-09-18 10:47:31.172,413.3824942516257,13
2024-09-18 10:47:31.232,413.382301797345,95
2024-09-18 10:47:31.296,413.3537331151076,997
2024-09-18 10:47:31.300,413.3414508017767,102
2024-09-18 10:47:31.438,413.3748455099632,97
2024-09-18 10:47:31.484,413.3469981483625,105
2024-09-18 10:47:31.487,413.37489430759376,1005
2024-09-18 10:47:31.552,413.3617574606077,13
2024-09-18 10:47:31.574,413.38577725046594,98
2024-09-18 10:47:31.604,413.3556337516793,99
2024-09-18 10:47:31.800,413.3451609969628,6
2024-09-18 10:47:31.803,413.36154380961545,8
2024-09-18 10:47:31.974,413.36708834512655,997
2024-09-18 10:47:32.044,413.3887399686317,10
2024-09-18 10:47:32.070,413.4058635253771,996
2024-09-18 10:47:32.133,413.3862381024272,103
2024-09-18 10:47:32.152,413.3746218858628,6
2024-09-18 10:47:32.207,413.3821191038412,995
2024-09-18 10:47:32.313,413.3775630303411,97
2024-09-18 10:47:32.376,413.4065462786698,97
2024-09-18 10:47:32.389,413.4014558888392,7
2024-09-18 10:47:32.426,413.41970101557007,98
2024-09-18 10:47:32.460,413.37513355542114,7
2024-09-18 10:47:32.512,413.3773356255391,995
2024-09-18 10:47:32.597,413.3980415544677,98
2024-09-18 10:47:32.607,413.3850223546103,10
2024-09-18 10:47:32.629,413.3958700670701,8
2024-09-18 10:47:32.664,413.39391771360425,7
2024-09-18 10:47:32.707,413.3972404327175,99
2024-09-18 10:47:32.719,413.40177329817607,6
2024-09-18 10:47:32.750,413.41075233181846,10
2024-09-18 10:47:32.808,413.3801194593671,99
2024-09-18 10:47:32.847,413.4083962058567,96
2024-09-18 10:47:32.852,413.4046113466528,11
2024-09-18 10:47:32.899,413.38267011940655,997
2024-09-18 10:47:32.901,413.40211613499343,1005
2024-09-18 10:47:32.930,413.4018502657917,996
2024-09-18 10:47:32.953,413.3852238364706,14
2024-09-18 10:47:32.956,413.4169762121811,12
2024-09-18 10:47:32.960,413.4159663267091,999
2024-09-18 10:47:32.988,413.38262626319744,12
2024-09-18 10:47:32.992,,9
2024-09-18 10:47:33.045,413.40446189589215,999
2024-09-18 10:47:33.122,413.401545919512,1001
2024-09-18 10:47:33.128,413.4257298485765,101
2024-09-18 10:47:33.193,413.4084026127546,15
2024-09-18 10:47:33.262,413.4154540726722,14
2024-09-18 10:47:33.353,413.4168515006617,997
2024-09-18 10:47:33.565,413.4112784545998,9
2024-09-18 10:47:33.603,413.4215255561382,97
2024-09-18 10:47:33.647,413.40620272864976,96
2024-09-18 10:47:33.702,413.406662507263,999
2024-09-18 10:47:33.736,413.4344564274705,996
2024-09-18 10:47:33.745,413.4131760449303,11
2024-09-18 10:47:33.776,413.4009161141678,7
2024-09-18 10:47:33.777,413.3996777153697,7
2024-09-18 10:47:33.818,413.41258316699714,1004
2024-09-18 10:47:33.836,413.4106937373765,98
2024-09-18 10:47:33.860,413.4108442334679,96
2024-09-18 10:47:33.903,413.41237669878495,99
2024-09-18 10:47:34.094,413.37110459587217,11
2024-09-18 10:47:34.155,413.3583976755909,96
2024-09-18 10:47:34.174,413.36605803259965,97
2024-09-18 10:47:34.191,413.4021350883365,995
2024-09-18 10:47:34.320,413.3710224447227,998
2024-09-18 10:47:34.524,413.3600826655638,97
2024-09-18 10:47:34.532,413.36668993357694,1004
2024-09-18 10:47:34.540,413.3707604132952,12
2024-09-18 10:47:34.612,413.3617533751493,104
2024-09-18 10:47:34.662,413.3624017658405,6
2024-09-18 10:47:34.683,413.3540157985746,99
2024-09-18 10:47:34.683,413.3547975337132,999
2024-09-18 10:47:34.743,413.3662075509217,13
2024-09-18 10:47:34.853,413.3719452153206,995
2024-09-18 10:47:34.856,413.3661409927737,12
2024-09-18 10:47:34.909,413.3710755493916,10
2024-09-18 10:47:34.971,413.35276255601576,1005
2024-09-18 10:47:35.006,413.29582805938736,1002
2024-09-18 10:47:35.093,413.30030696210827,98
2024-09-18 10:47:35.207,413.3592566157075,1002
2024-09-18 10:47:35.244,413.38208719000113,997
2024-09-18 10:47:35.262,413.315541228938,15
2024-09-18 10:47:35.265,413.3351588568129,105
2024-09-18 10:47:35.309,413.3764917655005,998
2024-09-18 10:47:35.316,413.34822579640206,103
2024-09-18 10:47:35.447,413.2398856562426,995
2024-09-18 10:47:35.477,413.2355916113232,1000
2024-09-18 10:47:35.492,413.3436167196912,15
2024-09-18 10:47:35.499,413.3462034971394,13
2024-09-18 10:47:35.500,413.2963624747594,1005
2024-09-18 10:47:35.516,413.29522795079856,14
2024-09-18 10:47:35.531,413.2595280443983,1003
2024-09-18 10:47:35.540,413.31603705559775,104
2024-09-18 10:47:35.578,413.2402828474928,1004
2024-09-18 10:47:35.584,413.2514728951308,102
2024-09-18 10:47:35.658,413.3696707364993,98
2024-09-18 10:47:35.745,413.33241235018033,99
2024-09-18 10:47:35.796,413.2823358239153,10
2024-09-18 10:47:35.798,413.2416654486626,1004
2024-09-18 10:47:35.826,413.282222457242,998
2024-09-18 10:47:35.838,413.2950610254682,9
2024-09-18 10:47:35.903,413.2989685141602,103
2024-09-18 10:47:35.927,413.334854739862,5
2024-09-18 10:47:35.944,413.24820630562544,95
2024-09-18 10:47:36.465,413.24445045649935,1000
2024-09-18 10:47:36.494,413.2472761077819,98
2024-09-18 10:47:36.535,413.22521243844426,14
2024-09-18 10:47:36.857,413.2334640551102,96
2024-09-18 10:47:37.141,413.2462416745797,96
2024-09-18 10:47:37.197,413.22677245643126,998
2024-09-18 10:47:37.251,413.2372666259504,9
2024-09-18 10:47:37.407,413.2268630506181,7
2024-09-18 10:47:37.525,413.2415215358915,9
2024-09-18 10:47:37.565,413.2636707711056,998
2024-09-18 10:47:37.808,413.2524217081011,1000
2024-09-18 10:47:37.858,413.2538544014397,98
2024-09-18 10:47:38.034,413.198033392451,995
2024-09-18 10:47:38.174,413.15620046534224,12
2024-09-18 10:47:38.182,413.19542920881935,10
2024-09-18 10:47:38.200,413.2001442695823,9
2024-09-18 10:47:38.207,413.16853863935467,5
2024-09-18 10:47:38.286,413.1990095198591,10
2024-09-18 10:47:38.321,413.1758940186873,13
2024-09-18 10:47:38.334,413.1832000200953,11
2024-09-18 10:47:38.472,413.1815139988084,102
2024-09-18 10:47:38.480,413.2043969625664,99
2024-09-18 10:47:38.487,413.19076012967497,995
2024-09-18 10:47:38.502,413.2004849059063,996
2024-09-18 10:47:38.531,413.17006290141023,8
2024-09-18 10:47:38.688,413.1595704184938,1002
2024-09-18 10:47:38.712,413.2167710722501,100
2024-09-18 10:47:38.856,413.1805896145509,1003
2024-09-18 10:47:38.961,413.2118801388821,999
2024-09-18 10:47:39.118,413.1772795023145,1001
2024-09-18 10:47:39.160,41.32022369619657,996
2024-09-18 10:47:39.236,413.20549067490447,101
2024-09-18 10:47:39.342,413.212423998069,97
2024-09-18 10:47:39.411,413.2111972254624,999
2024-09-18 10:47:39.467,413.18187888251697,9
2024-09-18 10:47:39.517,413.2210350476839,13
2024-09-18 10:47:39.559,413.2086476925006,97
2024-09-18 10:47:39.690,413.1885688609865,96
2024-09-18 10:47:39.706,413.2147122544693,95
2024-09-18 10:47:39.924,413.2036534073685,995
2024-09-18 10:47:39.986,413.1770813290355,105
2024-09-18 10:47:40.129,413.1847565514845,1002
2024-09-18 10:47:40.394,413.19627998119176,97
2024-09-18 10:47:40.404,413.2203196118046,1004
2024-09-18 10:47:40.531,413.20985437385394,100
2024-09-18 10:47:41.022,413.1801858583135,104
2024-09-18 10:47:41.143,413.1996456069007,6
2024-09-18 10:47:41.154,413.21851719851287,997
2024-09-18 10:47:41.280,413.215694650648,97
2024-09-18 10:47:41.287,413.160016678338,5
2024-09-18 10:47:41.322,413.2125261468794,104
2024-09-18 10:47:41.346,413.19347120949175,99
2024-09-18 10:47:41.347,413.1981810102393,105
2024-09-18 10:47:41.350,413.21889113867536,1002
2024-09-18 10:47:41.484,413.2066181819512,11
2024-09-18 10:47:41.492,413.2107773972015,99
2024-09-18 10:47:41.549,413.2035443190116,99
2024-09-18 10:47:41.608,413.2185356239634,5
2024-09-18 10:47:41.624,413.2033082707218,103
2024-09-18 10:47:41.683,413.2188455264388,101
2024-09-18 10:47:41.732,413.2046676156718,995
2024-09-18 10:47:41.770,-413.22490376101496,1003
2024-09-18 10:47:41.795,413.2167607756919,1001
2024-09-18 10:47:41.841,413.1992343069205,1001
2024-09-18 10:47:41.865,413.2091977803244,6
2024-09-18 10:47:41.949,-413.19110118852205,97
2024-09-18 10:47:41.959,413.1898732741461,999
2024-09-18 10:47:41.962,413.2007429112892,102
2024-09-18 10:47:42.005,413.2008422122736,1002
2024-09-18 10:47:42.131,413.1983698546776,7
2024-09-18 10:47:42.171,413.203462595915,6
2024-09-18 10:47:42.229,413.2153808512169,105
2024-09-18 10:47:42.259,413.2512154333984,998
2024-09-18 10:47:42.276,413.2470215792328,14
2024-09-18 10:47:42.441,413.1863932290905,97
2024-09-18 10:47:42.475,413.2294798500501,1002
2024-09-18 10:47:42.566,413.2524334476967,100
2024-09-18 10:47:42.573,413.1824515977321,5
2024-09-18 10:47:42.610,413.243229342541,8
2024-09-18 10:47:42.616,413.2258173959153,15
2024-09-18 10:47:42.650,413.19321270158247,1005
2024-09-18 10:47:42.674,413.1909986961367,9
2024-09-18 10:47:42.697,413.205011779945,11
2024-09-18 10:47:42.724,413.2486244975776,10
2024-09-18 10:47:42.735,413.1811628360674,10
2024-09-18 10:47:42.776,413.1809127577816,105
2024-09-18 10:47:42.817,413.2252159829591,15
2024-09-18 10:47:42.900,413.23754438048616,97
2024-09-18 10:47:42.948,413.2322094533192,98
2024-09-18 10:47:43.118,413.16912482721824,105
2024-09-18 10:47:43.320,413.1569689931261,13
2024-09-18 10:47:43.432,413.1755399060442,997
2024-09-18 10:47:43.453,413.164246173885,99
2024-09-18 10:47:43.470,413.1531072686696,996
2024-09-18 10:47:43.632,413.2262085103417,98
2024-09-18 10:47:43.634,413.2089631158615,1005
2024-09-18 10:47:43.646,413.1625619098176,102
2024-09-18 10:47:43.673,413.1723964209158,95
2024-09-18 10:47:43.690,413.1467167223996,9
2024-09-18 10:47:43.756,413.2373470260388,100
2024-09-18 10:47:43.762,413.1784806081325,102
2024-09-18 10:47:43.773,413.1997226896233,7
2024-09-18 10:47:43.825,413.2223352675573,1001
2024-09-18 10:47:43.850,413.207549487607,995
2024-09-18 10:47:43.852,413.2254207874164,999
2024-09-18 10:47:43.887,413.1424813019291,98
2024-09-18 10:47:43.934,413.2355772812058,100
2024-09-18 10:47:44.113,413.10941557916186,10
2024-09-18 10:47:44.147,413.0925365639009,1003
2024-09-18 10:47:44.178,413.1528017927191,12
2024-09-18 10:47:44.205,413.1604412193079,95
2024-09-18 10:47:44.214,413.1523673790336,101
2024-09-18 10:47:44.314,413.1379177169209,14
2024-09-18 10:47:44.436,413.1535963074888,9
2024-09-18 10:47:44.518,413.0947084037834,101
2024-09-18 10:47:44.615,413.12885371933584,104
2024-09-18 10:47:44.791,413.1046138632908,1004
2024-09-18 10:47:44.806,413.1202520820396,15
2024-09-18 10:47:44.880,41.31325261668778,96
2024-09-18 10:47:44.900,413.1585268404826,13
2024-09-18 10:47:44.973,413.1408255555818,102
2024-09-18 10:47:45.004,413.0815024857199,15
2024-09-18 10:47:45.056,413.09050374567136,1000
2024-09-18 10:47:45.142,413.1046690906889,1002
2024-09-18 10:47:45.178,413.0668255134929,1005
2024-09-18 10:47:45.320,413.11628983873226,1005
2024-09-18 10:47:45.337,413.09146072093296,997
2024-09-18 10:47:45.354,413.108258624554,103
2024-09-18 10:47:45.363,413.0889355696741,9
2024-09-18 10:47:45.369,413.0785802502623,7
2024-09-18 10:47:45.400,413.0984422029866,102
2024-09-18 10:47:45.429,413.084046272379,105
2024-09-18 10:47:45.454,413.1017858779889,999
2024-09-18 10:47:45.487,413.0888276103132,98
2024-09-18 10:47:45.589,413.059605965199,10
2024-09-18 10:47:45.605,413.0804934972936,1001
2024-09-18 10:47:45.740,413.0945117715166,98
2024-09-18 10:47:45.748,413.0792228551476,999
2024-09-18 10:47:45.766,413.10260296308513,8
2024-09-18 10:47:45.791,413.07298322925504,1002
2024-09-18 10:47:45.842,413.0726868708718,14
2024-09-18 10:47:45.854,413.1031495898538,100
2024-09-18 10:47:45.875,413.0597251288882,100
2024-09-18 10:47:45.934,413.0907208782664,96
2024-09-18 10:47:45.944,413.0640207694081,1000
2024-09-18 10:47:45.965,413.071200423591,998
2024-09-18 10:47:46.016,413.1125251962523,15
2024-09-18 10:47:46.148,413.0751573510052,102
2024-09-18 10:47:46.167,413.0794981519633,1005
2024-09-18 10:47:46.266,413.0373752390736,7
2024-09-18 10:47:46.388,-413.09775168275365,999
2024-09-18 10:47:46.481,413.111714452546,9
2024-09-18 10:47:46.504,413.0536157842687,10
2024-09-18 10:47:46.520,413.0700111454008,1004
2024-09-18 10:47:46.566,413.0840193546027,15
2024-09-18 10:47:46.584,413.108345768176,995
2024-09-18 10:47:46.621,413.059745553351,995
2024-09-18 10:47:46.655,413.10581314609993,6
2024-09-18 10:47:46.664,413.03658676775854,11
2024-09-18 10:47:46.691,413.05692318744985,997
2024-09-18 10:47:46.693,413.0680189523721,13
2024-09-18 10:47:46.712,413.07480896932105,11
2024-09-18 10:47:46.811,413.08639026578777,997
2024-09-18 10:47:46.813,413.0454808207023,96
2024-09-18 10:47:46.855,413.09573210707714,13
2024-09-18 10:47:46.861,413.03541075484713,96
2024-09-18 10:47:46.870,413.0635173992143,101
2024-09-18 10:47:46.957,413.0642368664103,1003
2024-09-18 10:47:46.998,413.0712476522591,12
2024-09-18 10:47:47.128,413.1330632204323,5
2024-09-18 10:47:47.241,413.1284305322378,1002
2024-09-18 10:47:47.242,413.15266740668966,1001
2024-09-18 10:47:47.265,413.1328450275426,996
2024-09-18 10:47:47.318,413.1417906392957,1003
2024-09-18 10:47:47.520,413.1206185719419,98
2024-09-18 10:47:47.545,413.132552885964,995
2024-09-18 10:47:47.565,413.1342767025071,8
2024-09-18 10:47:47.576,413.1268606051812,100
2024-09-18 10:47:47.626,413.1279066392646,101
2024-09-18 10:47:47.644,413.1311967700091,98
2024-09-18 10:47:47.663,413.11963896425885,95
2024-09-18 10:47:47.685,413.1283270628416,101
2024-09-18 10:47:47.710,413.1418554906039,96
2024-09-18 10:47:47.763,413.1538072636972,10
2024-09-18 10:47:47.805,413.1449986620378,100
2024-09-18 10:47:47.835,413.1171067120862,11
2024-09-18 10:47:47.887,413.11912998975816,102
2024-09-18 10:47:48.182,413.1294815844618,1002
2024-09-18 10:47:48.198,413.0906204879481,104
2024-09-18 10:47:48.243,413.0846617382545,101
2024-09-18 10:47:48.315,413.12650314084016,1000
2024-09-18 10:47:48.359,413.1148920282092,15
2024-09-18 10:47:48.368,413.1150044813408,14
2024-09-18 10:47:48.392,413.11860664535885,15
2024-09-18 10:47:48.425,413.09381288060064,15
2024-09-18 10:47:48.462,413.1244416945779,1002
2024-09-18 10:47:48.469,413.12322410593066,9
2024-09-18 10:47:48.498,413.1214435700381,1005
2024-09-18 10:47:48.550,413.09263628202456,102
2024-09-18 10:47:48.567,413.1146441033965,12
2024-09-18 10:47:48.628,413.14763917340434,8
2024-09-18 10:47:48.631,413.10646757001626,11
2024-09-18 10:47:48.666,413.0857973779716,5
2024-09-18 10:47:48.683,413.1051279405431,105
2024-09-18 10:47:48.824,413.136112763202,998
2024-09-18 10:47:48.995,413.1028059524716,102
2024-09-18 10:47:49.319,413.1223498270258,10
2024-09-18 10:47:49.345,413.11195912732336,99
2024-09-18 10:47:49.439,413.1427311665408,101
2024-09-18 10:47:49.477,413.1309616465362,102
2024-09-18 10:47:49.495,413.13463753501145,999
2024-09-18 10:47:49.645,413.1075220517636,1003
2024-09-18 10:47:49.706,413.1286196295353,7
2024-09-18 10:47:49.790,413.11855271307263,5
2024-09-18 10:47:49.793,413.1243675583911,10
2024-09-18 10:47:49.807,413.1044385578836,998
2024-09-18 10:47:50.123,413.18355612523527,1001
2024-09-18 10:47:50.282,413.1406229478045,104
2024-09-18 10:47:50.464,413.1713348626664,999
2024-09-18 10:47:50.567,413.15363343592776,99
2024-09-18 10:47:50.620,413.16615793970266,105
2024-09-18 10:47:50.631,413.1332902899464,97
2024-09-18 10:47:50.677,413.13833944811,99
2024-09-18 10:47:50.851,413.1842335993712,105
2024-09-18 10:47:51.038,413.13529211743247,997
2024-09-18 10:47:51.067,413.1313630015517,99
2024-09-18 10:47:51.069,413.1024898496274,997
2024-09-18 10:47:51.118,,99
2024-09-18 10:47:51.128,413.1260111051152,9
2024-09-18 10:47:51.156,413.179022930981,1002
2024-09-18 10:47:51.173,413.1034878225476,9
2024-09-18 10:47:51.218,413.1207290227746,102
2024-09-18 10:47:51.224,413.1156244517562,103
2024-09-18 10:47:51.291,413.1153154846783,1005
2024-09-18 10:47:51.464,413.1617044444631,1002
2024-09-18 10:47:51.507,413.0963321211851,1004
2024-09-18 10:47:51.512,413.1504189463808,10
2024-09-18 10:47:51.648,413.12155768017067,1004
2024-09-18 10:47:51.693,413.19923733070897,1001
2024-09-18 10:47:51.728,413.1755676627596,96
2024-09-18 10:47:51.839,413.1134139111422,13
2024-09-18 10:47:51.966,413.1360564545976,95
2024-09-18 10:47:52.116,413.0712513490152,997
2024-09-18 10:47:52.123,413.0970565903602,104
2024-09-18 10:47:52.137,413.0189355009426,10
2024-09-18 10:47:52.169,412.99091859079033,95
2024-09-18 10:47:52.211,413.0901139800518,999
2024-09-18 10:47:52.215,413.0365323578844,995
2024-09-18 10:47:52.220,413.0698405500041,997
2024-09-18 10:47:52.354,413.0686819220106,1002
2024-09-18 10:47:52.405,413.0096383732616,1004
2024-09-18 10:47:52.429,412.9949320625419,996
2024-09-18 10:47:52.499,413.0462459468358,14
2024-09-18 10:47:52.568,413.0174590409336,12
2024-09-18 10:47:52.645,413.0597366829379,101
2024-09-18 10:47:52.689,413.0988453495618,1004
2024-09-18 10:47:52.752,413.09489090536727,13
2024-09-18 10:47:52.889,413.0796877563138,1004
2024-09-18 10:47:52.891,413.074510759139,14
2024-09-18 10:47:52.902,413.0666206399381,11
2024-09-18 10:47:52.945,413.06412019521485,5
2024-09-18 10:47:52.964,413.0796681512719,14
2024-09-18 10:47:52.992,413.03140010257385,103
2024-09-18 10:47:53.014,413.00866945959336,995
2024-09-18 10:47:53.138,412.9913581883218,98
2024-09-18 10:47:53.144,412.9558649627345,14
2024-09-18 10:47:53.146,413.02995973911607,95
2024-09-18 10:47:53.163,412.99935594187497,1005
2024-09-18 10:47:53.223,412.9479879015034,996
2024-09-18 10:47:53.250,413.03277485072215,1000
2024-09-18 10:47:53.257,413.0312131589234,101
2024-09-18 10:47:53.285,413.0192841563438,95
2024-09-18 10:47:53.303,413.00701635779706,11
2024-09-18 10:47:53.347,412.9850431760788,10
2024-09-18 10:47:53.386,413.0257481640561,13
2024-09-18 10:47:53.502,412.94710236211057,11
2024-09-18 10:47:53.516,413.0489901840138,998
2024-09-18 10:47:53.544,413.0283391994226,995
2024-09-18 10:47:53.551,413.0280622113691,97
2024-09-18 10:47:53.556,413.0287627530163,1005
2024-09-18 10:47:53.577,412.9928063037109,99
2024-09-18 10:47:53.662,413.0380068144664,103
2024-09-18 10:47:53.727,413.03253368478505,1004
2024-09-18 10:47:53.730,413.0397155187505,1001
2024-09-18 10:47:53.778,413.0103673088143,14
2024-09-18 10:47:53.839,412.99821388708506,8
2024-09-18 10:47:53.852,412.945611279361,96
2024-09-18 10:47:53.872,413.0180241119826,998
2024-09-18 10:47:53.882,413.0353263850082,11
2024-09-18 10:47:53.939,413.0047017984908,101
2024-09-18 10:47:54.197,412.8940991794274,1005
2024-09-18 10:47:54.266,412.95432095133896,99
2024-09-18 10:47:54.312,412.92531983643664,103
2024-09-18 10:47:54.393,412.9438199491932,998
2024-09-18 10:47:54.478,412.9273318700386,12
2024-09-18 10:47:54.490,412.94264966326585,8
2024-09-18 10:47:54.567,412.9158172847603,1004
2024-09-18 10:47:54.591,412.91423542487314,105
2024-09-18 10:47:54.695,412.8771332079253,1000
2024-09-18 10:47:54.758,412.8988683771929,15
2024-09-18 10:47:54.774,412.8702367817333,7
2024-09-18 10:47:54.806,412.9293787398972,15
2024-09-18 10:47:54.862,412.95173919416607,1003
2024-09-18 10:47:54.891,412.8581614000026,995
2024-09-18 10:47:54.940,412.9120690889366,101
2024-09-18 10:47:55.062,412.848987882726,10
2024-09-18 10:47:55.190,412.7967645602398,12
2024-09-18 10:47:55.234,412.8190508483656,100
2024-09-18 10:47:55.341,412.8006267443073,1000
2024-09-18 10:47:55.369,412.8147879188334,10
2024-09-18 10:47:55.381,412.8458705033682,100
2024-09-18 10:47:55.382,412.8112177986711,101
2024-09-18 10:47:55.551,412.8299026331712,1000
2024-09-18 10:47:55.634,412.8626192049867,11
2024-09-18 10:47:55.859,412.8095809184797,7
2024-09-18 10:47:56.252,412.7928112342158,998
2024-09-18 10:47:57.007,412.7632674982293,96
2024-09-18 10:47:57.022,412.7553813063688,998
2024-09-18 10:47:57.031,412.7527348578628,13
2024-09-18 10:47:57.069,412.7665505831415,100
2024-09-18 10:47:57.100,412.78131255805073,1001
2024-09-18 10:47:57.110,412.7779196826872,7
2024-09-18 10:47:57.140,412.77985802380937,1004
2024-09-18 10:47:57.150,412.7793599127672,998
2024-09-18 10:47:57.171,412.7794209129796,8
2024-09-18 10:47:57.260,412.7399197431352,1005
2024-09-18 10:47:57.341,412.7479147208404,996
2024-09-18 10:47:57.449,412.7822186711792,9
2024-09-18 10:47:57.502,412.7689709061021,103
2024-09-18 10:47:57.523,412.7773997728355,6
2024-09-18 10:47:57.531,412.7629407446355,999
2024-09-18 10:47:57.534,412.7800397351723,996
2024-09-18 10:47:57.582,412.7801185073314,1000
2024-09-18 10:47:57.651,412.7488179452427,1002
2024-09-18 10:47:57.671,412.7762609613881,97
2024-09-18 10:47:57.720,412.7672089074612,999
2024-09-18 10:47:57.770,412.77941533248,1002
2024-09-18 10:47:57.846,412.7795731982751,7
2024-09-18 10:47:57.857,412.7551462319396,11
2024-09-18 10:47:57.867,412.7625185742479,5
2024-09-18 10:47:58.145,412.7772375861916,8
2024-09-18 10:47:58.150,412.7650696253509,98
2024-09-18 10:47:58.156,412.76687650119305,14
2024-09-18 10:47:58.239,412.76881654092665,1003
2024-09-18 10:47:58.605,412.7615427329671,15
2024-09-18 10:47:58.696,412.7794739575848,102
2024-09-18 10:47:58.971,412.7946344725908,99
2024-09-18 10:47:59.174,412.8989162554333,995
2024-09-18 10:47:59.252,412.8787776317001,1000
2024-09-18 10:47:59.316,412.9013672640137,999
2024-09-18 10:47:59.352,412.8529045492709,96
2024-09-18 10:47:59.353,412.8639201614863,5
2024-09-18 10:47:59.370,412.90753369978114,9
2024-09-18 10:47:59.396,412.87305856265846,5
2024-09-18 10:47:59.408,412.890414976012,104
2024-09-18 10:47:59.423,412.8734416690008,996
2024-09-18 10:47:59.445,412.8571536071548,8
2024-09-18 10:47:59.488,412.8424413874476,99
2024-09-18 10:47:59.507,412.90177401034856,1000
2024-09-18 10:47:59.720,412.8151962235744,1003
2024-09-18 10:47:59.768,412.8974325733048,96
2024-09-18 10:47:59.806,412.8279286770199,103
2024-09-18 10:47:59.829,412.88928114394486,96
2024-09-18 10:47:59.853,412.8667382739856,9
2024-09-18 10:47:59.858,412.9070774703758,8
2024-09-18 10:47:59.887,412.8689292913097,102
2024-09-18 10:47:59.916,412.90182483118144,5
2024-09-18 10:47:59.988,412.904182890039,999
