Timestamp,Price,Size
2024-09-19 12:55:00.067,424.8466009354583,101
2024-09-19 12:55:00.090,424.9109786851338,1001
2024-09-19 12:55:00.095,424.8495816732892,998
2024-09-19 12:55:00.204,424.85425475655904,1002
2024-09-19 12:55:00.302,424.8867880202642,1003
2024-09-19 12:55:00.345,424.86305344771785,100
2024-09-19 12:55:00.369,424.8708519269418,95
2024-09-19 12:55:00.423,424.86542800281467,100
2024-09-19 12:55:00.476,424.93691954150256,100
2024-09-19 12:55:00.508,424.8705454353214,996
2024-09-19 12:55:00.654,424.9031944473995,104
2024-09-19 12:55:00.707,424.934358575372,101
2024-09-19 12:55:00.715,424.9882666171932,1001
2024-09-19 12:55:00.728,42.50052951356389,1003
2024-09-19 12:55:00.816,424.8987381907218,100
2024-09-19 12:55:00.928,424.8533147033708,1000
2024-09-19 12:55:00.945,424.9589149790869,995
2024-09-19 12:55:00.992,424.8497520897282,995
2024-09-19 12:55:01.048,425.0226211530861,1000
2024-09-19 12:55:01.175,424.9646273148919,11
2024-09-19 12:55:01.207,424.9664432101793,104
2024-09-19 12:55:01.214,424.96943307964807,99
2024-09-19 12:55:01.264,425.0121692182197,103
2024-09-19 12:55:01.470,424.9506361782736,101
2024-09-19 12:55:01.487,,1003
2024-09-19 12:55:01.555,424.9726844956017,101
2024-09-19 12:55:01.708,424.999361308477,1003
2024-09-19 12:55:01.805,424.9470433650501,102
2024-09-19 12:55:01.932,424.9272975633011,1002
2024-09-19 12:55:01.952,42.49282033746953,100
2024-09-19 12:55:01.956,424.9484609352557,997
2024-09-19 12:55:02.005,424.9035378662001,998
2024-09-19 12:55:02.257,424.90419914604223,97
2024-09-19 12:55:02.479,424.9309608967556,103
2024-09-19 12:55:02.624,424.91880568307135,5
2024-09-19 12:55:02.784,424.93414943297216,8
2024-09-19 12:55:02.837,424.922651695054,7
2024-09-19 12:55:03.032,424.9576678051652,99
2024-09-19 12:55:03.046,424.9745545300885,102
2024-09-19 12:55:03.058,424.96891273517735,95
2024-09-19 12:55:03.134,424.9567777849312,101
2024-09-19 12:55:03.183,424.92216337214313,103
2024-09-19 12:55:03.311,424.9090769757302,96
2024-09-19 12:55:03.356,424.9741186640308,1005
2024-09-19 12:55:03.374,424.9476858632519,996
2024-09-19 12:55:03.411,424.89717120076295,10
2024-09-19 12:55:03.427,424.9631942024042,10
2024-09-19 12:55:03.449,424.9748075717868,996
2024-09-19 12:55:03.492,-424.9173882707741,10
2024-09-19 12:55:03.503,424.94480090699415,103
2024-09-19 12:55:03.611,,1005
2024-09-19 12:55:03.619,424.96631461032825,98
2024-09-19 12:55:03.646,424.9824285303013,14
2024-09-19 12:55:03.666,424.95468942880206,13
2024-09-19 12:55:03.678,424.9580753188495,1005
2024-09-19 12:55:03.706,424.9681377307814,100
2024-09-19 12:55:03.765,424.9590722805023,995
2024-09-19 12:55:03.805,42.494501655594426,996
2024-09-19 12:55:03.811,424.9417034699756,1001
2024-09-19 12:55:03.819,424.9618305326216,95
2024-09-19 12:55:03.887,424.93300647962366,1003
2024-09-19 12:55:03.890,424.9800719137702,15
2024-09-19 12:55:03.899,424.9679332677021,999
2024-09-19 12:55:03.909,424.9562056998404,95
2024-09-19 12:55:04.037,424.9369071364454,1000
2024-09-19 12:55:04.133,424.9159151846261,10
2024-09-19 12:55:04.173,424.9482706131352,1002
2024-09-19 12:55:04.360,424.9370677235303,1001
2024-09-19 12:55:04.365,424.93255880683887,1002
2024-09-19 12:55:04.368,,995
2024-09-19 12:55:04.371,424.9480391259451,13
2024-09-19 12:55:04.418,424.91031631842753,13
2024-09-19 12:55:04.463,424.94492682821925,105
2024-09-19 12:55:04.486,424.9025736019788,1003
2024-09-19 12:55:04.499,424.941183426964,13
2024-09-19 12:55:04.524,424.91455909644856,101
2024-09-19 12:55:04.556,424.9469620070644,1005
2024-09-19 12:55:04.562,424.9328230322999,98
2024-09-19 12:55:04.623,424.9348672138127,5
2024-09-19 12:55:04.753,424.944323366156,8
2024-09-19 12:55:04.765,424.9495398539309,11
2024-09-19 12:55:04.877,424.922859661258,1003
2024-09-19 12:55:04.941,424.92539364473015,96
2024-09-19 12:55:05.021,424.9071478644688,11
2024-09-19 12:55:05.054,-424.8677256620565,102
2024-09-19 12:55:05.087,424.92361715471367,95
2024-09-19 12:55:05.146,424.89750814175807,101
2024-09-19 12:55:05.160,424.8552978380952,100
2024-09-19 12:55:05.258,424.9191334126486,100
2024-09-19 12:55:05.292,424.9207627651458,101
2024-09-19 12:55:05.436,424.8768194751435,9
2024-09-19 12:55:05.468,424.92388861311,1003
2024-09-19 12:55:05.508,424.85362306456005,11
2024-09-19 12:55:05.550,424.8949686338629,997
2024-09-19 12:55:05.550,424.86842834615504,5
2024-09-19 12:55:05.660,424.8621187563023,7
2024-09-19 12:55:05.679,424.8452492784024,103
2024-09-19 12:55:05.738,424.9181078288808,9
2024-09-19 12:55:05.758,424.861904894998,7
2024-09-19 12:55:05.798,424.91744657508445,15
2024-09-19 12:55:05.826,42.49141267268604,104
2024-09-19 12:55:05.884,424.9162568385682,996
2024-09-19 12:55:05.895,424.8565843448138,101
2024-09-19 12:55:06.094,424.95176956811736,1003
2024-09-19 12:55:06.184,424.9273017659012,105
2024-09-19 12:55:06.220,424.9513989622883,13
2024-09-19 12:55:06.359,424.9537302307507,996
2024-09-19 12:55:06.380,424.956870636756,11
2024-09-19 12:55:06.423,424.91804481794645,1003
2024-09-19 12:55:06.464,424.9125791854759,15
2024-09-19 12:55:06.479,424.9126577418144,95
2024-09-19 12:55:06.487,424.9442379208344,1005
2024-09-19 12:55:06.585,424.9011543844704,97
2024-09-19 12:55:06.643,424.90746868471865,1002
2024-09-19 12:55:06.709,424.92856265446505,1000
2024-09-19 12:55:06.756,424.9346360354878,101
2024-09-19 12:55:06.773,424.8959185206781,995
2024-09-19 12:55:06.791,424.93033919913296,11
2024-09-19 12:55:06.825,424.9052049689108,1003
2024-09-19 12:55:06.839,424.9579161886858,997
2024-09-19 12:55:06.888,424.9554393740595,13
2024-09-19 12:55:06.944,424.9603063721678,105
2024-09-19 12:55:07.055,424.9260873382953,105
2024-09-19 12:55:07.083,424.9480295297432,105
2024-09-19 12:55:07.085,424.939471099054,1002
2024-09-19 12:55:07.182,424.92434008772193,11
2024-09-19 12:55:07.207,424.918660791093,15
2024-09-19 12:55:07.223,424.9281244970129,10
2024-09-19 12:55:07.370,424.92782124870695,5
2024-09-19 12:55:07.374,424.91626405253953,998
2024-09-19 12:55:07.449,424.9211080427627,1003
2024-09-19 12:55:07.452,424.917876443965,104
2024-09-19 12:55:07.566,424.92777054746375,100
2024-09-19 12:55:07.583,424.8979959935075,6
2024-09-19 12:55:07.849,424.90317390275567,5
2024-09-19 12:55:08.249,424.84157275585466,96
2024-09-19 12:55:08.335,424.8768667718837,5
2024-09-19 12:55:08.383,424.892951471673,100
2024-09-19 12:55:08.440,424.8764193893445,995
2024-09-19 12:55:08.459,424.8750043397232,103
2024-09-19 12:55:08.527,424.89549149212434,998
2024-09-19 12:55:08.554,424.8447435213419,5
2024-09-19 12:55:08.573,424.8624289736856,6
2024-09-19 12:55:08.656,424.8322433249122,96
2024-09-19 12:55:08.673,424.8648186756184,102
2024-09-19 12:55:08.708,424.83428876049294,98
2024-09-19 12:55:08.881,424.9000259193312,102
2024-09-19 12:55:08.905,424.897986127226,1003
2024-09-19 12:55:08.948,424.87301758084726,996
2024-09-19 12:55:08.964,42.4851438942919,103
2024-09-19 12:55:09.179,424.8130096062259,9
2024-09-19 12:55:09.233,424.8060923125507,14
2024-09-19 12:55:09.275,424.7985445279776,11
2024-09-19 12:55:09.493,424.7985414500294,96
2024-09-19 12:55:09.605,424.8012051435232,11
2024-09-19 12:55:09.870,424.8035100503662,995
2024-09-19 12:55:09.915,424.833129714398,101
2024-09-19 12:55:09.916,424.82938527252,101
2024-09-19 12:55:10.896,424.795005515522,7
2024-09-19 12:55:11.141,424.8170492199497,1001
2024-09-19 12:55:11.181,424.81961015938657,8
2024-09-19 12:55:11.343,424.8225408613408,7
2024-09-19 12:55:11.348,424.83751206480974,102
2024-09-19 12:55:11.360,424.7735588802587,99
2024-09-19 12:55:11.418,424.8176298857335,15
2024-09-19 12:55:11.447,424.8037668196931,99
2024-09-19 12:55:11.454,424.81026503168295,13
2024-09-19 12:55:11.548,424.8111392154659,101
2024-09-19 12:55:11.599,424.8068558734836,1002
2024-09-19 12:55:11.600,424.8042778295308,6
2024-09-19 12:55:11.623,424.7997998239867,104
2024-09-19 12:55:11.845,424.78660860910713,998
2024-09-19 12:55:11.877,424.81089786854193,9
2024-09-19 12:55:11.911,424.8332853741415,13
2024-09-19 12:55:11.962,424.7964311699339,1002
2024-09-19 12:55:12.042,424.7325481822356,103
2024-09-19 12:55:12.059,424.73531736409655,11
2024-09-19 12:55:12.104,424.7520939204947,102
2024-09-19 12:55:12.119,424.7558606158645,95
2024-09-19 12:55:12.120,424.7479043247217,995
2024-09-19 12:55:12.127,424.728902548048,6
2024-09-19 12:55:12.132,424.7204451024471,998
2024-09-19 12:55:12.135,424.7902018085392,9
2024-09-19 12:55:12.139,424.73538432460987,1001
2024-09-19 12:55:12.143,424.7349894829982,8
2024-09-19 12:55:12.167,424.7399926825323,101
2024-09-19 12:55:12.195,424.7214041670301,96
2024-09-19 12:55:12.305,424.72997284744207,99
2024-09-19 12:55:12.318,424.7456658115127,101
2024-09-19 12:55:12.354,424.7171651042557,98
2024-09-19 12:55:12.356,424.78385733725855,8
2024-09-19 12:55:12.425,424.7308235019601,104
2024-09-19 12:55:12.525,424.7294286980172,11
2024-09-19 12:55:12.534,424.7184344067666,103
2024-09-19 12:55:12.629,424.7443452911281,99
2024-09-19 12:55:12.669,424.7915692155266,7
2024-09-19 12:55:12.700,424.7932768152807,105
2024-09-19 12:55:12.717,424.8010489840145,997
2024-09-19 12:55:12.917,424.7737137802272,999
2024-09-19 12:55:12.929,424.7251354174735,102
2024-09-19 12:55:12.932,424.7987803675869,11
2024-09-19 12:55:12.942,424.73465815800415,8
2024-09-19 12:55:12.946,424.74845642089406,96
2024-09-19 12:55:12.975,424.7452882681376,999
2024-09-19 12:55:12.999,424.7343424829914,100
2024-09-19 12:55:13.119,424.8320748125688,1003
2024-09-19 12:55:13.864,424.8338906425653,1003
2024-09-19 12:55:13.914,424.8213992585613,997
2024-09-19 12:55:14.000,424.7686415224164,998
2024-09-19 12:55:14.095,424.8013378674417,1005
2024-09-19 12:55:14.097,424.80958324899046,5
2024-09-19 12:55:14.175,424.8214260282959,9
2024-09-19 12:55:14.226,42.48118929683883,1004
2024-09-19 12:55:14.250,424.7655192977391,12
2024-09-19 12:55:14.390,424.8087176935321,997
2024-09-19 12:55:14.427,424.7805099552978,105
2024-09-19 12:55:14.586,424.7713729561143,101
2024-09-19 12:55:14.650,424.76001887892346,999
2024-09-19 12:55:14.750,424.8037790526563,12
2024-09-19 12:55:14.889,424.8108415444763,997
2024-09-19 12:55:14.890,424.8273707555196,1002
2024-09-19 12:55:15.052,424.7665961626812,1002
2024-09-19 12:55:15.102,424.7423459455646,105
2024-09-19 12:55:15.177,424.7486536912712,100
2024-09-19 12:55:15.304,424.7295484317516,5
2024-09-19 12:55:15.340,424.73943132293647,1003
2024-09-19 12:55:15.359,424.7671121916047,100
2024-09-19 12:55:15.407,424.7508408550137,999
2024-09-19 12:55:15.413,424.7658989909687,9
2024-09-19 12:55:15.572,424.7565491294559,98
2024-09-19 12:55:15.595,424.76864619706384,95
2024-09-19 12:55:15.806,424.7749182737267,998
2024-09-19 12:55:15.889,424.72261738942177,8
2024-09-19 12:55:15.929,-424.75083155059366,100
2024-09-19 12:55:16.029,424.81731880980544,102
2024-09-19 12:55:16.033,424.7789629974716,1000
2024-09-19 12:55:16.102,424.8198008469791,12
2024-09-19 12:55:16.182,424.8064707708276,999
2024-09-19 12:55:16.226,424.7706929204268,104
2024-09-19 12:55:16.318,424.7944004600087,1005
2024-09-19 12:55:16.329,424.8107225049271,998
2024-09-19 12:55:16.333,424.7855867837014,11
2024-09-19 12:55:16.435,424.7881791637061,101
2024-09-19 12:55:16.438,424.80409619511215,7
2024-09-19 12:55:16.516,424.8118995899581,9
2024-09-19 12:55:16.559,424.8020240872376,10
2024-09-19 12:55:16.597,424.7959231947641,6
2024-09-19 12:55:16.624,,995
2024-09-19 12:55:16.682,424.7931140601022,12
2024-09-19 12:55:16.743,424.830521949688,6
2024-09-19 12:55:16.763,424.80496606802046,104
2024-09-19 12:55:16.788,424.80625597256153,5
2024-09-19 12:55:16.790,424.785277504207,1004
2024-09-19 12:55:16.811,424.78258864315154,1004
2024-09-19 12:55:16.823,424.8091401566928,995
2024-09-19 12:55:16.832,424.8327151599352,15
2024-09-19 12:55:16.846,424.7915876288469,99
2024-09-19 12:55:16.847,424.8008981821296,103
2024-09-19 12:55:16.897,424.8317267685153,13
2024-09-19 12:55:16.974,424.7981993274895,7
2024-09-19 12:55:16.989,424.789488338118,1000
2024-09-19 12:55:17.048,42.48147789378284,13
2024-09-19 12:55:17.189,424.8384697886288,103
2024-09-19 12:55:17.198,424.8235659830701,98
2024-09-19 12:55:17.286,424.8345072659325,6
2024-09-19 12:55:17.305,424.78047009353423,997
2024-09-19 12:55:17.371,424.8247823397276,100
2024-09-19 12:55:17.412,424.8223270300635,998
2024-09-19 12:55:17.427,424.8087769865744,102
2024-09-19 12:55:17.493,424.8208725738628,998
2024-09-19 12:55:17.518,424.8407287036736,7
2024-09-19 12:55:17.543,424.82095310677335,99
2024-09-19 12:55:17.677,424.7906481068686,10
2024-09-19 12:55:17.767,424.7858031753384,99
2024-09-19 12:55:17.993,424.8288964569396,12
2024-09-19 12:55:18.044,424.7991654793729,5
2024-09-19 12:55:18.045,424.8226271968524,996
2024-09-19 12:55:18.130,424.8299878823457,96
2024-09-19 12:55:18.150,424.83906213032265,1004
2024-09-19 12:55:18.227,424.823828674973,9
2024-09-19 12:55:18.305,424.7675775816008,101
2024-09-19 12:55:18.306,424.8202607123468,997
2024-09-19 12:55:18.342,42.48160532061639,98
2024-09-19 12:55:18.354,424.7899926324275,10
2024-09-19 12:55:18.359,424.7930101525904,95
2024-09-19 12:55:18.374,424.8070506609481,97
2024-09-19 12:55:18.477,424.8008052246364,96
2024-09-19 12:55:18.479,424.8179938003552,1004
2024-09-19 12:55:18.494,424.82581928629895,11
2024-09-19 12:55:18.529,424.8021800165876,1005
2024-09-19 12:55:18.561,424.8182507011976,105
2024-09-19 12:55:18.625,424.8144374661474,996
2024-09-19 12:55:18.645,424.8145961467157,7
2024-09-19 12:55:18.717,424.8083056120473,100
2024-09-19 12:55:18.783,424.8125972338206,99
2024-09-19 12:55:18.806,424.780252476126,9
2024-09-19 12:55:18.821,424.7783931613675,15
2024-09-19 12:55:18.839,424.80988967843024,5
2024-09-19 12:55:18.848,424.8289129887247,6
2024-09-19 12:55:18.849,424.84933591648246,996
2024-09-19 12:55:18.859,424.7894209897984,13
2024-09-19 12:55:18.884,424.8034874594151,97
2024-09-19 12:55:18.937,424.7974297147268,95
2024-09-19 12:55:18.955,424.8150444949047,1000
2024-09-19 12:55:18.998,424.77216145839935,1002
2024-09-19 12:55:19.018,424.810069060123,9
2024-09-19 12:55:19.130,424.7016857830162,1002
2024-09-19 12:55:19.153,424.668766477562,15
2024-09-19 12:55:19.171,424.6961853402092,7
2024-09-19 12:55:19.172,424.7377898358648,998
2024-09-19 12:55:19.187,424.7027762396775,1000
2024-09-19 12:55:19.243,424.7713262099216,96
2024-09-19 12:55:19.261,424.7241223081167,998
2024-09-19 12:55:19.384,424.6911600704645,102
2024-09-19 12:55:19.443,424.7242735563028,11
2024-09-19 12:55:19.497,424.7548630087592,1003
2024-09-19 12:55:19.500,424.7076117248319,1001
2024-09-19 12:55:19.522,424.73206068221646,1003
2024-09-19 12:55:19.535,424.7079277798231,9
2024-09-19 12:55:19.540,424.7087195242505,105
2024-09-19 12:55:19.601,424.6807603779661,10
2024-09-19 12:55:19.612,424.7164388786188,1002
2024-09-19 12:55:19.642,424.8003253834806,12
2024-09-19 12:55:19.643,424.76478717708704,102
2024-09-19 12:55:19.666,424.7750537526296,96
2024-09-19 12:55:19.689,424.7141921076748,996
2024-09-19 12:55:19.716,424.7280233236466,97
2024-09-19 12:55:19.773,424.76432486153954,1000
2024-09-19 12:55:19.885,424.6913851316276,95
2024-09-19 12:55:19.916,424.7167594902081,105
2024-09-19 12:55:19.930,424.7455174062863,1003
2024-09-19 12:55:19.950,424.790047826824,95
2024-09-19 12:55:20.081,424.6487294700377,103
2024-09-19 12:55:20.289,424.6880533776626,1003
2024-09-19 12:55:20.317,424.6799315037845,10
2024-09-19 12:55:20.322,424.7115099082052,15
2024-09-19 12:55:20.354,424.670712690732,9
2024-09-19 12:55:20.454,424.6858672973156,105
2024-09-19 12:55:20.498,424.6565173985333,100
2024-09-19 12:55:20.535,424.64051976214313,96
2024-09-19 12:55:20.545,424.6843102322771,996
2024-09-19 12:55:20.601,424.6833826149085,14
2024-09-19 12:55:20.997,424.7140693331101,1000
2024-09-19 12:55:21.079,424.654300854505,1002
2024-09-19 12:55:21.091,424.6675484073484,11
2024-09-19 12:55:21.184,424.674369256929,995
2024-09-19 12:55:21.274,424.6788308656366,12
2024-09-19 12:55:21.510,424.6627894077336,95
2024-09-19 12:55:21.527,424.65943496580167,5
2024-09-19 12:55:21.575,424.6565583660285,101
2024-09-19 12:55:21.587,424.67618550881787,101
2024-09-19 12:55:21.649,424.6744626163224,97
2024-09-19 12:55:21.731,424.6806632012857,7
2024-09-19 12:55:21.865,424.6721877618599,13
2024-09-19 12:55:21.982,424.6478333760167,7
2024-09-19 12:55:22.034,424.6102247548455,996
2024-09-19 12:55:22.118,424.5631643009975,100
2024-09-19 12:55:22.123,424.6713675763728,995
2024-09-19 12:55:22.148,424.6462900581316,999
2024-09-19 12:55:22.293,424.6403675461063,5
2024-09-19 12:55:22.335,424.668373359818,104
2024-09-19 12:55:22.376,42.45655011523573,999
2024-09-19 12:55:22.398,424.6057109218244,14
2024-09-19 12:55:22.420,424.5647351868984,95
2024-09-19 12:55:22.482,424.5885833059728,10
2024-09-19 12:55:22.533,424.5745417138564,104
2024-09-19 12:55:22.551,424.5890205640058,1001
2024-09-19 12:55:22.633,424.6534381535892,5
2024-09-19 12:55:22.655,424.647486414392,9
2024-09-19 12:55:22.659,424.5759453613596,13
2024-09-19 12:55:22.697,424.6649281696568,995
2024-09-19 12:55:22.737,424.6353315945724,1000
2024-09-19 12:55:22.821,424.622052461854,999
2024-09-19 12:55:22.886,424.6638228003951,13
2024-09-19 12:55:22.977,424.5785340739005,8
2024-09-19 12:55:22.994,424.5700826967876,12
2024-09-19 12:55:23.038,424.5375632206527,995
2024-09-19 12:55:23.275,424.5573249743507,101
2024-09-19 12:55:23.316,424.5572502749222,96
2024-09-19 12:55:23.465,424.5388383517201,10
2024-09-19 12:55:23.510,424.5830089005652,999
2024-09-19 12:55:23.712,424.5482396084474,15
2024-09-19 12:55:23.755,424.52011134780383,1004
2024-09-19 12:55:23.872,424.53201961032175,98
2024-09-19 12:55:24.007,424.6018599361328,103
2024-09-19 12:55:24.031,424.5921033698429,1000
2024-09-19 12:55:24.064,424.5714535640528,1001
2024-09-19 12:55:24.112,424.56624502807045,1002
2024-09-19 12:55:24.226,424.5735706400903,101
2024-09-19 12:55:24.380,424.5941126628884,100
2024-09-19 12:55:24.381,424.5846308300586,997
2024-09-19 12:55:24.441,424.5862279895047,99
2024-09-19 12:55:24.470,424.57385407733,15
2024-09-19 12:55:24.481,424.58524950041374,12
2024-09-19 12:55:24.637,424.60358828728783,1004
2024-09-19 12:55:24.675,424.5882735682732,13
2024-09-19 12:55:24.760,424.5930080007631,97
2024-09-19 12:55:24.967,424.57641153371566,9
2024-09-19 12:55:25.064,424.57517992023867,15
2024-09-19 12:55:25.103,424.5922970514099,97
2024-09-19 12:55:25.224,424.7160579363203,102
2024-09-19 12:55:25.250,424.7318854659293,98
2024-09-19 12:55:25.277,424.60735979503767,996
2024-09-19 12:55:25.291,424.7263462852193,98
2024-09-19 12:55:25.300,424.5926445849189,13
2024-09-19 12:55:25.302,424.5924824516432,999
2024-09-19 12:55:25.409,424.642814007769,995
2024-09-19 12:55:25.461,424.600231807171,14
2024-09-19 12:55:25.483,424.6546225744728,1001
2024-09-19 12:55:25.495,424.5713988759664,100
2024-09-19 12:55:25.497,424.6110745423964,101
2024-09-19 12:55:25.544,424.5734148840865,1003
2024-09-19 12:55:25.555,424.582894961992,9
2024-09-19 12:55:25.574,424.6734128755424,13
2024-09-19 12:55:25.586,424.6656280285612,14
2024-09-19 12:55:25.608,424.6256490507028,6
2024-09-19 12:55:25.637,424.5846670880625,1001
2024-09-19 12:55:25.649,424.70704097768606,104
2024-09-19 12:55:25.671,424.6103803420977,997
2024-09-19 12:55:25.672,424.5758788727421,1000
2024-09-19 12:55:25.738,424.5791359905696,104
2024-09-19 12:55:25.761,424.6067437401456,5
2024-09-19 12:55:25.815,424.5845083179991,103
2024-09-19 12:55:25.841,424.5849292658981,997
2024-09-19 12:55:25.931,424.68178773237344,100
2024-09-19 12:55:25.939,424.589283212831,8
2024-09-19 12:55:26.042,424.700922925164,9
2024-09-19 12:55:26.057,-424.7282014318219,1001
2024-09-19 12:55:26.079,424.7167129141544,15
2024-09-19 12:55:26.113,424.7027851574127,98
2024-09-19 12:55:26.183,424.7373120992801,1004
2024-09-19 12:55:26.308,424.68348788282736,5
2024-09-19 12:55:26.325,424.7172760227724,996
2024-09-19 12:55:26.361,424.70987439162064,103
2024-09-19 12:55:26.540,424.7239800730508,1001
2024-09-19 12:55:26.542,424.70862768567537,11
2024-09-19 12:55:26.592,424.68538965623617,9
2024-09-19 12:55:26.647,424.6850433108291,5
2024-09-19 12:55:26.680,424.7240269943764,104
2024-09-19 12:55:26.693,424.71438606129817,100
2024-09-19 12:55:26.724,424.6901487807783,995
2024-09-19 12:55:26.728,424.67262481482726,11
2024-09-19 12:55:26.729,424.6870230619628,5
2024-09-19 12:55:26.751,424.69958732649326,10
2024-09-19 12:55:26.788,424.6780724830253,100
2024-09-19 12:55:26.829,424.6980170433699,11
2024-09-19 12:55:26.834,424.698790935138,1001
2024-09-19 12:55:26.917,424.7113589207802,1002
2024-09-19 12:55:26.929,424.6882847173324,1005
2024-09-19 12:55:26.963,424.6923636826706,1004
2024-09-19 12:55:26.965,424.68860565680376,15
2024-09-19 12:55:26.992,424.69066413629577,95
2024-09-19 12:55:26.998,424.7062999801277,8
2024-09-19 12:55:27.089,424.6864520733771,100
2024-09-19 12:55:27.129,424.64427121330107,95
2024-09-19 12:55:27.235,424.6960082568244,97
2024-09-19 12:55:27.281,424.63735165567584,105
2024-09-19 12:55:27.292,424.6495954496991,99
2024-09-19 12:55:27.302,424.6887450098884,12
2024-09-19 12:55:27.308,424.6857287174632,1005
2024-09-19 12:55:27.324,424.6697510480232,996
2024-09-19 12:55:27.358,424.6718272893295,98
2024-09-19 12:55:27.385,424.6361932739177,96
2024-09-19 12:55:27.465,424.6766958158213,1005
2024-09-19 12:55:27.470,424.67611144366873,12
2024-09-19 12:55:27.472,424.6630103778043,5
2024-09-19 12:55:27.540,424.68296823267184,7
2024-09-19 12:55:27.566,424.660194544644,12
2024-09-19 12:55:27.596,424.66308477012416,104
2024-09-19 12:55:27.646,424.6658274923,1000
2024-09-19 12:55:27.679,424.6609252895617,1000
2024-09-19 12:55:27.688,424.62641888370587,1000
2024-09-19 12:55:27.726,424.6870816471372,99
2024-09-19 12:55:27.726,424.63650159812056,7
2024-09-19 12:55:27.770,424.627830380908,9
2024-09-19 12:55:27.839,424.6828223733832,97
2024-09-19 12:55:27.882,424.64164079332784,100
2024-09-19 12:55:27.892,424.6843105248512,997
2024-09-19 12:55:27.928,424.6852444266999,6
2024-09-19 12:55:27.962,424.6551834143027,99
2024-09-19 12:55:27.975,424.6532921436871,96
2024-09-19 12:55:28.272,424.68635226989977,995
2024-09-19 12:55:28.282,,5
2024-09-19 12:55:28.373,424.7135049383288,96
2024-09-19 12:55:28.395,424.6582738073153,13
2024-09-19 12:55:28.429,424.6794574838792,104
2024-09-19 12:55:28.472,424.7108636390213,6
2024-09-19 12:55:28.480,424.6374760084557,6
2024-09-19 12:55:28.480,424.6575198584126,98
2024-09-19 12:55:28.517,424.6535715862981,1000
2024-09-19 12:55:28.544,424.67318966648565,104
2024-09-19 12:55:28.703,424.6442085113362,5
2024-09-19 12:55:28.724,424.69928488391616,104
2024-09-19 12:55:28.772,424.6975458469362,103
2024-09-19 12:55:28.961,424.65489796389664,5
2024-09-19 12:55:29.100,424.66339157446447,13
2024-09-19 12:55:29.170,424.6609942488541,15
2024-09-19 12:55:29.339,424.65063184682265,96
2024-09-19 12:55:29.408,424.6914794350913,100
2024-09-19 12:55:29.440,424.6438586738375,11
2024-09-19 12:55:29.694,424.7001101453624,13
2024-09-19 12:55:29.836,424.654760759684,1004
2024-09-19 12:55:30.373,424.67261591817567,8
2024-09-19 12:55:30.498,424.6851751806643,10
2024-09-19 12:55:30.877,424.69199531979433,100
2024-09-19 12:55:32.165,424.67331845077206,1005
2024-09-19 12:55:32.242,424.6756355488871,1003
2024-09-19 12:55:32.306,424.6593624633223,996
2024-09-19 12:55:32.336,424.6451602623917,99
2024-09-19 12:55:32.431,424.65747293059496,99
2024-09-19 12:55:32.446,424.6618377813997,5
2024-09-19 12:55:32.559,424.67737929632375,105
2024-09-19 12:55:32.595,424.6905015857981,7
2024-09-19 12:55:32.774,424.6468725857069,12
2024-09-19 12:55:32.823,424.6308523647358,1000
2024-09-19 12:55:32.830,424.6240566562631,998
2024-09-19 12:55:32.847,424.66069184680987,12
2024-09-19 12:55:32.934,424.62052217066105,102
2024-09-19 12:55:33.036,424.6607716137938,6
2024-09-19 12:55:33.259,424.6562366658153,996
2024-09-19 12:55:33.470,424.65967901378633,997
2024-09-19 12:55:33.584,424.654917586144,12
2024-09-19 12:55:33.647,424.6558165825624,1001
2024-09-19 12:55:33.728,424.6518126750877,1002
2024-09-19 12:55:33.854,42.46665463312315,95
2024-09-19 12:55:33.892,424.6515168334706,9
2024-09-19 12:55:34.033,424.645669073638,1005
2024-09-19 12:55:34.104,424.6664236629911,995
2024-09-19 12:55:34.113,424.64230360192585,15
2024-09-19 12:55:34.126,424.6349814116535,8
2024-09-19 12:55:34.179,424.645771077052,102
2024-09-19 12:55:34.258,424.6333101018553,10
2024-09-19 12:55:34.361,424.6502771630457,999
2024-09-19 12:55:34.396,424.6485220793245,101
2024-09-19 12:55:34.524,42.46339741591491,100
2024-09-19 12:55:34.541,424.6495656347207,97
2024-09-19 12:55:34.687,424.6454397667408,105
2024-09-19 12:55:34.759,424.6439577655584,104
2024-09-19 12:55:34.768,424.6289994253484,997
2024-09-19 12:55:34.843,424.649952778205,13
2024-09-19 12:55:34.952,424.64276426139793,99
2024-09-19 12:55:34.998,424.6475229012343,12
2024-09-19 12:55:34.999,424.63711519959634,105
2024-09-19 12:55:35.280,424.62823983398647,14
2024-09-19 12:55:35.365,424.65151076846047,105
2024-09-19 12:55:35.461,424.6442763896509,9
2024-09-19 12:55:35.555,424.6519143924612,997
2024-09-19 12:55:35.973,424.6460537589645,6
2024-09-19 12:55:36.050,424.6347132533453,95
2024-09-19 12:55:36.134,424.62956834713606,999
2024-09-19 12:55:36.171,424.62982225306433,1003
2024-09-19 12:55:36.226,424.6320160857003,1002
2024-09-19 12:55:36.237,424.6416160665544,997
2024-09-19 12:55:36.372,424.62110764779686,103
2024-09-19 12:55:36.510,424.6256275503438,6
2024-09-19 12:55:36.582,424.6605723722976,105
2024-09-19 12:55:36.665,424.6163624333884,102
2024-09-19 12:55:36.752,424.6481110263522,8
2024-09-19 12:55:36.823,424.6509822067711,97
2024-09-19 12:55:36.848,424.6350295310733,12
2024-09-19 12:55:36.935,424.6346536115071,10
2024-09-19 12:55:36.993,424.6427900893452,996
2024-09-19 12:55:37.003,424.5895623853247,103
2024-09-19 12:55:37.006,424.6068269991752,14
2024-09-19 12:55:37.035,424.6681766234664,97
2024-09-19 12:55:37.066,424.6068033619872,13
2024-09-19 12:55:37.151,424.5954928132629,9
2024-09-19 12:55:37.169,424.7086147257573,9
2024-09-19 12:55:37.170,424.5914707220739,102
2024-09-19 12:55:37.194,424.67181835274135,12
2024-09-19 12:55:37.200,424.7228157185121,15
2024-09-19 12:55:37.209,424.58841647394365,101
2024-09-19 12:55:37.224,424.6433455745324,1000
2024-09-19 12:55:37.230,424.681986417382,1003
2024-09-19 12:55:37.375,424.7129145081837,98
2024-09-19 12:55:37.401,424.702998124622,98
2024-09-19 12:55:37.401,424.7137450328861,101
2024-09-19 12:55:37.447,424.5859873996977,1001
2024-09-19 12:55:37.457,424.6334862943349,99
2024-09-19 12:55:37.530,424.6851705256642,103
2024-09-19 12:55:37.563,424.584375173764,15
2024-09-19 12:55:37.575,424.6652120833907,101
2024-09-19 12:55:37.640,424.6428891027153,101
2024-09-19 12:55:37.776,424.6000023666063,998
2024-09-19 12:55:37.797,424.6118252204924,11
2024-09-19 12:55:37.852,424.69042401255393,6
2024-09-19 12:55:37.969,424.7088791930073,98
2024-09-19 12:55:38.000,424.6796587464687,997
2024-09-19 12:55:38.000,424.7777339632624,103
2024-09-19 12:55:38.039,424.7123226778888,6
2024-09-19 12:55:38.127,424.7022746058671,12
2024-09-19 12:55:38.132,424.7503523525965,99
2024-09-19 12:55:38.142,424.7345323410196,100
2024-09-19 12:55:38.163,424.7560394039089,5
2024-09-19 12:55:38.203,424.7671774911933,96
2024-09-19 12:55:38.224,424.703022930128,98
2024-09-19 12:55:38.322,424.72776505615707,997
2024-09-19 12:55:38.327,424.7472034162514,103
2024-09-19 12:55:38.329,424.7082064664343,12
2024-09-19 12:55:38.352,424.7016552666456,12
2024-09-19 12:55:38.399,424.72309773484994,8
2024-09-19 12:55:38.440,424.6811382446364,1000
2024-09-19 12:55:38.457,424.7510068202993,103
2024-09-19 12:55:38.471,424.7027371414918,1000
2024-09-19 12:55:38.487,424.76522394445897,98
2024-09-19 12:55:38.524,424.7071285862678,100
2024-09-19 12:55:38.574,424.7143579180186,995
2024-09-19 12:55:38.601,424.6685855420777,99
2024-09-19 12:55:38.668,424.7364988769182,6
2024-09-19 12:55:38.695,424.7145179048839,997
2024-09-19 12:55:38.812,424.75326300670855,8
2024-09-19 12:55:38.846,424.7768326777342,105
2024-09-19 12:55:38.877,424.7699613204886,1001
2024-09-19 12:55:38.916,424.7129363456074,9
2024-09-19 12:55:38.926,424.6950518858207,105
2024-09-19 12:55:38.956,424.7742206988198,11
2024-09-19 12:55:39.061,424.6791963324359,15
2024-09-19 12:55:39.096,424.72153019698175,5
2024-09-19 12:55:39.138,424.6771285634039,1003
2024-09-19 12:55:39.147,-424.655036816164,1001
2024-09-19 12:55:39.217,424.69920497152566,995
2024-09-19 12:55:39.258,424.6581191274684,103
2024-09-19 12:55:39.280,424.7169420230584,996
2024-09-19 12:55:39.316,424.66490842885145,11
2024-09-19 12:55:39.317,424.6855269748669,5
2024-09-19 12:55:39.352,424.6996555352242,102
2024-09-19 12:55:39.357,424.6972370209036,999
2024-09-19 12:55:39.380,424.715972692652,103
2024-09-19 12:55:39.421,424.6532832406709,997
2024-09-19 12:55:39.468,424.662641641084,12
2024-09-19 12:55:39.538,424.6752100785256,995
2024-09-19 12:55:39.553,424.73066972521576,7
2024-09-19 12:55:39.662,424.6743132659198,104
2024-09-19 12:55:39.680,424.6880790215931,1005
2024-09-19 12:55:39.741,424.6952765199287,100
2024-09-19 12:55:39.816,424.6731380081608,7
2024-09-19 12:55:39.896,424.6887364896882,9
2024-09-19 12:55:39.951,424.6829455765321,1001
2024-09-19 12:55:40.034,424.57878894963807,5
2024-09-19 12:55:40.048,424.6066410098391,999
2024-09-19 12:55:40.079,424.6027817918648,105
2024-09-19 12:55:40.209,424.6026919430173,1000
2024-09-19 12:55:40.215,424.6463448548748,998
2024-09-19 12:55:40.246,424.6445978161811,997
2024-09-19 12:55:40.307,424.6353257107715,8
2024-09-19 12:55:40.308,424.611822822048,99
2024-09-19 12:55:40.532,424.6296637038511,14
2024-09-19 12:55:40.936,424.6378418737604,6
2024-09-19 12:55:41.001,424.6529683219168,9
2024-09-19 12:55:41.073,424.6118057493418,997
2024-09-19 12:55:41.106,424.6048824664432,98
2024-09-19 12:55:41.160,424.5938595897045,102
2024-09-19 12:55:41.250,424.5888108808113,6
2024-09-19 12:55:41.276,424.5899277522449,11
2024-09-19 12:55:41.307,424.5871383268084,95
2024-09-19 12:55:41.370,424.6365045875142,105
2024-09-19 12:55:41.396,424.5656554768411,11
2024-09-19 12:55:41.482,424.5827454106378,7
2024-09-19 12:55:41.588,424.6051214889205,12
2024-09-19 12:55:41.620,424.6790971544704,1002
2024-09-19 12:55:41.745,424.581838126814,1000
2024-09-19 12:55:41.831,424.61051646573,98
2024-09-19 12:55:41.843,424.60405690820767,999
2024-09-19 12:55:41.859,424.6101535273729,997
2024-09-19 12:55:41.891,424.6026595246108,15
2024-09-19 12:55:41.907,424.66601129978767,101
2024-09-19 12:55:41.962,424.622049014637,1005
2024-09-19 12:55:41.995,424.6315259438592,1004
2024-09-19 12:55:42.109,424.6376725463454,10
2024-09-19 12:55:42.112,424.6672774542659,997
2024-09-19 12:55:42.175,424.6485599821477,13
2024-09-19 12:55:42.180,424.6449887015153,996
2024-09-19 12:55:42.182,424.63891312387057,7
2024-09-19 12:55:42.208,424.6534378024496,5
2024-09-19 12:55:42.296,424.6536877060312,1003
2024-09-19 12:55:42.313,424.6512657507386,102
2024-09-19 12:55:42.327,424.6452335783443,1001
2024-09-19 12:55:42.339,424.6571245290581,99
2024-09-19 12:55:42.389,,8
2024-09-19 12:55:42.440,424.6480714211086,13
2024-09-19 12:55:42.441,424.6330080716683,14
2024-09-19 12:55:42.468,424.616747082598,998
2024-09-19 12:55:42.553,424.6364879342457,96
2024-09-19 12:55:42.650,424.6218550843448,997
2024-09-19 12:55:42.661,424.62211855747046,15
2024-09-19 12:55:42.669,424.6514376089447,9
2024-09-19 12:55:42.748,424.6568949294114,11
2024-09-19 12:55:42.775,424.6528529237437,97
2024-09-19 12:55:42.782,424.6500509092183,104
2024-09-19 12:55:42.888,424.6470689592824,96
2024-09-19 12:55:42.947,424.64778887122486,6
2024-09-19 12:55:42.955,424.59851265767634,1000
2024-09-19 12:55:42.956,424.6276705432383,997
2024-09-19 12:55:43.053,424.5228171182324,15
2024-09-19 12:55:43.062,424.5620044475089,997
2024-09-19 12:55:43.177,424.5896809833549,1001
2024-09-19 12:55:43.189,424.53494107663386,12
2024-09-19 12:55:43.200,-424.5204107536733,8
2024-09-19 12:55:43.208,424.5314967901987,5
2024-09-19 12:55:43.267,424.5941200184648,10
2024-09-19 12:55:43.289,424.59438953755296,7
2024-09-19 12:55:43.404,424.518089056106,105
2024-09-19 12:55:43.491,424.50757016216,12
2024-09-19 12:55:43.500,424.54477222314136,103
2024-09-19 12:55:43.527,424.57318635922354,101
2024-09-19 12:55:43.589,424.5361894335487,14
2024-09-19 12:55:43.659,424.51817168270367,15
2024-09-19 12:55:43.668,424.5150792718326,1002
2024-09-19 12:55:43.670,424.5237072872393,9
2024-09-19 12:55:43.829,424.4991675702347,95
2024-09-19 12:55:43.865,424.5464156160804,95
2024-09-19 12:55:43.894,424.51127429304125,102
2024-09-19 12:55:43.895,424.5354318819207,96
2024-09-19 12:55:43.921,424.5235800792228,998
2024-09-19 12:55:44.002,424.5676170094454,1005
2024-09-19 12:55:44.200,424.5472203290393,996
2024-09-19 12:55:44.314,424.5696482228318,6
2024-09-19 12:55:44.388,424.5667528099375,1004
2024-09-19 12:55:44.485,424.5536127984498,1003
2024-09-19 12:55:44.496,424.5684911830032,996
2024-09-19 12:55:44.502,424.5470603773258,1001
2024-09-19 12:55:44.749,424.53886852024505,1003
2024-09-19 12:55:44.779,424.526125512771,12
2024-09-19 12:55:44.796,424.5721820850626,999
2024-09-19 12:55:45.169,424.5302183363428,1001
2024-09-19 12:55:45.263,424.56448400132825,8
2024-09-19 12:55:45.269,424.51856384776295,12
2024-09-19 12:55:45.287,424.5258603100663,98
2024-09-19 12:55:45.371,424.5109101227729,8
2024-09-19 12:55:45.390,424.52072925997135,997
2024-09-19 12:55:45.507,424.49748060988185,101
2024-09-19 12:55:45.532,424.5638986643707,98
2024-09-19 12:55:45.547,424.51262175013983,6
2024-09-19 12:55:45.742,424.50228560942185,1002
2024-09-19 12:55:45.867,424.5136062175261,1005
2024-09-19 12:55:45.929,424.5435854994951,105
2024-09-19 12:55:45.970,424.5126407655436,12
2024-09-19 12:55:46.368,424.51860440030487,104
2024-09-19 12:55:46.485,424.5434618237689,1004
2024-09-19 12:55:46.512,424.5425994613928,999
2024-09-19 12:55:46.741,424.5352740477463,5
2024-09-19 12:55:46.800,424.51373917461854,100
2024-09-19 12:55:46.806,424.54260306478494,6
2024-09-19 12:55:46.818,424.5347854713042,97
2024-09-19 12:55:46.870,424.5053106708026,6
2024-09-19 12:55:46.919,424.5311203244289,1004
2024-09-19 12:55:46.919,424.5699665738716,102
2024-09-19 12:55:47.022,424.5187949100617,10
2024-09-19 12:55:47.044,424.5590954008366,1000
2024-09-19 12:55:47.096,424.5453295750517,7
2024-09-19 12:55:47.108,424.48916595554607,999
2024-09-19 12:55:47.115,424.5249597270545,1003
2024-09-19 12:55:47.140,424.52692281272135,998
2024-09-19 12:55:47.166,424.5143827655079,96
2024-09-19 12:55:47.199,424.5688504670805,995
2024-09-19 12:55:47.313,424.5297667601348,99
2024-09-19 12:55:47.342,424.5169097757279,1004
2024-09-19 12:55:47.438,424.5125499630248,996
2024-09-19 12:55:47.444,424.5265016020582,103
2024-09-19 12:55:47.459,424.53985994003176,15
2024-09-19 12:55:47.472,424.5164752136628,105
2024-09-19 12:55:47.497,424.5648201106916,105
2024-09-19 12:55:47.513,424.5203075098945,101
2024-09-19 12:55:47.526,424.5406931939931,10
2024-09-19 12:55:47.546,424.56041887786375,997
2024-09-19 12:55:47.589,424.5265427182581,101
2024-09-19 12:55:47.790,424.5164691903137,1005
2024-09-19 12:55:47.826,424.508839677339,104
2024-09-19 12:55:47.849,424.5087540475443,1003
2024-09-19 12:55:47.908,42.45235902524204,104
2024-09-19 12:55:47.922,424.5033752571546,1003
2024-09-19 12:55:47.966,424.521471503374,105
2024-09-19 12:55:48.091,424.51907149308187,104
2024-09-19 12:55:48.119,424.5140316046209,95
2024-09-19 12:55:48.140,424.5076170024692,97
2024-09-19 12:55:48.207,424.5324441420999,101
2024-09-19 12:55:48.281,424.4798560924879,98
2024-09-19 12:55:48.482,424.54842222813386,998
2024-09-19 12:55:48.611,424.51847903804713,5
2024-09-19 12:55:48.711,424.5224610271258,105
2024-09-19 12:55:48.753,424.4926714546901,1005
2024-09-19 12:55:48.761,424.5237856575629,14
2024-09-19 12:55:48.778,424.51743530045815,1004
2024-09-19 12:55:48.781,424.4984800487655,105
2024-09-19 12:55:48.963,424.5034832905576,11
2024-09-19 12:55:49.007,424.51530378418016,12
2024-09-19 12:55:49.053,424.5341354745393,99
2024-09-19 12:55:49.222,424.48217211332513,999
2024-09-19 12:55:49.226,424.5292393609169,15
2024-09-19 12:55:49.251,424.5149824495901,14
2024-09-19 12:55:49.292,424.52982608297066,5
2024-09-19 12:55:49.293,424.5384493202196,996
2024-09-19 12:55:49.318,424.5348567563282,7
2024-09-19 12:55:49.511,424.5313722009389,1002
2024-09-19 12:55:49.591,424.5100548779172,98
2024-09-19 12:55:49.641,424.5121351521556,998
2024-09-19 12:55:49.657,424.5015800729731,99
2024-09-19 12:55:49.688,424.5008087487012,7
2024-09-19 12:55:49.710,424.5264004876311,1002
2024-09-19 12:55:49.741,424.5423704079836,13
2024-09-19 12:55:49.759,424.540361235874,1000
2024-09-19 12:55:49.773,424.5027518305994,15
2024-09-19 12:55:49.776,424.5460618103366,14
2024-09-19 12:55:49.791,424.5000308995996,8
2024-09-19 12:55:49.830,424.50282937883657,98
2024-09-19 12:55:49.855,424.5155029418768,105
2024-09-19 12:55:49.893,424.5277970324989,6
2024-09-19 12:55:49.913,424.5020269207061,997
2024-09-19 12:55:49.996,424.5325674897393,105
2024-09-19 12:55:51.025,424.5315962944137,1002
2024-09-19 12:55:51.110,424.5090735252527,98
2024-09-19 12:55:51.185,424.54919828851,97
2024-09-19 12:55:51.265,424.493688658301,998
2024-09-19 12:55:51.266,424.5280940661206,12
2024-09-19 12:55:51.475,424.51105495642287,100
2024-09-19 12:55:51.585,424.5088065289013,97
2024-09-19 12:55:51.717,424.487188195881,998
2024-09-19 12:55:51.724,424.5017172370398,998
2024-09-19 12:55:51.725,424.5100648542435,95
2024-09-19 12:55:52.022,424.49661573172784,8
2024-09-19 12:55:52.032,424.46198423044194,1004
2024-09-19 12:55:52.058,424.48038347010737,14
2024-09-19 12:55:52.065,424.5004090223736,9
2024-09-19 12:55:52.146,424.42615027359767,8
2024-09-19 12:55:52.218,424.4757619057754,1004
2024-09-19 12:55:52.221,424.4359761525198,14
2024-09-19 12:55:52.261,424.4498447433425,98
2024-09-19 12:55:52.262,424.47065112483466,11
2024-09-19 12:55:52.367,424.5063756449013,9
2024-09-19 12:55:52.373,424.4572479992062,95
2024-09-19 12:55:52.453,424.4182307812529,13
2024-09-19 12:55:52.520,424.4621786699059,97
2024-09-19 12:55:52.535,424.4672434552973,1001
2024-09-19 12:55:52.575,424.4698970755239,105
2024-09-19 12:55:52.655,424.46657887467086,12
2024-09-19 12:55:52.707,424.4580688213991,6
2024-09-19 12:55:52.719,424.4183789327342,11
2024-09-19 12:55:52.726,424.4754059233365,95
2024-09-19 12:55:52.728,424.4839878514947,105
2024-09-19 12:55:52.814,424.449409907866,98
2024-09-19 12:55:52.828,424.44008489700826,10
2024-09-19 12:55:52.835,424.44284544814633,999
2024-09-19 12:55:52.849,424.4298395602413,10
2024-09-19 12:55:52.858,424.4447016361944,995
2024-09-19 12:55:52.864,424.5107253782738,998
2024-09-19 12:55:52.915,424.5006087111185,1001
2024-09-19 12:55:52.982,,99
2024-09-19 12:55:53.047,424.52426815003565,1005
2024-09-19 12:55:53.084,424.45389116836446,1004
2024-09-19 12:55:53.107,424.5271749725917,10
2024-09-19 12:55:53.143,424.515617549398,97
2024-09-19 12:55:53.147,424.51653664092737,98
2024-09-19 12:55:53.181,424.451008941984,999
2024-09-19 12:55:53.241,424.5025710066117,1003
2024-09-19 12:55:53.344,424.5003687335165,12
2024-09-19 12:55:53.380,424.4405207962609,14
2024-09-19 12:55:53.392,424.5466996960569,105
2024-09-19 12:55:53.411,424.4603242680152,999
2024-09-19 12:55:53.449,424.5471892424747,100
2024-09-19 12:55:53.467,424.50364018038994,1002
2024-09-19 12:55:53.477,424.5079114730317,100
2024-09-19 12:55:53.582,424.5561146358992,105
2024-09-19 12:55:53.668,424.5150469575356,98
2024-09-19 12:55:53.707,424.4792827107641,102
2024-09-19 12:55:53.769,424.4229272599907,5
2024-09-19 12:55:53.815,424.4866658166645,8
2024-09-19 12:55:53.908,424.45408467439154,100
2024-09-19 12:55:53.914,424.4599072473567,1003
2024-09-19 12:55:53.981,424.4711465517145,9
2024-09-19 12:55:54.150,424.4887853982236,7
2024-09-19 12:55:54.216,424.4750426976634,996
2024-09-19 12:55:54.237,424.4815393181077,1002
2024-09-19 12:55:54.268,424.492377137746,9
2024-09-19 12:55:54.286,42.44795242321362,99
2024-09-19 12:55:54.343,424.45279835405046,1000
2024-09-19 12:55:54.345,424.4583288844173,10
2024-09-19 12:55:54.385,424.46743276391487,15
2024-09-19 12:55:54.597,424.4751988327968,996
2024-09-19 12:55:54.609,424.4533669823328,1001
2024-09-19 12:55:54.681,424.4497420018837,6
2024-09-19 12:55:54.786,424.45454774974536,995
2024-09-19 12:55:54.787,424.46708864750735,96
2024-09-19 12:55:54.788,424.44457222881726,999
2024-09-19 12:55:54.846,424.4621102137858,14
2024-09-19 12:55:54.890,424.47362666853695,11
2024-09-19 12:55:54.949,424.4630554993506,995
2024-09-19 12:55:55.051,424.4988970339082,102
2024-09-19 12:55:55.055,424.4376903392785,997
2024-09-19 12:55:55.154,424.4726350412542,1005
2024-09-19 12:55:55.267,424.4509829548298,10
2024-09-19 12:55:55.276,424.44947472422086,99
2024-09-19 12:55:55.308,424.4467498721152,100
2024-09-19 12:55:55.364,424.43115144044566,998
2024-09-19 12:55:55.405,424.4323612039557,96
2024-09-19 12:55:55.435,424.4413760156038,1004
2024-09-19 12:55:55.527,424.51714029609593,11
2024-09-19 12:55:55.663,424.4989598495034,995
2024-09-19 12:55:55.798,424.4342206673885,1001
2024-09-19 12:55:55.819,424.5206180565333,997
2024-09-19 12:55:55.877,424.4331251009474,999
2024-09-19 12:55:55.976,,95
2024-09-19 12:55:55.998,424.43669562514617,97
2024-09-19 12:55:56.022,424.54010823785,105
2024-09-19 12:55:56.350,424.5654341120814,95
2024-09-19 12:55:56.724,424.54963905137424,998
2024-09-19 12:55:57.009,424.4938356741352,105
2024-09-19 12:55:57.013,424.5368380504528,102
2024-09-19 12:55:57.037,424.55838056589465,8
2024-09-19 12:55:57.117,424.54228092139874,996
2024-09-19 12:55:57.147,424.5125583399912,14
2024-09-19 12:55:57.158,424.4984350944031,96
2024-09-19 12:55:57.342,424.4854476935564,10
2024-09-19 12:55:57.392,424.5429396511121,998
2024-09-19 12:55:57.484,424.5644604514978,98
2024-09-19 12:55:57.494,424.4818657742913,103
2024-09-19 12:55:57.521,424.47624227495845,14
2024-09-19 12:55:57.527,424.5297623706294,15
2024-09-19 12:55:57.548,424.4956008814352,9
2024-09-19 12:55:57.598,424.5003156835381,10
2024-09-19 12:55:57.681,424.4910570202207,995
2024-09-19 12:55:57.752,424.47823529068376,15
2024-09-19 12:55:57.805,424.50912903716494,5
2024-09-19 12:55:57.839,424.5389851736568,102
2024-09-19 12:55:57.896,-424.52957808558193,102
2024-09-19 12:55:57.971,424.561298159657,11
2024-09-19 12:55:57.972,,1001
2024-09-19 12:55:58.024,424.5908606721327,999
2024-09-19 12:55:58.032,424.5626585924289,105
2024-09-19 12:55:58.113,424.5188445329801,1003
2024-09-19 12:55:58.190,424.4765635922784,11
2024-09-19 12:55:58.193,424.50039107143687,103
2024-09-19 12:55:58.247,424.5478901225905,11
2024-09-19 12:55:58.264,424.5144574733483,98
2024-09-19 12:55:58.287,424.5091332471781,14
2024-09-19 12:55:58.341,424.5737444705396,95
2024-09-19 12:55:58.348,424.56131598734834,103
2024-09-19 12:55:58.362,424.4447932693064,995
2024-09-19 12:55:58.412,424.5368408830103,104
2024-09-19 12:55:58.433,424.4837493110672,8
2024-09-19 12:55:58.456,424.62877131040887,1002
2024-09-19 12:55:58.519,424.4667985756409,997
2024-09-19 12:55:58.542,424.4585343153039,9
2024-09-19 12:55:58.574,424.4982447358776,1002
2024-09-19 12:55:58.630,424.5065610768586,15
2024-09-19 12:55:58.666,424.4616601796959,999
2024-09-19 12:55:58.667,424.5763097680483,104
2024-09-19 12:55:58.727,424.4994238386207,8
2024-09-19 12:55:58.747,424.6169214699127,1005
2024-09-19 12:55:58.773,424.57773750630855,9
2024-09-19 12:55:58.785,424.5337890449704,6
2024-09-19 12:55:58.804,424.5228141360672,998
2024-09-19 12:55:58.808,424.6194721663512,995
2024-09-19 12:55:58.874,424.5786883468794,98
2024-09-19 12:55:58.875,424.5447264192467,1002
2024-09-19 12:55:58.919,424.4333879717965,13
2024-09-19 12:55:58.988,424.46448796553176,12
2024-09-19 12:55:59.044,424.6438675990668,11
2024-09-19 12:55:59.184,424.6850556492825,98
2024-09-19 12:55:59.203,424.631777112041,999
2024-09-19 12:55:59.344,424.6670530071968,12
2024-09-19 12:55:59.391,424.67537432959824,996
2024-09-19 12:55:59.624,424.6762603831253,999
2024-09-19 12:55:59.690,424.6543477316066,101
2024-09-19 12:55:59.735,424.6927410196293,1000
2024-09-19 12:55:59.776,,102
2024-09-19 12:55:59.820,424.6355542954629,96
2024-09-19 12:55:59.878,424.6942689655221,1003
2024-09-19 12:55:59.953,424.663399979602,995
2024-09-19 12:55:59.992,424.6709660106503,12
