Timestamp,Price,Size
2024-09-19 09:45:00.022,414.59077659011416,995
2024-09-19 09:45:00.065,414.57601167303005,995
2024-09-19 09:45:00.079,414.6022645678734,1004
2024-09-19 09:45:00.137,414.5609672259607,995
2024-09-19 09:45:00.213,414.5883312720211,12
2024-09-19 09:45:00.281,414.6012519735312,102
2024-09-19 09:45:00.304,414.5661680047036,5
2024-09-19 09:45:00.366,414.562231170209,997
2024-09-19 09:45:00.491,414.60109963918137,8
2024-09-19 09:45:00.561,414.6123331424893,96
2024-09-19 09:45:00.723,414.5985545402928,13
2024-09-19 09:45:00.777,414.6201049768408,996
2024-09-19 09:45:00.800,414.5960585950702,15
2024-09-19 09:45:00.858,414.614929419709,14
2024-09-19 09:45:00.905,414.5716528288698,100
2024-09-19 09:45:01.249,414.61677560197546,7
2024-09-19 09:45:01.458,414.6055351937388,1002
2024-09-19 09:45:01.765,414.5966930339149,8
2024-09-19 09:45:01.867,414.6191925687986,14
2024-09-19 09:45:01.973,414.5949653687941,996
2024-09-19 09:45:02.200,414.616875990727,12
2024-09-19 09:45:02.667,414.6103605628124,9
2024-09-19 09:45:03.024,414.6377321959052,1002
2024-09-19 09:45:03.111,414.6348849367551,95
2024-09-19 09:45:03.593,414.6293457557824,97
2024-09-19 09:45:04.065,414.6343157999307,8
2024-09-19 09:45:04.106,414.5975559647486,105
2024-09-19 09:45:04.121,414.6305575732146,1004
2024-09-19 09:45:04.134,414.6055468004152,97
2024-09-19 09:45:04.170,414.5807841214499,97
2024-09-19 09:45:04.198,,1004
2024-09-19 09:45:04.278,414.5923683302416,96
2024-09-19 09:45:04.374,414.6259903649792,998
2024-09-19 09:45:04.429,414.62797460588433,999
2024-09-19 09:45:04.537,414.63608302733394,97
2024-09-19 09:45:04.601,414.6103510559992,96
2024-09-19 09:45:04.624,414.6261861807685,102
2024-09-19 09:45:04.635,414.6334326501443,998
2024-09-19 09:45:04.653,414.6213589704632,1002
2024-09-19 09:45:04.767,414.649734695089,7
2024-09-19 09:45:04.789,414.628748766582,1001
2024-09-19 09:45:04.867,414.6339994888989,98
2024-09-19 09:45:04.912,414.60992219153735,1005
2024-09-19 09:45:04.964,414.6291581303655,96
2024-09-19 09:45:04.981,414.647301475996,98
2024-09-19 09:45:05.079,414.5357830016059,12
2024-09-19 09:45:05.131,414.517291806648,999
2024-09-19 09:45:05.428,414.5743120537378,15
2024-09-19 09:45:05.506,414.5519242654713,105
2024-09-19 09:45:05.851,414.5602635507269,11
2024-09-19 09:45:05.869,414.5061536215357,1004
2024-09-19 09:45:05.870,414.5359439888979,12
2024-09-19 09:45:06.124,414.4352958454848,101
2024-09-19 09:45:06.133,414.4389203658666,12
2024-09-19 09:45:06.137,414.4368195826078,996
2024-09-19 09:45:06.213,414.48991010588543,997
2024-09-19 09:45:06.217,414.5081094401112,13
2024-09-19 09:45:06.318,414.4392187116309,6
2024-09-19 09:45:06.372,414.4515244460409,5
2024-09-19 09:45:06.424,414.4065174843519,12
2024-09-19 09:45:06.441,414.4816989007914,97
2024-09-19 09:45:06.449,414.4326643478258,96
2024-09-19 09:45:06.479,414.4222256620412,11
2024-09-19 09:45:06.510,414.4471950649423,1000
2024-09-19 09:45:06.567,414.4296552331361,11
2024-09-19 09:45:06.578,414.4665707758167,1004
2024-09-19 09:45:06.639,414.42810149818246,997
2024-09-19 09:45:06.653,414.4313753977498,998
2024-09-19 09:45:06.671,414.403449978256,999
2024-09-19 09:45:06.682,414.4291717076784,15
2024-09-19 09:45:06.794,414.43172025238096,102
2024-09-19 09:45:06.823,414.40476791968325,98
2024-09-19 09:45:06.856,414.4387420611857,14
2024-09-19 09:45:06.870,414.4145780135021,999
2024-09-19 09:45:06.877,414.4891672719236,100
2024-09-19 09:45:06.892,414.4322191878729,102
2024-09-19 09:45:06.894,414.4198949765959,995
2024-09-19 09:45:06.996,414.4363937601463,1005
2024-09-19 09:45:07.057,414.3742621625148,13
2024-09-19 09:45:07.124,414.3690653660179,1001
2024-09-19 09:45:07.130,414.405487647472,6
2024-09-19 09:45:07.179,414.3908250586968,101
2024-09-19 09:45:07.267,414.4404713984819,100
2024-09-19 09:45:07.285,414.43100294932873,99
2024-09-19 09:45:07.287,414.4080392140922,101
2024-09-19 09:45:07.328,414.3962740558621,102
2024-09-19 09:45:07.335,414.4126028601306,6
2024-09-19 09:45:07.340,414.380503366326,100
2024-09-19 09:45:07.351,,995
2024-09-19 09:45:07.359,414.3860004315326,97
2024-09-19 09:45:07.451,414.3922907742839,95
2024-09-19 09:45:07.501,414.3921107083904,13
2024-09-19 09:45:07.511,414.4243232200311,8
2024-09-19 09:45:07.515,414.3730185376233,1001
2024-09-19 09:45:07.553,414.40242352906176,96
2024-09-19 09:45:07.562,414.38795355089474,99
2024-09-19 09:45:07.589,414.3868434440767,1001
2024-09-19 09:45:07.597,414.39414041889927,6
2024-09-19 09:45:07.675,414.4321379633535,95
2024-09-19 09:45:07.698,414.3889578936176,995
2024-09-19 09:45:07.736,414.3926936033921,999
2024-09-19 09:45:07.753,414.3966107097096,998
2024-09-19 09:45:07.794,414.3745231786867,15
2024-09-19 09:45:07.842,414.3927614102533,98
2024-09-19 09:45:07.862,414.4092117447704,10
2024-09-19 09:45:07.975,414.3962084078261,14
2024-09-19 09:45:07.993,414.4193313766439,98
2024-09-19 09:45:08.041,414.400310578141,104
2024-09-19 09:45:08.042,414.4262911350374,9
2024-09-19 09:45:08.066,414.387573920762,995
2024-09-19 09:45:08.291,414.4232874906248,9
2024-09-19 09:45:08.343,414.3954003562823,1004
2024-09-19 09:45:08.415,414.3464601622726,98
2024-09-19 09:45:08.425,414.3762165177347,101
2024-09-19 09:45:08.617,414.4001526683544,5
2024-09-19 09:45:08.638,414.3513908735309,96
2024-09-19 09:45:08.812,414.335680918247,1002
2024-09-19 09:45:08.822,414.4064073080824,100
2024-09-19 09:45:08.874,414.4070721652308,10
2024-09-19 09:45:08.955,414.4083062471239,102
2024-09-19 09:45:09.103,414.3699898768592,6
2024-09-19 09:45:09.651,414.38766470891625,15
2024-09-19 09:45:09.691,414.36202429774914,9
2024-09-19 09:45:09.714,414.3917290154319,104
2024-09-19 09:45:09.805,414.3612658718524,8
2024-09-19 09:45:09.923,414.3526285534145,15
2024-09-19 09:45:10.241,414.3869142039867,1003
2024-09-19 09:45:10.417,414.3821872716949,14
2024-09-19 09:45:10.881,414.3796437271367,998
2024-09-19 09:45:11.021,414.2957682486033,97
2024-09-19 09:45:11.024,414.3075710808761,1001
2024-09-19 09:45:11.046,414.3384803054312,102
2024-09-19 09:45:11.069,414.2480776094287,14
2024-09-19 09:45:11.117,414.3614856116597,1001
2024-09-19 09:45:11.134,414.3561400097278,14
2024-09-19 09:45:11.189,414.3053657304184,105
2024-09-19 09:45:11.229,414.3015107063204,103
2024-09-19 09:45:11.251,414.34958326699046,13
2024-09-19 09:45:11.297,414.36338977215553,12
2024-09-19 09:45:11.303,414.37979734823045,995
2024-09-19 09:45:11.314,414.3874781334703,1002
2024-09-19 09:45:11.335,414.3280432838878,1000
2024-09-19 09:45:11.373,414.2756207973076,103
2024-09-19 09:45:11.415,414.3655714250499,7
2024-09-19 09:45:11.430,414.3471847467162,100
2024-09-19 09:45:11.570,414.249267150146,105
2024-09-19 09:45:11.576,414.35045155057367,103
2024-09-19 09:45:11.727,414.36176332222726,99
2024-09-19 09:45:11.746,414.2534561372988,96
2024-09-19 09:45:11.758,414.2995441205078,5
2024-09-19 09:45:11.758,,9
2024-09-19 09:45:11.808,414.3645657948592,9
2024-09-19 09:45:11.858,414.3582377739252,1004
2024-09-19 09:45:11.909,414.3325545946663,13
2024-09-19 09:45:11.926,414.3295937089024,999
2024-09-19 09:45:11.933,414.26221059414615,96
2024-09-19 09:45:11.941,414.3691577186743,1003
2024-09-19 09:45:11.964,414.34377465706376,5
2024-09-19 09:45:12.007,414.16785874026624,1000
2024-09-19 09:45:12.069,414.22117799240175,1003
2024-09-19 09:45:12.099,414.23830414075536,97
2024-09-19 09:45:12.215,414.2302167380389,1000
2024-09-19 09:45:12.302,414.1853682251364,100
2024-09-19 09:45:12.332,414.20834677304816,1003
2024-09-19 09:45:12.426,414.1923012237143,11
2024-09-19 09:45:12.466,-414.1671591554858,95
2024-09-19 09:45:12.496,414.2234326831642,105
2024-09-19 09:45:12.515,414.2184361032834,102
2024-09-19 09:45:12.530,414.23961409777,7
2024-09-19 09:45:12.551,414.209605563236,6
2024-09-19 09:45:12.555,414.231946897826,10
2024-09-19 09:45:12.569,414.1626346805003,6
2024-09-19 09:45:12.660,414.1649411139433,104
2024-09-19 09:45:12.675,414.2591916836626,12
2024-09-19 09:45:12.727,414.1702562195736,12
2024-09-19 09:45:12.986,414.1952556492771,997
2024-09-19 09:45:13.088,414.18819413773406,1000
2024-09-19 09:45:13.103,414.1847377531524,1000
2024-09-19 09:45:13.123,414.184811838084,100
2024-09-19 09:45:13.367,414.17190463617305,8
2024-09-19 09:45:13.664,414.1763169742153,6
2024-09-19 09:45:13.753,414.19937319258014,102
2024-09-19 09:45:13.825,414.1805955733893,102
2024-09-19 09:45:13.851,414.1759530330754,96
2024-09-19 09:45:13.875,414.1992527906343,8
2024-09-19 09:45:13.952,414.1914740588511,96
2024-09-19 09:45:14.012,414.2625972269778,105
2024-09-19 09:45:14.076,414.2339111251316,999
2024-09-19 09:45:14.151,414.2193416376145,11
2024-09-19 09:45:14.187,414.2705681509145,1004
2024-09-19 09:45:14.316,414.25082025440935,99
2024-09-19 09:45:14.346,414.2458621805685,14
2024-09-19 09:45:14.386,414.25615018882365,7
2024-09-19 09:45:14.439,414.19917606711306,1002
2024-09-19 09:45:14.664,414.1765834448245,15
2024-09-19 09:45:14.742,414.2536902576968,998
2024-09-19 09:45:14.794,414.2605741342375,7
2024-09-19 09:45:14.892,414.25864781450815,96
2024-09-19 09:45:14.906,414.2461956347749,1001
2024-09-19 09:45:14.915,414.2580852146496,996
2024-09-19 09:45:15.038,414.21610129736337,101
2024-09-19 09:45:15.040,414.2267373556365,104
2024-09-19 09:45:15.048,414.23823806443016,98
2024-09-19 09:45:15.079,414.2427773980313,13
2024-09-19 09:45:15.124,414.2108511122689,7
2024-09-19 09:45:15.125,41.42413178180211,105
2024-09-19 09:45:15.133,414.25890391756815,15
2024-09-19 09:45:15.193,414.2714798662247,8
2024-09-19 09:45:15.240,414.238274588853,98
2024-09-19 09:45:15.269,414.2332554435994,1002
2024-09-19 09:45:15.335,414.23799040687175,8
2024-09-19 09:45:15.415,414.2423610607833,995
2024-09-19 09:45:15.438,414.2500986733593,6
2024-09-19 09:45:15.485,414.2482395536822,998
2024-09-19 09:45:15.569,414.2154252723312,103
2024-09-19 09:45:15.602,414.2257980143271,8
2024-09-19 09:45:15.607,414.23617222187926,998
2024-09-19 09:45:15.653,414.22084056473005,1000
2024-09-19 09:45:15.733,414.2237230761222,14
2024-09-19 09:45:15.787,414.22944017448606,1005
2024-09-19 09:45:15.806,414.2140484239365,1002
2024-09-19 09:45:15.990,414.2472346988994,101
2024-09-19 09:45:16.025,414.2716238151437,9
2024-09-19 09:45:16.039,414.2411722790692,999
2024-09-19 09:45:16.098,414.260263229686,1004
2024-09-19 09:45:16.104,414.2723083359169,8
2024-09-19 09:45:16.108,414.2460051022312,997
2024-09-19 09:45:16.120,414.269635487474,998
2024-09-19 09:45:16.176,414.2791905438996,1005
2024-09-19 09:45:16.184,414.2302567106292,1001
2024-09-19 09:45:16.287,414.25020377146063,95
2024-09-19 09:45:16.410,414.264577624192,13
2024-09-19 09:45:16.424,414.2598562440816,999
2024-09-19 09:45:16.439,414.2740971002575,1002
2024-09-19 09:45:16.598,414.2490121706509,1001
2024-09-19 09:45:16.780,414.2494126418475,6
2024-09-19 09:45:16.883,414.2428145407075,97
2024-09-19 09:45:17.046,414.2194405901896,7
2024-09-19 09:45:17.097,414.23658432414646,99
2024-09-19 09:45:17.282,414.2425441853772,15
2024-09-19 09:45:17.550,414.2251111125199,1001
2024-09-19 09:45:17.627,414.241803360394,7
2024-09-19 09:45:18.018,414.2885215795614,1005
2024-09-19 09:45:18.023,414.2347845221448,6
2024-09-19 09:45:18.135,414.26712406096925,996
2024-09-19 09:45:18.175,414.2323983202496,8
2024-09-19 09:45:18.230,414.2208527207492,102
2024-09-19 09:45:18.266,414.2323502030895,96
2024-09-19 09:45:18.339,414.2861626121923,97
2024-09-19 09:45:18.556,414.23819400038656,14
2024-09-19 09:45:18.793,414.2956790537186,11
2024-09-19 09:45:18.825,414.2372423574671,96
2024-09-19 09:45:18.867,414.2857615084832,103
2024-09-19 09:45:19.157,414.3047159346124,95
2024-09-19 09:45:19.264,414.2771583023591,98
2024-09-19 09:45:19.295,414.2935547231441,9
2024-09-19 09:45:19.375,414.2864729190708,996
2024-09-19 09:45:19.510,414.2618349783918,1005
2024-09-19 09:45:19.832,414.2843696996754,1000
2024-09-19 09:45:19.863,414.2392754219587,998
2024-09-19 09:45:20.110,414.23117916116496,10
2024-09-19 09:45:20.136,414.2254312867861,999
2024-09-19 09:45:20.197,41.42008236675997,10
2024-09-19 09:45:20.335,414.2430970201535,103
2024-09-19 09:45:20.339,-414.2289907244779,9
2024-09-19 09:45:20.472,414.209987609196,997
2024-09-19 09:45:20.488,414.220120788194,96
2024-09-19 09:45:20.524,414.23177773101474,6
2024-09-19 09:45:20.546,414.2075137256166,10
2024-09-19 09:45:20.609,414.2536388406217,995
2024-09-19 09:45:20.689,414.2105962038076,96
2024-09-19 09:45:20.746,414.2152658202375,102
2024-09-19 09:45:20.766,414.20793078880615,11
2024-09-19 09:45:20.769,414.2064569466241,96
2024-09-19 09:45:20.808,414.2185015593763,104
2024-09-19 09:45:20.816,414.2182438368942,12
2024-09-19 09:45:20.842,414.2396483243021,98
2024-09-19 09:45:20.857,414.2112921745795,1003
2024-09-19 09:45:20.863,414.2145896426911,999
2024-09-19 09:45:20.892,414.1972280294607,1001
2024-09-19 09:45:20.917,414.20746611403376,97
2024-09-19 09:45:20.923,414.2353025610768,100
2024-09-19 09:45:20.972,414.2513538524894,1004
2024-09-19 09:45:20.975,414.2223657778797,1004
2024-09-19 09:45:21.027,414.2390927333409,98
2024-09-19 09:45:21.031,414.2574837779407,12
2024-09-19 09:45:21.059,414.2466460363582,101
2024-09-19 09:45:21.074,414.252317037369,97
2024-09-19 09:45:21.080,414.266870763307,105
2024-09-19 09:45:21.080,414.2596898567458,102
2024-09-19 09:45:21.181,414.258397283574,104
2024-09-19 09:45:21.182,414.2346256563793,97
2024-09-19 09:45:21.251,414.2469439376589,1004
2024-09-19 09:45:21.259,414.2499736628571,103
2024-09-19 09:45:21.298,414.2700897973192,6
2024-09-19 09:45:21.349,414.2690826348316,101
2024-09-19 09:45:21.370,414.23970512021896,996
2024-09-19 09:45:21.378,414.2480550029842,13
2024-09-19 09:45:21.415,414.2614266937756,1001
2024-09-19 09:45:21.520,414.2632571039388,98
2024-09-19 09:45:21.526,414.25117683237977,997
2024-09-19 09:45:21.650,414.2777559819812,102
2024-09-19 09:45:21.678,414.24943183414587,995
2024-09-19 09:45:21.688,414.21650312912686,5
2024-09-19 09:45:21.764,414.2787812263304,6
2024-09-19 09:45:21.887,414.2310410324124,14
2024-09-19 09:45:21.905,414.2264519811917,99
2024-09-19 09:45:21.949,414.2440012486945,103
2024-09-19 09:45:22.110,414.2241281087129,12
2024-09-19 09:45:22.116,414.24520769436896,1001
2024-09-19 09:45:22.186,414.23361508164334,998
2024-09-19 09:45:22.309,414.2663389226065,95
2024-09-19 09:45:22.405,414.2437626117433,103
2024-09-19 09:45:22.437,414.24398437545193,104
2024-09-19 09:45:22.617,414.22981003601456,10
2024-09-19 09:45:22.931,414.2437337613768,995
2024-09-19 09:45:22.960,414.2352082370515,97
2024-09-19 09:45:23.101,414.2191855827007,1000
2024-09-19 09:45:23.271,414.2325179425725,995
2024-09-19 09:45:23.332,414.222650782923,1000
2024-09-19 09:45:23.376,414.2492535591766,14
2024-09-19 09:45:23.400,414.2568690020756,96
2024-09-19 09:45:23.406,414.2211667274036,1002
2024-09-19 09:45:23.423,414.2222121483534,14
2024-09-19 09:45:23.460,414.2295140145405,5
2024-09-19 09:45:23.477,414.2516314240775,12
2024-09-19 09:45:23.676,414.2309436612045,104
2024-09-19 09:45:24.042,,105
2024-09-19 09:45:24.222,,97
2024-09-19 09:45:24.316,414.20713165288095,97
2024-09-19 09:45:24.357,414.20336847177526,13
2024-09-19 09:45:24.543,414.19969477173504,7
2024-09-19 09:45:24.663,414.2283743849732,104
2024-09-19 09:45:24.774,414.2143976847324,998
2024-09-19 09:45:24.906,414.23897784677376,1000
2024-09-19 09:45:25.051,414.2683714205391,6
2024-09-19 09:45:25.080,414.2594270679107,103
2024-09-19 09:45:25.191,414.2700433570663,102
2024-09-19 09:45:25.214,414.22791989667945,11
2024-09-19 09:45:25.227,414.2672777398704,104
2024-09-19 09:45:25.247,414.2008706497709,1002
2024-09-19 09:45:25.251,414.2526665769893,102
2024-09-19 09:45:25.274,414.21467977791593,12
2024-09-19 09:45:25.286,414.25085478190914,100
2024-09-19 09:45:25.299,414.212639483823,1003
2024-09-19 09:45:25.410,414.2812354484953,998
2024-09-19 09:45:25.458,414.2272370262895,996
2024-09-19 09:45:25.508,414.2586712269004,15
2024-09-19 09:45:25.556,414.2217399839389,5
2024-09-19 09:45:25.619,414.2192432313606,1003
2024-09-19 09:45:25.620,414.2339248421953,998
2024-09-19 09:45:25.712,414.22128777790937,13
2024-09-19 09:45:25.744,414.225527622077,101
2024-09-19 09:45:25.851,414.24387899887125,14
2024-09-19 09:45:25.874,414.2255744806001,1004
2024-09-19 09:45:25.878,414.2680065127445,999
2024-09-19 09:45:25.879,414.2405075541757,1002
2024-09-19 09:45:25.916,414.2730802843448,99
2024-09-19 09:45:25.950,414.2590410231271,997
2024-09-19 09:45:26.051,414.2606103017753,7
2024-09-19 09:45:26.068,414.2617924551397,100
2024-09-19 09:45:26.140,414.2776190871198,1001
2024-09-19 09:45:26.177,414.2618249893836,99
2024-09-19 09:45:26.230,414.2538054585156,97
2024-09-19 09:45:26.234,414.2554397052276,1002
2024-09-19 09:45:26.251,414.2705230547628,105
2024-09-19 09:45:26.403,414.2617557525592,9
2024-09-19 09:45:26.509,414.2533058775296,10
2024-09-19 09:45:26.568,414.2614859827178,7
2024-09-19 09:45:26.669,414.266689019818,97
2024-09-19 09:45:26.704,414.2733256981656,1001
2024-09-19 09:45:26.740,414.2799368948553,5
2024-09-19 09:45:26.781,414.2754344995857,997
2024-09-19 09:45:26.890,-414.2683823393418,998
2024-09-19 09:45:26.906,414.2533570806,96
2024-09-19 09:45:27.000,414.3207459215959,1004
2024-09-19 09:45:27.020,414.2807770355867,9
2024-09-19 09:45:27.053,414.3109819741218,1004
2024-09-19 09:45:27.090,414.2895803080266,8
2024-09-19 09:45:27.099,414.2816535513982,104
2024-09-19 09:45:27.138,414.29499841155615,15
2024-09-19 09:45:27.177,414.29606553084017,14
2024-09-19 09:45:27.269,414.2849915125468,99
2024-09-19 09:45:27.362,414.2813727438015,998
2024-09-19 09:45:27.396,414.28862536129344,98
2024-09-19 09:45:27.435,414.2893553518994,6
2024-09-19 09:45:27.455,414.3155160952393,15
2024-09-19 09:45:27.472,414.2936731190435,10
2024-09-19 09:45:27.488,414.2862900375511,11
2024-09-19 09:45:27.534,414.3319061022397,14
2024-09-19 09:45:27.571,414.3229200789792,995
2024-09-19 09:45:27.601,414.2904283747168,13
2024-09-19 09:45:27.620,414.3119266756756,7
2024-09-19 09:45:27.725,414.3292692222632,99
2024-09-19 09:45:27.747,-414.3237040387983,11
2024-09-19 09:45:27.759,414.31582688661706,1004
2024-09-19 09:45:27.820,414.2868295640071,998
2024-09-19 09:45:27.860,414.2825048666161,8
2024-09-19 09:45:27.863,414.3296663517297,7
2024-09-19 09:45:27.867,414.3101906100768,104
2024-09-19 09:45:27.877,414.3212919711564,7
2024-09-19 09:45:27.986,414.3120789314416,6
2024-09-19 09:45:28.115,414.3397203738297,8
2024-09-19 09:45:28.127,414.3305686752352,105
2024-09-19 09:45:28.286,414.3498638699086,999
2024-09-19 09:45:28.341,414.3343321363652,995
2024-09-19 09:45:28.360,414.3538465323096,8
2024-09-19 09:45:28.389,414.3312484039684,998
2024-09-19 09:45:28.455,414.3418591812149,1001
2024-09-19 09:45:28.477,414.3520989782929,1002
2024-09-19 09:45:28.525,414.3398363894736,11
2024-09-19 09:45:28.599,414.3484107735116,1004
2024-09-19 09:45:28.936,414.3442730256383,10
2024-09-19 09:45:28.939,414.3402403614135,99
2024-09-19 09:45:28.973,414.3475090714963,103
2024-09-19 09:45:29.295,41.43512345316277,998
2024-09-19 09:45:29.439,414.3333320790511,96
2024-09-19 09:45:30.155,414.3215303382608,97
2024-09-19 09:45:30.253,414.3350435188224,101
2024-09-19 09:45:30.273,414.30511809764965,14
2024-09-19 09:45:30.318,414.3321792829916,1005
2024-09-19 09:45:30.395,414.33316434973335,1003
2024-09-19 09:45:30.489,-414.31999110741407,7
2024-09-19 09:45:30.951,414.3328193613062,997
2024-09-19 09:45:30.979,414.3388179092232,1004
2024-09-19 09:45:31.054,414.2433632184785,1004
2024-09-19 09:45:31.079,414.24115253786766,14
2024-09-19 09:45:31.165,414.2388247897471,98
2024-09-19 09:45:31.214,414.2529219938558,95
2024-09-19 09:45:31.401,414.28368408881744,104
2024-09-19 09:45:31.415,414.2482675293571,104
2024-09-19 09:45:31.497,414.261144424841,6
2024-09-19 09:45:31.524,414.2599567858055,11
2024-09-19 09:45:31.551,414.24242428045886,95
2024-09-19 09:45:31.617,414.25164546637336,12
2024-09-19 09:45:31.634,414.2304923937333,5
2024-09-19 09:45:31.698,414.2503853289322,1005
2024-09-19 09:45:31.763,414.2894873426504,101
2024-09-19 09:45:31.863,414.2484996533958,998
2024-09-19 09:45:31.863,414.27043195994895,9
2024-09-19 09:45:31.889,414.3046109894356,100
2024-09-19 09:45:31.905,414.26067776602326,12
2024-09-19 09:45:31.913,414.2433997075477,9
2024-09-19 09:45:31.995,414.2703245336965,10
2024-09-19 09:45:32.058,414.2558859545095,996
2024-09-19 09:45:32.060,414.23957391865486,5
2024-09-19 09:45:32.081,414.2556118437191,10
2024-09-19 09:45:32.087,414.2416575461315,997
2024-09-19 09:45:32.095,414.2525495123411,99
2024-09-19 09:45:32.112,414.26033353853154,14
2024-09-19 09:45:32.125,414.2275172884937,5
2024-09-19 09:45:32.131,414.2295283250797,998
2024-09-19 09:45:32.209,414.2471398362786,1000
2024-09-19 09:45:32.224,414.23248646529095,996
2024-09-19 09:45:32.272,414.2325926728792,103
2024-09-19 09:45:32.301,414.2518885755978,1001
2024-09-19 09:45:32.334,414.2427852737882,9
2024-09-19 09:45:32.354,414.21428019293575,1002
2024-09-19 09:45:32.356,414.2249669408942,998
2024-09-19 09:45:32.359,414.2451641399031,98
2024-09-19 09:45:32.380,414.2261191091102,997
2024-09-19 09:45:32.656,414.2347114297467,997
2024-09-19 09:45:32.669,414.22023593478593,95
2024-09-19 09:45:32.705,414.2637764002107,1002
2024-09-19 09:45:32.792,414.2459353820377,98
2024-09-19 09:45:32.893,414.24711717197806,1001
2024-09-19 09:45:32.923,414.2172071744972,998
2024-09-19 09:45:32.974,414.2430021818286,5
2024-09-19 09:45:32.979,414.2511898994088,96
2024-09-19 09:45:33.009,414.2493657374064,98
2024-09-19 09:45:33.033,414.2460907653747,100
2024-09-19 09:45:33.096,414.2552226222948,105
2024-09-19 09:45:33.107,,12
2024-09-19 09:45:33.116,414.3062720875752,1004
2024-09-19 09:45:33.134,414.2843461331943,104
2024-09-19 09:45:33.138,414.2718505414966,12
2024-09-19 09:45:33.183,,100
2024-09-19 09:45:33.213,414.2872567317541,98
2024-09-19 09:45:33.280,414.28828271515,95
2024-09-19 09:45:33.285,414.2933935712621,9
2024-09-19 09:45:33.341,414.27993279479006,9
2024-09-19 09:45:33.396,414.247471417485,1002
2024-09-19 09:45:33.431,414.2825143705376,996
2024-09-19 09:45:33.445,414.2415767148019,1002
2024-09-19 09:45:33.642,414.28097599125846,11
2024-09-19 09:45:33.649,414.2425828164849,103
2024-09-19 09:45:33.661,414.2811756945286,1002
2024-09-19 09:45:33.661,41.4302115833463,10
2024-09-19 09:45:33.735,414.22984011354447,999
2024-09-19 09:45:33.748,414.27186391074616,102
2024-09-19 09:45:33.788,414.27708922659485,1005
2024-09-19 09:45:33.799,414.2974439492023,9
2024-09-19 09:45:33.814,414.24265980509495,995
2024-09-19 09:45:33.862,414.2399508169507,95
2024-09-19 09:45:33.921,414.24264428653794,10
2024-09-19 09:45:33.956,414.245860924392,1005
2024-09-19 09:45:34.203,414.2642566070194,996
2024-09-19 09:45:34.311,414.2408402756217,95
2024-09-19 09:45:34.315,414.29011644889886,13
2024-09-19 09:45:34.328,414.2935884114463,95
2024-09-19 09:45:34.505,414.2661118622871,99
2024-09-19 09:45:34.539,414.2802209417781,10
2024-09-19 09:45:34.555,414.26506772944896,12
2024-09-19 09:45:34.586,414.2661279910168,100
2024-09-19 09:45:34.698,,7
2024-09-19 09:45:34.777,414.266304522946,7
2024-09-19 09:45:34.785,414.2491888832393,1000
2024-09-19 09:45:34.800,414.25570103461087,997
2024-09-19 09:45:34.852,414.306721319514,7
2024-09-19 09:45:34.926,414.26025351348136,6
2024-09-19 09:45:34.931,414.2601112679963,1005
2024-09-19 09:45:34.931,414.2301988825277,998
2024-09-19 09:45:34.936,414.2497437688345,12
2024-09-19 09:45:35.004,414.3036215343853,996
2024-09-19 09:45:35.005,414.3197127711306,1000
2024-09-19 09:45:35.010,414.3178287213286,998
2024-09-19 09:45:35.095,414.2708673236091,14
2024-09-19 09:45:35.137,414.29874386951946,7
2024-09-19 09:45:35.424,414.2840314581892,95
2024-09-19 09:45:35.447,414.30222357538906,998
2024-09-19 09:45:35.624,414.3003377873699,95
2024-09-19 09:45:35.647,414.3163898996137,100
2024-09-19 09:45:35.761,414.2781656063116,998
2024-09-19 09:45:35.799,414.3162426114085,6
2024-09-19 09:45:35.827,414.3275934007388,7
2024-09-19 09:45:35.875,414.29776295400086,97
2024-09-19 09:45:35.914,414.29754550006993,8
2024-09-19 09:45:35.958,414.2682413561043,6
2024-09-19 09:45:35.969,414.3048489443534,102
2024-09-19 09:45:36.003,414.3095742551559,1002
2024-09-19 09:45:36.083,414.3188640500998,1004
2024-09-19 09:45:36.111,414.283448603778,1000
2024-09-19 09:45:36.128,414.273911858122,99
2024-09-19 09:45:36.180,414.2804803996154,105
2024-09-19 09:45:36.203,414.3018660561795,100
2024-09-19 09:45:36.208,414.300264816157,1005
2024-09-19 09:45:36.234,414.3126635006937,102
2024-09-19 09:45:36.238,414.3166191733336,8
2024-09-19 09:45:36.241,414.3179914528372,11
2024-09-19 09:45:36.253,414.3042088049056,103
2024-09-19 09:45:36.256,414.2780212058652,14
2024-09-19 09:45:36.273,414.3131458594697,103
2024-09-19 09:45:36.282,,1002
2024-09-19 09:45:36.344,414.29504424302473,10
2024-09-19 09:45:36.368,414.2804137013997,6
2024-09-19 09:45:36.413,414.31650416740166,10
2024-09-19 09:45:36.421,414.2941964775283,5
2024-09-19 09:45:36.557,414.3033255075084,1003
2024-09-19 09:45:36.653,414.3079360356207,999
2024-09-19 09:45:36.708,414.27249774546857,103
2024-09-19 09:45:36.745,414.317720434526,1005
2024-09-19 09:45:36.771,-414.3204974137278,98
2024-09-19 09:45:36.781,414.2788908596085,103
2024-09-19 09:45:36.829,414.3055423772467,14
2024-09-19 09:45:36.852,414.2892077886796,11
2024-09-19 09:45:36.919,414.3202847482385,100
2024-09-19 09:45:36.959,414.3133705060764,998
2024-09-19 09:45:37.365,414.26703648592695,1005
2024-09-19 09:45:37.541,414.2937174123796,1002
2024-09-19 09:45:37.558,414.28546257692176,1003
2024-09-19 09:45:37.642,414.2675677296592,14
2024-09-19 09:45:38.135,414.34775920543296,100
2024-09-19 09:45:38.141,414.36723037050086,8
2024-09-19 09:45:38.146,414.3118032482613,99
2024-09-19 09:45:38.160,414.28803402875513,1000
2024-09-19 09:45:38.176,414.3549336717476,5
2024-09-19 09:45:38.193,414.2916919366825,996
2024-09-19 09:45:38.221,414.3455452456432,12
2024-09-19 09:45:38.265,,5
2024-09-19 09:45:38.279,414.3254807657019,102
2024-09-19 09:45:38.298,414.32095232865856,105
2024-09-19 09:45:38.316,414.3150824664864,999
2024-09-19 09:45:38.317,414.3500302295901,997
2024-09-19 09:45:38.325,414.37285497377553,14
2024-09-19 09:45:38.379,414.33904892302473,1001
2024-09-19 09:45:38.405,414.3581099558626,12
2024-09-19 09:45:38.482,414.3095155222261,1002
2024-09-19 09:45:38.486,414.2861036577691,1001
2024-09-19 09:45:38.615,414.3403070761157,14
2024-09-19 09:45:38.683,414.3578533390847,105
2024-09-19 09:45:38.694,414.3688220605984,98
2024-09-19 09:45:38.715,414.3070542015294,1004
2024-09-19 09:45:38.723,414.3131943513597,1001
2024-09-19 09:45:38.746,414.3648597045087,104
2024-09-19 09:45:38.906,414.2773888142575,101
2024-09-19 09:45:38.908,414.3481840901517,15
2024-09-19 09:45:38.912,414.34190936443855,103
2024-09-19 09:45:38.927,414.3306823007978,1003
2024-09-19 09:45:38.931,414.3469266367172,96
2024-09-19 09:45:38.975,414.3401260996712,15
2024-09-19 09:45:39.163,414.332101807636,1003
2024-09-19 09:45:39.200,414.2659214673977,102
2024-09-19 09:45:39.244,414.3262541874829,12
2024-09-19 09:45:39.264,414.3437378656144,99
2024-09-19 09:45:39.274,414.25948890245934,1004
2024-09-19 09:45:39.279,414.3359046684176,15
2024-09-19 09:45:39.282,414.2805792455262,12
2024-09-19 09:45:39.413,414.33396667559504,96
2024-09-19 09:45:39.422,414.2365474914274,100
2024-09-19 09:45:39.442,414.3216760038597,7
2024-09-19 09:45:39.496,414.3251800483132,9
2024-09-19 09:45:39.517,41.43398677216121,101
2024-09-19 09:45:39.541,414.2417043162608,996
2024-09-19 09:45:39.639,414.2250380094815,999
2024-09-19 09:45:39.731,414.319517779654,15
2024-09-19 09:45:39.734,414.3218772194333,11
2024-09-19 09:45:39.839,414.3197248963823,1005
2024-09-19 09:45:39.844,414.3286225666686,104
2024-09-19 09:45:39.961,414.2727834547005,102
2024-09-19 09:45:40.084,414.2433542092757,12
2024-09-19 09:45:40.105,414.2321781236064,99
2024-09-19 09:45:40.105,414.2453155181594,7
2024-09-19 09:45:40.329,414.1956852744989,100
2024-09-19 09:45:40.380,414.23200851775744,12
2024-09-19 09:45:40.389,414.1825868230793,5
2024-09-19 09:45:40.405,414.1683210851718,102
2024-09-19 09:45:40.453,414.16941825700894,102
2024-09-19 09:45:40.545,414.2144611778404,9
2024-09-19 09:45:40.659,414.2423131862812,12
2024-09-19 09:45:40.678,414.22929550187126,1002
2024-09-19 09:45:40.732,414.25364776061696,6
2024-09-19 09:45:40.790,414.2190683206298,97
2024-09-19 09:45:40.797,414.2452625096002,103
2024-09-19 09:45:40.800,414.2252088594939,7
2024-09-19 09:45:40.851,414.1673049332753,1002
2024-09-19 09:45:40.863,414.1855188617857,1003
2024-09-19 09:45:40.875,414.23284790516135,14
2024-09-19 09:45:40.900,414.2056506989151,103
2024-09-19 09:45:40.980,414.1786559271056,9
2024-09-19 09:45:41.070,,6
2024-09-19 09:45:41.090,414.1717353730663,98
2024-09-19 09:45:41.134,414.21819092061065,8
2024-09-19 09:45:41.137,414.1760583367562,997
2024-09-19 09:45:41.173,414.1447617791086,996
2024-09-19 09:45:41.194,414.1946101922774,105
2024-09-19 09:45:41.198,414.17540426956793,995
2024-09-19 09:45:41.255,414.1670018979293,1003
2024-09-19 09:45:41.288,414.1928252012566,999
2024-09-19 09:45:41.300,41.41965163562051,101
2024-09-19 09:45:41.306,414.1934489251854,13
2024-09-19 09:45:41.360,414.1906369611013,5
2024-09-19 09:45:41.411,414.2052400583592,995
2024-09-19 09:45:41.424,414.17680387882245,97
2024-09-19 09:45:41.428,414.17517533963576,104
2024-09-19 09:45:41.433,414.2188412952305,6
2024-09-19 09:45:41.717,414.1722535451111,95
2024-09-19 09:45:41.722,414.196728220648,1003
2024-09-19 09:45:41.756,414.2131261778792,6
2024-09-19 09:45:41.796,414.1545753305063,1004
2024-09-19 09:45:41.823,414.14090355294974,95
2024-09-19 09:45:41.826,414.1450400716771,103
2024-09-19 09:45:41.828,414.1823446226974,103
2024-09-19 09:45:41.858,414.1705869968749,96
2024-09-19 09:45:41.980,414.2284602486346,14
2024-09-19 09:45:41.989,414.20058044502855,9
2024-09-19 09:45:42.066,414.1311449597426,995
2024-09-19 09:45:42.127,414.1374964990894,95
2024-09-19 09:45:42.128,414.1571846447558,15
2024-09-19 09:45:42.242,414.1373814639777,98
2024-09-19 09:45:42.256,414.1689544716032,1002
2024-09-19 09:45:42.271,414.1436363267888,103
2024-09-19 09:45:42.288,414.1386914554885,997
2024-09-19 09:45:42.415,414.11771740816346,99
2024-09-19 09:45:42.512,414.08580988222224,1003
2024-09-19 09:45:42.515,414.0984797927749,1005
2024-09-19 09:45:42.524,414.12132374601856,101
2024-09-19 09:45:42.539,414.1313567286064,1004
2024-09-19 09:45:42.550,414.0886024042776,13
2024-09-19 09:45:42.657,414.12849352137744,7
2024-09-19 09:45:42.705,414.0960020851168,1005
2024-09-19 09:45:42.805,414.1266248946966,15
2024-09-19 09:45:42.881,414.1139242948876,101
2024-09-19 09:45:42.887,414.1147088886487,99
2024-09-19 09:45:42.935,414.1932169006672,997
2024-09-19 09:45:42.937,414.10096334626,15
2024-09-19 09:45:43.016,414.1684441971255,1001
2024-09-19 09:45:43.064,414.1457662044344,996
2024-09-19 09:45:43.137,414.1847261684528,995
2024-09-19 09:45:43.179,414.1536697618636,999
2024-09-19 09:45:43.326,414.21313519742665,7
2024-09-19 09:45:43.352,414.1604274187799,95
2024-09-19 09:45:43.364,414.1501596196295,1005
2024-09-19 09:45:43.442,414.1658150849814,12
2024-09-19 09:45:43.466,414.16593968671646,14
2024-09-19 09:45:43.521,414.1677507645255,11
2024-09-19 09:45:43.540,414.1772659140249,97
2024-09-19 09:45:43.557,414.17883216154365,103
2024-09-19 09:45:43.636,414.2243085631846,998
2024-09-19 09:45:43.638,414.1907066848143,96
2024-09-19 09:45:43.656,414.229150039835,10
2024-09-19 09:45:43.737,414.1618355909884,6
2024-09-19 09:45:43.752,414.1484834710516,1002
2024-09-19 09:45:43.815,414.2195109059441,105
2024-09-19 09:45:43.846,414.2228050401109,7
2024-09-19 09:45:43.870,414.1677504740962,996
2024-09-19 09:45:43.907,414.1777372258296,13
2024-09-19 09:45:43.955,414.1623547125639,98
2024-09-19 09:45:43.995,414.1592771526413,100
2024-09-19 09:45:44.143,414.2116120170778,103
2024-09-19 09:45:44.259,414.22812645228754,104
2024-09-19 09:45:44.856,414.2073241604409,995
2024-09-19 09:45:44.912,414.2371906974465,1005
2024-09-19 09:45:44.974,414.2350956907352,5
2024-09-19 09:45:45.153,414.2653968396319,100
2024-09-19 09:45:45.994,414.2312528485036,12
2024-09-19 09:45:46.203,414.2212485104172,13
2024-09-19 09:45:46.233,414.23144607525705,1002
2024-09-19 09:45:46.357,414.2220848357634,998
2024-09-19 09:45:46.443,414.2343834331049,1000
2024-09-19 09:45:46.473,414.24743820834993,11
2024-09-19 09:45:46.563,414.2361318825507,1004
2024-09-19 09:45:46.638,414.19268081773953,99
2024-09-19 09:45:46.678,414.228184941644,101
2024-09-19 09:45:46.693,414.24190242715065,13
2024-09-19 09:45:46.767,414.2189192254606,997
2024-09-19 09:45:46.890,414.2068418408557,1002
2024-09-19 09:45:46.926,414.19253011428304,1003
2024-09-19 09:45:46.937,414.202457871256,9
2024-09-19 09:45:46.952,414.21114692245015,998
2024-09-19 09:45:46.993,414.252864443106,102
2024-09-19 09:45:47.103,414.1726505673073,997
2024-09-19 09:45:47.159,414.19579197983546,104
2024-09-19 09:45:47.271,414.1482604447696,8
2024-09-19 09:45:47.276,414.1231606060501,104
2024-09-19 09:45:47.309,,97
2024-09-19 09:45:47.439,414.1715549870541,12
2024-09-19 09:45:47.559,414.161153126159,10
2024-09-19 09:45:47.795,414.1318215565613,97
2024-09-19 09:45:47.815,414.1306603198259,996
2024-09-19 09:45:47.894,414.1453813319554,996
2024-09-19 09:45:47.922,414.1554259920362,104
2024-09-19 09:45:47.944,414.114565449953,105
2024-09-19 09:45:47.954,414.1623379707983,996
2024-09-19 09:45:47.998,414.1470993398453,11
2024-09-19 09:45:48.091,414.09106443839727,1001
2024-09-19 09:45:48.254,414.1461785099792,1001
2024-09-19 09:45:48.296,414.0575349657466,101
2024-09-19 09:45:48.377,414.0812124228442,6
2024-09-19 09:45:48.408,414.0699884559502,1000
2024-09-19 09:45:48.441,414.107820967945,997
2024-09-19 09:45:48.444,414.1187582069105,102
2024-09-19 09:45:48.446,414.0880608718349,101
2024-09-19 09:45:48.450,414.12292925170567,12
2024-09-19 09:45:48.474,414.12529869149313,96
2024-09-19 09:45:48.495,414.13975311106736,104
2024-09-19 09:45:48.521,41.40940562199779,98
2024-09-19 09:45:48.543,414.1031233977071,98
2024-09-19 09:45:48.568,414.1197748078475,999
2024-09-19 09:45:48.666,414.1095468684509,96
2024-09-19 09:45:48.719,414.1166177878311,95
2024-09-19 09:45:48.725,414.0865944279169,7
2024-09-19 09:45:48.795,414.1338539500581,97
2024-09-19 09:45:48.880,414.0759040355839,100
2024-09-19 09:45:48.905,414.0886231680983,6
2024-09-19 09:45:48.909,414.0737642420949,11
2024-09-19 09:45:48.911,414.0971726174977,997
2024-09-19 09:45:48.914,414.1096386215709,5
2024-09-19 09:45:48.973,414.09564338709055,8
2024-09-19 09:45:49.162,414.11546215231095,95
2024-09-19 09:45:49.278,41.41224054073416,1003
2024-09-19 09:45:49.426,414.1175845231875,8
2024-09-19 09:45:49.537,414.1231648660301,999
2024-09-19 09:45:49.660,414.1440202400748,5
2024-09-19 09:45:49.836,414.125588480799,7
2024-09-19 09:45:49.844,414.1324468051613,6
2024-09-19 09:45:50.244,414.1042636757773,5
2024-09-19 09:45:50.323,414.1231091159096,1001
2024-09-19 09:45:50.549,414.0964389683432,95
2024-09-19 09:45:50.550,414.1381255921556,1003
2024-09-19 09:45:50.573,414.1479137383016,96
2024-09-19 09:45:50.751,414.12618377034767,995
2024-09-19 09:45:50.784,414.1344171331314,1005
2024-09-19 09:45:50.786,414.1193665517803,104
2024-09-19 09:45:51.663,414.1157337613676,1004
2024-09-19 09:45:51.711,414.10510631863474,6
2024-09-19 09:45:51.994,414.099218050741,998
2024-09-19 09:45:52.097,414.1322278139696,9
2024-09-19 09:45:52.115,414.14277458295857,9
2024-09-19 09:45:52.135,414.1209314180067,98
2024-09-19 09:45:52.163,414.1167741734352,15
2024-09-19 09:45:52.172,414.1097189318862,15
2024-09-19 09:45:52.279,414.0927679669962,1000
2024-09-19 09:45:52.402,414.1272062902589,8
2024-09-19 09:45:52.509,414.0976544040974,1002
2024-09-19 09:45:52.581,414.0939783578177,997
2024-09-19 09:45:52.696,414.1327876845406,14
2024-09-19 09:45:52.697,414.1347080614053,96
2024-09-19 09:45:52.955,41.41118925867181,999
2024-09-19 09:45:53.011,414.1175851965935,103
2024-09-19 09:45:53.156,414.100924710756,9
2024-09-19 09:45:53.159,414.101910814044,102
2024-09-19 09:45:53.167,414.0901701822628,105
2024-09-19 09:45:53.189,414.13721019385474,14
2024-09-19 09:45:53.202,414.10854666029536,9
2024-09-19 09:45:53.284,414.1305667971832,5
2024-09-19 09:45:53.465,414.1012984173445,96
2024-09-19 09:45:53.492,414.1082085666012,1005
2024-09-19 09:45:53.525,414.1303642190208,1002
2024-09-19 09:45:53.554,414.0858267630076,996
2024-09-19 09:45:53.557,414.1149538902952,95
2024-09-19 09:45:53.622,414.0971765330199,1001
2024-09-19 09:45:53.674,414.0996381550701,11
2024-09-19 09:45:53.695,414.1288666271507,15
2024-09-19 09:45:53.721,414.098553017508,14
2024-09-19 09:45:53.723,414.08018364280576,1003
2024-09-19 09:45:53.755,414.1006487710754,98
2024-09-19 09:45:53.782,414.1012088849681,11
2024-09-19 09:45:53.801,414.12493776413936,104
2024-09-19 09:45:53.854,414.1068264879666,14
2024-09-19 09:45:53.867,414.133475844553,12
2024-09-19 09:45:53.877,414.0982874937048,99
2024-09-19 09:45:54.025,414.1527285151443,102
2024-09-19 09:45:54.026,414.1918461727607,1004
2024-09-19 09:45:54.026,414.101097192431,10
2024-09-19 09:45:54.130,414.0955999624536,15
2024-09-19 09:45:54.176,,7
2024-09-19 09:45:54.194,414.1121490743986,99
2024-09-19 09:45:54.243,414.1575734201054,9
2024-09-19 09:45:54.376,414.1159089626505,1001
2024-09-19 09:45:54.387,414.1410356430321,7
2024-09-19 09:45:54.410,414.0957989861511,102
2024-09-19 09:45:54.419,414.1016982585504,1000
2024-09-19 09:45:54.421,414.1309044636897,101
2024-09-19 09:45:54.433,414.08832946541713,1000
2024-09-19 09:45:54.465,414.1351618251782,104
2024-09-19 09:45:54.501,414.1568330801048,15
2024-09-19 09:45:54.509,414.1032866954095,102
2024-09-19 09:45:54.574,414.1390437463516,101
2024-09-19 09:45:54.633,414.1635317179398,998
2024-09-19 09:45:54.694,414.09257700198685,99
2024-09-19 09:45:54.762,414.1200239574081,13
2024-09-19 09:45:54.871,414.1734142161524,1005
2024-09-19 09:45:54.883,414.1190098972711,998
2024-09-19 09:45:54.895,414.1737008433499,15
2024-09-19 09:45:54.904,414.10905499549256,1005
2024-09-19 09:45:54.942,414.1125313733145,104
2024-09-19 09:45:54.994,414.1143046856796,104
2024-09-19 09:45:55.471,414.1651047940482,102
2024-09-19 09:45:55.741,414.1509039245485,998
2024-09-19 09:45:56.006,414.2134805928605,998
2024-09-19 09:45:56.017,414.2009481194304,1005
2024-09-19 09:45:56.104,414.2399155461035,105
2024-09-19 09:45:56.420,414.2103163730608,99
2024-09-19 09:45:56.441,414.1723719440467,105
2024-09-19 09:45:56.481,414.1851766173773,103
2024-09-19 09:45:56.496,414.2102419084397,101
2024-09-19 09:45:56.504,414.2088124412585,96
2024-09-19 09:45:56.544,414.2133297020944,98
2024-09-19 09:45:56.669,414.1829712942263,98
2024-09-19 09:45:56.755,414.1664803862839,998
2024-09-19 09:45:56.790,414.2353172745071,103
2024-09-19 09:45:56.858,414.1784206186538,104
2024-09-19 09:45:56.863,414.2115812683741,103
2024-09-19 09:45:56.896,414.2190448005494,14
2024-09-19 09:45:56.896,414.23605115374784,103
2024-09-19 09:45:56.898,414.2253855018272,1002
2024-09-19 09:45:56.931,414.1804814394516,12
2024-09-19 09:45:56.941,414.174278562319,995
2024-09-19 09:45:56.978,414.2157737604026,1002
2024-09-19 09:45:57.003,414.2272421424886,1001
2024-09-19 09:45:57.007,414.2881327456272,12
2024-09-19 09:45:57.055,414.2525031791176,14
2024-09-19 09:45:57.068,414.2989885186512,97
2024-09-19 09:45:57.071,414.327517916992,98
2024-09-19 09:45:57.144,414.28448228803,11
2024-09-19 09:45:57.204,414.2925686398818,95
2024-09-19 09:45:57.226,414.3058617997329,14
2024-09-19 09:45:57.290,414.2348374308009,1003
2024-09-19 09:45:57.292,414.2769238258337,1002
2024-09-19 09:45:57.331,414.3189110174738,1005
2024-09-19 09:45:57.366,414.2692505157978,7
2024-09-19 09:45:57.375,414.3014113691706,99
2024-09-19 09:45:57.405,414.3065195081177,10
2024-09-19 09:45:57.422,414.2784619132466,104
2024-09-19 09:45:57.461,414.2991141561566,14
2024-09-19 09:45:57.474,414.32546471430334,14
2024-09-19 09:45:57.481,414.3149428754027,995
2024-09-19 09:45:57.534,414.3103565599157,14
2024-09-19 09:45:57.537,414.30811781851503,999
2024-09-19 09:45:57.589,414.30757098933583,997
2024-09-19 09:45:57.652,414.27321427319447,12
2024-09-19 09:45:57.671,414.2706808198089,6
2024-09-19 09:45:57.727,414.32548289921175,14
2024-09-19 09:45:57.737,414.2278883445582,7
2024-09-19 09:45:57.808,414.3277106519444,103
2024-09-19 09:45:57.830,414.3004265476077,1000
2024-09-19 09:45:57.974,414.235640471288,1001
2024-09-19 09:45:57.992,414.2688564740552,1000
2024-09-19 09:45:58.400,414.30957233799,8
2024-09-19 09:45:58.470,414.3028090361445,1005
2024-09-19 09:45:58.495,414.3032593821896,995
2024-09-19 09:45:58.553,414.3136089256952,997
2024-09-19 09:45:58.844,414.326507444404,996
2024-09-19 09:45:58.971,414.30957695726187,97
2024-09-19 09:45:59.085,414.3264152355328,99
2024-09-19 09:45:59.103,414.3025789613106,5
2024-09-19 09:45:59.159,414.2771872927838,104
2024-09-19 09:45:59.170,414.2551396906207,96
2024-09-19 09:45:59.381,414.3248878792492,13
2024-09-19 09:45:59.400,414.2665801927858,1005
2024-09-19 09:45:59.423,414.2608805168289,105
2024-09-19 09:45:59.497,414.2587429972497,8
2024-09-19 09:45:59.510,414.2586970999209,99
2024-09-19 09:45:59.532,414.3230345146562,999
2024-09-19 09:45:59.748,414.2993592179021,1005
2024-09-19 09:45:59.849,414.3242042505453,100
2024-09-19 09:45:59.904,414.3045714939021,97
2024-09-19 09:45:59.911,414.2993239199902,100
