Timestamp,Price,Size
2024-09-19 12:27:00.001,423.5718885665664,6
2024-09-19 12:27:00.019,423.6543706324398,12
2024-09-19 12:27:00.033,423.5609701228249,103
2024-09-19 12:27:00.192,423.64088691781456,9
2024-09-19 12:27:00.271,423.6157330371626,101
2024-09-19 12:27:00.328,423.5976058300497,14
2024-09-19 12:27:00.383,423.6055221224826,13
2024-09-19 12:27:00.384,423.6273354040432,104
2024-09-19 12:27:00.392,423.5721184788762,12
2024-09-19 12:27:00.478,423.61327281600114,1003
2024-09-19 12:27:00.491,423.62188663816704,12
2024-09-19 12:27:00.502,423.5926101236268,995
2024-09-19 12:27:00.519,423.59077653768014,100
2024-09-19 12:27:00.526,423.641994621478,1002
2024-09-19 12:27:00.566,423.60204034823056,5
2024-09-19 12:27:00.625,423.6512479277736,6
2024-09-19 12:27:00.660,423.60612761979866,9
2024-09-19 12:27:00.829,423.6416869458914,97
2024-09-19 12:27:00.899,423.619892448457,104
2024-09-19 12:27:00.969,423.5922277303735,103
2024-09-19 12:27:01.096,423.64740484688303,102
2024-09-19 12:27:01.142,423.6956881166476,5
2024-09-19 12:27:01.170,423.7534962385408,999
2024-09-19 12:27:01.224,423.7051023508429,7
2024-09-19 12:27:01.225,423.6345566314968,11
2024-09-19 12:27:01.246,423.61885767248896,1005
2024-09-19 12:27:01.276,423.7686598996971,999
2024-09-19 12:27:01.312,423.65427549663815,6
2024-09-19 12:27:01.341,423.658486836988,1004
2024-09-19 12:27:01.365,423.729612480388,10
2024-09-19 12:27:01.395,423.71429718648415,1005
2024-09-19 12:27:01.421,423.6624070649464,8
2024-09-19 12:27:01.484,423.70164661084266,102
2024-09-19 12:27:01.489,423.6225626657181,95
2024-09-19 12:27:01.557,423.7146875038802,105
2024-09-19 12:27:01.571,423.61798211008687,102
2024-09-19 12:27:01.605,423.6556428507009,99
2024-09-19 12:27:01.623,423.7207557769142,995
2024-09-19 12:27:01.636,423.64167857054974,7
2024-09-19 12:27:01.854,423.6578729006197,1004
2024-09-19 12:27:01.868,423.6387958927214,996
2024-09-19 12:27:01.911,423.7007208031527,8
2024-09-19 12:27:01.962,423.65652230099175,1001
2024-09-19 12:27:01.966,423.62851921332384,996
2024-09-19 12:27:02.121,-423.7767667990613,1001
2024-09-19 12:27:02.363,423.7390352253951,7
2024-09-19 12:27:02.548,423.7494084661876,99
2024-09-19 12:27:02.656,423.76733124684273,13
2024-09-19 12:27:02.750,423.7743978699576,1004
2024-09-19 12:27:02.814,423.7442770159759,10
2024-09-19 12:27:02.977,423.7767588740268,999
2024-09-19 12:27:02.992,423.77248383297103,105
2024-09-19 12:27:03.063,423.78137136196335,99
2024-09-19 12:27:03.076,423.76687137970873,101
2024-09-19 12:27:03.114,423.7439721869932,7
2024-09-19 12:27:03.156,423.7654973478463,13
2024-09-19 12:27:03.171,423.8308783016454,95
2024-09-19 12:27:03.220,423.8091439056334,996
2024-09-19 12:27:03.234,423.7515050012343,14
2024-09-19 12:27:03.264,423.7942890221376,999
2024-09-19 12:27:03.349,423.85373082331097,1005
2024-09-19 12:27:03.351,423.7690791844632,997
2024-09-19 12:27:03.388,,996
2024-09-19 12:27:03.498,423.8027398486509,1002
2024-09-19 12:27:03.504,423.7962555798351,96
2024-09-19 12:27:03.527,423.8132916550745,996
2024-09-19 12:27:03.539,423.81286573486193,99
2024-09-19 12:27:03.620,423.79027927733625,7
2024-09-19 12:27:03.798,423.84214597560367,996
2024-09-19 12:27:03.849,423.8522160643416,7
2024-09-19 12:27:03.876,423.8283865910885,1001
2024-09-19 12:27:03.887,423.7713798736877,102
2024-09-19 12:27:03.909,423.8534343340583,98
2024-09-19 12:27:03.961,423.83316148376366,10
2024-09-19 12:27:03.998,423.8529372479708,1005
2024-09-19 12:27:04.188,423.7038554437179,10
2024-09-19 12:27:04.238,423.70538000069735,1001
2024-09-19 12:27:04.688,423.7469363510782,9
2024-09-19 12:27:04.710,423.77051574972177,6
2024-09-19 12:27:04.868,423.7157142722188,11
2024-09-19 12:27:04.936,423.77758885678577,98
2024-09-19 12:27:04.960,423.6942313477853,5
2024-09-19 12:27:05.104,423.6573730661694,15
2024-09-19 12:27:05.124,423.6876243207216,97
2024-09-19 12:27:05.128,423.6782005696592,1003
2024-09-19 12:27:05.148,423.6888604615327,1005
2024-09-19 12:27:05.169,423.68449051648696,103
2024-09-19 12:27:05.189,423.6747260027093,105
2024-09-19 12:27:05.246,423.6579153291603,15
2024-09-19 12:27:05.252,423.6670538660724,999
2024-09-19 12:27:05.272,423.67917979778014,15
2024-09-19 12:27:05.279,423.6602058409166,104
2024-09-19 12:27:05.324,423.6640150522448,104
2024-09-19 12:27:05.442,,5
2024-09-19 12:27:05.491,423.6374610111066,14
2024-09-19 12:27:05.522,423.6403388318152,7
2024-09-19 12:27:05.596,423.6700747725504,14
2024-09-19 12:27:05.598,423.6893261347825,7
2024-09-19 12:27:05.609,423.6557557718932,10
2024-09-19 12:27:05.636,423.64632123002974,9
2024-09-19 12:27:05.636,423.6668667477701,1001
2024-09-19 12:27:05.651,423.6914256886198,1005
2024-09-19 12:27:05.680,423.6668950824767,997
2024-09-19 12:27:05.751,423.6823469110264,104
2024-09-19 12:27:05.756,423.6908440048439,8
2024-09-19 12:27:05.759,423.6603370776819,999
2024-09-19 12:27:05.777,423.6453956170684,1004
2024-09-19 12:27:05.788,423.6699944432295,998
2024-09-19 12:27:05.795,423.6864287327364,1001
2024-09-19 12:27:05.836,423.6547670947949,105
2024-09-19 12:27:05.856,423.6684079890753,105
2024-09-19 12:27:06.185,423.69306984449634,1000
2024-09-19 12:27:06.221,423.687475661843,998
2024-09-19 12:27:06.267,423.7080426651431,99
2024-09-19 12:27:06.287,423.6888346348079,13
2024-09-19 12:27:06.422,423.6732837216944,12
2024-09-19 12:27:06.516,423.6872866007845,997
2024-09-19 12:27:06.526,423.6967248107192,10
2024-09-19 12:27:06.643,423.69265907036095,995
2024-09-19 12:27:06.663,423.6822750360896,12
2024-09-19 12:27:06.861,423.6883208244741,999
2024-09-19 12:27:07.003,423.73756096197553,9
2024-09-19 12:27:07.108,423.7366314028109,1005
2024-09-19 12:27:07.109,423.6700596266064,9
2024-09-19 12:27:07.155,423.7320255842908,10
2024-09-19 12:27:07.163,423.6790201618977,998
2024-09-19 12:27:07.166,423.7428919299923,6
2024-09-19 12:27:07.238,423.679218400849,1004
2024-09-19 12:27:07.240,423.68880030369377,996
2024-09-19 12:27:07.249,423.6812135288363,12
2024-09-19 12:27:07.389,423.6811026172221,1004
2024-09-19 12:27:07.423,423.7451869346236,96
2024-09-19 12:27:07.448,423.6925134032844,7
2024-09-19 12:27:07.475,423.705081738706,15
2024-09-19 12:27:07.537,423.6789972254859,1003
2024-09-19 12:27:07.600,423.7317574892752,99
2024-09-19 12:27:07.622,423.7144244253987,104
2024-09-19 12:27:07.731,423.7427920332091,103
2024-09-19 12:27:07.831,423.7103337233496,14
2024-09-19 12:27:07.845,423.72495696548975,105
2024-09-19 12:27:07.879,423.7241736519577,996
2024-09-19 12:27:07.959,423.7179221748565,997
2024-09-19 12:27:07.960,423.6598734727786,1005
2024-09-19 12:27:07.963,423.7348651521244,100
2024-09-19 12:27:07.993,423.6513231597437,1001
2024-09-19 12:27:08.034,423.657479867529,995
2024-09-19 12:27:08.053,423.68544602822425,15
2024-09-19 12:27:08.062,423.6897011931263,997
2024-09-19 12:27:08.071,423.6745156888401,1000
2024-09-19 12:27:08.077,423.6637086837427,999
2024-09-19 12:27:08.099,423.6468272799999,9
2024-09-19 12:27:08.206,423.6550022932572,10
2024-09-19 12:27:08.233,423.6919311217774,1004
2024-09-19 12:27:08.237,423.6369762477121,5
2024-09-19 12:27:08.259,423.64577356581407,95
2024-09-19 12:27:08.386,423.6486612326519,1001
2024-09-19 12:27:08.400,423.65220709708746,10
2024-09-19 12:27:08.488,423.6505119703228,10
2024-09-19 12:27:08.490,423.6538821555824,96
2024-09-19 12:27:08.608,423.6594338505044,99
2024-09-19 12:27:08.637,423.6442753891576,5
2024-09-19 12:27:08.640,423.6810010182271,104
2024-09-19 12:27:08.663,423.66009855863,1002
2024-09-19 12:27:08.882,423.6886834810547,11
2024-09-19 12:27:08.901,423.6704022720035,95
2024-09-19 12:27:08.969,423.6987319760772,5
2024-09-19 12:27:09.024,423.7678620972746,9
2024-09-19 12:27:09.121,423.7966781597149,7
2024-09-19 12:27:09.124,423.7351481288936,998
2024-09-19 12:27:09.159,423.6940145509279,103
2024-09-19 12:27:09.226,,103
2024-09-19 12:27:09.265,423.7781939208588,995
2024-09-19 12:27:09.302,423.7383197772973,1002
2024-09-19 12:27:09.317,423.7582356566602,1000
2024-09-19 12:27:09.339,423.7442855960002,998
2024-09-19 12:27:09.344,423.7714038033968,96
2024-09-19 12:27:09.346,423.79620967162407,1002
2024-09-19 12:27:09.404,423.73116901620347,1000
2024-09-19 12:27:09.408,423.75271597044014,999
2024-09-19 12:27:09.449,423.7160191701975,1001
2024-09-19 12:27:09.496,423.707008092709,1001
2024-09-19 12:27:09.617,423.725925200497,1000
2024-09-19 12:27:09.631,423.6783440696587,996
2024-09-19 12:27:09.682,423.6819589102405,1004
2024-09-19 12:27:09.689,423.7142601411846,996
2024-09-19 12:27:09.695,423.7352124383407,1001
2024-09-19 12:27:09.723,423.7621409359821,5
2024-09-19 12:27:09.770,423.6876743297834,12
2024-09-19 12:27:09.839,423.72990898751874,105
2024-09-19 12:27:09.872,423.72654414926166,100
2024-09-19 12:27:09.909,423.7873483665453,1004
2024-09-19 12:27:09.914,423.7923844777053,12
2024-09-19 12:27:09.955,423.7453814536214,8
2024-09-19 12:27:10.050,423.6871022264238,996
2024-09-19 12:27:10.129,423.76639914635535,1002
2024-09-19 12:27:10.145,423.6916757314602,95
2024-09-19 12:27:10.149,423.7262320496162,997
2024-09-19 12:27:10.302,423.6593282460327,5
2024-09-19 12:27:10.409,-42.37446544451559,9
2024-09-19 12:27:10.463,423.7035120642468,14
2024-09-19 12:27:10.466,423.6678438845316,7
2024-09-19 12:27:10.478,423.7593756342845,7
2024-09-19 12:27:10.562,423.684925384397,1004
2024-09-19 12:27:10.597,423.6808203631971,97
2024-09-19 12:27:10.699,423.6816190617289,98
2024-09-19 12:27:10.823,423.68497733402336,5
2024-09-19 12:27:11.210,423.7566189623688,5
2024-09-19 12:27:11.333,423.7842971452777,101
2024-09-19 12:27:11.618,423.7689633129593,103
2024-09-19 12:27:11.624,423.7818932109476,1001
2024-09-19 12:27:11.633,423.77206546579816,1003
2024-09-19 12:27:11.760,423.7792647990608,9
2024-09-19 12:27:11.808,423.76667837746896,15
2024-09-19 12:27:12.022,423.8047618479687,1003
2024-09-19 12:27:12.124,423.86708666322767,15
2024-09-19 12:27:12.167,423.89569813225086,5
2024-09-19 12:27:12.254,423.8418225592461,7
2024-09-19 12:27:12.276,-423.7961172073676,8
2024-09-19 12:27:12.321,423.8082824738068,998
2024-09-19 12:27:12.366,423.8753496608989,998
2024-09-19 12:27:12.414,423.87610741282936,5
2024-09-19 12:27:12.420,423.8750623279285,99
2024-09-19 12:27:12.496,423.8738259200962,102
2024-09-19 12:27:12.564,423.8821995394968,997
2024-09-19 12:27:12.628,423.819156734577,1003
2024-09-19 12:27:12.635,423.89055137667134,100
2024-09-19 12:27:12.643,423.87102334051895,95
2024-09-19 12:27:12.657,423.8695585958173,5
2024-09-19 12:27:12.721,423.7939574654796,98
2024-09-19 12:27:12.757,423.7778857801546,6
2024-09-19 12:27:12.807,423.8959558149731,996
2024-09-19 12:27:12.836,423.8975009936788,15
2024-09-19 12:27:12.838,423.7875127584842,996
2024-09-19 12:27:12.871,423.8942155391696,997
2024-09-19 12:27:12.929,423.80032288347695,999
2024-09-19 12:27:13.070,423.8562685592508,95
2024-09-19 12:27:13.106,423.8845788988421,15
2024-09-19 12:27:13.113,423.8856181274639,997
2024-09-19 12:27:13.144,423.8488535290813,98
2024-09-19 12:27:13.170,423.88763637101937,98
2024-09-19 12:27:13.221,423.8711819511395,998
2024-09-19 12:27:13.252,423.8756314949608,14
2024-09-19 12:27:13.276,423.89446824138975,100
2024-09-19 12:27:13.312,,11
2024-09-19 12:27:13.323,423.8370997125891,101
2024-09-19 12:27:13.345,423.8697453151023,104
2024-09-19 12:27:13.363,423.8934593973474,100
2024-09-19 12:27:13.378,423.8588968657055,995
2024-09-19 12:27:13.387,423.905429800937,13
2024-09-19 12:27:13.468,423.8494603332246,100
2024-09-19 12:27:13.500,423.89012046616193,1001
2024-09-19 12:27:13.628,423.895136501496,995
2024-09-19 12:27:13.661,423.8407724086536,7
2024-09-19 12:27:13.700,423.84402526296327,1003
2024-09-19 12:27:13.713,423.886289725797,96
2024-09-19 12:27:13.742,423.847448875079,103
2024-09-19 12:27:13.834,423.8695820418832,1004
2024-09-19 12:27:13.968,423.8695031866983,999
2024-09-19 12:27:14.007,423.9134975139239,1002
2024-09-19 12:27:14.130,423.8833988167953,102
2024-09-19 12:27:14.164,423.8860174572745,997
2024-09-19 12:27:14.219,423.9116327875782,105
2024-09-19 12:27:14.234,423.8877912132891,99
2024-09-19 12:27:14.274,-423.8475368724423,95
2024-09-19 12:27:14.322,423.8644593237988,8
2024-09-19 12:27:14.346,,11
2024-09-19 12:27:14.387,423.8913538832681,102
2024-09-19 12:27:14.466,423.9235291486871,1001
2024-09-19 12:27:14.506,423.8728921417489,12
2024-09-19 12:27:14.566,423.90838093337806,1002
2024-09-19 12:27:14.755,423.897623361141,12
2024-09-19 12:27:14.787,423.87556943672007,101
2024-09-19 12:27:14.808,423.899698225796,14
2024-09-19 12:27:14.889,423.92582058325166,11
2024-09-19 12:27:14.898,423.8815447266637,12
2024-09-19 12:27:14.930,423.8903546533599,5
2024-09-19 12:27:14.936,423.8911076997127,996
2024-09-19 12:27:14.942,423.9071765990822,103
2024-09-19 12:27:15.118,423.8714526122968,6
2024-09-19 12:27:15.261,423.9034953821168,999
2024-09-19 12:27:15.544,423.916213919826,9
2024-09-19 12:27:15.585,423.9152027730923,14
2024-09-19 12:27:15.597,423.8987905814229,95
2024-09-19 12:27:15.675,423.91332552818807,97
2024-09-19 12:27:15.691,423.8877147857277,1005
2024-09-19 12:27:15.921,423.90126744638127,1005
2024-09-19 12:27:15.967,423.8987739273082,104
2024-09-19 12:27:16.413,423.8972581154968,9
2024-09-19 12:27:16.866,423.8908180544942,101
2024-09-19 12:27:17.056,-423.8787698057013,999
2024-09-19 12:27:17.398,423.89104911540136,5
2024-09-19 12:27:17.511,423.8920600293825,11
2024-09-19 12:27:18.000,423.9012357071704,999
2024-09-19 12:27:18.005,423.8949878437542,998
2024-09-19 12:27:18.024,423.857737347949,14
2024-09-19 12:27:18.032,423.92221249654426,14
2024-09-19 12:27:18.055,423.8628338232705,97
2024-09-19 12:27:18.105,423.9130265899798,105
2024-09-19 12:27:18.128,423.93018330444994,8
2024-09-19 12:27:18.150,423.9205351568265,100
2024-09-19 12:27:18.162,423.8647475904415,95
2024-09-19 12:27:18.254,423.9151105826621,996
2024-09-19 12:27:18.261,423.8821963373467,10
2024-09-19 12:27:18.276,423.9083785952822,15
2024-09-19 12:27:18.347,423.9155319954453,97
2024-09-19 12:27:18.456,423.9034108182576,6
2024-09-19 12:27:18.489,423.8795099792216,1003
2024-09-19 12:27:18.535,423.9175495795628,11
2024-09-19 12:27:18.749,423.85975557621856,12
2024-09-19 12:27:18.753,423.8790201312228,99
2024-09-19 12:27:18.817,423.9036024798585,102
2024-09-19 12:27:18.878,423.9023894391375,10
2024-09-19 12:27:18.905,423.9058486685766,13
2024-09-19 12:27:18.942,423.9162795577257,96
2024-09-19 12:27:18.945,423.9265166681248,9
2024-09-19 12:27:19.078,423.9205863858465,9
2024-09-19 12:27:19.079,423.956141589448,105
2024-09-19 12:27:19.083,423.8961704446815,995
2024-09-19 12:27:19.087,423.89184500540034,1003
2024-09-19 12:27:19.111,423.9288406271594,6
2024-09-19 12:27:19.156,423.9034968285448,13
2024-09-19 12:27:19.180,423.9089597571078,14
2024-09-19 12:27:19.213,423.8649583483893,96
2024-09-19 12:27:19.357,423.9306390627471,995
2024-09-19 12:27:19.446,423.9409946165608,102
2024-09-19 12:27:19.466,423.8778652646787,13
2024-09-19 12:27:19.498,423.89669152226406,96
2024-09-19 12:27:19.534,423.885002991483,1002
2024-09-19 12:27:19.541,423.9114146213727,101
2024-09-19 12:27:19.661,423.8927164566048,11
2024-09-19 12:27:19.738,423.9266358437683,10
2024-09-19 12:27:19.832,423.8818875150821,1003
2024-09-19 12:27:19.844,423.8982933466581,98
2024-09-19 12:27:19.862,423.9228880959245,998
2024-09-19 12:27:19.877,423.95583198680384,14
2024-09-19 12:27:19.979,423.90125777614446,996
2024-09-19 12:27:20.010,423.9208238509314,1005
2024-09-19 12:27:20.019,423.9301066446957,998
2024-09-19 12:27:20.119,423.9429546020804,105
2024-09-19 12:27:20.137,423.8951389303704,8
2024-09-19 12:27:20.372,423.9577515810888,100
2024-09-19 12:27:20.386,423.88144067243456,996
2024-09-19 12:27:20.413,423.8929809451867,95
2024-09-19 12:27:20.424,423.885934919676,14
2024-09-19 12:27:20.456,423.9542863454845,1003
2024-09-19 12:27:20.611,423.9522907466307,15
2024-09-19 12:27:20.875,423.9670963006714,1004
2024-09-19 12:27:21.005,423.90157822821726,1002
2024-09-19 12:27:21.223,423.8681624166424,1002
2024-09-19 12:27:21.462,-423.8732042924668,999
2024-09-19 12:27:21.508,423.90207482086,12
2024-09-19 12:27:21.511,423.8944940647469,101
2024-09-19 12:27:21.517,,1001
2024-09-19 12:27:21.870,423.88291256392273,104
2024-09-19 12:27:21.881,423.855587292246,104
2024-09-19 12:27:22.041,423.8784568452023,10
2024-09-19 12:27:22.057,423.8429734240418,996
2024-09-19 12:27:22.203,423.8659749511993,14
2024-09-19 12:27:22.337,423.8807850865891,1001
2024-09-19 12:27:22.373,423.8460065387962,996
2024-09-19 12:27:22.437,423.8776747871588,8
2024-09-19 12:27:22.492,423.85466604992257,13
2024-09-19 12:27:22.513,423.8743673333811,1003
2024-09-19 12:27:22.774,,96
2024-09-19 12:27:22.856,423.8742059138455,13
2024-09-19 12:27:23.012,423.8835977987233,105
2024-09-19 12:27:23.124,423.8882400073348,5
2024-09-19 12:27:23.129,423.824785938961,1005
2024-09-19 12:27:23.139,423.8556344071052,6
2024-09-19 12:27:23.537,423.8439362060336,9
2024-09-19 12:27:23.585,423.8654010892792,100
2024-09-19 12:27:23.597,423.8664192673542,10
2024-09-19 12:27:23.788,423.839788489819,995
2024-09-19 12:27:23.805,423.857298504574,6
2024-09-19 12:27:23.971,423.8705571289106,96
2024-09-19 12:27:24.023,423.8363218777,14
2024-09-19 12:27:24.139,423.8084808551288,105
2024-09-19 12:27:24.225,423.8277090194343,6
2024-09-19 12:27:24.311,423.8220382050101,99
2024-09-19 12:27:24.335,423.8178130062826,102
2024-09-19 12:27:24.344,423.8244080847909,997
2024-09-19 12:27:24.422,423.8099997850681,996
2024-09-19 12:27:24.432,423.8201751209736,14
2024-09-19 12:27:24.473,423.8410857538528,98
2024-09-19 12:27:24.485,423.8385317546226,99
2024-09-19 12:27:24.536,423.8200756332008,97
2024-09-19 12:27:24.770,423.8128511191428,97
2024-09-19 12:27:24.792,423.8222776682962,5
2024-09-19 12:27:24.832,423.80240506448666,10
2024-09-19 12:27:24.917,423.8575019269268,105
2024-09-19 12:27:25.014,423.7522676675176,104
2024-09-19 12:27:25.043,423.7992810328316,6
2024-09-19 12:27:25.051,423.7619272107548,103
2024-09-19 12:27:25.341,423.7876309052533,105
2024-09-19 12:27:25.546,423.7261362169762,103
2024-09-19 12:27:25.621,423.7293303844213,13
2024-09-19 12:27:25.657,423.7485187987184,995
2024-09-19 12:27:25.731,423.75699230851234,1001
2024-09-19 12:27:25.818,423.7606318274615,15
2024-09-19 12:27:25.820,423.7504046650513,10
2024-09-19 12:27:25.924,423.7975395184383,100
2024-09-19 12:27:25.959,423.734047525529,102
2024-09-19 12:27:26.054,423.8039257056016,103
2024-09-19 12:27:26.093,423.7440984493229,95
2024-09-19 12:27:26.097,423.7861858877336,7
2024-09-19 12:27:26.142,423.8093919052042,6
2024-09-19 12:27:26.160,423.7676843454219,96
2024-09-19 12:27:26.175,423.7159533701834,996
2024-09-19 12:27:26.206,423.80850106345054,1000
2024-09-19 12:27:26.294,423.8152862628895,15
2024-09-19 12:27:26.330,423.8065562863494,1000
2024-09-19 12:27:26.346,423.8057405685406,9
2024-09-19 12:27:26.402,423.8331475881265,99
2024-09-19 12:27:26.446,423.7748088979369,96
2024-09-19 12:27:26.510,423.78123755968585,98
2024-09-19 12:27:26.545,423.8293912832584,6
2024-09-19 12:27:26.554,423.7273951936319,98
2024-09-19 12:27:26.596,423.8133349567518,6
2024-09-19 12:27:26.630,423.71104150476447,11
2024-09-19 12:27:26.672,423.8164070027888,1000
2024-09-19 12:27:26.675,423.8135724369471,14
2024-09-19 12:27:26.745,423.81856410917953,1000
2024-09-19 12:27:26.775,423.7530376969374,96
2024-09-19 12:27:26.816,423.8130153368985,15
2024-09-19 12:27:26.828,423.81734908203305,104
2024-09-19 12:27:26.836,-423.8183786855311,6
2024-09-19 12:27:26.938,423.7070734087293,98
2024-09-19 12:27:26.987,423.7929450145743,12
2024-09-19 12:27:27.020,423.6960278785908,1003
2024-09-19 12:27:27.082,423.6665963865137,1003
2024-09-19 12:27:27.094,423.7215532701943,15
2024-09-19 12:27:27.125,423.7049382225391,1005
2024-09-19 12:27:27.135,423.7139026602583,97
2024-09-19 12:27:27.162,423.79863953734,11
2024-09-19 12:27:27.180,423.7039450600296,102
2024-09-19 12:27:27.229,423.7088273547029,96
2024-09-19 12:27:27.230,423.7190892945701,105
2024-09-19 12:27:27.267,423.69521775551215,11
2024-09-19 12:27:27.270,423.67254431608205,1004
2024-09-19 12:27:27.278,423.7552549364706,9
2024-09-19 12:27:27.302,423.7352662934353,105
2024-09-19 12:27:27.366,423.71386272072186,1000
2024-09-19 12:27:27.397,423.6980181467804,10
2024-09-19 12:27:27.403,423.8045624416277,96
2024-09-19 12:27:27.499,423.7760398559772,9
2024-09-19 12:27:27.579,423.7127765079055,14
2024-09-19 12:27:27.591,423.6968576126978,13
2024-09-19 12:27:27.592,423.70082651189966,100
2024-09-19 12:27:27.601,423.7299765611869,98
2024-09-19 12:27:27.663,423.69386504186434,105
2024-09-19 12:27:27.710,423.8034823652009,999
2024-09-19 12:27:27.727,423.7854041501967,995
2024-09-19 12:27:27.800,423.67470632288416,104
2024-09-19 12:27:27.891,423.68685249251297,10
2024-09-19 12:27:27.922,423.7524545290835,1003
2024-09-19 12:27:27.954,423.7087047655296,99
2024-09-19 12:27:27.962,423.6897545207176,8
2024-09-19 12:27:28.133,423.71179189092464,103
2024-09-19 12:27:28.342,423.7193098944553,98
2024-09-19 12:27:28.354,423.7125331446292,97
2024-09-19 12:27:28.376,423.673545662081,98
2024-09-19 12:27:28.469,423.6689424040768,999
2024-09-19 12:27:28.488,423.7200012154888,995
2024-09-19 12:27:28.532,423.6999604836304,103
2024-09-19 12:27:28.536,423.7053317330784,999
2024-09-19 12:27:28.640,423.7290445671289,97
2024-09-19 12:27:28.661,423.7427614566927,998
2024-09-19 12:27:28.709,423.7350428375949,997
2024-09-19 12:27:28.769,423.66694645186334,104
2024-09-19 12:27:28.806,423.7049426976022,103
2024-09-19 12:27:29.191,423.7456785204744,1001
2024-09-19 12:27:29.253,423.714590733321,995
2024-09-19 12:27:29.798,423.7119741056304,101
2024-09-19 12:27:29.825,423.7235343843367,1003
2024-09-19 12:27:29.909,423.7248753734402,1001
2024-09-19 12:27:29.981,423.7131010520055,101
2024-09-19 12:27:30.000,423.7358486329689,1002
2024-09-19 12:27:30.134,423.75497740355047,13
2024-09-19 12:27:30.227,423.7296563283379,13
2024-09-19 12:27:30.247,423.69617518276976,6
2024-09-19 12:27:30.262,423.7387249503361,5
2024-09-19 12:27:30.277,423.7458040786101,103
2024-09-19 12:27:30.360,423.7313263702222,11
2024-09-19 12:27:30.558,423.74003248174375,997
2024-09-19 12:27:30.630,423.7193520808903,100
2024-09-19 12:27:30.764,423.75183279482536,103
2024-09-19 12:27:30.918,423.7351519995552,7
2024-09-19 12:27:31.102,423.6498012622724,15
2024-09-19 12:27:31.106,423.6721954149867,12
2024-09-19 12:27:31.167,423.7139096334995,9
2024-09-19 12:27:31.261,423.6769019672915,7
2024-09-19 12:27:31.328,423.69595903080153,998
2024-09-19 12:27:31.330,423.7017558498696,997
2024-09-19 12:27:31.346,423.7042287749366,999
2024-09-19 12:27:31.391,423.681659764657,9
2024-09-19 12:27:31.439,423.69400054052176,103
2024-09-19 12:27:31.556,423.6805896669436,996
2024-09-19 12:27:31.566,423.6390745798227,105
2024-09-19 12:27:31.586,423.6948040215209,1001
2024-09-19 12:27:31.593,423.7413883706362,98
2024-09-19 12:27:31.617,423.70046959905744,99
2024-09-19 12:27:31.665,423.6831938788767,1005
2024-09-19 12:27:31.792,423.62809043261177,1005
2024-09-19 12:27:31.805,423.7309278053674,999
2024-09-19 12:27:31.814,423.70774044547295,104
2024-09-19 12:27:31.854,423.7141596429285,98
2024-09-19 12:27:31.890,423.65098351591473,98
2024-09-19 12:27:31.935,423.69773425654745,13
2024-09-19 12:27:31.954,423.70393892974187,98
2024-09-19 12:27:31.960,423.6897853859252,1003
2024-09-19 12:27:32.091,423.7036961817453,995
2024-09-19 12:27:32.139,423.7358063511487,15
2024-09-19 12:27:32.173,423.73839531000016,7
2024-09-19 12:27:32.237,423.749830885012,1001
2024-09-19 12:27:32.251,423.68852444110337,100
2024-09-19 12:27:32.262,,1001
2024-09-19 12:27:32.290,423.7407688554484,96
2024-09-19 12:27:32.301,423.6859945049218,105
2024-09-19 12:27:32.330,423.6890103441641,13
2024-09-19 12:27:32.345,423.72512179401286,98
2024-09-19 12:27:32.355,423.7340399504079,100
2024-09-19 12:27:32.409,423.69469868000857,9
2024-09-19 12:27:32.426,423.7603321464975,15
2024-09-19 12:27:32.433,423.7201892302903,105
2024-09-19 12:27:32.464,423.7608148932197,997
2024-09-19 12:27:32.476,423.7697676422054,104
2024-09-19 12:27:32.486,423.6936937106352,97
2024-09-19 12:27:32.531,423.7284878347986,9
2024-09-19 12:27:32.578,423.73148187025424,14
2024-09-19 12:27:32.636,423.76441054344986,99
2024-09-19 12:27:32.719,423.73370183568994,12
2024-09-19 12:27:32.820,423.74911380448896,10
2024-09-19 12:27:32.850,423.6961433357537,102
2024-09-19 12:27:32.885,423.7478419816824,13
2024-09-19 12:27:32.898,423.7315909494311,9
2024-09-19 12:27:32.947,423.7602009846353,105
2024-09-19 12:27:33.030,423.7772805757264,14
2024-09-19 12:27:33.043,423.7611597536596,996
2024-09-19 12:27:33.153,423.7535088652472,1002
2024-09-19 12:27:33.159,423.7579865774015,12
2024-09-19 12:27:33.217,423.75525115955145,96
2024-09-19 12:27:33.271,423.7637323978295,100
2024-09-19 12:27:33.329,423.7532806985896,996
2024-09-19 12:27:33.365,423.7451961402924,1003
2024-09-19 12:27:33.417,423.7486487006551,97
2024-09-19 12:27:33.463,423.7507296478703,14
2024-09-19 12:27:33.523,423.7465660499565,1000
2024-09-19 12:27:33.544,423.7472376757298,1000
2024-09-19 12:27:33.613,423.7540187225179,95
2024-09-19 12:27:33.866,423.7646936831354,102
2024-09-19 12:27:33.904,423.754836095851,99
2024-09-19 12:27:33.948,423.7450539989377,1000
2024-09-19 12:27:33.949,423.7624699465986,105
2024-09-19 12:27:33.985,423.7510228630831,5
2024-09-19 12:27:34.117,423.7602523015329,6
2024-09-19 12:27:34.212,423.7436556357866,98
2024-09-19 12:27:34.356,423.7412754983711,102
2024-09-19 12:27:34.641,423.7379874878114,13
2024-09-19 12:27:34.841,423.7359921034041,14
2024-09-19 12:27:34.858,423.7302461369399,102
2024-09-19 12:27:34.977,423.751025147085,102
2024-09-19 12:27:35.031,423.743260957202,7
2024-09-19 12:27:35.489,423.74636546486494,101
2024-09-19 12:27:35.766,423.7339559085391,104
2024-09-19 12:27:36.026,423.72897304844565,95
2024-09-19 12:27:36.080,423.7490392034992,7
2024-09-19 12:27:36.098,423.7479612477277,999
2024-09-19 12:27:36.172,423.7565943899656,9
2024-09-19 12:27:36.226,423.7312698247255,1004
2024-09-19 12:27:36.247,423.7233698691964,5
2024-09-19 12:27:36.286,423.72802213137146,105
2024-09-19 12:27:36.374,423.7405278234143,1004
2024-09-19 12:27:36.377,423.7339227957697,996
2024-09-19 12:27:36.381,423.7487915835323,105
2024-09-19 12:27:36.412,423.7127732962911,1001
2024-09-19 12:27:36.413,423.732440744392,14
2024-09-19 12:27:36.475,423.74056144622017,103
2024-09-19 12:27:36.493,423.7678533241301,1002
2024-09-19 12:27:36.576,423.75251059445446,7
2024-09-19 12:27:36.691,423.7501007101226,99
2024-09-19 12:27:36.821,423.7432235723521,105
2024-09-19 12:27:36.850,423.7625519051359,998
2024-09-19 12:27:36.903,423.7384142692056,98
2024-09-19 12:27:36.930,423.7291838178423,103
2024-09-19 12:27:36.953,423.7422783400801,99
2024-09-19 12:27:37.003,423.81234596544175,9
2024-09-19 12:27:37.011,423.7655149522808,95
2024-09-19 12:27:37.040,423.7207772077889,96
2024-09-19 12:27:37.315,423.7378001374347,999
2024-09-19 12:27:37.429,423.8078800252166,8
2024-09-19 12:27:37.481,423.730798213087,99
2024-09-19 12:27:37.584,423.7484889589566,98
2024-09-19 12:27:37.653,423.7516408178498,95
2024-09-19 12:27:37.690,423.7790193278431,999
2024-09-19 12:27:37.712,423.7420436165406,14
2024-09-19 12:27:37.749,423.8170182242704,104
2024-09-19 12:27:37.757,423.77630188512205,996
2024-09-19 12:27:37.837,423.7487226973363,996
2024-09-19 12:27:37.880,423.72416746385096,14
2024-09-19 12:27:37.918,423.78280510642537,104
2024-09-19 12:27:37.927,423.7900445822377,100
2024-09-19 12:27:38.350,423.800424125118,15
2024-09-19 12:27:39.086,423.8131361176662,104
2024-09-19 12:27:39.141,423.82608517611845,9
2024-09-19 12:27:39.168,423.835407547671,1005
2024-09-19 12:27:39.181,423.7715314704283,13
2024-09-19 12:27:39.247,423.7876869955792,1001
2024-09-19 12:27:39.254,423.84032033277015,9
2024-09-19 12:27:39.256,423.79611348501305,997
2024-09-19 12:27:39.294,423.8164002993888,1005
2024-09-19 12:27:39.313,423.816978239072,12
2024-09-19 12:27:39.386,,11
2024-09-19 12:27:39.396,423.81188066534986,997
2024-09-19 12:27:39.433,423.8451900767054,10
2024-09-19 12:27:39.457,423.78364938127936,96
2024-09-19 12:27:39.581,423.82461876720055,11
2024-09-19 12:27:39.601,423.8277721901852,6
2024-09-19 12:27:39.643,423.8317525222115,998
2024-09-19 12:27:39.658,423.78781566416654,95
2024-09-19 12:27:39.773,423.7884461844217,995
2024-09-19 12:27:39.842,423.8182964137079,103
2024-09-19 12:27:39.872,423.786698334578,6
2024-09-19 12:27:39.963,423.8245835829389,14
2024-09-19 12:27:39.966,423.8382359396697,103
2024-09-19 12:27:40.050,423.7953221052962,12
2024-09-19 12:27:40.087,423.7944999072316,1001
2024-09-19 12:27:40.126,423.8077243241592,6
2024-09-19 12:27:40.141,423.7747820993181,995
2024-09-19 12:27:40.174,42.37910715839437,7
2024-09-19 12:27:40.200,423.80578645145226,8
2024-09-19 12:27:40.274,423.78221339929655,999
2024-09-19 12:27:40.315,423.7987112599505,10
2024-09-19 12:27:40.337,423.8019469383953,11
2024-09-19 12:27:40.374,423.7888343203449,104
2024-09-19 12:27:40.429,423.818628821345,7
2024-09-19 12:27:40.542,423.783585235836,98
2024-09-19 12:27:40.638,423.7706453401371,97
2024-09-19 12:27:40.661,423.7989204907006,1000
2024-09-19 12:27:40.713,423.8326078768839,1003
2024-09-19 12:27:40.782,423.79306922073846,95
2024-09-19 12:27:40.782,423.80079714864144,95
2024-09-19 12:27:40.785,423.7841857488229,99
2024-09-19 12:27:40.867,423.784359263748,14
2024-09-19 12:27:40.910,423.788728932568,102
2024-09-19 12:27:40.972,423.7991673954509,995
2024-09-19 12:27:41.146,423.88253587570847,1001
2024-09-19 12:27:41.292,423.8746611867208,98
2024-09-19 12:27:41.315,423.8390132058906,5
2024-09-19 12:27:41.321,423.8625370640338,995
2024-09-19 12:27:41.389,423.8723036441343,95
2024-09-19 12:27:41.395,423.8777332447596,99
2024-09-19 12:27:41.605,423.827609357504,104
2024-09-19 12:27:41.835,423.8565742124542,95
2024-09-19 12:27:41.885,423.8691283474353,99
2024-09-19 12:27:41.907,423.8160584246349,5
2024-09-19 12:27:41.910,423.8588509417453,100
2024-09-19 12:27:41.989,423.8448404274147,1000
2024-09-19 12:27:42.006,423.86271490223584,1002
2024-09-19 12:27:42.063,42.385377331547886,101
2024-09-19 12:27:42.073,423.8778112408136,104
2024-09-19 12:27:42.148,423.8603550206968,8
2024-09-19 12:27:42.166,42.38259930543519,999
2024-09-19 12:27:42.239,423.8303653325875,8
2024-09-19 12:27:42.279,423.8616640123254,96
2024-09-19 12:27:42.309,423.8355716452934,15
2024-09-19 12:27:42.349,423.8541753285025,97
2024-09-19 12:27:42.356,423.8501898177316,998
2024-09-19 12:27:42.360,423.8482207945634,1004
2024-09-19 12:27:42.427,423.8213750649502,1000
2024-09-19 12:27:42.433,423.8390914950975,99
2024-09-19 12:27:42.471,423.85041118004,9
2024-09-19 12:27:42.503,423.8092614440205,1005
2024-09-19 12:27:42.628,423.8487030200311,96
2024-09-19 12:27:42.727,423.8327288955391,7
2024-09-19 12:27:42.730,423.85947643199256,1001
2024-09-19 12:27:42.787,423.836108681289,101
2024-09-19 12:27:42.790,423.8461318540368,9
2024-09-19 12:27:42.836,423.88885467303805,996
2024-09-19 12:27:42.908,423.8686941590759,12
2024-09-19 12:27:42.936,423.8534427179261,9
2024-09-19 12:27:42.945,423.8973813601756,95
2024-09-19 12:27:42.995,423.820288698576,999
2024-09-19 12:27:43.004,423.7398292531959,7
2024-09-19 12:27:43.020,-423.8028688947811,8
2024-09-19 12:27:43.064,423.7454859025984,997
2024-09-19 12:27:43.110,423.79620619710056,97
2024-09-19 12:27:43.130,423.7621727493349,996
2024-09-19 12:27:43.201,423.7933363909591,98
2024-09-19 12:27:43.225,423.84029751926056,9
2024-09-19 12:27:43.233,42.37545927441737,101
2024-09-19 12:27:43.235,423.745388119284,1000
2024-09-19 12:27:43.305,423.8545743458952,1003
2024-09-19 12:27:43.351,423.7527555817058,101
2024-09-19 12:27:43.383,423.8087841090977,11
2024-09-19 12:27:43.407,423.7654479141944,5
2024-09-19 12:27:43.485,423.7430113857014,98
2024-09-19 12:27:43.486,423.8042746029739,99
2024-09-19 12:27:43.535,423.7539764174491,10
2024-09-19 12:27:43.560,423.7458860928864,14
2024-09-19 12:27:43.624,423.71758375944296,103
2024-09-19 12:27:43.638,423.7256790768185,101
2024-09-19 12:27:43.665,423.7267674239472,101
2024-09-19 12:27:43.690,423.76289945163273,1002
2024-09-19 12:27:43.712,423.7544256277688,97
2024-09-19 12:27:43.721,42.37328902332303,15
2024-09-19 12:27:43.774,423.7482970056659,999
2024-09-19 12:27:43.819,423.7551935828652,6
2024-09-19 12:27:43.948,423.7529945783378,5
2024-09-19 12:27:43.974,423.7968387361526,8
2024-09-19 12:27:44.018,423.7423233989394,6
2024-09-19 12:27:44.037,423.74429232225424,1001
2024-09-19 12:27:44.073,423.7661021459424,11
2024-09-19 12:27:44.112,423.8187469530384,105
2024-09-19 12:27:44.169,423.7432396928073,999
2024-09-19 12:27:44.184,423.8471861095397,13
2024-09-19 12:27:44.226,423.76469721923706,1001
2024-09-19 12:27:44.230,423.8283034787637,999
2024-09-19 12:27:44.399,423.7997645430036,96
2024-09-19 12:27:44.418,423.7434350794277,999
2024-09-19 12:27:44.589,423.7340560984668,15
2024-09-19 12:27:44.608,423.8156949523708,10
2024-09-19 12:27:44.614,423.7415639171917,1005
2024-09-19 12:27:44.618,423.75366617173614,1003
2024-09-19 12:27:44.663,423.73267534927976,95
2024-09-19 12:27:44.683,423.8115840986634,105
2024-09-19 12:27:44.696,423.7946210266744,105
2024-09-19 12:27:44.800,423.7436243260888,9
2024-09-19 12:27:44.836,423.801797366149,15
2024-09-19 12:27:44.980,423.8002105205342,996
2024-09-19 12:27:45.002,423.85834320990017,9
2024-09-19 12:27:45.013,423.8548189793215,104
2024-09-19 12:27:45.185,423.8492031495808,12
2024-09-19 12:27:45.360,423.85089968235326,100
2024-09-19 12:27:45.764,423.8591840700107,11
2024-09-19 12:27:45.806,423.8561502095268,15
2024-09-19 12:27:46.013,423.9111531593017,1005
2024-09-19 12:27:46.083,423.8886931712305,5
2024-09-19 12:27:46.223,,997
2024-09-19 12:27:46.310,423.8346428875577,12
2024-09-19 12:27:46.422,423.8637525014335,15
2024-09-19 12:27:46.461,423.90816734447895,995
2024-09-19 12:27:46.560,423.8355776141063,10
2024-09-19 12:27:46.639,423.85152441405546,5
2024-09-19 12:27:46.715,423.8805875084169,1004
2024-09-19 12:27:46.768,423.8848570780239,99
2024-09-19 12:27:46.800,423.8768150167709,8
2024-09-19 12:27:46.817,423.8448386167472,104
2024-09-19 12:27:46.912,423.8488740783264,14
2024-09-19 12:27:46.938,423.9190213855587,999
2024-09-19 12:27:46.958,423.8411345476084,101
2024-09-19 12:27:46.979,423.864438070841,9
2024-09-19 12:27:46.994,423.8873389309093,8
2024-09-19 12:27:47.143,423.92476676216967,105
2024-09-19 12:27:47.343,423.93828697842736,998
2024-09-19 12:27:47.355,423.9217887826697,1005
2024-09-19 12:27:47.594,423.91646570792346,98
2024-09-19 12:27:47.731,423.9340999970294,104
2024-09-19 12:27:47.769,423.9398555239649,12
2024-09-19 12:27:47.804,423.9228686734289,95
2024-09-19 12:27:47.826,423.9261732960521,7
2024-09-19 12:27:47.891,423.9084646228527,105
2024-09-19 12:27:48.296,423.9192351172808,102
2024-09-19 12:27:48.413,423.9308952526709,1001
2024-09-19 12:27:48.727,423.9051551614275,1000
2024-09-19 12:27:49.146,423.8112382086241,102
2024-09-19 12:27:49.154,423.81290941858697,995
2024-09-19 12:27:49.178,423.8733848488836,99
2024-09-19 12:27:49.201,423.8174476992548,1003
2024-09-19 12:27:49.205,423.8390120678018,1000
2024-09-19 12:27:49.267,423.8424213484106,997
2024-09-19 12:27:49.317,423.84355141636894,12
2024-09-19 12:27:49.373,423.8252823278223,101
2024-09-19 12:27:49.430,423.89133324502,96
2024-09-19 12:27:49.472,423.8019346173701,95
2024-09-19 12:27:49.504,423.8013234171073,97
2024-09-19 12:27:49.529,423.8371998328449,1005
2024-09-19 12:27:49.599,423.8040119795269,1000
2024-09-19 12:27:49.691,423.8422666807946,998
2024-09-19 12:27:49.716,423.8327943733983,98
2024-09-19 12:27:49.719,423.8600646309181,998
2024-09-19 12:27:49.788,423.85588377656217,105
2024-09-19 12:27:49.844,423.8345164460309,10
2024-09-19 12:27:49.863,423.880914883871,10
2024-09-19 12:27:49.929,423.8322941601616,105
2024-09-19 12:27:50.096,423.72050937109873,998
2024-09-19 12:27:50.577,423.7354489373612,7
2024-09-19 12:27:50.739,423.7949608174802,1003
2024-09-19 12:27:50.815,423.765244252876,101
2024-09-19 12:27:50.977,423.7478327011121,1002
2024-09-19 12:27:50.989,423.7276347412152,105
2024-09-19 12:27:51.008,423.7044465740624,103
2024-09-19 12:27:51.042,423.73513603514976,15
2024-09-19 12:27:51.105,423.70515604980574,997
2024-09-19 12:27:51.162,423.7010644619307,15
2024-09-19 12:27:51.169,423.7209465786032,997
2024-09-19 12:27:51.169,423.7177278625904,104
2024-09-19 12:27:51.205,423.7372207837363,13
2024-09-19 12:27:51.324,423.71423336195966,11
2024-09-19 12:27:51.366,423.689564799783,103
2024-09-19 12:27:51.470,423.7155824939962,98
2024-09-19 12:27:51.516,423.6930352817412,8
2024-09-19 12:27:51.583,423.7274944817392,101
2024-09-19 12:27:51.615,423.7395484563219,96
2024-09-19 12:27:51.679,423.7161090893516,7
2024-09-19 12:27:51.693,423.71000807751,100
2024-09-19 12:27:51.713,423.7296764491876,100
2024-09-19 12:27:51.719,423.7105964359396,14
2024-09-19 12:27:51.746,423.69688139614806,95
2024-09-19 12:27:51.830,423.7469537695502,104
2024-09-19 12:27:51.906,423.7047418404471,104
2024-09-19 12:27:51.946,423.7231253132781,105
2024-09-19 12:27:52.111,423.7289779515502,101
2024-09-19 12:27:52.144,423.6997331935887,99
2024-09-19 12:27:52.270,423.7177722633288,996
2024-09-19 12:27:52.300,423.7136620579817,997
2024-09-19 12:27:52.311,423.7048558859052,1002
2024-09-19 12:27:52.319,423.7253992481494,14
2024-09-19 12:27:52.319,423.7003968451556,999
2024-09-19 12:27:52.327,423.7198251132105,104
2024-09-19 12:27:52.336,423.69880325906894,5
2024-09-19 12:27:52.467,423.7202982218721,6
2024-09-19 12:27:52.518,-423.7508938150267,99
2024-09-19 12:27:52.561,,14
2024-09-19 12:27:52.612,423.6977646187747,14
2024-09-19 12:27:52.669,423.7521794924221,100
2024-09-19 12:27:52.723,423.7021147676467,1002
2024-09-19 12:27:52.728,423.71222073781576,1003
2024-09-19 12:27:52.838,423.712188173671,995
2024-09-19 12:27:52.860,423.7109186728688,101
2024-09-19 12:27:52.862,423.75771209864376,5
2024-09-19 12:27:52.904,423.718476579346,997
2024-09-19 12:27:52.905,423.7650828980708,102
2024-09-19 12:27:53.061,423.78605725669183,102
2024-09-19 12:27:53.078,,10
2024-09-19 12:27:53.118,423.7941434116231,15
2024-09-19 12:27:53.169,423.73683848805433,9
2024-09-19 12:27:53.243,423.7762586366992,13
2024-09-19 12:27:53.271,423.7480532422904,8
2024-09-19 12:27:53.332,423.78707117051135,10
2024-09-19 12:27:53.373,423.74383520254537,95
2024-09-19 12:27:53.398,423.741123984696,6
2024-09-19 12:27:53.507,423.7611151675277,10
2024-09-19 12:27:53.586,42.376632857484616,105
2024-09-19 12:27:53.634,423.7658918972672,101
2024-09-19 12:27:53.645,423.7684608106866,101
2024-09-19 12:27:53.817,423.751632464157,95
2024-09-19 12:27:53.821,423.7782714569738,15
2024-09-19 12:27:53.829,423.7609849461547,5
2024-09-19 12:27:53.853,423.76439290263903,997
2024-09-19 12:27:53.924,423.7679653018263,1004
2024-09-19 12:27:53.936,423.768481430607,10
2024-09-19 12:27:53.963,423.7664951164418,11
2024-09-19 12:27:54.080,423.8903424809581,9
2024-09-19 12:27:54.141,423.9735654578096,6
2024-09-19 12:27:54.151,423.7915856382912,1000
2024-09-19 12:27:54.298,423.7990001643731,15
2024-09-19 12:27:54.359,423.9554753547656,101
2024-09-19 12:27:54.384,423.9223013055938,1002
2024-09-19 12:27:54.394,423.9194515883551,1004
2024-09-19 12:27:54.403,423.89011309445806,104
2024-09-19 12:27:54.502,423.9610170847171,100
2024-09-19 12:27:54.540,423.8595533440158,9
2024-09-19 12:27:54.584,423.9485407229543,1004
2024-09-19 12:27:54.606,423.8458381870824,12
2024-09-19 12:27:54.622,423.7998692421471,105
2024-09-19 12:27:54.633,423.88330806218175,100
2024-09-19 12:27:54.644,423.8207154881312,98
2024-09-19 12:27:54.650,423.8887439924322,997
2024-09-19 12:27:54.652,423.8853494409603,15
2024-09-19 12:27:54.744,423.8444017359477,7
2024-09-19 12:27:54.754,423.8375402871639,98
2024-09-19 12:27:54.847,423.8920663836396,1005
2024-09-19 12:27:54.851,423.8511325018813,10
2024-09-19 12:27:54.857,423.9108634113479,104
2024-09-19 12:27:54.860,423.8493827302469,996
2024-09-19 12:27:54.894,423.8760172404975,10
2024-09-19 12:27:54.981,423.80464620636087,96
2024-09-19 12:27:55.235,423.9351159842545,11
2024-09-19 12:27:55.340,423.9462099516828,105
2024-09-19 12:27:55.340,423.946849289077,995
2024-09-19 12:27:55.410,423.85343644069735,9
2024-09-19 12:27:55.458,423.97579266071057,995
2024-09-19 12:27:55.552,423.9393032579514,1005
2024-09-19 12:27:55.574,423.9103074486554,103
2024-09-19 12:27:55.788,423.89170976247567,1004
2024-09-19 12:27:55.795,,100
2024-09-19 12:27:55.921,423.8806835744401,99
2024-09-19 12:27:55.939,423.93274436976,96
2024-09-19 12:27:55.998,423.95600920338353,101
2024-09-19 12:27:56.079,423.79290439177794,1002
2024-09-19 12:27:56.081,423.819147354611,99
2024-09-19 12:27:56.090,423.8107305919152,7
2024-09-19 12:27:56.096,423.8213687895639,102
2024-09-19 12:27:56.113,423.8204202216353,998
2024-09-19 12:27:56.133,423.85473157730513,103
2024-09-19 12:27:56.154,423.8411825723139,10
2024-09-19 12:27:56.163,423.8060663011464,995
2024-09-19 12:27:56.280,423.8170748900688,6
2024-09-19 12:27:56.283,423.8686534893447,1000
2024-09-19 12:27:56.285,423.80340610874106,6
2024-09-19 12:27:56.314,423.8308123045087,12
2024-09-19 12:27:56.325,423.7738217776144,99
2024-09-19 12:27:56.369,423.8441328422549,99
2024-09-19 12:27:56.376,423.8300807769216,996
2024-09-19 12:27:56.388,423.83023420933154,1000
2024-09-19 12:27:56.406,423.8515442517674,102
2024-09-19 12:27:56.414,423.8406100540905,96
2024-09-19 12:27:56.458,423.84504284677047,8
2024-09-19 12:27:56.540,423.8587970571299,8
2024-09-19 12:27:56.588,423.8250109562638,101
2024-09-19 12:27:56.613,423.8706101217484,10
2024-09-19 12:27:56.614,423.8278092772131,103
2024-09-19 12:27:56.645,423.8490714225748,9
2024-09-19 12:27:56.809,423.80346480363664,1004
2024-09-19 12:27:56.811,423.7870067695205,7
2024-09-19 12:27:56.827,423.8259337346306,1000
2024-09-19 12:27:56.865,423.8192082794922,97
2024-09-19 12:27:56.906,423.84430569643047,101
2024-09-19 12:27:56.972,423.8403764320253,101
2024-09-19 12:27:57.068,423.79958325609937,96
2024-09-19 12:27:57.190,423.8453249200563,998
2024-09-19 12:27:57.405,423.7966230275997,7
2024-09-19 12:27:57.416,423.8228542174203,12
2024-09-19 12:27:57.470,423.8046932451035,97
2024-09-19 12:27:57.474,423.817813783962,11
2024-09-19 12:27:57.484,423.78512306915377,1001
2024-09-19 12:27:57.600,423.8191191383534,13
2024-09-19 12:27:57.624,423.8061975966642,1004
2024-09-19 12:27:57.796,423.8124647781162,11
2024-09-19 12:27:57.901,423.79921183717215,9
2024-09-19 12:27:57.908,423.80195461724895,11
2024-09-19 12:27:57.938,423.85238859365546,14
2024-09-19 12:27:58.017,423.81521869578495,12
2024-09-19 12:27:58.060,423.8230444943479,95
2024-09-19 12:27:58.063,423.8294358385888,1000
2024-09-19 12:27:58.115,423.8131203462333,8
2024-09-19 12:27:58.153,423.7965016486868,104
2024-09-19 12:27:58.172,423.8502333377934,1004
2024-09-19 12:27:58.274,423.803311713279,1005
2024-09-19 12:27:58.415,423.8657033765554,996
2024-09-19 12:27:58.530,423.80536895105934,6
2024-09-19 12:27:58.658,423.8159813319164,1005
2024-09-19 12:27:58.703,423.8282472614153,99
2024-09-19 12:27:58.708,423.8498547492903,8
2024-09-19 12:27:58.767,42.38119264314869,14
2024-09-19 12:27:58.782,423.8377713057167,98
2024-09-19 12:27:58.858,423.8120148263097,96
2024-09-19 12:27:58.890,423.8028265798218,7
2024-09-19 12:27:58.929,423.81659082064346,100
2024-09-19 12:27:58.930,423.7987474758591,998
2024-09-19 12:27:58.936,423.8272170403979,997
2024-09-19 12:27:58.955,423.8353602786258,100
2024-09-19 12:27:59.083,423.8536189917357,8
2024-09-19 12:27:59.212,423.8097089164434,999
2024-09-19 12:27:59.246,423.8346260245932,1004
2024-09-19 12:27:59.361,423.8666152217772,7
2024-09-19 12:27:59.369,42.38557953088042,102
2024-09-19 12:27:59.377,423.8522800488845,998
2024-09-19 12:27:59.460,423.8692878388933,9
2024-09-19 12:27:59.544,423.8530815389714,5
2024-09-19 12:27:59.622,423.868849022726,13
2024-09-19 12:27:59.641,423.8154461456971,10
2024-09-19 12:27:59.776,423.83952322276144,14
2024-09-19 12:27:59.783,423.83453745981257,101
2024-09-19 12:27:59.895,423.8341061825232,105
2024-09-19 12:27:59.902,423.8393703357376,14
2024-09-19 12:27:59.946,423.858246744655,13
2024-09-19 12:27:59.989,423.841720503804,6
