Timestamp,Price,Size
2024-09-16 13:20:00.009,415.0624564494199,1003
2024-09-16 13:20:00.107,415.0031639499724,102
2024-09-16 13:20:00.224,415.05378556127874,99
2024-09-16 13:20:00.253,415.0427294216368,5
2024-09-16 13:20:00.267,415.00326883904046,95
2024-09-16 13:20:00.301,415.02406219282346,1002
2024-09-16 13:20:00.333,415.0644334059992,99
2024-09-16 13:20:00.615,415.0122173816709,103
2024-09-16 13:20:00.626,415.003554823276,11
2024-09-16 13:20:00.698,415.0466828800841,1003
2024-09-16 13:20:00.730,415.0471190664468,1004
2024-09-16 13:20:00.971,415.0624522836149,997
2024-09-16 13:20:01.043,415.103798661968,11
2024-09-16 13:20:01.137,415.0621141970401,5
2024-09-16 13:20:01.140,415.0524781815129,99
2024-09-16 13:20:01.143,415.1016730301553,1003
2024-09-16 13:20:01.152,415.03981256532455,9
2024-09-16 13:20:01.228,415.1029587671782,103
2024-09-16 13:20:01.257,415.0735979419738,1001
2024-09-16 13:20:01.289,415.0896927386351,5
2024-09-16 13:20:01.303,415.0934538321597,8
2024-09-16 13:20:01.361,415.0515492823256,15
2024-09-16 13:20:01.365,-415.11761966970687,996
2024-09-16 13:20:01.370,415.0879420963732,997
2024-09-16 13:20:01.416,415.09636614102095,7
2024-09-16 13:20:01.446,415.1137237691692,105
2024-09-16 13:20:01.461,415.0708693874686,99
2024-09-16 13:20:01.462,415.1106792763925,1005
2024-09-16 13:20:01.484,415.0989491965318,996
2024-09-16 13:20:01.514,415.09602535337694,995
2024-09-16 13:20:01.520,415.092812389924,15
2024-09-16 13:20:01.521,415.08934372158296,1000
2024-09-16 13:20:01.604,415.0691650906546,1001
2024-09-16 13:20:01.655,415.09523970415046,6
2024-09-16 13:20:01.718,415.1004995957747,101
2024-09-16 13:20:01.747,415.0745217433226,14
2024-09-16 13:20:01.806,415.0679616720128,101
2024-09-16 13:20:01.812,415.0534952063034,95
2024-09-16 13:20:01.974,415.09661833248464,103
2024-09-16 13:20:02.053,415.0865456383144,99
2024-09-16 13:20:02.129,-415.1052040886336,5
2024-09-16 13:20:02.232,415.0956548024427,102
2024-09-16 13:20:02.311,415.1112483701506,11
2024-09-16 13:20:02.349,415.1095622425056,101
2024-09-16 13:20:02.581,415.1180436514694,96
2024-09-16 13:20:02.974,415.1134363283242,1005
2024-09-16 13:20:03.034,415.0216345681308,9
2024-09-16 13:20:03.098,415.1041712484897,998
2024-09-16 13:20:03.188,415.0552430246368,11
2024-09-16 13:20:03.193,415.10532332448406,9
2024-09-16 13:20:03.213,415.0147458672061,1001
2024-09-16 13:20:03.372,415.0875265432386,8
2024-09-16 13:20:03.534,415.1007595741441,995
2024-09-16 13:20:03.576,415.04358015677263,999
2024-09-16 13:20:03.720,415.0323079072781,995
2024-09-16 13:20:03.813,415.1175409315293,14
2024-09-16 13:20:03.948,41.50334706981072,13
2024-09-16 13:20:04.014,415.01677312735256,96
2024-09-16 13:20:04.074,415.01228112403794,96
2024-09-16 13:20:04.133,415.0139762772573,95
2024-09-16 13:20:04.169,415.01825257332536,1002
2024-09-16 13:20:04.293,415.0734479214559,104
2024-09-16 13:20:04.315,415.0393641675335,998
2024-09-16 13:20:04.351,415.1103111153497,997
2024-09-16 13:20:04.366,415.0699338286898,996
2024-09-16 13:20:04.370,415.0126206880994,12
2024-09-16 13:20:04.383,415.077897028475,97
2024-09-16 13:20:04.420,415.0033934356216,95
2024-09-16 13:20:04.552,415.0019246418388,998
2024-09-16 13:20:04.559,415.0716610978933,6
2024-09-16 13:20:04.607,41.50671645462904,1003
2024-09-16 13:20:04.677,415.0977885787521,1003
2024-09-16 13:20:04.706,415.11699345240976,97
2024-09-16 13:20:04.726,415.0223275411065,1002
2024-09-16 13:20:04.747,415.0079761558096,15
2024-09-16 13:20:04.769,415.0372975647089,96
2024-09-16 13:20:04.840,415.0606910608044,96
2024-09-16 13:20:04.919,414.9949080215532,96
2024-09-16 13:20:05.005,415.1427219205448,1002
2024-09-16 13:20:05.070,415.140588339091,102
2024-09-16 13:20:05.104,415.0775560847474,1002
2024-09-16 13:20:05.144,415.0784912543157,96
2024-09-16 13:20:05.179,415.1609216140324,101
2024-09-16 13:20:05.244,415.0865656651813,997
2024-09-16 13:20:05.248,415.12216511546535,15
2024-09-16 13:20:05.259,415.13967984645257,997
2024-09-16 13:20:05.264,415.13637455738456,96
2024-09-16 13:20:05.352,415.147914749281,1004
2024-09-16 13:20:05.381,415.1041388489264,1003
2024-09-16 13:20:05.438,415.0620475164828,998
2024-09-16 13:20:05.460,415.13700294023744,6
2024-09-16 13:20:05.469,415.0804851951864,104
2024-09-16 13:20:05.546,415.0714594506789,5
2024-09-16 13:20:05.585,415.0978635184055,997
2024-09-16 13:20:05.586,415.1255558809042,8
2024-09-16 13:20:05.701,415.1549316915785,15
2024-09-16 13:20:05.762,415.1604181696954,97
2024-09-16 13:20:05.770,415.133028981882,96
2024-09-16 13:20:05.835,415.14998070142167,998
2024-09-16 13:20:05.873,415.1478380270659,1000
2024-09-16 13:20:05.938,-415.1488012376334,998
2024-09-16 13:20:06.021,415.1110970816361,995
2024-09-16 13:20:06.028,415.0733468297721,998
2024-09-16 13:20:06.034,415.10286826137866,9
2024-09-16 13:20:06.058,415.1110230945823,101
2024-09-16 13:20:06.148,415.14089269676754,102
2024-09-16 13:20:06.317,41.51063700285088,95
2024-09-16 13:20:06.450,415.1215538267239,996
2024-09-16 13:20:06.479,415.092949344564,997
2024-09-16 13:20:06.510,415.0647036569712,996
2024-09-16 13:20:06.688,415.06776894797247,1000
2024-09-16 13:20:06.708,415.0968846295545,1004
2024-09-16 13:20:06.712,415.0759626366738,98
2024-09-16 13:20:06.736,415.0963758872314,10
2024-09-16 13:20:06.782,415.114374458406,97
2024-09-16 13:20:06.889,415.1177845887834,1005
2024-09-16 13:20:06.896,415.1236466369991,99
2024-09-16 13:20:06.920,415.07212737825074,12
2024-09-16 13:20:06.944,415.1218821499616,1005
2024-09-16 13:20:07.026,415.1088140685215,997
2024-09-16 13:20:07.077,415.08901252350296,1002
2024-09-16 13:20:07.079,415.1374585754909,998
2024-09-16 13:20:07.162,415.06304778039305,995
2024-09-16 13:20:07.200,415.1432153235249,9
2024-09-16 13:20:07.248,415.12068560227135,97
2024-09-16 13:20:07.257,415.1107390776053,7
2024-09-16 13:20:07.259,415.1209541762676,1004
2024-09-16 13:20:07.275,41.50891355464671,8
2024-09-16 13:20:07.323,415.124202365734,15
2024-09-16 13:20:07.360,415.1327942767919,98
2024-09-16 13:20:07.408,415.1019636680157,6
2024-09-16 13:20:07.409,415.0582115582228,996
2024-09-16 13:20:07.462,415.0989919904426,14
2024-09-16 13:20:07.501,415.10709938986594,96
2024-09-16 13:20:07.557,415.0658639317148,8
2024-09-16 13:20:07.596,415.08662308496406,102
2024-09-16 13:20:07.604,415.1331479617677,8
2024-09-16 13:20:07.670,415.11754251815495,8
2024-09-16 13:20:07.703,415.1274968231546,1004
2024-09-16 13:20:07.831,415.1256398243604,12
2024-09-16 13:20:07.905,415.1130797264224,102
2024-09-16 13:20:07.938,415.0763200311241,95
2024-09-16 13:20:07.975,415.14174489533127,1005
2024-09-16 13:20:07.981,415.12337757803726,996
2024-09-16 13:20:08.002,415.1683887075106,15
2024-09-16 13:20:08.102,415.15036050715895,10
2024-09-16 13:20:08.128,415.1425670082032,15
2024-09-16 13:20:08.190,415.1209449995556,8
2024-09-16 13:20:08.201,415.14803920814256,15
2024-09-16 13:20:08.218,415.1327545964377,11
2024-09-16 13:20:08.239,415.1147606242395,9
2024-09-16 13:20:08.245,,105
2024-09-16 13:20:08.286,415.1779049908516,998
2024-09-16 13:20:08.310,415.10950476955526,96
2024-09-16 13:20:08.361,415.1812362812025,102
2024-09-16 13:20:08.482,415.1312080277447,102
2024-09-16 13:20:08.486,415.12422897700526,1003
2024-09-16 13:20:08.636,415.1611374139441,6
2024-09-16 13:20:08.699,415.15152318149705,7
2024-09-16 13:20:08.734,415.1171186805389,98
2024-09-16 13:20:08.743,415.1100948605899,1004
2024-09-16 13:20:08.773,415.12337708520965,9
2024-09-16 13:20:08.800,415.12168376408175,15
2024-09-16 13:20:08.896,415.1376163269586,996
2024-09-16 13:20:08.908,415.1690430790012,10
2024-09-16 13:20:08.919,415.13578062529984,995
2024-09-16 13:20:08.923,415.1261623382037,996
2024-09-16 13:20:08.978,415.1182899615456,995
2024-09-16 13:20:08.979,415.1152706292577,8
2024-09-16 13:20:09.021,415.24326686754233,1005
2024-09-16 13:20:09.022,415.2085934911656,96
2024-09-16 13:20:09.067,415.23295571076494,995
2024-09-16 13:20:09.106,415.1759058729822,96
2024-09-16 13:20:09.118,415.1994054576698,103
2024-09-16 13:20:09.144,415.1614014903366,995
2024-09-16 13:20:09.153,,14
2024-09-16 13:20:09.246,415.2504380066535,11
2024-09-16 13:20:09.288,415.2700168507148,102
2024-09-16 13:20:09.290,415.2290981417029,5
2024-09-16 13:20:09.314,415.223613125716,1001
2024-09-16 13:20:09.349,415.1603943070733,1002
2024-09-16 13:20:09.407,415.2744032604553,101
2024-09-16 13:20:09.446,415.18531114305335,997
2024-09-16 13:20:09.522,415.2496868000942,105
2024-09-16 13:20:09.567,415.2402947063137,101
2024-09-16 13:20:09.611,415.1719675037735,101
2024-09-16 13:20:09.650,415.2322837760437,1005
2024-09-16 13:20:09.660,415.237589518351,101
2024-09-16 13:20:09.666,415.16691211229295,97
2024-09-16 13:20:09.670,415.2487431979552,999
2024-09-16 13:20:09.718,415.16262818744815,999
2024-09-16 13:20:09.720,415.168521374544,12
2024-09-16 13:20:09.733,415.151007619349,996
2024-09-16 13:20:09.773,415.15351410212514,15
2024-09-16 13:20:09.805,415.2496642929355,1002
2024-09-16 13:20:09.839,415.210132597353,8
2024-09-16 13:20:09.961,415.2677125561553,7
2024-09-16 13:20:09.985,415.238077586278,11
2024-09-16 13:20:11.016,415.25048114343167,96
2024-09-16 13:20:11.054,415.3074920241549,9
2024-09-16 13:20:11.133,415.24098576607065,7
2024-09-16 13:20:11.223,415.27784436994784,14
2024-09-16 13:20:11.417,415.2392059634107,14
2024-09-16 13:20:11.430,415.2658295636284,997
2024-09-16 13:20:11.513,415.2484412481992,1000
2024-09-16 13:20:11.518,415.2920801873535,1005
2024-09-16 13:20:11.612,415.2503543228406,105
2024-09-16 13:20:11.759,415.2978539984335,13
2024-09-16 13:20:11.790,415.2715053454235,105
2024-09-16 13:20:11.803,41.5306961816495,101
2024-09-16 13:20:11.805,415.303698947415,10
2024-09-16 13:20:11.885,415.28718254629,100
2024-09-16 13:20:11.903,415.23531804192686,8
2024-09-16 13:20:12.066,415.266417153896,97
2024-09-16 13:20:12.120,415.28138386249617,102
2024-09-16 13:20:12.140,415.2467163521,7
2024-09-16 13:20:12.283,415.2220040956711,999
2024-09-16 13:20:12.286,415.2290142140613,999
2024-09-16 13:20:12.322,415.2442421350384,102
2024-09-16 13:20:12.449,415.2200864535876,105
2024-09-16 13:20:12.548,415.2541244252733,5
2024-09-16 13:20:12.571,415.2394057973715,997
2024-09-16 13:20:12.571,415.2669274188914,105
2024-09-16 13:20:12.639,415.2194663649655,1003
2024-09-16 13:20:12.641,415.21673305120754,96
2024-09-16 13:20:12.682,415.2704008171384,1005
2024-09-16 13:20:12.687,-415.25093320414527,996
2024-09-16 13:20:12.759,415.2179039012347,1004
2024-09-16 13:20:12.764,415.2302241041744,101
2024-09-16 13:20:12.772,415.2444416197351,98
2024-09-16 13:20:12.776,415.2040965304034,104
2024-09-16 13:20:12.792,415.2386727434022,100
2024-09-16 13:20:12.909,415.234078752505,95
2024-09-16 13:20:12.971,415.2600094254532,1005
2024-09-16 13:20:13.087,415.2289065889879,1005
2024-09-16 13:20:13.190,415.1833795180144,96
2024-09-16 13:20:13.203,415.2256522407243,995
2024-09-16 13:20:13.231,415.211296470633,998
2024-09-16 13:20:13.269,415.1839643820159,99
2024-09-16 13:20:13.279,415.2159334009283,99
2024-09-16 13:20:13.306,415.1732024069755,97
2024-09-16 13:20:13.325,415.1979889807676,1000
2024-09-16 13:20:13.430,415.2288312846734,97
2024-09-16 13:20:13.437,415.2502122640372,8
2024-09-16 13:20:13.448,,1005
2024-09-16 13:20:13.456,415.2022424705829,14
2024-09-16 13:20:13.559,415.2436763275848,101
2024-09-16 13:20:13.638,415.2271252422448,10
2024-09-16 13:20:13.784,415.2058615377554,12
2024-09-16 13:20:13.884,415.2065648189877,105
2024-09-16 13:20:14.051,415.2456313085989,11
2024-09-16 13:20:14.228,415.2293324795234,996
2024-09-16 13:20:14.291,415.221470852316,11
2024-09-16 13:20:14.313,415.2555192561592,10
2024-09-16 13:20:14.316,415.26507796935294,15
2024-09-16 13:20:14.342,415.2414821766409,1002
2024-09-16 13:20:14.352,415.237823118058,98
2024-09-16 13:20:14.361,415.22750919925176,103
2024-09-16 13:20:14.364,415.26084120579753,1005
2024-09-16 13:20:14.365,415.25956687685937,10
2024-09-16 13:20:14.409,415.255095961438,5
2024-09-16 13:20:14.409,415.2236112530156,8
2024-09-16 13:20:14.443,415.2699049688081,11
2024-09-16 13:20:14.607,-415.2428634461221,1000
2024-09-16 13:20:14.614,415.2208277298801,95
2024-09-16 13:20:14.621,415.2526327194458,14
2024-09-16 13:20:14.714,415.25554163781766,99
2024-09-16 13:20:14.764,415.24183868012767,103
2024-09-16 13:20:14.790,415.2405728019464,15
2024-09-16 13:20:14.797,415.2326840713536,98
2024-09-16 13:20:14.867,415.2458913172587,104
2024-09-16 13:20:14.875,415.247675035438,997
2024-09-16 13:20:14.886,-415.2339741104381,101
2024-09-16 13:20:14.919,415.2620161843418,999
2024-09-16 13:20:15.022,415.31011517716905,102
2024-09-16 13:20:15.049,415.323854131695,997
2024-09-16 13:20:15.054,415.3105550003685,997
2024-09-16 13:20:15.089,415.3128817089808,5
2024-09-16 13:20:15.193,415.2872725753328,9
2024-09-16 13:20:15.218,415.2938058033298,14
2024-09-16 13:20:15.330,415.2981626480324,97
2024-09-16 13:20:15.345,415.2902126774424,1004
2024-09-16 13:20:15.411,415.2639344087688,7
2024-09-16 13:20:15.538,415.2916971096317,997
2024-09-16 13:20:15.541,415.2742353126234,995
2024-09-16 13:20:15.567,415.2375035274443,9
2024-09-16 13:20:15.582,415.25315642378473,95
2024-09-16 13:20:15.597,415.26884289032375,9
2024-09-16 13:20:15.609,415.2863709989025,101
2024-09-16 13:20:15.636,415.2658722725171,97
2024-09-16 13:20:15.643,415.3006704249564,11
2024-09-16 13:20:15.724,415.254657060037,6
2024-09-16 13:20:15.738,415.2816532158262,103
2024-09-16 13:20:15.767,415.3243594368449,5
2024-09-16 13:20:15.817,415.305552775285,105
2024-09-16 13:20:15.827,415.27165870421175,6
2024-09-16 13:20:15.833,415.2741695119017,1002
2024-09-16 13:20:15.840,415.30475926590935,96
2024-09-16 13:20:15.846,415.2452000105307,1003
2024-09-16 13:20:15.858,415.2734889087106,9
2024-09-16 13:20:15.864,415.3372731000141,996
2024-09-16 13:20:15.980,415.307819526023,15
2024-09-16 13:20:15.987,415.3215681182336,999
2024-09-16 13:20:16.036,415.2749923573783,104
2024-09-16 13:20:16.080,415.2807259615301,6
2024-09-16 13:20:16.087,41.52854569303791,96
2024-09-16 13:20:16.209,415.2568258735299,103
2024-09-16 13:20:16.248,415.25895490197007,101
2024-09-16 13:20:16.321,415.247115153251,1000
2024-09-16 13:20:16.360,415.2853955435313,1003
2024-09-16 13:20:16.401,415.2827870646277,1004
2024-09-16 13:20:16.432,415.2790361784215,102
2024-09-16 13:20:16.476,415.2574308342034,1002
2024-09-16 13:20:16.511,415.27415373335134,9
2024-09-16 13:20:16.625,415.2515161146471,104
2024-09-16 13:20:16.663,415.25648882197873,8
2024-09-16 13:20:16.771,415.27302779442886,9
2024-09-16 13:20:16.863,415.247527453502,105
2024-09-16 13:20:16.964,415.2859765385323,8
2024-09-16 13:20:16.978,415.26593553231737,7
2024-09-16 13:20:17.126,415.1933266588396,101
2024-09-16 13:20:17.359,415.2812985437536,101
2024-09-16 13:20:17.401,415.2953480035813,1003
2024-09-16 13:20:17.423,415.2321260432778,15
2024-09-16 13:20:17.509,415.24284528185257,1000
2024-09-16 13:20:17.538,415.2775837752977,11
2024-09-16 13:20:17.618,415.1883303323462,5
2024-09-16 13:20:17.825,415.2953034827791,97
2024-09-16 13:20:17.929,415.210044203738,11
2024-09-16 13:20:18.020,415.2022700266445,7
2024-09-16 13:20:18.036,415.2329887324392,99
2024-09-16 13:20:18.051,415.2362829706402,12
2024-09-16 13:20:18.075,415.22002899653313,997
2024-09-16 13:20:18.131,415.219661422872,102
2024-09-16 13:20:18.132,415.2246323036885,102
2024-09-16 13:20:18.242,415.185520592492,7
2024-09-16 13:20:18.292,415.2362726043452,9
2024-09-16 13:20:18.300,415.2003082070212,97
2024-09-16 13:20:18.337,415.2101837012494,10
2024-09-16 13:20:18.449,415.1990232780397,15
2024-09-16 13:20:18.621,415.2348663383321,15
2024-09-16 13:20:18.799,415.2274158436879,997
2024-09-16 13:20:18.848,415.2409806741713,95
2024-09-16 13:20:18.894,415.2301655571704,98
2024-09-16 13:20:18.912,415.2085980187412,12
2024-09-16 13:20:18.929,415.2188977388388,13
2024-09-16 13:20:19.473,415.1903505081386,1002
2024-09-16 13:20:19.567,415.1805648510308,11
2024-09-16 13:20:19.609,415.1812371644812,8
2024-09-16 13:20:19.740,415.1730985286469,100
2024-09-16 13:20:19.879,415.1641650017951,1004
2024-09-16 13:20:19.892,415.178192679386,101
2024-09-16 13:20:20.038,415.1896205844528,8
2024-09-16 13:20:20.086,415.2174064153277,995
2024-09-16 13:20:20.177,415.2135498978329,1004
2024-09-16 13:20:20.232,415.19370846436254,998
2024-09-16 13:20:20.293,415.1902233601607,97
2024-09-16 13:20:20.370,415.2067717481647,95
2024-09-16 13:20:20.379,415.2102078819625,997
2024-09-16 13:20:20.460,415.21322321766297,104
2024-09-16 13:20:20.499,415.2424780048215,995
2024-09-16 13:20:20.613,415.2754343822068,100
2024-09-16 13:20:20.708,415.1929282357205,101
2024-09-16 13:20:20.721,415.2769911511341,101
2024-09-16 13:20:20.790,415.2326385969753,97
2024-09-16 13:20:20.860,415.2220289381272,9
2024-09-16 13:20:20.862,415.27661615438336,14
2024-09-16 13:20:20.918,415.2165345998673,8
2024-09-16 13:20:20.945,415.2379468037191,10
2024-09-16 13:20:21.039,415.2856839072963,104
2024-09-16 13:20:21.116,415.2937716338296,97
2024-09-16 13:20:21.132,415.2314096298973,1002
2024-09-16 13:20:21.210,415.2453491400937,995
2024-09-16 13:20:21.290,415.2854448109218,5
2024-09-16 13:20:21.302,41.52455836444867,100
2024-09-16 13:20:21.313,415.2848891311937,7
2024-09-16 13:20:21.315,41.52976177366219,15
2024-09-16 13:20:21.325,415.25926789201634,14
2024-09-16 13:20:21.352,415.2395654208874,998
2024-09-16 13:20:21.482,415.24729223370974,5
2024-09-16 13:20:21.560,415.2926287884493,96
2024-09-16 13:20:21.728,415.24518807668,98
2024-09-16 13:20:21.763,415.2541851670944,103
2024-09-16 13:20:21.785,415.2527894614637,999
2024-09-16 13:20:21.791,415.2272158983672,8
2024-09-16 13:20:21.849,415.2350593527576,11
2024-09-16 13:20:21.857,415.2647593866568,1004
2024-09-16 13:20:21.887,415.26961746306966,998
2024-09-16 13:20:21.911,415.28773063717193,1001
2024-09-16 13:20:21.928,415.2469898652745,100
2024-09-16 13:20:21.952,415.2363696576614,100
2024-09-16 13:20:21.959,415.23357706452873,998
2024-09-16 13:20:21.967,415.2825192637759,5
2024-09-16 13:20:21.999,415.24927742698657,998
2024-09-16 13:20:22.297,415.2529844034702,1000
2024-09-16 13:20:22.299,415.2637806470457,1005
2024-09-16 13:20:22.305,415.2698859261823,13
2024-09-16 13:20:22.601,415.26459263804406,95
2024-09-16 13:20:22.697,415.2601260667736,1005
2024-09-16 13:20:22.776,415.2670983564407,9
2024-09-16 13:20:23.050,415.300247094072,15
2024-09-16 13:20:23.167,415.3046213723547,96
2024-09-16 13:20:23.435,415.29606939203336,101
2024-09-16 13:20:23.773,415.2750962621411,998
2024-09-16 13:20:23.921,415.2918614761066,104
2024-09-16 13:20:24.002,415.3572185272847,995
2024-09-16 13:20:24.082,415.3558668667987,95
2024-09-16 13:20:24.106,415.3509217868909,15
2024-09-16 13:20:24.159,415.32949697908447,15
2024-09-16 13:20:24.178,415.3750549650536,105
2024-09-16 13:20:24.182,415.335624187822,15
2024-09-16 13:20:24.205,415.3814017022533,100
2024-09-16 13:20:24.232,415.3089804727246,13
2024-09-16 13:20:24.295,415.3456933115364,14
2024-09-16 13:20:24.304,415.312323437566,13
2024-09-16 13:20:24.327,415.3746002487735,998
2024-09-16 13:20:24.335,415.3337413310067,101
2024-09-16 13:20:24.365,415.3910674295725,98
2024-09-16 13:20:24.375,415.3905082983653,9
2024-09-16 13:20:24.433,415.35059802255785,10
2024-09-16 13:20:24.448,415.3786174645284,102
2024-09-16 13:20:24.455,415.38574757915984,96
2024-09-16 13:20:24.489,415.36811700418633,7
2024-09-16 13:20:24.509,415.377405159772,6
2024-09-16 13:20:24.518,415.3554116214479,102
2024-09-16 13:20:24.599,415.3328407944883,1000
2024-09-16 13:20:24.780,415.38224717666,1001
2024-09-16 13:20:24.798,415.3963326271104,102
2024-09-16 13:20:24.865,415.38485044052186,14
2024-09-16 13:20:24.898,415.3833802536676,1002
2024-09-16 13:20:24.908,415.3323155597855,96
2024-09-16 13:20:24.929,415.3229624351927,100
2024-09-16 13:20:24.995,415.3591713557763,10
2024-09-16 13:20:25.109,415.393502062858,13
2024-09-16 13:20:25.236,-415.37789133382495,9
2024-09-16 13:20:25.543,415.4021828463172,9
2024-09-16 13:20:25.551,415.39557281890814,996
2024-09-16 13:20:25.769,415.3850417627082,9
2024-09-16 13:20:25.933,415.397612877744,996
2024-09-16 13:20:26.016,415.4099235950301,11
2024-09-16 13:20:26.025,415.4118391117448,996
2024-09-16 13:20:26.026,415.4377216495193,998
2024-09-16 13:20:26.075,415.4166310522771,14
2024-09-16 13:20:26.105,415.4093034541068,98
2024-09-16 13:20:26.116,415.42513444410025,98
2024-09-16 13:20:26.132,415.3988986004149,10
2024-09-16 13:20:26.197,415.43039248769145,1005
2024-09-16 13:20:26.207,415.4285564377065,9
2024-09-16 13:20:26.254,415.4158363768327,1001
2024-09-16 13:20:26.315,415.40422056783336,14
2024-09-16 13:20:26.336,415.4115959382109,96
2024-09-16 13:20:26.458,415.4295650644337,1001
2024-09-16 13:20:26.499,415.4299390543839,999
2024-09-16 13:20:26.756,415.41359977561126,996
2024-09-16 13:20:26.775,415.4286232351613,15
2024-09-16 13:20:26.865,415.4306274550029,103
2024-09-16 13:20:26.912,415.4032802061701,6
2024-09-16 13:20:26.915,415.4195376916055,1001
2024-09-16 13:20:26.929,415.4142159385916,996
2024-09-16 13:20:26.937,415.42540415092185,1003
2024-09-16 13:20:27.026,415.35869307758014,1005
2024-09-16 13:20:27.037,415.3923441524332,8
2024-09-16 13:20:27.099,415.3640169894311,8
2024-09-16 13:20:27.101,41.5418614962314,10
2024-09-16 13:20:27.211,,97
2024-09-16 13:20:27.212,415.3650422826565,996
2024-09-16 13:20:27.377,415.3437237229488,98
2024-09-16 13:20:27.442,415.3728433905539,11
2024-09-16 13:20:27.471,415.3543484280964,1004
2024-09-16 13:20:27.510,415.4148006050465,12
2024-09-16 13:20:27.512,415.3600322874231,998
2024-09-16 13:20:27.608,415.4142667050541,1004
2024-09-16 13:20:27.620,415.383906792325,95
2024-09-16 13:20:27.721,415.3652730998231,997
2024-09-16 13:20:27.895,415.3973369698297,1001
2024-09-16 13:20:27.904,415.4050930153881,101
2024-09-16 13:20:27.941,415.3672526563206,95
2024-09-16 13:20:27.941,415.385213495432,13
2024-09-16 13:20:27.973,415.36556796643407,10
2024-09-16 13:20:27.998,415.3819299086951,9
2024-09-16 13:20:28.058,415.3337084791427,6
2024-09-16 13:20:28.103,415.38759026834833,1005
2024-09-16 13:20:28.294,415.3910914971596,102
2024-09-16 13:20:28.410,415.3892762630429,1000
2024-09-16 13:20:28.441,415.3908544817927,95
2024-09-16 13:20:28.578,415.3627575796901,999
2024-09-16 13:20:28.592,415.3944728347074,996
2024-09-16 13:20:28.884,415.34393487812207,104
2024-09-16 13:20:29.003,-415.3363574773849,998
2024-09-16 13:20:29.116,415.32400774003696,995
2024-09-16 13:20:29.141,415.3260818438905,11
2024-09-16 13:20:29.187,415.3215417316463,999
2024-09-16 13:20:29.219,415.3208666114991,97
2024-09-16 13:20:29.274,415.3226195879333,1001
2024-09-16 13:20:29.527,415.34389875837184,12
2024-09-16 13:20:29.556,415.3120301632042,105
2024-09-16 13:20:29.682,415.3383579360881,5
2024-09-16 13:20:29.978,415.3033896231285,999
2024-09-16 13:20:30.050,415.33195683634585,102
2024-09-16 13:20:30.136,415.3386129254174,101
2024-09-16 13:20:30.150,-415.3462694496352,1005
2024-09-16 13:20:30.224,415.31366162073766,104
2024-09-16 13:20:30.232,415.3529244502896,997
2024-09-16 13:20:30.242,415.3273359328572,1005
2024-09-16 13:20:30.267,415.325233491992,1005
2024-09-16 13:20:30.269,415.3078822559259,99
2024-09-16 13:20:30.270,415.31168216331776,1002
2024-09-16 13:20:30.293,415.3543850639955,995
2024-09-16 13:20:30.352,415.3490677061029,102
2024-09-16 13:20:30.375,415.29731038030064,103
2024-09-16 13:20:30.376,415.3209890814584,995
2024-09-16 13:20:30.418,415.3295408047057,104
2024-09-16 13:20:30.423,415.3353422235766,104
2024-09-16 13:20:30.476,415.3351992385045,98
2024-09-16 13:20:30.504,415.35322055041394,12
2024-09-16 13:20:30.519,415.3432280816792,103
2024-09-16 13:20:30.618,415.33480247631707,102
2024-09-16 13:20:30.921,415.34140368277326,1003
2024-09-16 13:20:30.923,415.3379081708968,103
2024-09-16 13:20:30.941,415.3463920270263,105
2024-09-16 13:20:30.953,415.3454398034269,10
2024-09-16 13:20:30.972,415.3479022647313,5
2024-09-16 13:20:31.154,415.2670780108665,100
2024-09-16 13:20:31.173,415.2535095566862,11
2024-09-16 13:20:31.237,415.2447729419192,1003
2024-09-16 13:20:31.274,415.3241567700147,99
2024-09-16 13:20:31.505,415.33543155570896,996
2024-09-16 13:20:31.541,415.2488150387903,995
2024-09-16 13:20:31.618,415.2622614990785,13
2024-09-16 13:20:31.635,415.2506753738998,1001
2024-09-16 13:20:31.819,415.3170474224967,9
2024-09-16 13:20:31.864,415.2983300311079,5
2024-09-16 13:20:31.903,415.2888583777416,96
2024-09-16 13:20:31.993,415.2917377398358,101
2024-09-16 13:20:32.100,415.2074080848509,997
2024-09-16 13:20:32.223,415.2170444328897,14
2024-09-16 13:20:32.240,415.2042274629492,103
2024-09-16 13:20:32.419,415.2081723752867,1004
2024-09-16 13:20:32.557,415.1682513998739,96
2024-09-16 13:20:32.770,415.1894846432515,105
2024-09-16 13:20:32.919,415.230691972222,101
2024-09-16 13:20:32.932,415.1712390335124,100
2024-09-16 13:20:33.039,415.2148608212592,100
2024-09-16 13:20:33.060,415.2378399605352,1005
2024-09-16 13:20:33.090,415.1748550988162,1001
2024-09-16 13:20:33.098,415.1899390548588,7
2024-09-16 13:20:33.127,415.1872541168642,98
2024-09-16 13:20:33.170,415.1888758205227,1000
2024-09-16 13:20:33.185,415.2112409440902,995
2024-09-16 13:20:33.219,415.1878768132233,1002
2024-09-16 13:20:33.223,415.1898085073871,99
2024-09-16 13:20:33.247,415.1925293007294,995
2024-09-16 13:20:33.251,415.2225823852792,96
2024-09-16 13:20:33.295,415.18455678327433,1005
2024-09-16 13:20:33.315,415.2351856829513,102
2024-09-16 13:20:33.351,415.1900292094146,996
2024-09-16 13:20:33.479,415.2008545017491,7
2024-09-16 13:20:33.547,415.2026198883733,1005
2024-09-16 13:20:33.563,415.1910948673923,1002
2024-09-16 13:20:33.586,415.2022613901272,99
2024-09-16 13:20:33.624,415.2107792854937,998
2024-09-16 13:20:33.667,415.196682408069,12
2024-09-16 13:20:33.752,415.20807544039286,998
2024-09-16 13:20:33.774,415.206677501008,1000
2024-09-16 13:20:33.870,415.233031616563,13
2024-09-16 13:20:33.886,415.1942489186177,96
2024-09-16 13:20:33.913,415.20137708651146,13
2024-09-16 13:20:33.960,415.1905596110317,100
2024-09-16 13:20:33.962,415.18325535498894,7
2024-09-16 13:20:33.976,415.2018768582354,15
2024-09-16 13:20:33.991,415.2141723591519,100
2024-09-16 13:20:33.995,415.2277193353746,5
2024-09-16 13:20:34.024,415.1615559196167,97
2024-09-16 13:20:34.118,415.1835475891254,1003
2024-09-16 13:20:34.242,415.1529616733797,12
2024-09-16 13:20:34.333,415.1717418994664,995
2024-09-16 13:20:34.921,415.1848209821325,997
2024-09-16 13:20:34.939,415.17653222238505,10
2024-09-16 13:20:35.078,415.13129005985246,9
2024-09-16 13:20:35.214,415.1343394970826,1003
2024-09-16 13:20:35.348,415.1163385416788,13
2024-09-16 13:20:35.350,415.1304982730111,1004
2024-09-16 13:20:35.381,415.1458382909019,12
2024-09-16 13:20:35.625,415.1325385980263,997
2024-09-16 13:20:35.861,415.1248014612706,6
2024-09-16 13:20:35.924,415.1354021646811,1002
2024-09-16 13:20:36.112,415.1031204382633,9
2024-09-16 13:20:36.115,415.09773557291805,12
2024-09-16 13:20:36.316,415.1113587672025,1004
2024-09-16 13:20:36.338,415.09836876694783,1002
2024-09-16 13:20:36.418,415.1004992039535,999
2024-09-16 13:20:36.550,415.1433065938659,98
2024-09-16 13:20:36.600,415.1160962856879,96
2024-09-16 13:20:36.628,415.1042351612307,101
2024-09-16 13:20:36.658,415.11039958092255,11
2024-09-16 13:20:36.683,415.1043208090848,100
2024-09-16 13:20:36.906,415.1040213473736,15
2024-09-16 13:20:36.908,,103
2024-09-16 13:20:37.009,415.1756146969102,6
2024-09-16 13:20:37.070,415.142013128486,997
2024-09-16 13:20:37.120,415.1547810919743,12
2024-09-16 13:20:37.227,415.1771101074133,7
2024-09-16 13:20:37.252,415.1646008263023,5
2024-09-16 13:20:37.252,415.20324050788935,101
2024-09-16 13:20:37.264,415.1485391010104,103
2024-09-16 13:20:37.273,415.2088114097437,9
2024-09-16 13:20:37.361,415.182586285318,9
2024-09-16 13:20:37.457,415.133678852038,6
2024-09-16 13:20:37.516,415.2085529863469,9
2024-09-16 13:20:37.519,415.15082211196057,101
2024-09-16 13:20:37.529,415.2077165182379,1002
2024-09-16 13:20:37.548,415.1904270739124,99
2024-09-16 13:20:37.585,415.20158023906265,12
2024-09-16 13:20:37.592,415.18594810614167,96
2024-09-16 13:20:37.599,415.1443718874887,105
2024-09-16 13:20:37.669,415.1959296633332,5
2024-09-16 13:20:37.672,415.2128246036726,1002
2024-09-16 13:20:37.713,415.20598979391497,996
2024-09-16 13:20:37.756,415.1573576674998,1002
2024-09-16 13:20:37.799,415.1985936867154,1004
2024-09-16 13:20:37.803,415.1855381441716,103
2024-09-16 13:20:37.988,415.13994730760845,997
2024-09-16 13:20:37.998,415.1659994090216,8
2024-09-16 13:20:38.385,415.1793934782622,5
2024-09-16 13:20:38.692,415.1834729493784,999
2024-09-16 13:20:39.205,415.17405939928665,1003
2024-09-16 13:20:39.724,415.1837633229605,998
2024-09-16 13:20:41.068,415.1221416671081,7
2024-09-16 13:20:41.110,415.085871152058,105
2024-09-16 13:20:41.119,415.091746212712,1004
2024-09-16 13:20:41.135,415.0734597452064,1005
2024-09-16 13:20:41.179,415.0835502551626,97
2024-09-16 13:20:41.180,415.0845321054506,13
2024-09-16 13:20:41.314,415.0771030006822,1005
2024-09-16 13:20:41.332,415.1156262131504,101
2024-09-16 13:20:41.485,415.0822610044656,14
2024-09-16 13:20:41.566,415.134249984117,9
2024-09-16 13:20:41.638,415.08526775847866,102
2024-09-16 13:20:41.650,415.07953933279794,1004
2024-09-16 13:20:41.685,415.1156018983002,1001
2024-09-16 13:20:41.736,415.15062336482026,1001
2024-09-16 13:20:41.754,415.1056605602154,105
2024-09-16 13:20:41.821,-415.1515525530575,13
2024-09-16 13:20:41.865,415.1097860428076,12
2024-09-16 13:20:41.906,415.0858628453571,1001
2024-09-16 13:20:41.924,415.0994235624073,96
2024-09-16 13:20:42.005,415.09245248769287,11
2024-09-16 13:20:42.038,415.1316767844011,105
2024-09-16 13:20:42.099,-415.13172669760746,11
2024-09-16 13:20:42.108,415.1411449197867,5
2024-09-16 13:20:42.124,415.1267102963226,1003
2024-09-16 13:20:42.159,415.13072632060846,1003
2024-09-16 13:20:42.162,415.14168540383673,997
2024-09-16 13:20:42.174,415.1635048139502,1005
2024-09-16 13:20:42.193,415.1024527559008,99
2024-09-16 13:20:42.206,415.0933580163324,7
2024-09-16 13:20:42.232,415.1250733349128,12
2024-09-16 13:20:42.240,415.0794527776428,5
2024-09-16 13:20:42.289,415.1239083743755,995
2024-09-16 13:20:42.289,415.1110167298865,999
2024-09-16 13:20:42.324,415.15722723365695,105
2024-09-16 13:20:42.351,415.08509109216055,1000
2024-09-16 13:20:42.412,415.1147563636931,999
2024-09-16 13:20:42.480,415.0671719592737,104
2024-09-16 13:20:42.493,415.1119975444649,104
2024-09-16 13:20:42.495,415.0980631635134,7
2024-09-16 13:20:42.499,415.1539096284176,1005
2024-09-16 13:20:42.560,415.10038652674,1004
2024-09-16 13:20:42.643,415.1450690439733,1002
2024-09-16 13:20:42.740,415.0902181942972,104
2024-09-16 13:20:42.853,415.1402209508746,9
2024-09-16 13:20:42.930,415.1286550363744,15
2024-09-16 13:20:42.941,415.0640947156235,1003
2024-09-16 13:20:42.943,415.1524849755208,15
2024-09-16 13:20:42.985,415.1272958093394,11
2024-09-16 13:20:42.999,415.1368791032405,96
2024-09-16 13:20:43.030,415.0972774985921,1000
2024-09-16 13:20:43.138,415.1145986277424,11
2024-09-16 13:20:43.188,415.04483364409367,1002
2024-09-16 13:20:43.239,415.0808550773878,998
2024-09-16 13:20:43.242,415.09670950558495,5
2024-09-16 13:20:43.251,-415.06532453568,103
2024-09-16 13:20:43.257,415.1011615934414,95
2024-09-16 13:20:43.280,415.1090304406875,10
2024-09-16 13:20:43.384,415.0696601568074,98
2024-09-16 13:20:43.394,415.11540459227024,97
2024-09-16 13:20:43.493,415.0651009890531,105
2024-09-16 13:20:43.521,415.1007167329453,997
2024-09-16 13:20:43.648,415.0792453255231,7
2024-09-16 13:20:43.670,415.1013712732872,1003
2024-09-16 13:20:43.676,415.0784973044815,98
2024-09-16 13:20:43.699,415.07484872928205,9
2024-09-16 13:20:43.875,415.1079767129801,1001
2024-09-16 13:20:43.914,415.120325554823,15
2024-09-16 13:20:43.946,415.0424874359876,7
2024-09-16 13:20:44.020,415.04953699182784,105
2024-09-16 13:20:45.052,415.1158018428391,102
2024-09-16 13:20:45.053,415.0668282787848,1002
2024-09-16 13:20:45.056,415.0621334870881,11
2024-09-16 13:20:45.062,415.0795673563308,13
2024-09-16 13:20:45.094,415.061007484956,1002
2024-09-16 13:20:45.123,,15
2024-09-16 13:20:45.124,415.12129449491295,7
2024-09-16 13:20:45.192,,105
2024-09-16 13:20:45.231,415.0618666275531,1005
2024-09-16 13:20:45.231,415.060460528921,7
2024-09-16 13:20:45.252,415.0712299253017,97
2024-09-16 13:20:45.258,415.0849473650146,999
2024-09-16 13:20:45.259,415.1230318354365,101
2024-09-16 13:20:45.315,415.0966671817226,97
2024-09-16 13:20:45.405,415.0780928229197,1002
2024-09-16 13:20:45.435,415.06561645713447,995
2024-09-16 13:20:45.435,415.1229881855034,99
2024-09-16 13:20:45.507,415.08941271454376,13
2024-09-16 13:20:45.509,415.10033988818265,1001
2024-09-16 13:20:45.510,415.0743413545879,12
2024-09-16 13:20:45.791,415.1201682544916,7
2024-09-16 13:20:45.911,415.081956085442,14
2024-09-16 13:20:45.967,415.10705507170144,996
2024-09-16 13:20:45.987,415.0501327376852,1001
2024-09-16 13:20:46.428,415.0755644262856,1001
2024-09-16 13:20:46.741,415.0720910340835,14
2024-09-16 13:20:47.020,415.0484784049427,1004
2024-09-16 13:20:47.032,415.08261505707975,14
2024-09-16 13:20:47.064,415.0608131816156,997
2024-09-16 13:20:47.068,415.07790843987146,997
2024-09-16 13:20:47.183,415.0413406910592,6
2024-09-16 13:20:47.216,415.06252437745417,1002
2024-09-16 13:20:47.369,415.0550538389295,1001
2024-09-16 13:20:47.447,415.0697310591731,96
2024-09-16 13:20:47.646,415.06279922638896,5
2024-09-16 13:20:47.715,415.0816504333502,1005
2024-09-16 13:20:47.728,415.0440482286591,100
2024-09-16 13:20:47.878,415.078523821932,1005
2024-09-16 13:20:47.891,415.0873634573564,13
2024-09-16 13:20:47.921,415.0372572902984,998
2024-09-16 13:20:48.008,415.1420094021542,1002
2024-09-16 13:20:48.058,415.0998537195717,1005
2024-09-16 13:20:48.081,415.0988103683548,8
2024-09-16 13:20:48.109,415.0871560238885,14
2024-09-16 13:20:48.130,415.1392242203312,97
2024-09-16 13:20:48.146,415.1036564369958,7
2024-09-16 13:20:48.178,415.1032631140009,997
2024-09-16 13:20:48.191,415.0426514659689,995
2024-09-16 13:20:48.299,-415.1044082911516,98
2024-09-16 13:20:48.402,415.1273624957325,102
2024-09-16 13:20:48.413,415.06089582232767,995
2024-09-16 13:20:48.419,415.0973690771919,101
2024-09-16 13:20:48.446,415.12962900841023,1004
2024-09-16 13:20:48.503,415.0953629874268,10
2024-09-16 13:20:48.511,415.1045256906295,100
2024-09-16 13:20:48.567,415.1058277762054,95
2024-09-16 13:20:48.570,415.0941943876875,996
2024-09-16 13:20:48.610,415.0791608584632,1003
2024-09-16 13:20:48.669,41.50682528359832,8
2024-09-16 13:20:48.888,415.1361901790601,13
2024-09-16 13:20:48.956,415.1360883592861,105
2024-09-16 13:20:48.977,415.0939289245042,995
2024-09-16 13:20:48.983,415.0829384901812,997
2024-09-16 13:20:49.535,415.0742108820768,105
2024-09-16 13:20:49.696,415.0891976714393,95
2024-09-16 13:20:49.839,415.0813441778334,12
2024-09-16 13:20:49.894,415.0801730515517,6
2024-09-16 13:20:49.944,415.0796323205075,995
2024-09-16 13:20:50.021,415.1359347570372,15
2024-09-16 13:20:50.058,415.0648005991328,14
2024-09-16 13:20:50.065,415.122606526124,8
2024-09-16 13:20:50.073,415.1215860832722,15
2024-09-16 13:20:50.100,415.083839332763,1004
2024-09-16 13:20:50.138,415.13746983749184,1001
2024-09-16 13:20:50.158,415.1005357973005,95
2024-09-16 13:20:50.182,415.1162346165064,13
2024-09-16 13:20:50.278,415.0918910313988,999
2024-09-16 13:20:50.403,415.1400846213365,995
2024-09-16 13:20:50.438,415.07905832401815,100
2024-09-16 13:20:50.467,,1004
2024-09-16 13:20:50.474,415.1184499450103,9
2024-09-16 13:20:50.505,415.10741790052526,98
2024-09-16 13:20:50.558,415.1196789249598,995
2024-09-16 13:20:50.597,415.0890940899693,15
2024-09-16 13:20:50.620,415.0971034843653,13
2024-09-16 13:20:50.644,415.1276212282492,102
2024-09-16 13:20:50.702,415.106520146733,1000
2024-09-16 13:20:50.720,415.13074513938096,1003
2024-09-16 13:20:50.722,415.1053527538262,1004
2024-09-16 13:20:50.760,415.08881762969855,101
2024-09-16 13:20:50.783,415.1352038135948,11
2024-09-16 13:20:50.813,415.1108150284445,1004
2024-09-16 13:20:50.839,415.0798016997259,103
2024-09-16 13:20:50.876,415.0920049074456,6
2024-09-16 13:20:50.879,415.0909410224612,1004
2024-09-16 13:20:50.892,415.1228211696285,105
2024-09-16 13:20:50.975,415.1137678009369,995
2024-09-16 13:20:51.010,415.1249482318024,1003
2024-09-16 13:20:51.090,415.1154327677845,14
2024-09-16 13:20:51.211,415.1546737306453,11
2024-09-16 13:20:51.236,415.11887218676753,100
2024-09-16 13:20:51.347,415.12537113836777,12
2024-09-16 13:20:51.445,415.11903977681976,1002
2024-09-16 13:20:51.507,415.1175188266865,99
2024-09-16 13:20:51.512,415.13152637189535,104
2024-09-16 13:20:51.557,415.1197817964348,100
2024-09-16 13:20:51.688,415.1267579787828,104
2024-09-16 13:20:51.693,415.1450139995947,997
2024-09-16 13:20:51.963,415.1414800316694,6
2024-09-16 13:20:52.022,415.18811756811465,1000
2024-09-16 13:20:52.030,415.1400273644613,100
2024-09-16 13:20:52.035,415.1981799155932,9
2024-09-16 13:20:52.047,415.1474279020465,15
2024-09-16 13:20:52.076,415.1251638260436,995
2024-09-16 13:20:52.287,415.2391545651374,1001
2024-09-16 13:20:52.305,415.1969655570921,15
2024-09-16 13:20:52.359,415.196573959727,7
2024-09-16 13:20:52.380,415.1548564914145,100
2024-09-16 13:20:52.404,415.1277854525245,5
2024-09-16 13:20:52.422,415.22645434782913,97
2024-09-16 13:20:52.510,415.1249297410516,999
2024-09-16 13:20:52.613,415.2226013463727,996
2024-09-16 13:20:52.623,415.2005729102136,1004
2024-09-16 13:20:52.627,415.2157023729904,12
2024-09-16 13:20:52.843,415.1787159875061,1000
2024-09-16 13:20:52.863,415.1640377934125,97
2024-09-16 13:20:52.901,415.1238346696093,12
2024-09-16 13:20:52.941,415.1617662997194,11
2024-09-16 13:20:54.004,415.2403504847866,105
2024-09-16 13:20:54.031,415.2117044652102,12
2024-09-16 13:20:54.095,415.17065443869086,1001
2024-09-16 13:20:54.161,415.1692896269059,97
2024-09-16 13:20:54.199,415.2236311752124,11
2024-09-16 13:20:54.215,415.23047211023976,1000
2024-09-16 13:20:54.226,415.1816170607057,100
2024-09-16 13:20:54.230,415.2237077952696,5
2024-09-16 13:20:54.310,415.2290446189592,9
2024-09-16 13:20:54.384,415.2028897918906,6
2024-09-16 13:20:54.391,415.1495081736194,998
2024-09-16 13:20:54.425,415.2305931014354,10
2024-09-16 13:20:54.479,415.2095835930618,104
2024-09-16 13:20:54.599,415.2279164665434,103
2024-09-16 13:20:54.616,415.1738026800567,9
2024-09-16 13:20:54.625,415.22876244810885,1002
2024-09-16 13:20:54.673,41.51507976128095,98
2024-09-16 13:20:54.971,415.2064433406391,13
2024-09-16 13:20:54.974,415.1782034454394,102
2024-09-16 13:20:55.001,415.16310140619214,13
2024-09-16 13:20:55.051,415.20775922253176,998
2024-09-16 13:20:55.174,415.1483568164041,8
2024-09-16 13:20:55.189,415.1982667181293,11
2024-09-16 13:20:55.251,415.1678622716385,7
2024-09-16 13:20:55.446,415.1857052787881,105
2024-09-16 13:20:55.500,415.1926583252037,8
2024-09-16 13:20:55.536,415.2158883909984,101
2024-09-16 13:20:55.568,415.1531920877661,995
2024-09-16 13:20:55.592,415.2196107933655,13
2024-09-16 13:20:55.622,415.1903780965263,103
2024-09-16 13:20:55.653,415.2077875004412,996
2024-09-16 13:20:55.711,415.2281309565201,98
2024-09-16 13:20:55.756,415.2146459164785,999
2024-09-16 13:20:55.769,415.2184454242582,999
2024-09-16 13:20:55.846,415.1562341674958,998
2024-09-16 13:20:55.858,415.2225848195631,1003
2024-09-16 13:20:55.920,415.1685900357991,14
2024-09-16 13:20:57.044,415.1992349579433,11
2024-09-16 13:20:57.101,415.1676420430848,95
2024-09-16 13:20:57.106,415.153397870022,101
2024-09-16 13:20:57.109,415.1268246484859,11
2024-09-16 13:20:57.274,415.1504525971226,97
2024-09-16 13:20:57.357,41.51533331431415,6
2024-09-16 13:20:57.475,415.1651212157214,99
2024-09-16 13:20:57.480,415.1933501550824,1003
2024-09-16 13:20:57.485,415.1775705093636,95
2024-09-16 13:20:57.502,415.1419747308869,103
2024-09-16 13:20:57.514,415.1731643195416,1001
2024-09-16 13:20:57.519,415.1878025400741,103
2024-09-16 13:20:57.583,415.1784890474606,996
2024-09-16 13:20:57.592,415.1831656745684,98
2024-09-16 13:20:57.620,415.1453385178844,8
2024-09-16 13:20:57.622,415.1589360821904,98
2024-09-16 13:20:57.650,415.1695434375733,999
2024-09-16 13:20:57.692,415.1720448649406,101
2024-09-16 13:20:57.711,415.1708632805714,15
2024-09-16 13:20:57.760,415.1668983738745,105
2024-09-16 13:20:57.827,-415.1792800024705,1004
2024-09-16 13:20:57.855,415.1817513883103,103
2024-09-16 13:20:57.881,415.1785670835275,101
2024-09-16 13:20:57.909,415.18725506299216,11
2024-09-16 13:20:57.918,415.1576997145833,12
2024-09-16 13:20:57.936,415.1625783995789,999
2024-09-16 13:20:57.968,415.1834776558667,104
2024-09-16 13:20:58.052,415.1733401437618,5
2024-09-16 13:20:58.109,415.1677775566141,1003
2024-09-16 13:20:58.124,415.1445561284334,105
2024-09-16 13:20:58.128,415.1281586406868,15
2024-09-16 13:20:58.173,415.17377107452063,104
2024-09-16 13:20:58.244,415.1649024118021,14
2024-09-16 13:20:58.295,415.149220203716,5
2024-09-16 13:20:58.366,415.1625833257881,1005
2024-09-16 13:20:58.378,415.1845727460725,96
2024-09-16 13:20:58.410,415.155315977809,15
2024-09-16 13:20:58.438,415.17958748723305,12
2024-09-16 13:20:58.469,415.18852765077673,100
2024-09-16 13:20:58.575,415.1252740299453,1002
2024-09-16 13:20:58.617,415.184834536284,103
2024-09-16 13:20:58.670,415.183627401187,101
2024-09-16 13:20:58.706,415.1370863573572,13
2024-09-16 13:20:58.714,415.1044211396703,11
2024-09-16 13:20:58.715,415.1272855442948,6
2024-09-16 13:20:58.741,415.13512793485415,1002
2024-09-16 13:20:58.755,415.1573316200591,15
2024-09-16 13:20:58.811,415.0906403202925,1000
2024-09-16 13:20:58.823,415.17390048734967,99
2024-09-16 13:20:58.849,415.1857215699482,998
2024-09-16 13:20:58.902,415.10751686642,15
2024-09-16 13:20:58.902,415.1855998340832,98
2024-09-16 13:20:58.904,415.1203076792872,1000
2024-09-16 13:20:58.915,415.1443392941857,12
2024-09-16 13:20:58.939,415.1865848592968,1005
2024-09-16 13:20:58.959,415.1322463895413,101
2024-09-16 13:20:59.105,415.0881042724514,998
2024-09-16 13:20:59.125,415.066207437177,102
2024-09-16 13:20:59.156,415.0560179150896,5
2024-09-16 13:20:59.172,415.05992377124136,103
2024-09-16 13:20:59.302,415.0597033706784,6
2024-09-16 13:20:59.331,415.08504177989,7
2024-09-16 13:20:59.353,415.05476988500976,105
2024-09-16 13:20:59.460,415.0541193685559,101
2024-09-16 13:20:59.489,415.0708481974344,6
2024-09-16 13:20:59.496,415.0482774601233,6
2024-09-16 13:20:59.613,415.0368755817534,102
2024-09-16 13:20:59.680,415.08186477440034,11
2024-09-16 13:20:59.764,415.122906852607,101
2024-09-16 13:20:59.769,415.1159267173039,1005
2024-09-16 13:20:59.774,415.072070292289,101
2024-09-16 13:20:59.803,415.0507898816084,97
2024-09-16 13:20:59.864,415.0676887561551,8
2024-09-16 13:20:59.883,415.1047667854091,1005
2024-09-16 13:20:59.898,415.1093366497284,98
2024-09-16 13:20:59.932,415.0683639927688,996
