Timestamp,Price,Size
2024-09-17 13:55:00.272,400.9621637123435,13
2024-09-17 13:55:00.317,400.95902748869526,95
2024-09-17 13:55:00.319,400.9445554385574,6
2024-09-17 13:55:00.338,400.9706369639824,97
2024-09-17 13:55:00.390,400.9878134195481,996
2024-09-17 13:55:00.533,400.980722660438,15
2024-09-17 13:55:00.616,400.9866715333024,6
2024-09-17 13:55:00.711,400.964283575724,6
2024-09-17 13:55:00.788,400.97416610605495,11
2024-09-17 13:55:00.847,400.9475745297309,95
2024-09-17 13:55:00.851,400.9537621877448,105
2024-09-17 13:55:00.928,400.9624474716349,1002
2024-09-17 13:55:00.956,400.9769363138015,1002
2024-09-17 13:55:01.001,400.9902871194817,1004
2024-09-17 13:55:01.055,400.97905300472064,99
2024-09-17 13:55:01.066,400.9968815077697,998
2024-09-17 13:55:01.088,401.05590087808935,1002
2024-09-17 13:55:01.096,401.026711411405,13
2024-09-17 13:55:01.174,401.0283742916459,998
2024-09-17 13:55:01.214,400.9928524746268,1003
2024-09-17 13:55:01.252,401.0240436747685,100
2024-09-17 13:55:01.276,401.03650186924256,97
2024-09-17 13:55:01.371,401.0023802321599,1004
2024-09-17 13:55:01.385,400.9587611880274,1005
2024-09-17 13:55:01.427,400.9774322740352,95
2024-09-17 13:55:01.511,400.9805609366744,996
2024-09-17 13:55:01.512,400.9820593704009,99
2024-09-17 13:55:01.560,401.001086778179,12
2024-09-17 13:55:01.655,401.0404030114569,13
2024-09-17 13:55:01.714,40.09843200140866,1002
2024-09-17 13:55:01.718,401.01078228068815,105
2024-09-17 13:55:01.744,400.9906532764284,1004
2024-09-17 13:55:01.764,401.0191880793503,998
2024-09-17 13:55:01.823,401.04355233927015,97
2024-09-17 13:55:01.835,401.04478519065447,95
2024-09-17 13:55:01.841,401.0072176482289,13
2024-09-17 13:55:01.857,400.9838056829138,9
2024-09-17 13:55:02.111,401.125271249234,102
2024-09-17 13:55:02.219,401.10070573878846,1003
2024-09-17 13:55:02.274,401.0526369004788,96
2024-09-17 13:55:02.385,401.0991177425982,1004
2024-09-17 13:55:02.485,401.11427494059313,104
2024-09-17 13:55:02.506,401.11806204314007,11
2024-09-17 13:55:02.526,401.0916398981208,95
2024-09-17 13:55:02.531,401.0825382330644,1001
2024-09-17 13:55:02.532,401.0832880850732,98
2024-09-17 13:55:02.650,401.05085471140455,5
2024-09-17 13:55:02.689,401.0970325382228,102
2024-09-17 13:55:02.740,401.1173237487948,8
2024-09-17 13:55:02.795,401.12326491068586,96
2024-09-17 13:55:02.890,401.0728419615221,998
2024-09-17 13:55:02.915,40.10808075075715,997
2024-09-17 13:55:02.928,401.11009275296,1002
2024-09-17 13:55:02.942,401.0992868543095,14
2024-09-17 13:55:02.996,401.0963932360611,1001
2024-09-17 13:55:03.198,401.12478779329706,998
2024-09-17 13:55:03.279,401.1290071780816,6
2024-09-17 13:55:03.285,401.1305500866764,999
2024-09-17 13:55:03.440,401.1315178987845,101
2024-09-17 13:55:03.746,401.0989864992542,97
2024-09-17 13:55:03.749,40.11260489285101,13
2024-09-17 13:55:03.756,401.10173584578376,104
2024-09-17 13:55:03.858,401.1502432131724,98
2024-09-17 13:55:03.860,401.1390040091164,11
2024-09-17 13:55:04.616,401.1522600582021,1003
2024-09-17 13:55:04.701,401.1661384693811,102
2024-09-17 13:55:04.842,401.1397106649875,10
2024-09-17 13:55:04.998,401.1555315120127,7
2024-09-17 13:55:05.031,401.1793538891589,1001
2024-09-17 13:55:05.064,401.1372209135969,12
2024-09-17 13:55:05.080,401.1691046682952,995
2024-09-17 13:55:05.086,401.1570981450319,96
2024-09-17 13:55:05.126,401.2115485776225,7
2024-09-17 13:55:05.141,401.1833718419567,6
2024-09-17 13:55:05.161,401.13972755777945,5
2024-09-17 13:55:05.174,401.1996563877897,103
2024-09-17 13:55:05.175,401.1478352680333,1000
2024-09-17 13:55:05.194,401.2047822174078,100
2024-09-17 13:55:05.219,401.171857557194,97
2024-09-17 13:55:05.276,401.1787549287823,11
2024-09-17 13:55:05.316,401.1482528005498,1005
2024-09-17 13:55:05.319,401.15800934051,104
2024-09-17 13:55:05.386,401.1381192434999,101
2024-09-17 13:55:05.390,401.2136758329023,6
2024-09-17 13:55:05.417,401.1688338122116,10
2024-09-17 13:55:05.444,401.2068811814759,95
2024-09-17 13:55:05.452,401.1282687341704,9
2024-09-17 13:55:05.526,401.21163159147767,5
2024-09-17 13:55:05.583,401.2011316162021,1001
2024-09-17 13:55:05.613,401.1734971687129,14
2024-09-17 13:55:05.674,401.1659884995335,11
2024-09-17 13:55:05.748,401.1593906460285,102
2024-09-17 13:55:05.762,401.1706595551155,997
2024-09-17 13:55:05.764,401.20959252036096,995
2024-09-17 13:55:05.837,401.148637473536,104
2024-09-17 13:55:05.980,401.1675450187307,997
2024-09-17 13:55:05.986,401.1528001050822,105
2024-09-17 13:55:06.086,401.2817781122656,7
2024-09-17 13:55:06.119,401.2768075096947,14
2024-09-17 13:55:06.126,401.2238285469667,97
2024-09-17 13:55:06.195,401.1987619068319,1005
2024-09-17 13:55:06.270,401.2388674182724,12
2024-09-17 13:55:06.271,401.263953320801,7
2024-09-17 13:55:06.326,401.2233037682132,5
2024-09-17 13:55:06.363,401.210696927922,1003
2024-09-17 13:55:06.445,401.2629688053613,1001
2024-09-17 13:55:06.446,401.2046907796983,96
2024-09-17 13:55:06.518,401.2729053809773,1003
2024-09-17 13:55:06.594,401.2176665510684,1005
2024-09-17 13:55:06.595,401.270895182771,104
2024-09-17 13:55:06.627,401.1948089744437,8
2024-09-17 13:55:06.631,401.2837560753155,7
2024-09-17 13:55:06.679,401.2426032710529,98
2024-09-17 13:55:06.702,401.2899444142591,101
2024-09-17 13:55:06.720,401.2093577263653,999
2024-09-17 13:55:06.771,401.2693811377184,11
2024-09-17 13:55:06.793,401.27057755166544,98
2024-09-17 13:55:06.817,401.2225485580568,101
2024-09-17 13:55:06.970,401.18090445195554,9
2024-09-17 13:55:07.006,401.2496164846252,999
2024-09-17 13:55:07.350,401.2603455623701,99
2024-09-17 13:55:08.076,401.2307694017616,9
2024-09-17 13:55:08.100,401.27104865375793,1000
2024-09-17 13:55:08.166,401.2425411420952,96
2024-09-17 13:55:08.256,401.2397290646378,10
2024-09-17 13:55:08.413,401.2391658711781,104
2024-09-17 13:55:08.709,401.2462030366718,8
2024-09-17 13:55:09.084,401.2533709750454,98
2024-09-17 13:55:09.141,401.225946128856,997
2024-09-17 13:55:09.149,401.2767922203721,95
2024-09-17 13:55:09.166,401.245985016606,98
2024-09-17 13:55:09.198,401.2485700543634,95
2024-09-17 13:55:09.200,401.2465738519924,101
2024-09-17 13:55:09.283,401.24677309634416,1002
2024-09-17 13:55:09.435,401.2293893828977,105
2024-09-17 13:55:09.467,401.2576310936496,6
2024-09-17 13:55:09.500,401.23860300833127,103
2024-09-17 13:55:09.554,401.2601703377436,1002
2024-09-17 13:55:09.622,401.2577715217017,13
2024-09-17 13:55:09.649,401.2568196075122,998
2024-09-17 13:55:09.672,401.2635226528027,7
2024-09-17 13:55:09.677,40.123804424886806,15
2024-09-17 13:55:09.679,401.2564800003319,101
2024-09-17 13:55:09.691,401.2552346328929,12
2024-09-17 13:55:09.802,401.2676771444902,13
2024-09-17 13:55:09.859,401.246312394922,7
2024-09-17 13:55:09.873,401.2546829768488,1002
2024-09-17 13:55:09.979,401.2373878836859,7
2024-09-17 13:55:09.987,401.2430349604851,1005
2024-09-17 13:55:09.988,401.2557866658335,1002
2024-09-17 13:55:10.014,401.2765580839314,103
2024-09-17 13:55:10.041,401.35054815080366,104
2024-09-17 13:55:10.047,401.389856118884,15
2024-09-17 13:55:10.057,401.3855194195079,10
2024-09-17 13:55:10.079,401.2668355134175,1001
2024-09-17 13:55:10.135,401.2518728451512,1003
2024-09-17 13:55:10.158,401.2832208667849,9
2024-09-17 13:55:10.163,401.26688380128167,11
2024-09-17 13:55:10.163,401.3694140485017,1005
2024-09-17 13:55:10.176,401.3733331851869,102
2024-09-17 13:55:10.184,401.3944379144666,104
2024-09-17 13:55:10.233,401.41036216026527,7
2024-09-17 13:55:10.315,401.37915967076106,1002
2024-09-17 13:55:10.343,401.2897739473508,1003
2024-09-17 13:55:10.392,401.3952201127629,105
2024-09-17 13:55:10.393,401.2904644248869,103
2024-09-17 13:55:10.401,401.39137238626216,1004
2024-09-17 13:55:10.408,401.39040375850254,998
2024-09-17 13:55:10.443,401.3590473140786,102
2024-09-17 13:55:10.465,401.27956113961466,96
2024-09-17 13:55:10.470,401.2895063907676,10
2024-09-17 13:55:10.478,401.28174568890273,8
2024-09-17 13:55:10.537,401.3427188039873,102
2024-09-17 13:55:10.579,401.2949085047022,7
2024-09-17 13:55:10.759,401.3734746602703,101
2024-09-17 13:55:10.760,401.3360548511117,100
2024-09-17 13:55:10.801,401.3178901859436,101
2024-09-17 13:55:10.807,401.3002826177892,99
2024-09-17 13:55:10.924,401.3056860070965,1001
2024-09-17 13:55:10.972,401.3138119186548,996
2024-09-17 13:55:11.064,401.41487070577193,1002
2024-09-17 13:55:11.135,401.3441540870756,10
2024-09-17 13:55:11.152,401.3353191837891,12
2024-09-17 13:55:11.218,401.33861428669024,10
2024-09-17 13:55:11.440,401.385319462874,100
2024-09-17 13:55:11.513,401.36207685644246,1005
2024-09-17 13:55:11.544,401.3706350700462,102
2024-09-17 13:55:11.806,401.3925318188641,13
2024-09-17 13:55:11.818,401.3787896017067,13
2024-09-17 13:55:11.853,401.3959398843685,103
2024-09-17 13:55:11.860,401.36784826533017,105
2024-09-17 13:55:11.949,401.3449332631381,103
2024-09-17 13:55:12.051,401.3818993863596,15
2024-09-17 13:55:12.382,401.3717101819015,14
2024-09-17 13:55:12.416,401.40863843968896,96
2024-09-17 13:55:12.476,401.3754211552736,99
2024-09-17 13:55:12.498,401.3644409711591,999
2024-09-17 13:55:12.635,401.37264226866114,13
2024-09-17 13:55:12.736,401.3674347320968,1003
2024-09-17 13:55:12.959,401.3654302886482,13
2024-09-17 13:55:12.974,401.37825293622393,96
2024-09-17 13:55:13.031,401.4236891298951,1000
2024-09-17 13:55:13.061,401.4151339460752,6
2024-09-17 13:55:13.156,401.41017417594105,1001
2024-09-17 13:55:13.208,401.4174114200449,13
2024-09-17 13:55:13.241,401.405348633732,1004
2024-09-17 13:55:13.270,401.41550224779866,1004
2024-09-17 13:55:13.278,401.4183887096039,1003
2024-09-17 13:55:13.290,401.4201319653448,15
2024-09-17 13:55:13.330,401.4464634851002,105
2024-09-17 13:55:13.347,401.4111885003028,102
2024-09-17 13:55:13.348,401.4194805789006,6
2024-09-17 13:55:13.382,401.3879232285642,8
2024-09-17 13:55:13.440,401.4593664553401,1004
2024-09-17 13:55:13.475,401.3994442035865,103
2024-09-17 13:55:13.565,401.42674455064224,995
2024-09-17 13:55:13.621,401.43020756488056,8
2024-09-17 13:55:13.667,401.4009446475089,6
2024-09-17 13:55:13.700,401.4381133758517,7
2024-09-17 13:55:13.700,401.45373056119774,1005
2024-09-17 13:55:13.707,401.4076675318199,101
2024-09-17 13:55:13.756,40.14676639263347,14
2024-09-17 13:55:13.791,401.4186641904265,96
2024-09-17 13:55:13.840,401.4003363320641,100
2024-09-17 13:55:13.872,401.4477883426157,104
2024-09-17 13:55:13.895,401.4002165063797,15
2024-09-17 13:55:13.907,401.4167450871804,7
2024-09-17 13:55:13.920,401.4356278582051,995
2024-09-17 13:55:14.020,401.4034972509823,15
2024-09-17 13:55:14.083,401.4108199596443,105
2024-09-17 13:55:14.188,401.4010605541182,6
2024-09-17 13:55:14.601,401.4620085467998,7
2024-09-17 13:55:14.612,401.4515696109125,95
2024-09-17 13:55:14.647,401.423780780734,100
2024-09-17 13:55:14.814,401.4120812739683,7
2024-09-17 13:55:14.829,401.4691356997394,7
2024-09-17 13:55:14.832,401.4174299242378,102
2024-09-17 13:55:15.281,401.3806724296841,96
2024-09-17 13:55:15.423,401.37905113749207,996
2024-09-17 13:55:15.630,401.3766272924834,1005
2024-09-17 13:55:16.142,401.3881305615447,8
2024-09-17 13:55:16.250,401.3670686767597,1003
2024-09-17 13:55:16.371,401.3821015294413,98
2024-09-17 13:55:16.390,401.3685300547144,102
2024-09-17 13:55:16.407,401.3653844579183,15
2024-09-17 13:55:16.507,401.3867864741933,103
2024-09-17 13:55:16.508,401.3827417546942,8
2024-09-17 13:55:16.514,401.37780982100907,98
2024-09-17 13:55:16.715,401.3832562249342,998
2024-09-17 13:55:16.768,401.395674132803,96
2024-09-17 13:55:16.787,401.3768679831234,96
2024-09-17 13:55:16.887,401.3742390883461,99
2024-09-17 13:55:16.973,401.3821619938154,12
2024-09-17 13:55:16.991,401.37119565111607,15
2024-09-17 13:55:16.995,401.3782942547234,6
2024-09-17 13:55:17.154,401.3579698791161,12
2024-09-17 13:55:17.156,401.3563933251867,1003
2024-09-17 13:55:17.181,401.3802481490449,102
2024-09-17 13:55:17.211,401.3455655802858,14
2024-09-17 13:55:17.215,401.3712131076981,1001
2024-09-17 13:55:17.265,401.3724131380503,99
2024-09-17 13:55:17.353,401.3585000249128,1000
2024-09-17 13:55:17.528,401.36828091552695,104
2024-09-17 13:55:17.537,401.35751093955946,11
2024-09-17 13:55:17.580,401.3829616301201,11
2024-09-17 13:55:17.604,401.3463648422382,99
2024-09-17 13:55:17.615,401.3826186600668,15
2024-09-17 13:55:17.760,401.3378755042229,6
2024-09-17 13:55:17.860,401.36441243659374,98
2024-09-17 13:55:18.043,401.2925124220701,1001
2024-09-17 13:55:18.094,401.2792028475329,97
2024-09-17 13:55:18.110,401.3158310068164,997
2024-09-17 13:55:18.162,401.296926254405,5
2024-09-17 13:55:18.223,401.3382461440711,102
2024-09-17 13:55:18.247,401.3087361416749,99
2024-09-17 13:55:18.275,401.30223468647904,1000
2024-09-17 13:55:18.310,401.3271208333828,1003
2024-09-17 13:55:18.317,401.2976962652638,104
2024-09-17 13:55:18.329,401.3094824890493,997
2024-09-17 13:55:18.360,401.28132242719647,1003
2024-09-17 13:55:18.440,401.30143597162765,997
2024-09-17 13:55:18.486,401.32502997273536,1004
2024-09-17 13:55:18.728,401.34713310626216,11
2024-09-17 13:55:18.800,401.34213656258817,7
2024-09-17 13:55:18.852,401.3234145148484,100
2024-09-17 13:55:18.887,401.314165716986,101
2024-09-17 13:55:18.969,401.30632640946527,999
2024-09-17 13:55:19.001,401.2607919920984,997
2024-09-17 13:55:19.381,401.2765800850386,14
2024-09-17 13:55:19.388,401.2706540477304,1005
2024-09-17 13:55:19.417,401.2728418775276,11
2024-09-17 13:55:19.432,401.2378370344218,15
2024-09-17 13:55:19.551,401.2424799614247,15
2024-09-17 13:55:19.826,401.2750698791712,103
2024-09-17 13:55:19.870,401.289664687196,14
2024-09-17 13:55:19.882,401.2397458966424,7
2024-09-17 13:55:19.980,401.2949356875634,998
2024-09-17 13:55:20.007,401.25986002447866,6
2024-09-17 13:55:20.036,401.2791096016107,100
2024-09-17 13:55:20.104,401.27664165571366,9
2024-09-17 13:55:20.168,401.2722310589962,7
2024-09-17 13:55:20.195,401.2451630588473,15
2024-09-17 13:55:20.319,401.2554218641486,97
2024-09-17 13:55:20.424,401.2431832776177,5
2024-09-17 13:55:20.569,401.2552303471073,102
2024-09-17 13:55:20.581,401.2592950459641,995
2024-09-17 13:55:20.634,401.27666818424296,995
2024-09-17 13:55:20.728,-401.2308976889393,11
2024-09-17 13:55:20.789,401.2595656149919,13
2024-09-17 13:55:20.810,401.25250702872233,99
2024-09-17 13:55:20.824,401.2805177446473,8
2024-09-17 13:55:20.891,401.2723522438347,95
2024-09-17 13:55:20.892,401.277277043731,1005
2024-09-17 13:55:20.894,401.2829078552604,100
2024-09-17 13:55:20.961,401.27854061304,102
2024-09-17 13:55:21.014,401.2809543335769,15
2024-09-17 13:55:21.046,401.2505160613138,13
2024-09-17 13:55:21.060,401.277209470771,98
2024-09-17 13:55:21.177,401.2762510343192,1005
2024-09-17 13:55:21.198,401.23624316346536,1004
2024-09-17 13:55:21.237,401.3109912109581,996
2024-09-17 13:55:21.272,401.2315087403441,1002
2024-09-17 13:55:21.281,401.3066610835368,8
2024-09-17 13:55:21.517,401.2494141548972,6
2024-09-17 13:55:21.544,401.281258259328,997
2024-09-17 13:55:21.707,401.2745387924738,10
2024-09-17 13:55:21.709,401.2797872125218,1005
2024-09-17 13:55:21.815,401.28284393427424,12
2024-09-17 13:55:21.845,401.2591059306949,97
2024-09-17 13:55:21.875,401.23742018952754,103
2024-09-17 13:55:21.903,401.2661717158322,1001
2024-09-17 13:55:21.959,401.26206375911534,1001
2024-09-17 13:55:21.969,401.2548714740492,1002
2024-09-17 13:55:21.994,401.2640516151083,997
2024-09-17 13:55:21.996,401.23624132361925,6
2024-09-17 13:55:22.027,401.1480347718107,1005
2024-09-17 13:55:22.038,401.2223162149061,15
2024-09-17 13:55:22.046,401.16409466986624,1003
2024-09-17 13:55:22.062,,14
2024-09-17 13:55:22.065,401.21362338559743,996
2024-09-17 13:55:22.106,401.1515095871494,14
2024-09-17 13:55:22.107,401.1603983574531,103
2024-09-17 13:55:22.325,,98
2024-09-17 13:55:22.393,401.199525494348,995
2024-09-17 13:55:22.487,401.0896709351352,102
2024-09-17 13:55:22.558,401.1418087983871,6
2024-09-17 13:55:22.648,401.15597832896526,96
2024-09-17 13:55:22.681,401.2276868193925,104
2024-09-17 13:55:22.712,401.21680549469886,7
2024-09-17 13:55:22.806,401.0903178719287,1001
2024-09-17 13:55:22.851,401.1605393967386,99
2024-09-17 13:55:22.890,401.12564168556565,9
2024-09-17 13:55:22.924,401.092120267987,104
2024-09-17 13:55:22.929,401.1485632614375,6
2024-09-17 13:55:22.942,40.11513369591464,1003
2024-09-17 13:55:22.949,401.1113750654607,997
2024-09-17 13:55:22.968,401.1559990683276,12
2024-09-17 13:55:22.981,401.1680240321534,995
2024-09-17 13:55:23.272,401.0917838235249,99
2024-09-17 13:55:23.864,401.098592376921,12
2024-09-17 13:55:24.094,401.1313679405772,1003
2024-09-17 13:55:24.117,401.1181751444856,1002
2024-09-17 13:55:24.256,401.1577455540582,98
2024-09-17 13:55:24.258,401.1524509916389,9
2024-09-17 13:55:24.402,401.14742057962064,1002
2024-09-17 13:55:24.459,401.155065106286,15
2024-09-17 13:55:24.505,401.1472592178861,9
2024-09-17 13:55:24.643,401.14918228551727,13
2024-09-17 13:55:24.647,401.1733590092608,7
2024-09-17 13:55:24.648,401.13102093071217,1001
2024-09-17 13:55:24.686,401.1544862271401,996
2024-09-17 13:55:24.705,401.1366419167975,9
2024-09-17 13:55:24.844,401.10797178773305,996
2024-09-17 13:55:24.931,401.1737757559199,7
2024-09-17 13:55:25.031,401.1073273685468,98
2024-09-17 13:55:25.177,401.1445350542858,99
2024-09-17 13:55:25.215,401.1512702116022,96
2024-09-17 13:55:25.300,401.1447427694791,1004
2024-09-17 13:55:25.482,401.08338251535815,14
2024-09-17 13:55:25.561,401.17236521696464,96
2024-09-17 13:55:25.600,401.1429397138138,996
2024-09-17 13:55:25.607,401.1220408287539,1001
2024-09-17 13:55:25.614,401.1444553441687,9
2024-09-17 13:55:25.765,401.1051937640123,998
2024-09-17 13:55:25.803,401.10295885634497,7
2024-09-17 13:55:25.830,401.1086454194197,1000
2024-09-17 13:55:25.845,401.107567968461,96
2024-09-17 13:55:25.885,401.1076957771219,98
2024-09-17 13:55:25.962,401.1629133923856,999
2024-09-17 13:55:26.248,401.06190769684696,13
2024-09-17 13:55:26.270,401.1365369247163,12
2024-09-17 13:55:26.302,401.0623178233117,11
2024-09-17 13:55:26.353,401.0843207790523,103
2024-09-17 13:55:26.407,401.0638998939591,7
2024-09-17 13:55:26.414,401.0999134919577,99
2024-09-17 13:55:26.604,401.0674818462538,105
2024-09-17 13:55:26.673,401.07027184035775,96
2024-09-17 13:55:26.704,401.1117099391603,1000
2024-09-17 13:55:26.803,401.0765960954564,102
2024-09-17 13:55:26.804,401.1328245539281,9
2024-09-17 13:55:26.905,401.1401164615798,8
2024-09-17 13:55:27.127,401.0712795986148,1002
2024-09-17 13:55:27.129,401.066895465075,102
2024-09-17 13:55:27.134,401.0754741732701,99
2024-09-17 13:55:27.150,401.07886521498233,6
2024-09-17 13:55:27.186,401.0551015970351,1000
2024-09-17 13:55:27.191,401.0599948835847,997
2024-09-17 13:55:27.292,401.05085461497583,1004
2024-09-17 13:55:27.329,401.07756876019386,95
2024-09-17 13:55:27.430,401.0724133970148,995
2024-09-17 13:55:27.452,401.0667784162283,7
2024-09-17 13:55:27.457,401.0716054764308,96
2024-09-17 13:55:27.506,401.0750307267964,95
2024-09-17 13:55:27.514,401.08312841789007,13
2024-09-17 13:55:27.657,401.0692718924163,9
2024-09-17 13:55:27.695,401.0794250506409,11
2024-09-17 13:55:27.702,401.0563689065889,1000
2024-09-17 13:55:27.706,401.0626621188223,102
2024-09-17 13:55:27.707,401.0713380785015,6
2024-09-17 13:55:27.719,401.0505910350928,11
2024-09-17 13:55:27.735,,1004
2024-09-17 13:55:27.807,401.0560801334927,5
2024-09-17 13:55:27.843,401.0945589998122,995
2024-09-17 13:55:27.852,401.0620681573948,14
2024-09-17 13:55:27.891,401.0772829858028,8
2024-09-17 13:55:27.910,401.08968343431377,11
2024-09-17 13:55:27.976,401.0553170880578,100
2024-09-17 13:55:27.979,401.05516550442246,15
2024-09-17 13:55:27.979,401.0708232172915,999
2024-09-17 13:55:28.288,401.0808274035527,7
2024-09-17 13:55:28.389,401.0687825580604,95
2024-09-17 13:55:28.750,401.0715478135242,99
2024-09-17 13:55:28.759,401.0624747997871,103
2024-09-17 13:55:29.040,401.1324038005143,8
2024-09-17 13:55:29.045,401.1070732310115,1002
2024-09-17 13:55:29.056,401.0894789530242,5
2024-09-17 13:55:29.088,401.0632668477086,998
2024-09-17 13:55:29.118,401.1130358094335,995
2024-09-17 13:55:29.129,401.09164579951255,7
2024-09-17 13:55:29.184,401.0906704064791,97
2024-09-17 13:55:29.229,401.05144831698783,5
2024-09-17 13:55:29.279,401.08230945823686,995
2024-09-17 13:55:29.286,401.0528418541549,13
2024-09-17 13:55:29.340,401.0658321573597,11
2024-09-17 13:55:29.369,401.1274044728724,7
2024-09-17 13:55:29.445,401.1017182899448,97
2024-09-17 13:55:29.463,401.05916955105977,12
2024-09-17 13:55:29.486,401.13075541062153,99
2024-09-17 13:55:29.508,401.0698645980444,96
2024-09-17 13:55:29.518,401.1061780477365,103
2024-09-17 13:55:29.572,401.0697193577946,6
2024-09-17 13:55:29.577,401.06998307035,15
2024-09-17 13:55:29.654,401.1000088465916,10
2024-09-17 13:55:29.685,401.0883827326013,96
2024-09-17 13:55:29.910,401.0987198411721,12
2024-09-17 13:55:29.918,401.0809158386701,98
2024-09-17 13:55:29.921,401.0571790628199,15
2024-09-17 13:55:29.975,401.0727055969646,100
2024-09-17 13:55:30.015,401.13857544115785,999
2024-09-17 13:55:30.036,401.0899012409672,97
2024-09-17 13:55:30.067,401.1103286387153,6
2024-09-17 13:55:30.088,401.1155680080661,8
2024-09-17 13:55:30.116,401.1315440050016,12
2024-09-17 13:55:30.351,401.116771964438,7
2024-09-17 13:55:30.433,401.1146470438167,97
2024-09-17 13:55:30.599,401.1234769898816,1005
2024-09-17 13:55:30.650,401.1221440089909,102
2024-09-17 13:55:30.743,401.11589982144926,13
2024-09-17 13:55:30.754,401.11033812484817,15
2024-09-17 13:55:30.869,401.1306431784242,1001
2024-09-17 13:55:30.892,401.1262264211142,1001
2024-09-17 13:55:30.926,401.1203103961999,104
2024-09-17 13:55:30.962,401.1385921414687,96
2024-09-17 13:55:30.984,401.1283040832918,7
2024-09-17 13:55:31.008,401.1160248248138,9
2024-09-17 13:55:31.089,401.1418559866212,102
2024-09-17 13:55:31.187,401.1254338660863,7
2024-09-17 13:55:31.218,401.1406834776769,997
2024-09-17 13:55:31.249,401.1162351042217,997
2024-09-17 13:55:31.336,401.14728901427736,997
2024-09-17 13:55:31.377,401.1458064303394,996
2024-09-17 13:55:31.428,401.12710940260297,9
2024-09-17 13:55:31.570,401.1244000595892,996
2024-09-17 13:55:31.600,401.1273729644998,1003
2024-09-17 13:55:31.604,401.1436977658258,15
2024-09-17 13:55:31.716,401.125674145582,996
2024-09-17 13:55:31.774,401.1055155220412,997
2024-09-17 13:55:31.845,401.14378725724174,6
2024-09-17 13:55:31.855,401.1497108475124,1001
2024-09-17 13:55:31.997,401.1394332389331,997
2024-09-17 13:55:32.106,401.08970388303806,995
2024-09-17 13:55:32.113,401.0843256924807,97
2024-09-17 13:55:32.293,401.083069466155,11
2024-09-17 13:55:32.378,401.0503687720314,101
2024-09-17 13:55:32.408,401.0835545910063,997
2024-09-17 13:55:32.441,401.07100103905503,96
2024-09-17 13:55:32.455,401.109392967251,1005
2024-09-17 13:55:32.532,401.08279982859545,104
2024-09-17 13:55:32.535,401.0841812916988,11
2024-09-17 13:55:32.601,401.035253081161,9
2024-09-17 13:55:32.651,401.0286962170232,995
2024-09-17 13:55:32.667,401.11693540316577,100
2024-09-17 13:55:32.684,401.0662786213641,104
2024-09-17 13:55:32.766,401.09006923306913,995
2024-09-17 13:55:32.766,401.0867716317912,1003
2024-09-17 13:55:32.815,401.08145274137655,101
2024-09-17 13:55:32.836,401.0601254510486,14
2024-09-17 13:55:32.849,401.0693899984564,1003
2024-09-17 13:55:34.162,401.0278061897188,7
2024-09-17 13:55:34.346,401.0255233574662,7
2024-09-17 13:55:34.366,401.02420813778485,97
2024-09-17 13:55:34.372,401.0631466212381,1003
2024-09-17 13:55:34.401,401.0575662337792,998
2024-09-17 13:55:34.438,401.03588477742727,5
2024-09-17 13:55:34.443,400.979515751796,997
2024-09-17 13:55:34.464,401.0489464750371,13
2024-09-17 13:55:34.480,401.0055669851378,99
2024-09-17 13:55:34.483,400.98060739198615,998
2024-09-17 13:55:34.492,401.0731874509504,13
2024-09-17 13:55:34.510,401.07041456831536,14
2024-09-17 13:55:34.543,401.0448128133263,104
2024-09-17 13:55:34.562,401.0482151575569,5
2024-09-17 13:55:34.587,401.0246096187879,15
2024-09-17 13:55:34.602,401.0550988296336,100
2024-09-17 13:55:34.606,401.023735313906,1004
2024-09-17 13:55:34.667,401.0462581810959,13
2024-09-17 13:55:34.675,401.0526502944948,1005
2024-09-17 13:55:34.689,401.03667517687785,97
2024-09-17 13:55:34.743,401.00964834465583,997
2024-09-17 13:55:34.769,401.0448771974071,96
2024-09-17 13:55:34.840,401.0450841010705,999
2024-09-17 13:55:34.857,401.0337976972205,7
2024-09-17 13:55:34.902,401.020256283604,98
2024-09-17 13:55:34.931,401.0644944724641,11
2024-09-17 13:55:34.952,401.0617413005757,9
2024-09-17 13:55:35.009,401.08669538258937,10
2024-09-17 13:55:35.155,401.1007707029412,104
2024-09-17 13:55:35.159,401.0936725152898,104
2024-09-17 13:55:35.164,401.0671893730586,999
2024-09-17 13:55:35.184,401.0899783297924,8
2024-09-17 13:55:35.209,401.0883383946454,9
2024-09-17 13:55:35.222,401.0534320137191,1005
2024-09-17 13:55:35.311,401.0477191108934,13
2024-09-17 13:55:35.323,401.10418204066656,999
2024-09-17 13:55:35.337,401.0531904734356,11
2024-09-17 13:55:35.356,401.08512585895375,13
2024-09-17 13:55:35.467,401.0915310596062,995
2024-09-17 13:55:35.499,401.0739692372391,6
2024-09-17 13:55:35.589,401.06600960693225,6
2024-09-17 13:55:35.674,401.0964279123154,10
2024-09-17 13:55:35.698,401.03483779402137,105
2024-09-17 13:55:35.766,401.0896834339751,997
2024-09-17 13:55:35.768,401.08555212846153,996
2024-09-17 13:55:35.801,401.0624781814311,97
2024-09-17 13:55:35.845,401.03844220152064,12
2024-09-17 13:55:35.881,401.0828552742018,12
2024-09-17 13:55:35.893,401.0876754847786,7
2024-09-17 13:55:35.909,401.1063950548197,996
2024-09-17 13:55:35.914,401.08631419091984,95
2024-09-17 13:55:35.932,401.0874309651808,103
2024-09-17 13:55:36.034,401.0008440200156,98
2024-09-17 13:55:36.061,400.98536296757385,996
2024-09-17 13:55:36.062,400.9714197347976,5
2024-09-17 13:55:36.063,401.0616720291171,6
2024-09-17 13:55:36.129,401.0051316572416,997
2024-09-17 13:55:36.208,401.0066422604772,100
2024-09-17 13:55:36.208,400.9956457253461,995
2024-09-17 13:55:36.249,401.0296794374815,10
2024-09-17 13:55:36.311,400.9872272274957,995
2024-09-17 13:55:36.325,401.0535353994262,1000
2024-09-17 13:55:36.343,401.03278057696826,8
2024-09-17 13:55:36.443,401.0377663248941,11
2024-09-17 13:55:36.504,401.01810476356127,11
2024-09-17 13:55:36.572,401.0040474724965,104
2024-09-17 13:55:36.668,401.0025608927505,1003
2024-09-17 13:55:36.672,401.0542233799361,999
2024-09-17 13:55:36.692,400.9883002164788,95
2024-09-17 13:55:36.747,401.0584200151895,101
2024-09-17 13:55:36.783,401.0610843537988,1003
2024-09-17 13:55:36.825,401.0597379047581,5
2024-09-17 13:55:36.853,401.0081347503124,13
2024-09-17 13:55:36.859,401.0263423244775,9
2024-09-17 13:55:36.869,401.0361035923186,96
2024-09-17 13:55:36.871,401.0207497228728,996
2024-09-17 13:55:36.935,400.977176186358,1002
2024-09-17 13:55:36.967,401.0002730960173,9
2024-09-17 13:55:36.996,401.0092874057804,98
2024-09-17 13:55:37.139,400.97351419666575,1003
2024-09-17 13:55:37.204,400.9594778352645,101
2024-09-17 13:55:37.211,400.9470578091989,998
2024-09-17 13:55:37.216,400.9700231212184,103
2024-09-17 13:55:37.336,400.9760062324101,1002
2024-09-17 13:55:37.346,400.96009685720895,1002
2024-09-17 13:55:37.476,400.99839611138526,103
2024-09-17 13:55:37.639,400.9589697477604,10
2024-09-17 13:55:37.649,400.9756568465954,98
2024-09-17 13:55:37.653,400.950926339841,13
2024-09-17 13:55:37.676,400.9863549265728,998
2024-09-17 13:55:37.684,400.972700778398,9
2024-09-17 13:55:37.702,400.9375666746445,100
2024-09-17 13:55:37.726,400.9686253592136,6
2024-09-17 13:55:37.727,400.95927149552347,101
2024-09-17 13:55:37.728,401.0061168113759,999
2024-09-17 13:55:37.759,401.0064343064975,1000
2024-09-17 13:55:37.819,400.9709631042272,1004
2024-09-17 13:55:37.841,400.9736269387501,103
2024-09-17 13:55:37.852,400.9857979715645,1000
2024-09-17 13:55:37.880,400.95447354060735,1003
2024-09-17 13:55:37.918,400.9548413722654,1001
2024-09-17 13:55:37.999,400.9732818289086,12
2024-09-17 13:55:38.030,400.92839657660295,11
2024-09-17 13:55:38.056,400.95257483794296,99
2024-09-17 13:55:38.110,400.9474864067612,105
2024-09-17 13:55:38.160,400.93702786298223,103
2024-09-17 13:55:38.180,400.9697587774529,997
2024-09-17 13:55:38.233,400.9483320365752,10
2024-09-17 13:55:38.278,400.935162111305,13
2024-09-17 13:55:38.296,400.9666765814097,101
2024-09-17 13:55:38.330,400.9370756237825,13
2024-09-17 13:55:38.383,400.9337273316,12
2024-09-17 13:55:38.387,400.9220867932258,999
2024-09-17 13:55:38.412,400.9519809858011,95
2024-09-17 13:55:38.451,400.91464659914544,14
2024-09-17 13:55:38.476,400.95278386146725,998
2024-09-17 13:55:38.534,400.9551556245374,11
2024-09-17 13:55:38.608,400.9497766284821,96
2024-09-17 13:55:38.641,400.95110184539,11
2024-09-17 13:55:38.667,400.9263733128953,103
2024-09-17 13:55:38.734,400.9244757159129,999
2024-09-17 13:55:38.762,400.9607601573313,1005
2024-09-17 13:55:38.793,400.9587361317472,998
2024-09-17 13:55:38.889,400.93517568338245,96
2024-09-17 13:55:38.894,400.91319336079823,998
2024-09-17 13:55:39.195,400.9371797407336,7
2024-09-17 13:55:39.242,400.9416530691571,1005
2024-09-17 13:55:39.264,400.9463006856928,1000
2024-09-17 13:55:39.405,400.9424344896244,1000
2024-09-17 13:55:39.438,400.95405157974966,98
2024-09-17 13:55:39.903,400.95531168322594,9
2024-09-17 13:55:39.913,400.939924450078,102
2024-09-17 13:55:39.946,400.9619493506134,13
2024-09-17 13:55:40.112,400.9563046500522,1003
2024-09-17 13:55:40.197,,7
2024-09-17 13:55:40.310,400.9595706761952,996
2024-09-17 13:55:40.318,400.970479969894,15
2024-09-17 13:55:40.323,400.9547417704863,104
2024-09-17 13:55:40.404,400.9621922863722,996
2024-09-17 13:55:40.480,400.9451318783292,5
2024-09-17 13:55:40.484,400.9260917007706,13
2024-09-17 13:55:40.638,400.9202040087092,995
2024-09-17 13:55:40.658,400.9273850860371,100
2024-09-17 13:55:40.687,400.9517827860204,1002
2024-09-17 13:55:40.693,400.9391597221477,995
2024-09-17 13:55:40.777,400.9554796338567,104
2024-09-17 13:55:40.797,400.9694010349564,14
2024-09-17 13:55:40.844,400.9649332842182,1004
2024-09-17 13:55:40.867,400.95529499773625,9
2024-09-17 13:55:40.891,400.9685386807132,98
2024-09-17 13:55:40.897,400.9387654221608,101
2024-09-17 13:55:40.967,400.9544154024743,101
2024-09-17 13:55:41.043,401.0237604501818,995
2024-09-17 13:55:41.169,401.00509218576514,6
2024-09-17 13:55:41.183,401.00539947733085,998
2024-09-17 13:55:41.293,401.0098638103282,105
2024-09-17 13:55:41.332,400.9028584963173,1004
2024-09-17 13:55:41.394,400.9727662566265,5
2024-09-17 13:55:41.420,401.0033193629503,7
2024-09-17 13:55:41.467,401.0131042383765,104
2024-09-17 13:55:41.526,400.92158008774817,1001
2024-09-17 13:55:41.701,400.9426780589043,5
2024-09-17 13:55:41.720,400.996852222768,6
2024-09-17 13:55:41.792,400.95613485124375,95
2024-09-17 13:55:41.936,400.9752153911337,5
2024-09-17 13:55:42.002,401.017724464895,96
2024-09-17 13:55:42.003,401.04681098466585,1003
2024-09-17 13:55:42.024,401.0687689593328,13
2024-09-17 13:55:42.056,401.0531336617842,995
2024-09-17 13:55:42.096,401.0234981494604,995
2024-09-17 13:55:42.125,401.0589278128946,997
2024-09-17 13:55:42.189,401.0541947808324,95
2024-09-17 13:55:42.204,401.0671480241351,12
2024-09-17 13:55:42.393,401.02360379208415,997
2024-09-17 13:55:42.448,401.03148207550447,12
2024-09-17 13:55:42.464,401.01282307104174,999
2024-09-17 13:55:42.518,401.0196912909695,8
2024-09-17 13:55:42.524,401.0019719154086,1001
2024-09-17 13:55:42.601,401.0536035813233,1001
2024-09-17 13:55:42.636,401.06299614912695,1000
2024-09-17 13:55:42.676,400.9970158999812,8
2024-09-17 13:55:42.715,401.0740105556351,15
2024-09-17 13:55:42.901,401.0300906724386,97
2024-09-17 13:55:42.943,401.0582738920787,99
2024-09-17 13:55:43.011,401.08028503099104,998
2024-09-17 13:55:43.121,401.0779297982562,8
2024-09-17 13:55:43.186,401.0710989117184,9
2024-09-17 13:55:43.244,401.071674467288,1004
2024-09-17 13:55:43.316,401.074248130508,102
2024-09-17 13:55:43.366,401.0714570672124,12
2024-09-17 13:55:43.368,401.0841576088658,99
2024-09-17 13:55:43.373,401.08761046455936,96
2024-09-17 13:55:43.386,401.0749005296399,5
2024-09-17 13:55:43.393,401.0691471905776,1000
2024-09-17 13:55:43.506,401.06802455375,999
2024-09-17 13:55:43.534,401.07463423191166,14
2024-09-17 13:55:43.578,401.06546975042846,95
2024-09-17 13:55:43.588,401.0684411384608,1003
2024-09-17 13:55:43.625,401.07089654569137,9
2024-09-17 13:55:43.718,401.06901784835,999
2024-09-17 13:55:43.768,401.0768555306096,10
2024-09-17 13:55:43.828,401.0654625139351,99
2024-09-17 13:55:44.004,401.09673778732594,1001
2024-09-17 13:55:44.005,401.0811765258088,99
2024-09-17 13:55:44.007,401.0867529450885,1005
2024-09-17 13:55:44.098,401.07280863530286,97
2024-09-17 13:55:44.100,401.0676662292512,1003
2024-09-17 13:55:44.184,401.047442674378,995
2024-09-17 13:55:44.226,401.0629651524058,1003
2024-09-17 13:55:44.286,401.05721836786745,7
2024-09-17 13:55:44.467,401.0666944740595,98
2024-09-17 13:55:44.483,401.0727366209202,999
2024-09-17 13:55:44.699,401.0651776631754,15
2024-09-17 13:55:44.704,401.0649895068466,999
2024-09-17 13:55:44.725,401.1149670354974,995
2024-09-17 13:55:44.864,401.0807253248397,997
2024-09-17 13:55:44.874,401.0779780259033,1003
2024-09-17 13:55:44.954,401.1072575185474,98
2024-09-17 13:55:44.981,401.1283298502476,998
2024-09-17 13:55:44.989,401.0367757062173,1002
2024-09-17 13:55:45.020,401.02755379824566,96
2024-09-17 13:55:45.079,400.9896027194762,5
2024-09-17 13:55:45.205,400.9794380860244,999
2024-09-17 13:55:45.289,401.00074244125454,1005
2024-09-17 13:55:45.303,401.0325823993522,997
2024-09-17 13:55:45.354,401.02105598709625,997
2024-09-17 13:55:45.379,401.0043983261269,13
2024-09-17 13:55:45.414,401.0438313283798,14
2024-09-17 13:55:45.421,401.0373170732881,10
2024-09-17 13:55:45.503,401.030795827544,1003
2024-09-17 13:55:45.506,400.9920961096488,8
2024-09-17 13:55:45.512,400.9747326595688,1002
2024-09-17 13:55:45.543,400.9878665235772,8
2024-09-17 13:55:45.557,401.01447935713645,97
2024-09-17 13:55:45.571,401.02682507499264,1001
2024-09-17 13:55:45.600,401.0487877316447,103
2024-09-17 13:55:45.649,401.00633918924177,1005
2024-09-17 13:55:45.666,401.0353675197936,996
2024-09-17 13:55:45.723,400.9611154582949,9
2024-09-17 13:55:45.787,401.0170589081913,5
2024-09-17 13:55:45.822,400.9898167717289,6
2024-09-17 13:55:45.846,401.00615506567306,104
2024-09-17 13:55:45.846,401.0540271211621,12
2024-09-17 13:55:45.852,400.9636335029741,97
2024-09-17 13:55:45.865,401.03964495573774,12
2024-09-17 13:55:45.955,401.0663731759348,95
2024-09-17 13:55:45.962,401.0459254473732,8
2024-09-17 13:55:46.031,400.9698432385132,12
2024-09-17 13:55:46.046,400.9573780327536,9
2024-09-17 13:55:46.062,400.9893610753357,5
2024-09-17 13:55:46.103,400.9757660260852,102
2024-09-17 13:55:46.162,400.9893719511923,96
2024-09-17 13:55:46.226,400.9968217189413,6
2024-09-17 13:55:46.230,400.98876549987466,12
2024-09-17 13:55:46.277,400.97895143418936,15
2024-09-17 13:55:46.373,400.99099979242646,995
2024-09-17 13:55:46.464,400.98241465864095,1004
2024-09-17 13:55:46.537,400.97271851273234,999
2024-09-17 13:55:46.576,400.9994272779806,104
2024-09-17 13:55:46.604,400.9847732004314,996
2024-09-17 13:55:46.684,400.96738584788375,10
2024-09-17 13:55:46.693,400.9890679266976,12
2024-09-17 13:55:46.709,400.97839460720274,96
2024-09-17 13:55:46.744,400.9613659955442,96
2024-09-17 13:55:46.755,400.9718165828525,104
2024-09-17 13:55:46.767,400.9800222652992,98
2024-09-17 13:55:46.910,400.9958617173385,1002
2024-09-17 13:55:47.050,400.9831950156004,98
2024-09-17 13:55:47.056,400.9825884553343,105
2024-09-17 13:55:47.078,400.97575463915337,6
2024-09-17 13:55:47.080,400.9914313308739,1000
2024-09-17 13:55:47.086,401.0035140663115,12
2024-09-17 13:55:47.119,400.96909113558974,6
2024-09-17 13:55:47.158,400.9954536916423,7
2024-09-17 13:55:47.213,400.9565477250384,5
2024-09-17 13:55:47.220,400.98144010816185,8
2024-09-17 13:55:47.292,400.9939727573393,997
2024-09-17 13:55:47.322,400.9662101094166,996
2024-09-17 13:55:47.441,400.97583100043227,997
2024-09-17 13:55:47.482,400.97482333898313,15
2024-09-17 13:55:47.545,401.0024499065268,996
2024-09-17 13:55:47.600,400.97987663294754,96
2024-09-17 13:55:47.611,400.9744500073605,5
2024-09-17 13:55:47.622,400.9687236307566,6
2024-09-17 13:55:47.693,400.990123978309,99
2024-09-17 13:55:47.702,400.9725171768092,997
2024-09-17 13:55:47.725,400.9718926756199,9
2024-09-17 13:55:47.930,400.9740084201955,1000
2024-09-17 13:55:47.942,401.0005210444393,995
2024-09-17 13:55:48.025,400.9093779155617,1004
2024-09-17 13:55:48.064,400.9267391478573,11
2024-09-17 13:55:48.154,400.9464861638437,5
2024-09-17 13:55:48.279,400.9153737744823,11
2024-09-17 13:55:48.448,400.9113987832416,1005
2024-09-17 13:55:48.453,400.90289654045387,1002
2024-09-17 13:55:48.551,400.9502816438432,98
2024-09-17 13:55:48.558,400.9579967788029,1000
2024-09-17 13:55:48.821,400.9733219765274,12
2024-09-17 13:55:48.917,400.9150913499972,97
2024-09-17 13:55:49.095,400.9131848766364,997
2024-09-17 13:55:49.161,400.938088509281,1002
2024-09-17 13:55:49.190,400.9274071986271,103
2024-09-17 13:55:49.217,400.93535574355457,11
2024-09-17 13:55:49.238,400.9215539954026,9
2024-09-17 13:55:49.280,400.9311929801775,12
2024-09-17 13:55:49.287,400.9339206180258,104
2024-09-17 13:55:49.312,400.9125153659127,100
2024-09-17 13:55:49.344,400.9206782408427,101
2024-09-17 13:55:49.393,400.9106659998312,1003
2024-09-17 13:55:49.427,400.9217765708084,12
2024-09-17 13:55:49.467,400.9291811542465,101
2024-09-17 13:55:49.475,400.9260924626032,99
2024-09-17 13:55:49.494,400.89790669539406,7
2024-09-17 13:55:49.503,400.907041726038,98
2024-09-17 13:55:49.578,400.910088618709,101
2024-09-17 13:55:49.582,400.9032410537088,98
2024-09-17 13:55:49.611,400.9031560322208,998
2024-09-17 13:55:49.649,400.8975902320289,14
2024-09-17 13:55:49.716,400.9081955750257,98
2024-09-17 13:55:49.718,400.9264483905997,1002
2024-09-17 13:55:49.859,400.906765030666,96
2024-09-17 13:55:50.175,400.89457849715353,102
2024-09-17 13:55:51.018,400.8961524732436,102
2024-09-17 13:55:51.046,400.8114667983903,1004
2024-09-17 13:55:51.046,400.8586406031706,9
2024-09-17 13:55:51.078,-400.8176286397868,11
2024-09-17 13:55:51.261,400.7812382519271,96
2024-09-17 13:55:51.279,400.7942964409783,15
2024-09-17 13:55:51.284,400.7986190043081,999
2024-09-17 13:55:51.343,400.77049022305806,995
2024-09-17 13:55:51.398,400.80352833162414,6
2024-09-17 13:55:51.399,400.8169805007339,1003
2024-09-17 13:55:51.401,400.80530099068864,998
2024-09-17 13:55:51.624,400.7886419587525,96
2024-09-17 13:55:51.686,400.7942422914002,1004
2024-09-17 13:55:51.720,400.7716543802725,999
2024-09-17 13:55:51.817,400.780631456188,7
2024-09-17 13:55:51.876,400.8167407034349,997
2024-09-17 13:55:51.898,400.8072246984671,103
2024-09-17 13:55:51.932,400.7716830359655,1005
2024-09-17 13:55:51.982,40.082606774961896,101
2024-09-17 13:55:52.002,400.81109212952737,997
2024-09-17 13:55:52.014,400.80995874447,10
2024-09-17 13:55:52.123,400.8069989589694,96
2024-09-17 13:55:52.126,400.80816879722175,14
2024-09-17 13:55:52.147,400.8314524057156,10
2024-09-17 13:55:52.181,400.82134319647554,997
2024-09-17 13:55:52.193,400.8105336400516,1005
2024-09-17 13:55:52.321,400.7969271345611,97
2024-09-17 13:55:52.337,400.81566914505686,1004
2024-09-17 13:55:52.450,400.7931536332384,9
2024-09-17 13:55:52.481,400.7798970333538,104
2024-09-17 13:55:52.575,400.81530233394665,95
2024-09-17 13:55:52.592,400.8404902728314,103
2024-09-17 13:55:52.594,400.8311290279189,104
2024-09-17 13:55:52.598,400.8030611970662,10
2024-09-17 13:55:52.614,-400.822664273157,102
2024-09-17 13:55:52.639,400.8096505465937,1000
2024-09-17 13:55:52.651,400.79685420072497,998
2024-09-17 13:55:52.753,400.77596650878166,99
2024-09-17 13:55:52.857,400.8248146552153,1004
2024-09-17 13:55:52.889,400.82065403528105,997
2024-09-17 13:55:52.944,400.8030459585572,11
2024-09-17 13:55:52.953,400.84213637976376,105
2024-09-17 13:55:53.010,400.850830664429,103
2024-09-17 13:55:53.094,400.841204044973,1004
2024-09-17 13:55:53.121,400.8266321287914,104
2024-09-17 13:55:53.128,400.8417289001292,8
2024-09-17 13:55:53.198,400.8433014388107,102
2024-09-17 13:55:53.241,400.8615455642007,998
2024-09-17 13:55:53.342,400.8406339449095,15
2024-09-17 13:55:53.419,400.8473800516764,100
2024-09-17 13:55:53.478,400.82344958231226,1001
2024-09-17 13:55:53.647,400.87656539941617,101
2024-09-17 13:55:53.651,400.81617711232406,1002
2024-09-17 13:55:53.724,400.8215150713512,13
2024-09-17 13:55:53.729,400.8875130327924,996
2024-09-17 13:55:53.737,400.8190325389375,10
2024-09-17 13:55:53.785,400.8511427383756,101
2024-09-17 13:55:53.825,400.8575309511935,995
2024-09-17 13:55:53.863,400.857074482534,998
2024-09-17 13:55:53.881,400.8774855716457,14
2024-09-17 13:55:53.896,400.8534066244877,1005
2024-09-17 13:55:53.932,400.8555075339301,15
2024-09-17 13:55:53.971,400.816019944094,6
2024-09-17 13:55:53.993,400.8225570982945,102
2024-09-17 13:55:54.008,400.7625526117432,998
2024-09-17 13:55:54.012,400.81431085645465,10
2024-09-17 13:55:54.205,400.8312048296105,11
2024-09-17 13:55:54.234,400.8426919379596,1002
2024-09-17 13:55:54.328,400.7751623229229,1003
2024-09-17 13:55:54.369,400.8259702560255,1003
2024-09-17 13:55:54.393,400.8271031513606,96
2024-09-17 13:55:54.437,400.7652645435292,99
2024-09-17 13:55:54.445,400.802487630211,15
2024-09-17 13:55:54.452,400.8265311037911,1003
2024-09-17 13:55:54.484,400.7560818553175,1003
2024-09-17 13:55:54.536,400.8098637179846,99
2024-09-17 13:55:54.545,400.76830513635457,997
2024-09-17 13:55:54.573,400.8089221352774,1003
2024-09-17 13:55:54.606,400.8256372280634,96
2024-09-17 13:55:54.615,,10
2024-09-17 13:55:54.650,-400.7702813270151,14
2024-09-17 13:55:54.650,400.822521060738,1004
2024-09-17 13:55:54.869,400.7962755622771,1004
2024-09-17 13:55:54.901,400.755041341417,97
2024-09-17 13:55:54.921,400.7543279628076,105
2024-09-17 13:55:54.968,400.8358438296251,996
2024-09-17 13:55:54.983,400.749855364835,100
2024-09-17 13:55:54.993,400.80199152206507,1005
2024-09-17 13:55:55.287,400.776563841373,104
2024-09-17 13:55:55.404,400.7842709763642,100
2024-09-17 13:55:55.523,400.7876449509968,98
2024-09-17 13:55:55.651,400.77655013809886,997
2024-09-17 13:55:56.038,400.739661551989,104
2024-09-17 13:55:56.088,400.7596364728832,1001
2024-09-17 13:55:56.160,400.77042149553125,13
2024-09-17 13:55:56.165,400.7694669032,102
2024-09-17 13:55:56.249,,96
2024-09-17 13:55:56.292,400.7499884438988,104
2024-09-17 13:55:56.332,400.7702142773676,14
2024-09-17 13:55:56.392,400.7914601592892,101
2024-09-17 13:55:56.442,400.744788571404,8
2024-09-17 13:55:56.519,400.7302935221743,13
2024-09-17 13:55:56.553,400.78114958165145,102
2024-09-17 13:55:56.588,400.7923585301654,996
2024-09-17 13:55:56.589,400.7693674819833,97
2024-09-17 13:55:56.600,400.7665069088693,100
2024-09-17 13:55:56.751,400.7978521666776,7
2024-09-17 13:55:56.772,-400.7472175218432,999
2024-09-17 13:55:56.779,400.7645926968897,95
2024-09-17 13:55:56.837,400.74439334963085,999
2024-09-17 13:55:56.856,400.770691367249,15
2024-09-17 13:55:56.916,400.77385137920805,999
2024-09-17 13:55:56.937,400.7748503552607,98
2024-09-17 13:55:57.123,400.78100140342457,105
2024-09-17 13:55:57.175,400.8296781109479,101
2024-09-17 13:55:57.191,400.8120909136544,102
2024-09-17 13:55:57.266,400.7773449076376,7
2024-09-17 13:55:57.371,400.84425783710327,104
2024-09-17 13:55:57.381,400.7576235460516,95
2024-09-17 13:55:57.432,400.7451461188198,97
2024-09-17 13:55:57.445,400.8499832151745,1003
2024-09-17 13:55:57.504,400.81995367070107,1004
2024-09-17 13:55:57.558,400.8281572761866,14
2024-09-17 13:55:57.607,400.7608827039572,103
2024-09-17 13:55:57.611,400.73283399073495,14
2024-09-17 13:55:57.640,400.76720124511377,103
2024-09-17 13:55:57.671,400.7593695028372,100
2024-09-17 13:55:57.677,400.74826456775935,999
2024-09-17 13:55:57.688,400.8336080250368,1000
2024-09-17 13:55:57.698,400.75305319680655,97
2024-09-17 13:55:57.735,400.73698637502224,997
2024-09-17 13:55:57.736,400.738723648332,1000
2024-09-17 13:55:57.749,400.7752047448436,11
2024-09-17 13:55:57.751,400.763200343464,1001
2024-09-17 13:55:57.753,400.7967322784519,995
2024-09-17 13:55:57.762,400.8377768740994,6
2024-09-17 13:55:57.797,400.82802168471113,7
2024-09-17 13:55:57.817,400.82542502269473,105
2024-09-17 13:55:57.881,400.7708914699745,100
2024-09-17 13:55:57.897,400.8390467190252,97
2024-09-17 13:55:57.915,-400.7712285749511,11
2024-09-17 13:55:57.958,400.7359125514266,1001
2024-09-17 13:55:57.999,400.8069759572679,98
2024-09-17 13:55:58.029,400.799948402102,996
2024-09-17 13:55:58.034,400.823816997151,7
2024-09-17 13:55:58.155,400.8415504769567,9
2024-09-17 13:55:58.168,400.8148083775448,6
2024-09-17 13:55:58.231,,98
2024-09-17 13:55:58.239,400.828476019642,100
2024-09-17 13:55:58.242,400.8284641887296,14
2024-09-17 13:55:58.264,400.8871514719204,1004
2024-09-17 13:55:58.270,400.83870795244286,12
2024-09-17 13:55:58.315,400.7924965248843,13
2024-09-17 13:55:58.334,400.8366512369551,11
2024-09-17 13:55:58.350,400.7935544986999,95
2024-09-17 13:55:58.445,400.79124054105023,995
2024-09-17 13:55:58.454,400.8617471324162,6
2024-09-17 13:55:58.456,400.8432708270836,95
2024-09-17 13:55:58.482,400.8456505181375,97
2024-09-17 13:55:58.583,400.83451263395807,101
2024-09-17 13:55:58.583,400.84874431853217,100
2024-09-17 13:55:58.605,400.8379079991743,1003
2024-09-17 13:55:58.670,400.8561770842528,99
2024-09-17 13:55:58.744,400.8270494378,5
2024-09-17 13:55:58.793,400.84391134893633,13
2024-09-17 13:55:58.811,400.8624460749247,103
2024-09-17 13:55:58.834,400.849532058712,5
2024-09-17 13:55:58.852,400.7904888815678,1001
2024-09-17 13:55:58.934,400.8358916492214,15
2024-09-17 13:55:59.020,400.7948823968174,15
2024-09-17 13:55:59.057,400.8429158628965,97
2024-09-17 13:55:59.072,400.810421862901,997
2024-09-17 13:55:59.075,400.8432288280159,99
2024-09-17 13:55:59.179,400.8133393027255,95
2024-09-17 13:55:59.235,,104
2024-09-17 13:55:59.237,400.81069057423696,97
2024-09-17 13:55:59.324,400.8413566452903,1000
2024-09-17 13:55:59.416,400.8248278102501,100
2024-09-17 13:55:59.438,400.8237318797111,97
2024-09-17 13:55:59.525,400.8394485744808,100
2024-09-17 13:55:59.601,400.8189076378324,100
2024-09-17 13:55:59.639,400.7935175871864,102
2024-09-17 13:55:59.693,400.8235974454259,1002
2024-09-17 13:55:59.724,400.8161413623447,105
2024-09-17 13:55:59.726,400.8230803260354,995
2024-09-17 13:55:59.771,400.8367545677705,96
2024-09-17 13:55:59.789,400.83545206147846,7
2024-09-17 13:55:59.792,400.8330804591574,12
2024-09-17 13:55:59.878,400.8392280339958,998
2024-09-17 13:55:59.945,400.8255462444742,1002
2024-09-17 13:55:59.956,400.8348594169109,5
2024-09-17 13:55:59.970,400.8143835931924,8
