Timestamp,Price,Size
2024-09-19 15:40:00.059,418.7363960427739,97
2024-09-19 15:40:00.075,418.7459053294924,5
2024-09-19 15:40:00.265,418.74726699168656,1004
2024-09-19 15:40:00.275,418.71936616176623,8
2024-09-19 15:40:00.311,,5
2024-09-19 15:40:00.318,418.7602131214202,999
2024-09-19 15:40:00.420,418.7710757933883,14
2024-09-19 15:40:00.439,418.742488067882,15
2024-09-19 15:40:00.451,418.770871999282,10
2024-09-19 15:40:00.466,418.74737836210574,1002
2024-09-19 15:40:00.474,418.7987552957964,96
2024-09-19 15:40:00.493,418.74527218398254,10
2024-09-19 15:40:00.556,418.7272770000778,6
2024-09-19 15:40:00.566,418.72716238867,101
2024-09-19 15:40:00.720,418.7786921401462,98
2024-09-19 15:40:00.820,418.74635088205935,104
2024-09-19 15:40:00.838,418.76833889109713,999
2024-09-19 15:40:00.866,418.7406800060333,101
2024-09-19 15:40:00.945,418.7226684149844,102
2024-09-19 15:40:01.013,418.8378817940592,996
2024-09-19 15:40:01.071,41.880533030896274,997
2024-09-19 15:40:01.184,418.8178882448341,103
2024-09-19 15:40:01.294,418.8282607788996,1001
2024-09-19 15:40:01.307,418.8132632860546,98
2024-09-19 15:40:01.311,418.8117848740123,11
2024-09-19 15:40:01.332,418.8332816703755,103
2024-09-19 15:40:01.370,418.79821266131466,103
2024-09-19 15:40:01.410,418.8215705305743,102
2024-09-19 15:40:01.493,418.8070718693454,103
2024-09-19 15:40:01.513,418.83385412306535,96
2024-09-19 15:40:01.543,418.823215541425,996
2024-09-19 15:40:01.621,418.833019484924,998
2024-09-19 15:40:01.628,418.83288220986566,1003
2024-09-19 15:40:01.635,418.8254038172445,1003
2024-09-19 15:40:01.666,418.7847515588567,13
2024-09-19 15:40:01.753,418.81748281158985,14
2024-09-19 15:40:01.914,418.7937477102971,1000
2024-09-19 15:40:01.915,418.8005567904394,95
2024-09-19 15:40:01.924,418.82971748556895,105
2024-09-19 15:40:02.017,418.855577305394,95
2024-09-19 15:40:02.061,418.8361460545474,97
2024-09-19 15:40:02.093,418.91384586135297,97
2024-09-19 15:40:02.102,,105
2024-09-19 15:40:02.150,418.84372177807575,96
2024-09-19 15:40:02.164,418.86186401779,103
2024-09-19 15:40:02.178,418.8901354065615,995
2024-09-19 15:40:02.363,418.8663050511302,99
2024-09-19 15:40:02.374,418.8644840365764,6
2024-09-19 15:40:02.394,418.8784763436352,1002
2024-09-19 15:40:02.479,418.8488372135432,7
2024-09-19 15:40:02.518,418.9244492294079,5
2024-09-19 15:40:02.521,418.9316908772881,7
2024-09-19 15:40:02.537,418.8512127985846,104
2024-09-19 15:40:02.550,418.9140838015818,999
2024-09-19 15:40:02.556,418.8545798856171,100
2024-09-19 15:40:02.557,418.8882439865856,98
2024-09-19 15:40:02.707,418.8582318257096,1000
2024-09-19 15:40:02.730,418.8775932769639,999
2024-09-19 15:40:02.737,418.8466531724332,15
2024-09-19 15:40:02.773,418.9243839420069,12
2024-09-19 15:40:02.809,418.9148019649248,995
2024-09-19 15:40:02.916,418.8600924743568,998
2024-09-19 15:40:02.996,418.8692473717611,1003
2024-09-19 15:40:03.016,418.9915491481137,998
2024-09-19 15:40:03.164,419.0196038317375,1001
2024-09-19 15:40:03.171,419.02392941742727,103
2024-09-19 15:40:03.195,419.0153261526502,995
2024-09-19 15:40:03.224,419.0143487215929,999
2024-09-19 15:40:03.237,418.97493571621465,10
2024-09-19 15:40:03.282,418.99660320598497,104
2024-09-19 15:40:03.319,419.01007578162745,13
2024-09-19 15:40:03.325,418.9832873404943,8
2024-09-19 15:40:03.666,41.89490002940615,96
2024-09-19 15:40:03.682,419.0063699541115,14
2024-09-19 15:40:03.749,418.9703015400016,6
2024-09-19 15:40:03.797,419.0049524728176,8
2024-09-19 15:40:03.919,419.0094043319959,100
2024-09-19 15:40:03.936,418.94272592463216,14
2024-09-19 15:40:03.945,419.0043895083975,101
2024-09-19 15:40:03.992,418.959131142455,104
2024-09-19 15:40:04.037,418.95904768724967,98
2024-09-19 15:40:04.040,419.01226545018375,7
2024-09-19 15:40:04.071,419.0002634662426,995
2024-09-19 15:40:04.211,419.0338435143354,998
2024-09-19 15:40:04.245,418.9713373150997,104
2024-09-19 15:40:04.297,41.9030078592269,1001
2024-09-19 15:40:04.371,418.97720147481726,1003
2024-09-19 15:40:04.373,418.9813121700032,10
2024-09-19 15:40:04.409,419.0289065673289,102
2024-09-19 15:40:04.410,418.9614236465374,995
2024-09-19 15:40:04.550,419.0480704721308,98
2024-09-19 15:40:04.607,419.0272914610828,102
2024-09-19 15:40:04.635,419.0241171098103,11
2024-09-19 15:40:04.731,418.9595944936131,1001
2024-09-19 15:40:04.866,419.033608043043,14
2024-09-19 15:40:04.873,419.0238016858577,9
2024-09-19 15:40:04.880,419.0163077875145,9
2024-09-19 15:40:04.905,419.0353244056709,5
2024-09-19 15:40:04.910,419.0113208946251,103
2024-09-19 15:40:04.986,419.01402329672027,98
2024-09-19 15:40:05.038,418.9348543978105,95
2024-09-19 15:40:05.634,-418.9389583227003,1005
2024-09-19 15:40:05.733,418.9381573566932,14
2024-09-19 15:40:06.010,418.9055195745517,997
2024-09-19 15:40:06.041,418.95797646205386,6
2024-09-19 15:40:06.119,418.9025516239444,999
2024-09-19 15:40:06.173,418.9455914514708,996
2024-09-19 15:40:06.200,418.9255568453581,1003
2024-09-19 15:40:06.233,418.9343472842269,996
2024-09-19 15:40:06.328,418.92988601051366,96
2024-09-19 15:40:06.333,418.9773623992303,102
2024-09-19 15:40:06.359,418.9471423035982,101
2024-09-19 15:40:06.374,418.9925589161164,11
2024-09-19 15:40:06.450,418.913639863401,14
2024-09-19 15:40:06.542,418.98280513831975,100
2024-09-19 15:40:06.551,418.9659031937327,996
2024-09-19 15:40:06.594,418.9617070689185,1002
2024-09-19 15:40:06.679,418.9552529103697,1001
2024-09-19 15:40:06.698,418.9781332633594,1002
2024-09-19 15:40:06.700,418.976482024656,999
2024-09-19 15:40:06.722,418.9266744210523,105
2024-09-19 15:40:06.731,418.948138993744,101
2024-09-19 15:40:06.732,418.99461297009566,13
2024-09-19 15:40:06.777,418.9369137485189,104
2024-09-19 15:40:06.794,418.95400454647137,8
2024-09-19 15:40:06.876,418.9861313741983,10
2024-09-19 15:40:06.897,418.9427483722896,10
2024-09-19 15:40:06.907,418.9624664754985,105
2024-09-19 15:40:06.921,418.9771731198419,1002
2024-09-19 15:40:06.965,418.94551393189056,1000
2024-09-19 15:40:06.977,418.96239160171393,99
2024-09-19 15:40:07.003,419.0034420503481,96
2024-09-19 15:40:07.023,419.00418499583486,104
2024-09-19 15:40:07.087,419.01165622523126,96
2024-09-19 15:40:07.148,419.00480108598754,1001
2024-09-19 15:40:07.257,419.01540482757,15
2024-09-19 15:40:07.317,41.90084075230215,996
2024-09-19 15:40:07.366,419.0092119020496,99
2024-09-19 15:40:07.409,419.014379864421,997
2024-09-19 15:40:07.433,419.0037000489728,997
2024-09-19 15:40:07.499,419.0244275145191,13
2024-09-19 15:40:07.631,419.0071316234868,105
2024-09-19 15:40:07.637,418.9953633559507,1005
2024-09-19 15:40:07.651,418.9980031252624,98
2024-09-19 15:40:07.707,418.99172875742863,10
2024-09-19 15:40:07.729,419.0091098267067,101
2024-09-19 15:40:07.843,418.9939536845664,1001
2024-09-19 15:40:07.967,419.0167788455269,5
2024-09-19 15:40:07.991,419.0206164324927,101
2024-09-19 15:40:08.191,418.9996723196336,14
2024-09-19 15:40:08.353,418.9971446307339,12
2024-09-19 15:40:08.360,419.0046883352781,98
2024-09-19 15:40:08.607,418.9981887666657,1000
2024-09-19 15:40:09.005,418.9436586734988,1005
2024-09-19 15:40:09.107,418.9719263545461,1005
2024-09-19 15:40:09.144,418.9754441063842,100
2024-09-19 15:40:09.175,418.9501588561128,12
2024-09-19 15:40:09.224,418.978020652413,1003
2024-09-19 15:40:09.301,418.9645999768516,15
2024-09-19 15:40:09.382,418.9614110741336,998
2024-09-19 15:40:09.408,418.9403340562158,98
2024-09-19 15:40:09.467,418.9543410632179,95
2024-09-19 15:40:09.669,418.95292584357753,99
2024-09-19 15:40:09.683,418.94726465426106,15
2024-09-19 15:40:09.765,418.9512359289789,6
2024-09-19 15:40:09.847,418.9556399530968,104
2024-09-19 15:40:10.019,418.9232435200947,1004
2024-09-19 15:40:10.177,418.9444845111772,10
2024-09-19 15:40:10.217,418.8313304937535,102
2024-09-19 15:40:10.311,418.8590381751396,12
2024-09-19 15:40:10.452,418.8510829482228,999
2024-09-19 15:40:10.465,418.8613283805778,11
2024-09-19 15:40:10.479,418.8645892349018,5
2024-09-19 15:40:10.483,418.9111354889478,1001
2024-09-19 15:40:10.484,418.85580246380334,95
2024-09-19 15:40:10.553,418.9295465484664,5
2024-09-19 15:40:10.611,418.84632248613366,105
2024-09-19 15:40:10.634,418.8496745964986,1001
2024-09-19 15:40:10.654,418.8621013951975,15
2024-09-19 15:40:10.702,418.9187605714354,11
2024-09-19 15:40:10.704,418.8569766765167,103
2024-09-19 15:40:10.732,419.57806979124615,105
2024-09-19 15:40:10.738,41.89234907228239,97
2024-09-19 15:40:10.755,418.924115539812,996
2024-09-19 15:40:10.780,418.8398123578796,102
2024-09-19 15:40:10.888,418.9172389651776,11
2024-09-19 15:40:10.911,419.5821208279634,1005
2024-09-19 15:40:10.946,418.8510397927828,99
2024-09-19 15:40:10.958,418.92291252951605,8
2024-09-19 15:40:10.976,418.8597650629642,98
2024-09-19 15:40:11.056,418.8379781883746,15
2024-09-19 15:40:11.137,418.8638103222356,101
2024-09-19 15:40:11.232,418.81170178957854,104
2024-09-19 15:40:11.239,418.8633956736047,11
2024-09-19 15:40:11.300,418.8656364311454,101
2024-09-19 15:40:11.347,418.7933106917999,9
2024-09-19 15:40:11.383,418.86901343231074,1001
2024-09-19 15:40:11.468,418.8799190793839,1002
2024-09-19 15:40:11.537,418.8589511512629,1001
2024-09-19 15:40:11.575,418.8365142598793,105
2024-09-19 15:40:11.854,418.81316049129873,1004
2024-09-19 15:40:11.967,418.86600862770433,1003
2024-09-19 15:40:12.015,418.8055473891356,5
2024-09-19 15:40:12.040,418.88353475245134,11
2024-09-19 15:40:12.058,418.7823210851832,12
2024-09-19 15:40:12.076,418.8126720041778,14
2024-09-19 15:40:12.180,418.8919976944357,103
2024-09-19 15:40:12.204,418.8979582163713,10
2024-09-19 15:40:12.277,418.7958980056869,11
2024-09-19 15:40:12.325,418.8118213434385,1002
2024-09-19 15:40:12.507,418.78865895732224,995
2024-09-19 15:40:12.535,418.8328383844795,997
2024-09-19 15:40:12.602,418.8180874560189,995
2024-09-19 15:40:12.746,418.891887013591,996
2024-09-19 15:40:12.753,418.8296453388056,7
2024-09-19 15:40:12.767,418.8067232584747,9
2024-09-19 15:40:12.769,418.8492923893894,8
2024-09-19 15:40:12.779,418.78227878987934,1000
2024-09-19 15:40:12.789,418.80764329883664,14
2024-09-19 15:40:12.819,418.8206839541644,14
2024-09-19 15:40:12.905,418.81678511140393,99
2024-09-19 15:40:12.913,418.7945860266767,96
2024-09-19 15:40:12.933,418.86518180561575,1004
2024-09-19 15:40:12.939,418.8307615516115,15
2024-09-19 15:40:12.946,418.8945529773056,995
2024-09-19 15:40:12.951,418.8274398499516,9
2024-09-19 15:40:12.959,418.7913881324495,1005
2024-09-19 15:40:12.962,418.7986858622857,105
2024-09-19 15:40:13.098,418.8833796416648,1005
2024-09-19 15:40:13.100,418.90872405918464,1002
2024-09-19 15:40:13.222,418.9076163425332,1005
2024-09-19 15:40:13.378,418.8945185407582,1004
2024-09-19 15:40:13.455,418.8186449233733,99
2024-09-19 15:40:13.661,418.89750346224304,6
2024-09-19 15:40:13.690,418.86784075817707,1001
2024-09-19 15:40:13.702,418.8619134144254,1005
2024-09-19 15:40:13.724,418.861107405813,1002
2024-09-19 15:40:13.738,418.8689022127311,101
2024-09-19 15:40:13.786,418.8785598954704,1000
2024-09-19 15:40:13.800,418.81937138257433,995
2024-09-19 15:40:13.813,418.8887560690407,1003
2024-09-19 15:40:13.813,418.8762698855927,1003
2024-09-19 15:40:13.815,418.8986215210304,12
2024-09-19 15:40:13.836,418.8590315527657,996
2024-09-19 15:40:13.854,418.889288572389,100
2024-09-19 15:40:13.891,418.880286156861,12
2024-09-19 15:40:14.037,418.859596661284,97
2024-09-19 15:40:14.073,418.8258176471186,5
2024-09-19 15:40:14.100,418.8385596938792,95
2024-09-19 15:40:14.130,418.8291763698346,7
2024-09-19 15:40:14.347,418.83877568694913,11
2024-09-19 15:40:14.407,418.8535027799955,97
2024-09-19 15:40:14.409,418.833334435619,97
2024-09-19 15:40:14.419,418.82591972912894,100
2024-09-19 15:40:14.428,418.8487047629218,1004
2024-09-19 15:40:14.457,418.8349687636977,102
2024-09-19 15:40:14.462,418.833819734963,11
2024-09-19 15:40:14.671,418.8383735243924,11
2024-09-19 15:40:14.698,418.84406034946846,104
2024-09-19 15:40:14.723,418.8306720051928,9
2024-09-19 15:40:14.738,418.8381598101342,10
2024-09-19 15:40:14.908,418.88469470556487,14
2024-09-19 15:40:14.979,418.8170161905568,11
2024-09-19 15:40:14.995,418.8317695439317,11
2024-09-19 15:40:15.001,418.8035186893193,103
2024-09-19 15:40:15.010,418.7853905002504,12
2024-09-19 15:40:15.187,418.767681682172,997
2024-09-19 15:40:15.226,418.8113118237172,101
2024-09-19 15:40:15.239,418.7578693901963,99
2024-09-19 15:40:15.366,418.7970901558512,100
2024-09-19 15:40:15.371,418.7559093984853,13
2024-09-19 15:40:15.379,418.7817269976063,102
2024-09-19 15:40:15.391,418.7698665234569,104
2024-09-19 15:40:15.416,418.8085437091488,1001
2024-09-19 15:40:15.417,418.79691243187887,1001
2024-09-19 15:40:15.540,418.7846530850551,1000
2024-09-19 15:40:15.585,418.7969207239331,99
2024-09-19 15:40:15.880,418.7843468923999,11
2024-09-19 15:40:15.885,418.773566446849,1003
2024-09-19 15:40:16.023,418.78479033028697,12
2024-09-19 15:40:16.072,418.7565916489156,98
2024-09-19 15:40:16.125,418.7610549547984,13
2024-09-19 15:40:16.167,418.8008988229191,999
2024-09-19 15:40:16.249,418.79604665037976,13
2024-09-19 15:40:16.257,418.8071153097972,13
2024-09-19 15:40:16.279,418.7860852913959,15
2024-09-19 15:40:16.303,418.8236142586278,95
2024-09-19 15:40:16.319,418.7483535456057,15
2024-09-19 15:40:16.328,418.7864264365972,5
2024-09-19 15:40:16.337,418.7690971874361,13
2024-09-19 15:40:16.450,418.7333120779927,10
2024-09-19 15:40:16.469,418.80588573979054,95
2024-09-19 15:40:16.496,418.8019079204497,102
2024-09-19 15:40:16.538,418.7798918530457,8
2024-09-19 15:40:16.543,418.74126487576905,95
2024-09-19 15:40:16.587,418.765582985419,5
2024-09-19 15:40:16.611,418.7542867997482,5
2024-09-19 15:40:16.639,418.79742152329806,999
2024-09-19 15:40:16.652,418.76065960326025,102
2024-09-19 15:40:16.698,418.74757355680754,95
2024-09-19 15:40:16.740,418.7945711502359,998
2024-09-19 15:40:16.749,418.780075916473,12
2024-09-19 15:40:16.760,419.652037151942,1003
2024-09-19 15:40:16.836,418.76152174405576,9
2024-09-19 15:40:16.859,418.77848352441686,995
2024-09-19 15:40:16.894,418.7580354146188,100
2024-09-19 15:40:16.895,418.778449792117,97
2024-09-19 15:40:16.919,418.7685120367341,100
2024-09-19 15:40:16.954,418.7722504387855,995
2024-09-19 15:40:17.024,418.81170199219423,99
2024-09-19 15:40:17.153,418.79997138110576,5
2024-09-19 15:40:17.208,418.7763262084319,15
2024-09-19 15:40:17.216,418.77688459621385,1000
2024-09-19 15:40:17.218,418.8160241498945,998
2024-09-19 15:40:17.325,418.7989990335963,5
2024-09-19 15:40:17.338,418.7945689882102,1004
2024-09-19 15:40:17.401,418.7922314388664,9
2024-09-19 15:40:17.522,418.7735492781983,1004
2024-09-19 15:40:17.561,418.7832553314792,1001
2024-09-19 15:40:17.608,418.8401306188642,8
2024-09-19 15:40:17.612,418.79892291969657,100
2024-09-19 15:40:17.691,418.8076145584629,15
2024-09-19 15:40:17.708,418.8111577897029,96
2024-09-19 15:40:17.710,418.7972925972186,15
2024-09-19 15:40:17.745,418.8243751252753,98
2024-09-19 15:40:17.793,418.81000579503234,102
2024-09-19 15:40:17.829,418.8030534931602,1002
2024-09-19 15:40:17.873,418.7751225896217,6
2024-09-19 15:40:17.892,418.8107513798021,105
2024-09-19 15:40:17.953,418.761703617899,102
2024-09-19 15:40:18.077,418.8449296060616,1004
2024-09-19 15:40:18.103,419.65913455035655,7
2024-09-19 15:40:18.153,418.84785042915695,996
2024-09-19 15:40:18.173,418.84109762307503,12
2024-09-19 15:40:18.209,418.8337704779212,998
2024-09-19 15:40:18.286,418.8539570799293,997
2024-09-19 15:40:18.312,418.8363490392713,8
2024-09-19 15:40:18.424,418.8196268614368,95
2024-09-19 15:40:18.495,418.84184534180446,101
2024-09-19 15:40:18.588,418.8306871704255,97
2024-09-19 15:40:18.701,418.8628496203722,96
2024-09-19 15:40:18.717,418.8340912143119,100
2024-09-19 15:40:18.766,418.85754790702873,13
2024-09-19 15:40:18.781,418.8498105770983,1005
2024-09-19 15:40:18.783,418.8483710180018,103
2024-09-19 15:40:18.802,418.83658460782544,998
2024-09-19 15:40:18.832,419.6384619399192,11
2024-09-19 15:40:18.934,418.82521286600365,1001
2024-09-19 15:40:18.939,418.84576860827474,97
2024-09-19 15:40:18.973,418.8554772325293,97
2024-09-19 15:40:18.984,418.8512313586757,104
2024-09-19 15:40:18.987,418.8134194081263,95
2024-09-19 15:40:19.072,418.8601429481858,1005
2024-09-19 15:40:19.190,418.8724849323176,6
2024-09-19 15:40:19.332,418.85519442802,1005
2024-09-19 15:40:19.507,418.8764209127279,105
2024-09-19 15:40:19.554,418.8798449797928,9
2024-09-19 15:40:19.566,418.8769361812439,997
2024-09-19 15:40:19.683,418.86869858063113,14
2024-09-19 15:40:19.703,418.8759033818599,96
2024-09-19 15:40:19.719,418.8578650453993,12
2024-09-19 15:40:19.742,418.86087878634055,999
2024-09-19 15:40:19.744,418.856079938528,13
2024-09-19 15:40:19.746,418.8611434305901,1002
2024-09-19 15:40:19.759,418.8872966048591,12
2024-09-19 15:40:19.857,418.879837437348,996
2024-09-19 15:40:19.929,418.8675002944284,8
2024-09-19 15:40:19.970,418.8548837814304,1001
2024-09-19 15:40:19.977,418.8786800438322,1001
2024-09-19 15:40:21.045,418.8470888832694,9
2024-09-19 15:40:21.227,418.8649848710954,14
2024-09-19 15:40:21.295,418.8490197527571,1002
2024-09-19 15:40:21.553,418.85256124952855,1003
2024-09-19 15:40:21.734,418.8528313710036,1002
2024-09-19 15:40:21.757,418.8388070867289,15
2024-09-19 15:40:21.781,418.8301109746174,1002
2024-09-19 15:40:21.803,-418.85502724594176,1001
2024-09-19 15:40:21.984,418.8438977292217,104
2024-09-19 15:40:22.029,418.8793603760981,102
2024-09-19 15:40:22.045,418.8818894059177,1003
2024-09-19 15:40:22.049,418.9089968727649,999
2024-09-19 15:40:22.077,418.85782243670855,15
2024-09-19 15:40:22.115,418.8554062179591,997
2024-09-19 15:40:22.133,418.87993819657385,6
2024-09-19 15:40:22.152,418.8724292240767,11
2024-09-19 15:40:22.175,418.87979827409134,1001
2024-09-19 15:40:22.184,418.877575051844,101
2024-09-19 15:40:22.225,418.8820624745527,15
2024-09-19 15:40:22.243,418.8580538692759,1000
2024-09-19 15:40:22.250,418.9015389879775,102
2024-09-19 15:40:22.274,418.8535709906112,9
2024-09-19 15:40:22.293,418.8978353298012,105
2024-09-19 15:40:22.299,418.88932781767016,96
2024-09-19 15:40:22.328,418.8805859922944,996
2024-09-19 15:40:22.409,418.9069089702076,98
2024-09-19 15:40:22.462,418.8924381449015,999
2024-09-19 15:40:22.499,418.8661943480695,5
2024-09-19 15:40:22.511,418.90895384225314,95
2024-09-19 15:40:22.562,418.87629680020143,5
2024-09-19 15:40:22.758,418.8824139083311,1002
2024-09-19 15:40:22.761,418.905776206721,8
2024-09-19 15:40:22.770,418.8699202122336,98
2024-09-19 15:40:22.814,418.8913915761527,101
2024-09-19 15:40:22.922,418.8832602779792,6
2024-09-19 15:40:22.926,418.8760555421186,1004
2024-09-19 15:40:22.946,418.8912210708021,98
2024-09-19 15:40:22.949,418.89115244342855,1002
2024-09-19 15:40:22.950,-418.8719484239028,1003
2024-09-19 15:40:23.391,418.90875779692686,995
2024-09-19 15:40:24.068,418.8887824774712,12
2024-09-19 15:40:24.305,418.9145068302034,98
2024-09-19 15:40:24.341,418.9058961368183,102
2024-09-19 15:40:24.377,418.8795956957131,1002
2024-09-19 15:40:24.391,418.8959007302576,12
2024-09-19 15:40:24.443,418.8887284038177,997
2024-09-19 15:40:24.449,418.8845196203014,13
2024-09-19 15:40:24.461,418.8837016918722,996
2024-09-19 15:40:24.474,418.9062707007072,1004
2024-09-19 15:40:24.534,-418.9007241629725,997
2024-09-19 15:40:24.567,418.9132775965367,100
2024-09-19 15:40:24.689,418.88527111608926,5
2024-09-19 15:40:24.878,418.88635415692966,101
2024-09-19 15:40:25.124,418.9580489350511,998
2024-09-19 15:40:25.177,418.94601681469794,15
2024-09-19 15:40:25.184,418.9474277278224,103
2024-09-19 15:40:25.207,418.945647616633,6
2024-09-19 15:40:25.283,418.90753030225176,97
2024-09-19 15:40:25.406,418.9248110218192,95
2024-09-19 15:40:25.524,418.9486786956156,12
2024-09-19 15:40:25.544,418.95062457461904,99
2024-09-19 15:40:25.562,418.9370660872972,999
2024-09-19 15:40:25.700,418.9450444308701,11
2024-09-19 15:40:25.739,418.8929847696617,14
2024-09-19 15:40:25.799,418.9605641036294,14
2024-09-19 15:40:25.816,418.9427977004544,12
2024-09-19 15:40:25.835,418.8810262105599,95
2024-09-19 15:40:25.848,418.938593210356,1001
2024-09-19 15:40:25.857,418.9050158528444,95
2024-09-19 15:40:25.973,418.9017303940603,996
2024-09-19 15:40:25.987,418.941604559844,7
2024-09-19 15:40:26.023,418.9359636398473,96
2024-09-19 15:40:26.040,418.9396668307122,1004
2024-09-19 15:40:26.555,418.9385071413213,10
2024-09-19 15:40:27.023,418.9289972867451,100
2024-09-19 15:40:27.035,418.9426683970788,8
2024-09-19 15:40:27.062,418.943482466333,12
2024-09-19 15:40:27.066,418.94686611971,1001
2024-09-19 15:40:27.092,419.01709024586165,1004
2024-09-19 15:40:27.170,418.9455707638878,1002
2024-09-19 15:40:27.198,418.91598510420806,10
2024-09-19 15:40:27.210,418.9283296791146,6
2024-09-19 15:40:27.267,418.9474509138182,1000
2024-09-19 15:40:27.283,418.91515655010807,9
2024-09-19 15:40:27.291,419.01742614559225,14
2024-09-19 15:40:27.319,419.70384174133466,10
2024-09-19 15:40:27.369,418.9848162039286,13
2024-09-19 15:40:27.438,418.9357817313335,9
2024-09-19 15:40:27.548,418.9551212033628,97
2024-09-19 15:40:27.567,418.9051912040949,99
2024-09-19 15:40:27.692,418.92998915958776,996
2024-09-19 15:40:27.706,418.92464100102615,104
2024-09-19 15:40:27.728,418.9801513289448,995
2024-09-19 15:40:27.740,418.97146665277256,102
2024-09-19 15:40:27.755,419.02603955857,95
2024-09-19 15:40:27.795,418.9327575737317,1000
2024-09-19 15:40:27.796,418.9559331481451,97
2024-09-19 15:40:27.825,418.9549701872069,13
2024-09-19 15:40:27.899,418.98932753436816,103
2024-09-19 15:40:27.906,418.9308475630952,96
2024-09-19 15:40:27.916,418.9311776540077,98
2024-09-19 15:40:27.918,419.0186377014318,5
2024-09-19 15:40:27.988,418.925884423034,99
2024-09-19 15:40:28.041,419.02857168763694,105
2024-09-19 15:40:28.109,418.95895813166,102
2024-09-19 15:40:28.196,419.0275533273277,10
2024-09-19 15:40:28.233,419.0019845692807,102
2024-09-19 15:40:28.292,,998
2024-09-19 15:40:28.343,418.9708063831778,1004
2024-09-19 15:40:28.362,419.0032624891533,103
2024-09-19 15:40:28.433,419.0272509687292,5
2024-09-19 15:40:28.461,419.007418486529,6
2024-09-19 15:40:28.472,419.0167346572882,105
2024-09-19 15:40:28.492,418.9584275305642,10
2024-09-19 15:40:28.498,419.0225096827868,7
2024-09-19 15:40:28.518,419.0305272280789,105
2024-09-19 15:40:28.567,419.0149318581957,97
2024-09-19 15:40:28.572,419.03387214276864,997
2024-09-19 15:40:28.632,419.0229846011785,96
2024-09-19 15:40:28.721,418.9964266919919,1005
2024-09-19 15:40:28.871,419.0231745270482,103
2024-09-19 15:40:28.874,419.0157233742976,99
2024-09-19 15:40:28.986,419.01233973004,104
2024-09-19 15:40:29.033,419.0439009196527,101
2024-09-19 15:40:29.034,418.9654909896314,102
2024-09-19 15:40:29.082,419.0192384814493,10
2024-09-19 15:40:29.097,418.97951909968026,102
2024-09-19 15:40:29.178,419.0478884641785,104
2024-09-19 15:40:29.211,419.0458716720321,8
2024-09-19 15:40:29.234,418.9992341604568,7
2024-09-19 15:40:29.263,419.00960681067176,1005
2024-09-19 15:40:29.386,419.017430150898,6
2024-09-19 15:40:29.391,418.9870161800426,98
2024-09-19 15:40:29.394,419.0075243170645,1005
2024-09-19 15:40:29.443,419.02588941777617,95
2024-09-19 15:40:29.484,418.9766291392437,11
2024-09-19 15:40:29.516,418.9694836585208,15
2024-09-19 15:40:29.524,-418.96522885962,15
2024-09-19 15:40:29.654,419.0307811285637,11
2024-09-19 15:40:29.669,418.97172375608,95
2024-09-19 15:40:29.697,419.0052251046873,13
2024-09-19 15:40:29.727,418.9814041769629,98
2024-09-19 15:40:29.737,419.0628005128896,12
2024-09-19 15:40:29.784,419.0575846585854,13
2024-09-19 15:40:29.805,419.0311313296123,996
2024-09-19 15:40:29.817,,102
2024-09-19 15:40:29.850,419.05129063125054,99
2024-09-19 15:40:29.952,418.9766946897512,95
2024-09-19 15:40:30.051,418.98018319069513,9
2024-09-19 15:40:30.072,418.9892500691458,12
2024-09-19 15:40:30.086,418.9500191755863,100
2024-09-19 15:40:30.098,418.9142412049619,12
2024-09-19 15:40:30.104,418.9451741758442,6
2024-09-19 15:40:30.114,418.92347528197394,1002
2024-09-19 15:40:30.217,418.9553855377618,998
2024-09-19 15:40:30.297,418.9985132055701,6
2024-09-19 15:40:30.359,418.9100212165248,105
2024-09-19 15:40:30.366,41.88917724526759,997
2024-09-19 15:40:30.371,418.9589716557815,103
2024-09-19 15:40:30.373,418.96241467660985,14
2024-09-19 15:40:30.388,418.90852677013766,105
2024-09-19 15:40:30.438,418.9899498748794,103
2024-09-19 15:40:30.443,418.9859772392738,101
2024-09-19 15:40:30.520,418.95620122505386,1005
2024-09-19 15:40:30.597,418.8917273125328,99
2024-09-19 15:40:30.650,418.9902027667512,1002
2024-09-19 15:40:30.730,419.0014531562393,998
2024-09-19 15:40:30.739,419.0058178367932,1004
2024-09-19 15:40:30.792,419.0057044589903,95
2024-09-19 15:40:30.808,418.9053749513367,1002
2024-09-19 15:40:30.906,418.9438039296453,5
2024-09-19 15:40:30.914,418.9394314691747,100
2024-09-19 15:40:30.962,418.9699864768904,96
2024-09-19 15:40:30.967,418.9251680236465,996
2024-09-19 15:40:30.975,418.9110667160239,103
2024-09-19 15:40:30.983,419.0200655648095,13
2024-09-19 15:40:31.028,419.0505941057825,102
2024-09-19 15:40:31.104,419.0309535231429,8
2024-09-19 15:40:31.148,418.9878071447728,13
2024-09-19 15:40:31.202,419.0213671453978,1003
2024-09-19 15:40:31.210,419.0278779859871,8
2024-09-19 15:40:31.282,419.04486462883057,7
2024-09-19 15:40:31.302,419.03053207113993,103
2024-09-19 15:40:31.323,419.04773343752606,5
2024-09-19 15:40:31.378,419.01082024210586,105
2024-09-19 15:40:31.384,419.0667969142627,100
2024-09-19 15:40:31.397,418.9542347870917,101
2024-09-19 15:40:31.426,419.0248401351329,100
2024-09-19 15:40:31.426,419.0504121200955,6
2024-09-19 15:40:31.452,419.0219188056438,105
2024-09-19 15:40:31.515,419.0509496060926,96
2024-09-19 15:40:31.604,419.03737462652833,8
2024-09-19 15:40:31.632,419.03389716698535,101
2024-09-19 15:40:31.652,419.04218103509,1001
2024-09-19 15:40:31.671,-419.0394751926596,1005
2024-09-19 15:40:31.717,419.0230610137774,1001
2024-09-19 15:40:31.721,419.0391335259899,5
2024-09-19 15:40:31.768,419.0285514430404,96
2024-09-19 15:40:31.793,419.05006741545606,97
2024-09-19 15:40:31.864,419.0600140536749,999
2024-09-19 15:40:31.879,418.9688771201169,15
2024-09-19 15:40:31.896,419.0536012785321,1000
2024-09-19 15:40:31.966,419.0458355656183,96
2024-09-19 15:40:31.968,419.0444157312639,98
2024-09-19 15:40:31.990,418.991617633632,1005
2024-09-19 15:40:32.019,418.9733559995764,7
2024-09-19 15:40:32.029,418.9722214477905,1003
2024-09-19 15:40:32.031,418.99063139948606,102
2024-09-19 15:40:32.046,419.0385252887301,12
2024-09-19 15:40:32.061,418.9932566441462,15
2024-09-19 15:40:32.080,418.9833197285399,997
2024-09-19 15:40:32.080,41.90295270746147,14
2024-09-19 15:40:32.084,418.9757972133622,996
2024-09-19 15:40:32.104,,995
2024-09-19 15:40:32.121,419.05124901982623,5
2024-09-19 15:40:32.160,418.9822689321418,5
2024-09-19 15:40:32.199,418.9713910503373,101
2024-09-19 15:40:32.204,418.9884936917997,995
2024-09-19 15:40:32.395,418.9635113191681,6
2024-09-19 15:40:32.454,419.0262740246456,8
2024-09-19 15:40:32.498,-418.9785119137412,96
2024-09-19 15:40:32.513,418.98030642982087,13
2024-09-19 15:40:32.557,419.0201870569356,1001
2024-09-19 15:40:32.565,419.0504827348587,100
2024-09-19 15:40:32.616,419.0411729535346,1000
2024-09-19 15:40:32.630,,996
2024-09-19 15:40:32.669,419.0047767992048,95
2024-09-19 15:40:32.679,418.9763648858736,10
2024-09-19 15:40:32.715,419.0323254325861,99
2024-09-19 15:40:32.755,418.98171003891065,100
2024-09-19 15:40:32.855,418.979947272672,13
2024-09-19 15:40:32.871,418.9715310175124,1001
2024-09-19 15:40:32.918,419.0387807604703,1001
2024-09-19 15:40:32.926,418.9694180683626,9
2024-09-19 15:40:32.989,419.02962245679146,1000
2024-09-19 15:40:33.008,418.9681574059188,8
2024-09-19 15:40:33.008,418.9901293670217,13
2024-09-19 15:40:33.090,418.9888084906148,104
2024-09-19 15:40:33.241,418.9581206866816,1001
2024-09-19 15:40:33.242,418.9779390940885,104
2024-09-19 15:40:33.253,418.96010506395805,15
2024-09-19 15:40:33.397,-418.9861839352602,5
2024-09-19 15:40:33.433,418.97806824943535,5
2024-09-19 15:40:33.437,418.9924079479899,12
2024-09-19 15:40:33.445,418.9478521050851,999
2024-09-19 15:40:33.464,418.9754054327354,11
2024-09-19 15:40:33.489,418.9805668720524,14
2024-09-19 15:40:33.499,418.9598647252595,6
2024-09-19 15:40:33.544,418.9652265447421,1005
2024-09-19 15:40:33.564,418.95912758872265,6
2024-09-19 15:40:33.570,418.9659778068017,9
2024-09-19 15:40:33.572,419.00435048839057,95
2024-09-19 15:40:33.624,418.96070341409927,13
2024-09-19 15:40:33.663,418.9744963474256,1004
2024-09-19 15:40:33.668,418.9545065948053,99
2024-09-19 15:40:33.694,418.9530331426935,1005
2024-09-19 15:40:33.838,418.9521433855323,95
2024-09-19 15:40:33.866,418.9932221072812,999
2024-09-19 15:40:33.952,418.95933956281993,15
2024-09-19 15:40:34.874,418.9249335746118,1000
2024-09-19 15:40:34.884,418.953939668059,98
2024-09-19 15:40:34.984,418.9700297924622,101
2024-09-19 15:40:35.025,418.90006702467457,10
2024-09-19 15:40:35.093,418.8863200414308,9
2024-09-19 15:40:35.240,418.9025463383885,6
2024-09-19 15:40:35.288,418.9022764706136,96
2024-09-19 15:40:35.348,418.9162779390074,13
2024-09-19 15:40:35.587,418.896736432492,97
2024-09-19 15:40:35.702,418.8997663194747,8
2024-09-19 15:40:35.780,418.9075100433777,1000
2024-09-19 15:40:35.786,418.8974166153631,96
2024-09-19 15:40:35.959,418.894274858305,97
2024-09-19 15:40:35.999,418.9114875358031,999
2024-09-19 15:40:36.032,418.92007332421474,104
2024-09-19 15:40:36.035,418.9029515655386,995
2024-09-19 15:40:36.061,418.9319402790177,997
2024-09-19 15:40:36.173,418.9404245372117,104
2024-09-19 15:40:36.195,418.9284859210025,1002
2024-09-19 15:40:36.249,418.9094163727303,13
2024-09-19 15:40:36.290,418.9101341159261,6
2024-09-19 15:40:36.301,418.9297903960557,15
2024-09-19 15:40:36.337,418.9133427982056,9
2024-09-19 15:40:36.361,418.94663243379006,10
2024-09-19 15:40:36.374,418.91389983424426,11
2024-09-19 15:40:36.441,418.8926395311308,15
2024-09-19 15:40:36.476,418.95944066205215,14
2024-09-19 15:40:36.513,418.939034044894,996
2024-09-19 15:40:36.540,418.9009804301417,13
2024-09-19 15:40:36.561,418.9239873102668,97
2024-09-19 15:40:36.620,41.89296785906831,1001
2024-09-19 15:40:36.731,418.8823845976162,9
2024-09-19 15:40:36.798,418.9194587847115,1004
2024-09-19 15:40:36.801,418.88592944612776,95
2024-09-19 15:40:36.821,418.9338040630446,103
2024-09-19 15:40:36.855,418.9357766929076,1003
2024-09-19 15:40:36.875,418.9469389008291,10
2024-09-19 15:40:36.948,418.9096238896165,1004
2024-09-19 15:40:37.237,418.9592417594496,995
2024-09-19 15:40:37.319,418.9819084254296,995
2024-09-19 15:40:37.349,418.9586226495364,5
2024-09-19 15:40:37.404,418.8909504331736,103
2024-09-19 15:40:37.426,41.890442880384754,997
2024-09-19 15:40:37.503,418.9214743580283,15
2024-09-19 15:40:37.579,418.94192776096,100
2024-09-19 15:40:37.593,418.9480110024403,8
2024-09-19 15:40:37.601,418.9283853250626,95
2024-09-19 15:40:37.711,418.9208168693449,998
2024-09-19 15:40:37.727,418.9255551386224,6
2024-09-19 15:40:37.736,418.926327480594,103
2024-09-19 15:40:37.747,418.9266419525181,14
2024-09-19 15:40:37.778,418.95853613761216,101
2024-09-19 15:40:37.781,418.9379459636756,1002
2024-09-19 15:40:37.862,418.9185203500156,98
2024-09-19 15:40:37.875,418.9629879213057,10
2024-09-19 15:40:37.876,418.950115301655,1000
2024-09-19 15:40:37.892,418.9426567547915,105
2024-09-19 15:40:37.972,418.9342707493702,995
2024-09-19 15:40:38.011,418.9088070656361,998
2024-09-19 15:40:38.041,418.9171750122577,1004
2024-09-19 15:40:38.057,418.9343622468865,15
2024-09-19 15:40:38.102,418.960006822495,11
2024-09-19 15:40:38.221,418.977608363521,104
2024-09-19 15:40:38.283,418.9261965488968,1004
2024-09-19 15:40:38.321,418.9214279559521,101
2024-09-19 15:40:38.350,418.92427280559184,6
2024-09-19 15:40:38.408,418.9380493976924,1003
2024-09-19 15:40:38.431,418.9343144373489,12
2024-09-19 15:40:38.440,418.91210653276,999
2024-09-19 15:40:38.445,418.95414431732434,1005
2024-09-19 15:40:38.508,418.90952876648686,8
2024-09-19 15:40:38.523,418.9198477489634,999
2024-09-19 15:40:38.612,418.95251848118727,95
2024-09-19 15:40:38.617,418.89583585462384,996
2024-09-19 15:40:38.646,418.9112359374549,10
2024-09-19 15:40:38.661,418.9603772624159,13
2024-09-19 15:40:38.709,418.9522194339113,7
2024-09-19 15:40:38.721,418.93849407721154,6
2024-09-19 15:40:38.737,418.9698734386255,1002
2024-09-19 15:40:38.742,418.9353573911297,104
2024-09-19 15:40:38.765,418.9953224698467,1004
2024-09-19 15:40:38.835,418.9278037203069,1005
2024-09-19 15:40:38.852,418.9553462108621,96
2024-09-19 15:40:38.893,418.9177476252087,15
2024-09-19 15:40:38.953,418.9487617941441,9
2024-09-19 15:40:38.990,418.9519215238721,8
2024-09-19 15:40:39.067,418.9551414760326,8
2024-09-19 15:40:39.075,418.9244664599652,8
2024-09-19 15:40:39.185,418.9426628587206,14
2024-09-19 15:40:39.222,418.9665802673301,103
2024-09-19 15:40:39.226,418.8967224300165,1005
2024-09-19 15:40:39.265,41.89437457076682,105
2024-09-19 15:40:39.288,418.9352261972963,100
2024-09-19 15:40:39.311,418.9326071348777,998
2024-09-19 15:40:39.372,418.991298618256,995
2024-09-19 15:40:39.405,418.9778085680096,15
2024-09-19 15:40:39.488,418.89355881274,5
2024-09-19 15:40:39.489,419.6293368249489,14
2024-09-19 15:40:39.503,418.9345806525358,1003
2024-09-19 15:40:39.654,418.95580947000514,15
2024-09-19 15:40:39.792,418.8946235019203,98
2024-09-19 15:40:39.815,418.8965135155189,998
2024-09-19 15:40:39.834,418.8969958545316,98
2024-09-19 15:40:39.968,418.92464579835456,8
2024-09-19 15:40:39.999,418.95240420038647,6
2024-09-19 15:40:40.017,418.99636570937577,998
2024-09-19 15:40:40.067,418.9898408816278,98
2024-09-19 15:40:40.086,418.9469977686814,96
2024-09-19 15:40:40.160,419.00751026493134,10
2024-09-19 15:40:40.205,418.9680139969864,999
2024-09-19 15:40:40.212,41.89824199924952,14
2024-09-19 15:40:40.217,418.9343066443299,998
2024-09-19 15:40:40.218,418.98722016787815,1001
2024-09-19 15:40:40.257,418.9905920249182,100
2024-09-19 15:40:40.368,,101
2024-09-19 15:40:40.372,418.9437872446771,1001
2024-09-19 15:40:40.410,419.00146228386745,1004
2024-09-19 15:40:40.470,418.9931017291641,996
2024-09-19 15:40:40.502,418.9671639932963,997
2024-09-19 15:40:40.511,418.977981649449,5
2024-09-19 15:40:40.579,418.9239932753428,101
2024-09-19 15:40:40.632,418.9713238721105,95
2024-09-19 15:40:40.785,418.96851638026817,998
2024-09-19 15:40:40.806,418.9802434830749,14
2024-09-19 15:40:40.844,418.9513191461146,5
2024-09-19 15:40:40.960,418.9981906044212,1000
2024-09-19 15:40:40.995,418.9450829450364,96
2024-09-19 15:40:41.015,418.9854625341357,5
2024-09-19 15:40:41.026,418.9589530738669,13
2024-09-19 15:40:41.049,418.9851612999025,100
2024-09-19 15:40:41.073,418.924535280298,103
2024-09-19 15:40:41.175,418.9200249850613,12
2024-09-19 15:40:41.218,418.9398417003351,1000
2024-09-19 15:40:41.219,418.9409804237032,996
2024-09-19 15:40:41.254,418.918541200924,96
2024-09-19 15:40:41.351,418.9700291261812,97
2024-09-19 15:40:41.369,419.0066664469519,98
2024-09-19 15:40:41.374,419.018537792765,995
2024-09-19 15:40:41.383,418.9809498413861,99
2024-09-19 15:40:41.416,418.9463532688049,5
2024-09-19 15:40:41.441,418.97243514018766,995
2024-09-19 15:40:41.515,419.0171467731855,95
2024-09-19 15:40:41.573,418.9730153808983,9
2024-09-19 15:40:41.583,419.0329677164212,1001
2024-09-19 15:40:41.651,418.9151568117268,15
2024-09-19 15:40:41.762,418.9392640059369,101
2024-09-19 15:40:41.834,418.90730333400177,12
2024-09-19 15:40:41.846,418.9351100993381,998
2024-09-19 15:40:41.966,418.9704304603747,1005
2024-09-19 15:40:41.980,419.00547651595423,1001
2024-09-19 15:40:42.109,419.0372340741362,98
2024-09-19 15:40:42.142,419.0478036268055,103
2024-09-19 15:40:42.487,419.03069004776336,7
2024-09-19 15:40:42.493,419.0145146658393,7
2024-09-19 15:40:42.642,419.0181345055041,15
2024-09-19 15:40:42.658,419.0273091660844,12
2024-09-19 15:40:42.666,419.0177931209311,14
2024-09-19 15:40:43.004,41.90940608510009,1002
2024-09-19 15:40:43.060,419.0598513250317,8
2024-09-19 15:40:43.082,419.1038905680838,105
2024-09-19 15:40:43.086,419.0523113789566,99
2024-09-19 15:40:43.108,419.0689008564297,1000
2024-09-19 15:40:43.149,419.06110276796494,9
2024-09-19 15:40:43.175,419.04315710506336,1001
2024-09-19 15:40:43.267,419.040708513881,10
2024-09-19 15:40:43.297,419.0694306982445,100
2024-09-19 15:40:43.298,419.0543209766507,101
2024-09-19 15:40:43.335,419.0220758814095,5
2024-09-19 15:40:43.339,419.05676856313255,1001
2024-09-19 15:40:43.381,419.06220531130543,99
2024-09-19 15:40:43.422,41.9041099472368,997
2024-09-19 15:40:43.424,419.054669728476,14
2024-09-19 15:40:43.486,419.03543453461776,7
2024-09-19 15:40:43.536,419.0673897994503,5
2024-09-19 15:40:43.626,419.0540223894014,996
2024-09-19 15:40:43.787,419.0744396395707,996
2024-09-19 15:40:43.794,419.1078408460818,102
2024-09-19 15:40:43.897,419.0420130630099,105
2024-09-19 15:40:43.935,419.0654536984941,97
2024-09-19 15:40:43.965,419.0617064020979,95
2024-09-19 15:40:43.974,419.04121040029327,1003
2024-09-19 15:40:44.023,419.1010960593681,12
2024-09-19 15:40:44.024,419.0827190889688,996
2024-09-19 15:40:44.026,419.0891053536964,1001
2024-09-19 15:40:44.039,419.0642475694743,998
2024-09-19 15:40:44.185,419.0538773094747,95
2024-09-19 15:40:44.195,41.90619910488666,1001
2024-09-19 15:40:44.215,419.0711347544048,104
2024-09-19 15:40:44.239,,1002
2024-09-19 15:40:44.240,419.095773314402,11
2024-09-19 15:40:44.292,419.10731461472807,95
2024-09-19 15:40:44.351,419.0474035117069,12
2024-09-19 15:40:44.398,419.0769389723478,9
2024-09-19 15:40:44.438,419.0815662860328,1001
2024-09-19 15:40:44.592,419.1036459363234,8
2024-09-19 15:40:44.725,419.0994573584204,96
2024-09-19 15:40:44.761,419.0841395160457,13
2024-09-19 15:40:44.766,419.08216280699344,999
2024-09-19 15:40:44.876,419.0818077577436,96
2024-09-19 15:40:44.893,419.1059689715013,13
2024-09-19 15:40:44.961,419.0580014317009,101
2024-09-19 15:40:44.975,419.1074679818692,11
2024-09-19 15:40:45.056,419.1019074644024,99
2024-09-19 15:40:45.100,419.1025957921029,105
2024-09-19 15:40:45.173,419.09799926718347,10
2024-09-19 15:40:45.233,419.11146319579785,95
2024-09-19 15:40:45.292,419.1012362912411,7
2024-09-19 15:40:45.406,419.0801654941112,8
2024-09-19 15:40:45.429,419.1074166168879,98
2024-09-19 15:40:45.481,419.0663314879673,97
2024-09-19 15:40:45.524,419.1159948524207,13
2024-09-19 15:40:45.608,419.11147891899935,6
2024-09-19 15:40:45.681,419.0912867046774,15
2024-09-19 15:40:45.700,419.09652469241774,100
2024-09-19 15:40:45.909,419.1078217191811,997
2024-09-19 15:40:45.970,419.07318231956486,15
2024-09-19 15:40:45.981,419.10376395785727,5
2024-09-19 15:40:46.002,419.0527693859404,1005
2024-09-19 15:40:46.086,419.1054352984561,105
2024-09-19 15:40:46.104,419.07057170185726,11
2024-09-19 15:40:46.170,419.0888163260151,8
2024-09-19 15:40:46.207,419.09838495525,6
2024-09-19 15:40:46.294,419.07717567052526,11
2024-09-19 15:40:46.448,419.06000276426136,101
2024-09-19 15:40:46.519,419.0486107167932,999
2024-09-19 15:40:46.575,,8
2024-09-19 15:40:46.578,419.0612242864963,101
2024-09-19 15:40:46.706,419.05836267645407,95
2024-09-19 15:40:46.716,419.0629837748445,13
2024-09-19 15:40:46.964,419.0625565224239,1001
2024-09-19 15:40:46.978,419.05888770880784,8
2024-09-19 15:40:47.356,419.02822369533646,7
2024-09-19 15:40:47.422,419.0334552478494,95
2024-09-19 15:40:47.629,419.0413302351416,105
2024-09-19 15:40:47.709,419.0271613345266,998
2024-09-19 15:40:47.919,419.03603950004936,1005
2024-09-19 15:40:47.926,419.0203300341373,100
2024-09-19 15:40:47.930,419.0420334644817,95
2024-09-19 15:40:47.990,419.02479376196254,998
2024-09-19 15:40:48.002,418.940425367978,102
2024-09-19 15:40:48.043,418.9387861318057,11
2024-09-19 15:40:48.090,419.0144201137758,1003
2024-09-19 15:40:48.192,418.9447151595854,1002
2024-09-19 15:40:48.230,418.9577687801201,1001
2024-09-19 15:40:48.244,419.0089327119552,1002
2024-09-19 15:40:48.375,419.0247396125308,14
2024-09-19 15:40:48.423,418.9382861719789,9
2024-09-19 15:40:48.444,418.9804277192613,105
2024-09-19 15:40:48.483,419.0231760064778,101
2024-09-19 15:40:48.519,418.9323129455865,10
2024-09-19 15:40:48.528,418.9277459033087,96
2024-09-19 15:40:48.668,418.9744689719633,7
2024-09-19 15:40:48.674,418.9414487115377,99
2024-09-19 15:40:48.717,418.9448377325757,102
2024-09-19 15:40:48.867,419.0166505232241,1003
2024-09-19 15:40:48.909,419.01610915429546,15
2024-09-19 15:40:48.951,418.9911704730106,102
2024-09-19 15:40:49.124,419.01401068525024,15
2024-09-19 15:40:49.229,418.9270248473136,7
2024-09-19 15:40:49.276,418.9441786867809,1001
2024-09-19 15:40:49.331,418.9571768500901,95
2024-09-19 15:40:49.456,418.9067988992749,1001
2024-09-19 15:40:49.553,418.9192550086101,96
2024-09-19 15:40:49.623,419.873252570637,97
2024-09-19 15:40:49.650,418.9142866491631,1001
2024-09-19 15:40:49.654,418.9210012102584,97
2024-09-19 15:40:49.696,418.9875564042994,95
2024-09-19 15:40:49.700,419.0279315298844,102
2024-09-19 15:40:49.754,418.9509606271076,1004
2024-09-19 15:40:49.813,419.0056727923373,104
2024-09-19 15:40:49.867,418.9343029242278,103
2024-09-19 15:40:49.874,419.0016076402368,8
2024-09-19 15:40:49.940,418.9080744239501,104
2024-09-19 15:40:49.971,419.0073277502097,998
2024-09-19 15:40:50.012,418.942737546024,99
2024-09-19 15:40:50.039,418.9785174016159,98
2024-09-19 15:40:50.072,418.97238756385,96
2024-09-19 15:40:50.138,418.96563055065343,97
2024-09-19 15:40:50.301,418.94397907304096,100
2024-09-19 15:40:50.346,418.9389321576706,999
2024-09-19 15:40:50.359,418.93909381571785,8
2024-09-19 15:40:50.393,418.93600535384894,999
2024-09-19 15:40:50.575,418.9967480243174,103
2024-09-19 15:40:50.601,419.0033010919519,1003
2024-09-19 15:40:50.667,418.9573788091229,1000
2024-09-19 15:40:50.694,418.97812340808,14
2024-09-19 15:40:50.727,418.9365367178393,1003
2024-09-19 15:40:50.727,418.9799721054604,999
2024-09-19 15:40:50.732,418.9551208970757,103
2024-09-19 15:40:50.812,418.9553107870466,13
2024-09-19 15:40:50.818,418.95419556102985,98
2024-09-19 15:40:50.843,418.99488466215513,8
2024-09-19 15:40:50.978,41.899567553202246,102
2024-09-19 15:40:51.041,418.96874986102455,995
2024-09-19 15:40:51.135,418.96620851389577,10
2024-09-19 15:40:51.384,418.9826877501469,101
2024-09-19 15:40:51.587,418.965962983653,14
2024-09-19 15:40:51.766,418.9676708237085,1003
2024-09-19 15:40:51.964,418.9677860144079,1003
2024-09-19 15:40:52.023,419.04571596000585,1001
2024-09-19 15:40:52.120,419.0548028324187,5
2024-09-19 15:40:52.160,41.90272682565225,998
2024-09-19 15:40:52.175,41.90757367803889,1001
2024-09-19 15:40:52.185,419.0570734109129,1005
2024-09-19 15:40:52.193,419.0639747236865,97
2024-09-19 15:40:52.203,419.07156280489295,999
2024-09-19 15:40:52.222,419.0399465599671,1000
2024-09-19 15:40:52.290,419.06205484569824,12
2024-09-19 15:40:52.297,41.9058544535447,7
2024-09-19 15:40:52.331,419.06505535474406,1001
2024-09-19 15:40:52.335,419.0559138637905,101
2024-09-19 15:40:52.342,419.0680071231646,101
2024-09-19 15:40:52.350,419.06210302239697,99
2024-09-19 15:40:52.352,419.0629352758466,95
2024-09-19 15:40:52.466,419.0720243732745,12
2024-09-19 15:40:52.583,419.0519845017526,1005
2024-09-19 15:40:52.608,419.0501588526414,95
2024-09-19 15:40:52.638,418.9851679709051,1000
2024-09-19 15:40:52.667,419.0110105827904,105
2024-09-19 15:40:52.710,419.05889633075407,1000
2024-09-19 15:40:52.742,418.970869606724,101
2024-09-19 15:40:52.824,419.0647909949224,9
2024-09-19 15:40:52.871,419.0512294647384,98
2024-09-19 15:40:52.892,419.0438264624628,11
2024-09-19 15:40:52.973,419.05910957607387,13
2024-09-19 15:40:53.026,419.075123384174,9
2024-09-19 15:40:53.064,419.0242392137568,14
2024-09-19 15:40:53.135,419.0544223157784,105
2024-09-19 15:40:53.195,419.04846325373336,11
2024-09-19 15:40:53.199,419.0648152572845,103
2024-09-19 15:40:53.265,419.0603645923401,101
2024-09-19 15:40:53.455,419.07359524782265,7
2024-09-19 15:40:53.474,419.0456965677935,96
2024-09-19 15:40:53.569,419.0676243729274,102
2024-09-19 15:40:53.740,419.03904986002607,95
2024-09-19 15:40:53.793,419.06521946123087,96
2024-09-19 15:40:53.806,419.0646349181741,99
2024-09-19 15:40:53.963,419.0510476795824,98
2024-09-19 15:40:53.975,419.05455103839057,1004
2024-09-19 15:40:53.990,419.0861044912352,96
2024-09-19 15:40:54.010,419.0141541792694,1000
2024-09-19 15:40:54.016,419.0151189262803,1004
2024-09-19 15:40:54.259,419.00935577271946,14
2024-09-19 15:40:54.262,419.0601979780932,11
2024-09-19 15:40:54.318,419.0786143889465,996
2024-09-19 15:40:54.411,419.07321000351374,97
2024-09-19 15:40:54.523,419.018336972165,1005
2024-09-19 15:40:54.594,419.0075382029424,1003
2024-09-19 15:40:54.598,419.0132349184795,98
2024-09-19 15:40:54.616,419.0256949773007,101
2024-09-19 15:40:54.637,419.0185364909957,995
2024-09-19 15:40:54.821,419.037603469336,100
2024-09-19 15:40:54.828,419.01994042324833,999
2024-09-19 15:40:54.960,419.0423238354619,1003
2024-09-19 15:40:55.040,419.0578575922879,95
2024-09-19 15:40:55.082,419.0489453244654,996
2024-09-19 15:40:55.145,419.08773105011466,99
2024-09-19 15:40:55.176,419.0696023684097,998
2024-09-19 15:40:55.228,419.06925053153657,996
2024-09-19 15:40:55.231,419.0562227747114,15
2024-09-19 15:40:55.241,419.0696872084128,11
2024-09-19 15:40:55.244,419.0744581647732,997
2024-09-19 15:40:55.272,419.0949637002776,1002
2024-09-19 15:40:55.301,419.052214912636,14
2024-09-19 15:40:55.388,419.0978653604248,102
2024-09-19 15:40:55.409,419.056217210243,104
2024-09-19 15:40:55.425,419.09426477261167,11
2024-09-19 15:40:55.429,419.075549788362,105
2024-09-19 15:40:55.511,419.0680564193498,14
2024-09-19 15:40:55.523,419.100226627149,101
2024-09-19 15:40:55.547,419.04457228450354,1004
2024-09-19 15:40:55.650,419.0805887190992,100
2024-09-19 15:40:55.688,419.0592689539311,1003
2024-09-19 15:40:55.803,419.0455538157664,15
2024-09-19 15:40:55.896,419.0343149638573,7
2024-09-19 15:40:55.953,419.07407961857575,998
2024-09-19 15:40:56.066,419.0377089453816,996
2024-09-19 15:40:56.093,419.0486344371277,102
2024-09-19 15:40:56.098,419.0441697131375,95
2024-09-19 15:40:56.110,419.0263231068475,101
2024-09-19 15:40:56.125,419.01310479852094,96
2024-09-19 15:40:56.160,419.04186925350245,97
2024-09-19 15:40:56.165,419.037311488381,1002
2024-09-19 15:40:56.168,419.0237116898975,104
2024-09-19 15:40:56.215,419.02974374976543,105
2024-09-19 15:40:56.312,419.0234676567122,98
2024-09-19 15:40:56.326,419.031230927443,95
2024-09-19 15:40:56.364,419.0105013183346,1003
2024-09-19 15:40:56.375,419.0371857317946,102
2024-09-19 15:40:56.383,419.03357187606497,999
2024-09-19 15:40:56.393,419.05231307345406,99
2024-09-19 15:40:56.461,419.0305360192074,97
2024-09-19 15:40:56.463,419.0325849063173,8
2024-09-19 15:40:56.464,419.02211276958536,1004
2024-09-19 15:40:56.480,419.028513619989,100
2024-09-19 15:40:56.502,419.0406289855248,103
2024-09-19 15:40:56.502,419.0410401301757,998
2024-09-19 15:40:56.507,419.04551707139166,1005
2024-09-19 15:40:56.550,419.0281754469282,105
2024-09-19 15:40:56.620,41.90506962209695,996
2024-09-19 15:40:56.701,419.02758279679273,1002
2024-09-19 15:40:56.734,419.0476105885181,995
2024-09-19 15:40:56.737,419.05746506184687,100
2024-09-19 15:40:56.749,419.03769238041065,11
2024-09-19 15:40:56.800,419.039810946233,1003
2024-09-19 15:40:56.861,419.0444394262478,13
2024-09-19 15:40:57.002,418.9993661670435,1005
2024-09-19 15:40:57.037,419.02947117943216,996
2024-09-19 15:40:57.337,418.9998861100025,1004
2024-09-19 15:40:57.415,419.0004352927229,1000
2024-09-19 15:40:57.470,419.01265507842703,7
2024-09-19 15:40:57.746,419.00913885988666,102
2024-09-19 15:40:57.836,419.0333925581628,6
2024-09-19 15:40:57.876,419.0255985967981,11
2024-09-19 15:40:57.931,418.9992058844773,103
2024-09-19 15:40:57.946,419.0002888728817,5
2024-09-19 15:40:58.213,419.0073250121013,995
2024-09-19 15:40:58.653,418.9984543518285,12
2024-09-19 15:40:58.662,418.9845660847572,1005
2024-09-19 15:40:58.664,419.000099416878,15
2024-09-19 15:40:58.982,419.0035460976066,97
2024-09-19 15:40:59.297,419.0039751051028,98
2024-09-19 15:40:59.661,418.98531535794217,1005
